  <div class='ocr_page' id='page_1' title='image "/cluster/home/n/w/nwhite01/storage/ocr_20150623/134-135/uva.x000829784/269.png"; bbox 0 0 3990 6224; ppageno 0'>
   <div class='ocr_carea' id='block_1_1' title="bbox 356 388 471 449">
    <p class='ocr_par' dir='ltr' id='par_1_1' title="bbox 356 388 471 449">
     <span class='ocr_line' id='line_1_1' title="bbox 356 388 471 449; baseline 0.035 -3"><span class='ocrx_word' id='word_1_1' title='bbox 356 388 471 449; x_wconf 73' lang='grc'>46⁸7</span> 
     </span>
    </p>
   </div>
   <div class='ocr_carea' id='block_1_2' title="bbox 1380 384 2741 451">
    <p class='ocr_par' dir='ltr' id='par_1_2' title="bbox 1380 384 2741 451">
     <span class='ocr_line' id='line_1_2' title="bbox 1380 384 2741 451; baseline -0.004 -1"><span class='ocrx_word' id='word_1_2' title='bbox 1380 388 1716 451; x_wconf 81' lang='lat' dir='ltr'>ATTONIS</span> <span class='ocrx_word' id='word_1_3' title='bbox 1762 384 2342 448; x_wconf 81' lang='lat' dir='ltr'>VERCELLENSIS</span> <span class='ocrx_word' id='word_1_4' title='bbox 2388 384 2741 447; x_wconf 85' lang='lat' dir='ltr'>EPISCOPI</span> 
     </span>
    </p>
   </div>
   <div class='ocr_carea' id='block_1_3' title="bbox 3645 380 3778 443">
    <p class='ocr_par' dir='ltr' id='par_1_3' title="bbox 3645 380 3778 443">
     <span class='ocr_line' id='line_1_3' title="bbox 3645 380 3778 443; baseline 0 0"><span class='ocrx_word' id='word_1_5' title='bbox 3645 380 3778 443; x_wconf 73' lang='lat'>478</span> 
     </span>
    </p>
   </div>
   <div class='ocr_carea' id='block_1_4' title="bbox 363 516 3777 592">
    <p class='ocr_par' dir='ltr' id='par_1_4' title="bbox 363 516 3777 592">
     <span class='ocr_line' id='line_1_4' title="bbox 363 516 3777 592; baseline -0.001 -13"><span class='ocrx_word' id='word_1_6' title='bbox 363 518 794 579; x_wconf 63' lang='lat' dir='ltr'>misericordiae.</span> <span class='ocrx_word' id='word_1_7' title='bbox 822 524 953 580; x_wconf 91' lang='lat' dir='ltr'>Ideo</span> <span class='ocrx_word' id='word_1_8' title='bbox 979 523 1651 579; x_wconf 79' lang='lat' dir='ltr'>inseruitauctoritatem</span> <span class='ocrx_word' id='word_1_9' title='bbox 1670 521 2002 592; x_wconf 85' lang='lat' dir='ltr'>Apostolus,</span> <span class='ocrx_word' id='word_1_10' title='bbox 2033 519 2087 584; x_wconf 85' lang='grc' dir='ltr'><strong>Α</strong></span> <span class='ocrx_word' id='word_1_11' title='bbox 2115 518 2290 587; x_wconf 80' lang='lat' dir='ltr'>fuerit</span> <span class='ocrx_word' id='word_1_12' title='bbox 2339 526 2515 573; x_wconf 83' lang='lat' dir='ltr'>vestra</span> <span class='ocrx_word' id='word_1_13' title='bbox 2561 518 2896 574; x_wconf 86' lang='lat' dir='ltr'>obedientia.</span> <span class='ocrx_word' id='word_1_14' title='bbox 2930 518 3074 573; x_wconf 86' lang='lat' dir='ltr'>Nam</span> <span class='ocrx_word' id='word_1_15' title='bbox 3126 516 3459 573; x_wconf 89' lang='lat' dir='ltr'>obedientia</span> <span class='ocrx_word' id='word_1_16' title='bbox 3502 516 3777 574; x_wconf 88' lang='lat' dir='ltr'>ﬁdelium</span> 
     </span>
    </p>
   </div>
   <div class='ocr_carea' id='block_1_5' title="bbox 365 608 2013 684">
    <p class='ocr_par' dir='ltr' id='par_1_5' title="bbox 365 608 2013 684">
     <span class='ocr_line' id='line_1_5' title="bbox 365 608 2013 684; baseline -0.004 -18"><span class='ocrx_word' id='word_1_17' title='bbox 365 611 609 667; x_wconf 86' lang='lat' dir='ltr'>dicendo</span> <span class='ocrx_word' id='word_1_18' title='bbox 648 629 661 666; x_wconf 91' lang='lat'>:</span> <span class='ocrx_word' id='word_1_19' title='bbox 694 615 814 684; x_wconf 88' lang='lat' dir='ltr'>Ipse</span> <span class='ocrx_word' id='word_1_20' title='bbox 844 617 1029 667; x_wconf 84' lang='lat' dir='ltr'>autem</span> <span class='ocrx_word' id='word_1_21' title='bbox 1059 629 1173 679; x_wconf 87' lang='lat' dir='ltr'>ego,</span> <span class='ocrx_word' id='word_1_22' title='bbox 1208 618 1353 678; x_wconf 89' lang='lat' dir='ltr'>etc.;</span> <span class='ocrx_word' id='word_1_23' title='bbox 1388 613 1557 683; x_wconf 84' lang='lat' dir='ltr'>quasi</span> <span class='ocrx_word' id='word_1_24' title='bbox 1589 612 1806 665; x_wconf 81' lang='lat' dir='ltr'>diceret</span> <span class='ocrx_word' id='word_1_25' title='bbox 1836 627 1847 663; x_wconf 93' lang='lat'>:</span> <span class='ocrx_word' id='word_1_26' title='bbox 1882 608 2013 679; x_wconf 88' lang='lat' dir='ltr'>Ipse</span> 
     </span>
    </p>
   </div>
   <div class='ocr_carea' id='block_1_6' title="bbox 365 702 2015 773">
    <p class='ocr_par' dir='ltr' id='par_1_6' title="bbox 365 702 2015 773">
     <span class='ocr_line' id='line_1_6' title="bbox 365 702 2015 773; baseline -0.004 -18"><span class='ocrx_word' id='word_1_27' title='bbox 365 716 470 772; x_wconf 88' lang='lat' dir='ltr'>ego</span> <span class='ocrx_word' id='word_1_28' title='bbox 519 705 701 772; x_wconf 86' lang='lat' dir='ltr'>pater,</span> <span class='ocrx_word' id='word_1_29' title='bbox 734 705 790 757; x_wconf 90' lang='lat' dir='ltr'>et</span> <span class='ocrx_word' id='word_1_30' title='bbox 840 702 1198 773; x_wconf 71' lang='lat' dir='ltr'>praedicator,</span> <span class='ocrx_word' id='word_1_31' title='bbox 1251 706 1307 754; x_wconf 91' lang='lat' dir='ltr'>et</span> <span class='ocrx_word' id='word_1_32' title='bbox 1354 703 1573 765; x_wconf 90' lang='lat' dir='ltr'>doctor,</span> <span class='ocrx_word' id='word_1_33' title='bbox 1608 702 1706 770; x_wconf 88' lang='lat' dir='ltr'>qui</span> <span class='ocrx_word' id='word_1_34' title='bbox 1761 714 1861 751; x_wconf 90' lang='lat' dir='ltr'>vos</span> <span class='ocrx_word' id='word_1_35' title='bbox 1912 713 2015 767; x_wconf 89' lang='lat' dir='ltr'>per</span> 
     </span>
    </p>
   </div>
   <div class='ocr_carea' id='block_1_7' title="bbox 365 787 2015 859">
    <p class='ocr_par' dir='ltr' id='par_1_7' title="bbox 365 787 2015 859">
     <span class='ocr_line' id='line_1_7' title="bbox 365 787 2015 859; baseline -0.004 -16"><span class='ocrx_word' id='word_1_36' title='bbox 365 792 554 844; x_wconf 86' lang='lat' dir='ltr'>totum</span> <span class='ocrx_word' id='word_1_37' title='bbox 590 794 807 844; x_wconf 81' lang='lat' dir='ltr'>textum</span> <span class='ocrx_word' id='word_1_38' title='bbox 858 791 1024 844; x_wconf 91' lang='lat' dir='ltr'>istius</span> <span class='ocrx_word' id='word_1_39' title='bbox 1068 790 1331 859; x_wconf 67' lang='lat' dir='ltr'>Epistolas</span> <span class='ocrx_word' id='word_1_40' title='bbox 1367 789 1589 852; x_wconf 88' lang='lat' dir='ltr'>monui,</span> <span class='ocrx_word' id='word_1_41' title='bbox 1624 787 1799 841; x_wconf 81' lang='lat' dir='ltr'>veluti</span> <span class='ocrx_word' id='word_1_42' title='bbox 1852 790 2015 856; x_wconf 89' lang='lat' dir='ltr'>pater</span> 
     </span>
    </p>
   </div>
   <div class='ocr_carea' id='block_1_8' title="bbox 375 876 2013 948">
    <p class='ocr_par' dir='ltr' id='par_1_8' title="bbox 375 876 2013 948">
     <span class='ocr_line' id='line_1_8' title="bbox 375 876 2013 948; baseline -0.004 -16"><span class='ocrx_word' id='word_1_43' title='bbox 375 876 563 944; x_wconf 87' lang='lat' dir='ltr'>ﬁlios;</span> <span class='ocrx_word' id='word_1_44' title='bbox 614 878 751 942; x_wconf 88' lang='lat' dir='ltr'>sive,</span> <span class='ocrx_word' id='word_1_45' title='bbox 799 879 921 948; x_wconf 89' lang='lat' dir='ltr'>ipse</span> <span class='ocrx_word' id='word_1_46' title='bbox 952 895 1107 947; x_wconf 81' lang='lat' dir='ltr'>ergo,</span> <span class='ocrx_word' id='word_1_47' title='bbox 1141 878 1237 948; x_wconf 88' lang='lat' dir='ltr'>qui</span> <span class='ocrx_word' id='word_1_48' title='bbox 1274 895 1384 931; x_wconf 89' lang='lat' dir='ltr'>non</span> <span class='ocrx_word' id='word_1_49' title='bbox 1419 876 1563 931; x_wconf 93' lang='lat' dir='ltr'>alter</span> <span class='ocrx_word' id='word_1_50' title='bbox 1594 893 1722 929; x_wconf 90' lang='lat' dir='ltr'>sum</span> <span class='ocrx_word' id='word_1_51' title='bbox 1760 890 2013 944; x_wconf 57' lang='lat' dir='ltr'>praesens</span> 
     </span>
    </p>
   </div>
   <div class='ocr_carea' id='block_1_9' title="bbox 376 963 2015 1036">
    <p class='ocr_par' dir='ltr' id='par_1_9' title="bbox 376 963 2015 1036">
     <span class='ocr_line' id='line_1_9' title="bbox 376 963 2015 1036; baseline -0.004 -17"><span class='ocrx_word' id='word_1_52' title='bbox 376 981 632 1036; x_wconf 91' lang='lat' dir='ltr'>corpore,</span> <span class='ocrx_word' id='word_1_53' title='bbox 667 967 875 1019; x_wconf 81' lang='lat' dir='ltr'>absens</span> <span class='ocrx_word' id='word_1_54' title='bbox 907 970 1101 1018; x_wconf 86' lang='lat' dir='ltr'>autem</span> <span class='ocrx_word' id='word_1_55' title='bbox 1138 966 1191 1018; x_wconf 91' lang='lat' dir='ltr'>in</span> <span class='ocrx_word' id='word_1_56' title='bbox 1228 964 1518 1035; x_wconf 78' lang='lat' dir='ltr'>Epistola;</span> <span class='ocrx_word' id='word_1_57' title='bbox 1555 965 1691 1026; x_wconf 84' lang='lat' dir='ltr'>sive,</span> <span class='ocrx_word' id='word_1_58' title='bbox 1730 963 1855 1031; x_wconf 76' lang='lat' dir='ltr'>ipse</span> <span class='ocrx_word' id='word_1_59' title='bbox 1911 977 2015 1030; x_wconf 79' lang='lat' dir='ltr'>ego</span> 
     </span>
    </p>
   </div>
   <div class='ocr_carea' id='block_1_10' title="bbox 371 1054 2017 1124">
    <p class='ocr_par' dir='ltr' id='par_1_10' title="bbox 371 1054 2017 1124">
     <span class='ocr_line' id='line_1_10' title="bbox 371 1054 2017 1124; baseline -0.004 -17"><span class='ocrx_word' id='word_1_60' title='bbox 371 1055 470 1124; x_wconf 88' lang='lat' dir='ltr'>qui</span> <span class='ocrx_word' id='word_1_61' title='bbox 513 1055 571 1105; x_wconf 89' lang='lat' dir='ltr'>in</span> <span class='ocrx_word' id='word_1_62' title='bbox 613 1056 757 1123; x_wconf 76' lang='lat' dir='ltr'>facie</span> <span class='ocrx_word' id='word_1_63' title='bbox 786 1054 1001 1123; x_wconf 84' lang='lat' dir='ltr'>quidem</span> <span class='ocrx_word' id='word_1_64' title='bbox 1031 1054 1266 1107; x_wconf 84' lang='lat' dir='ltr'>humilis</span> <span class='ocrx_word' id='word_1_65' title='bbox 1297 1057 1440 1108; x_wconf 81' lang='lat' dir='ltr'>inter</span> <span class='ocrx_word' id='word_1_66' title='bbox 1473 1070 1581 1115; x_wconf 78' lang='lat' dir='ltr'>vos,</span> <span class='ocrx_word' id='word_1_67' title='bbox 1613 1054 1807 1105; x_wconf 79' lang='lat' dir='ltr'>absens</span> <span class='ocrx_word' id='word_1_68' title='bbox 1838 1058 2017 1103; x_wconf 82' lang='lat' dir='ltr'>autem</span> 
     </span>
    </p>
   </div>
   <div class='ocr_carea' id='block_1_11' title="bbox 372 1140 2018 1211">
    <p class='ocr_par' dir='ltr' id='par_1_11' title="bbox 372 1140 2018 1211">
     <span class='ocr_line' id='line_1_11' title="bbox 372 1140 2018 1211; baseline -0.004 -13"><span class='ocrx_word' id='word_1_69' title='bbox 372 1141 584 1211; x_wconf 76' lang='lat' dir='ltr'>conﬁdo</span> <span class='ocrx_word' id='word_1_70' title='bbox 617 1144 670 1194; x_wconf 89' lang='lat' dir='ltr'>in</span> <span class='ocrx_word' id='word_1_71' title='bbox 716 1142 900 1197; x_wconf 81' lang='lat' dir='ltr'>vobis.</span> <span class='ocrx_word' id='word_1_72' title='bbox 938 1143 1163 1197; x_wconf 65' lang='lat' dir='ltr'>Obsecro</span> <span class='ocrx_word' id='word_1_73' title='bbox 1199 1160 1305 1205; x_wconf 77' lang='lat' dir='ltr'>vos,</span> <span class='ocrx_word' id='word_1_74' title='bbox 1340 1149 1448 1197; x_wconf 89' lang='lat' dir='ltr'>etc.</span> <span class='ocrx_word' id='word_1_75' title='bbox 1482 1159 1493 1195; x_wconf 87' lang='lat'>:</span> <span class='ocrx_word' id='word_1_76' title='bbox 1530 1141 1696 1211; x_wconf 78' lang='lat' dir='ltr'>quasi</span> <span class='ocrx_word' id='word_1_77' title='bbox 1753 1140 1971 1193; x_wconf 76' lang='lat' dir='ltr'>diceret</span> <span class='ocrx_word' id='word_1_78' title='bbox 2007 1153 2018 1191; x_wconf 92' lang='lat'>:</span> 
     </span>
    </p>
   </div>
   <div class='ocr_carea' id='block_1_12' title="bbox 377 1227 2021 1285">
    <p class='ocr_par' dir='ltr' id='par_1_12' title="bbox 377 1227 2021 1285">
     <span class='ocr_line' id='line_1_12' title="bbox 377 1227 2021 1285; baseline -0.004 -1"><span class='ocrx_word' id='word_1_79' title='bbox 377 1229 482 1284; x_wconf 90' lang='lat' dir='ltr'>Per</span> <span class='ocrx_word' id='word_1_80' title='bbox 511 1228 668 1283; x_wconf 90' lang='lat' dir='ltr'>illius</span> <span class='ocrx_word' id='word_1_81' title='bbox 703 1231 1178 1284; x_wconf 77' lang='lat' dir='ltr'>mansuetudinem</span> <span class='ocrx_word' id='word_1_82' title='bbox 1222 1237 1277 1285; x_wconf 89' lang='lat' dir='ltr'>et</span> <span class='ocrx_word' id='word_1_83' title='bbox 1328 1230 1677 1285; x_wconf 77' lang='lat' dir='ltr'>modestiam</span> <span class='ocrx_word' id='word_1_84' title='bbox 1714 1245 1812 1281; x_wconf 84' lang='lat' dir='ltr'>vos</span> <span class='ocrx_word' id='word_1_85' title='bbox 1858 1227 2021 1279; x_wconf 88' lang='lat' dir='ltr'>obse-</span> 
     </span>
    </p>
   </div>
   <div class='ocr_carea' id='block_1_13' title="bbox 378 1314 2024 1389">
    <p class='ocr_par' dir='ltr' id='par_1_13' title="bbox 378 1314 2024 1389">
     <span class='ocr_line' id='line_1_13' title="bbox 378 1314 2024 1389; baseline -0.005 -17"><span class='ocrx_word' id='word_1_86' title='bbox 378 1334 495 1383; x_wconf 89' lang='lat' dir='ltr'>cro,</span> <span class='ocrx_word' id='word_1_87' title='bbox 528 1319 649 1388; x_wconf 89' lang='lat' dir='ltr'>qui,</span> <span class='ocrx_word' id='word_1_88' title='bbox 675 1335 809 1373; x_wconf 91' lang='lat' dir='ltr'>cum</span> <span class='ocrx_word' id='word_1_89' title='bbox 844 1324 1039 1389; x_wconf 83' lang='lat' dir='ltr'>posset</span> <span class='ocrx_word' id='word_1_90' title='bbox 1073 1336 1210 1373; x_wconf 88' lang='lat' dir='ltr'>suos</span> <span class='ocrx_word' id='word_1_91' title='bbox 1243 1319 1447 1372; x_wconf 87' lang='lat' dir='ltr'>ulcisci</span> <span class='ocrx_word' id='word_1_92' title='bbox 1484 1318 1775 1381; x_wconf 90' lang='lat' dir='ltr'>inimicos,</span> <span class='ocrx_word' id='word_1_93' title='bbox 1801 1314 2024 1385; x_wconf 85' lang='lat' dir='ltr'>patien—</span> 
     </span>
    </p>
   </div>
   <div class='ocr_carea' id='block_1_14' title="bbox 378 1401 2023 1471">
    <p class='ocr_par' dir='ltr' id='par_1_14' title="bbox 378 1401 2023 1471">
     <span class='ocr_line' id='line_1_14' title="bbox 378 1401 2023 1471; baseline -0.005 -10"><span class='ocrx_word' id='word_1_94' title='bbox 378 1410 467 1461; x_wconf 95' lang='lat' dir='ltr'>ter</span> <span class='ocrx_word' id='word_1_95' title='bbox 516 1406 801 1461; x_wconf 84' lang='lat' dir='ltr'>toleravit.</span> <span class='ocrx_word' id='word_1_96' title='bbox 833 1408 943 1461; x_wconf 90' lang='lat' dir='ltr'>Sed</span> <span class='ocrx_word' id='word_1_97' title='bbox 999 1424 1129 1461; x_wconf 91' lang='lat' dir='ltr'>cum</span> <span class='ocrx_word' id='word_1_98' title='bbox 1183 1407 1340 1471; x_wconf 86' lang='lat' dir='ltr'>dicit,</span> <span class='ocrx_word' id='word_1_99' title='bbox 1377 1408 1615 1461; x_wconf 88' lang='lat' dir='ltr'>obsecro</span> <span class='ocrx_word' id='word_1_100' title='bbox 1665 1410 1722 1459; x_wconf 89' lang='lat' dir='ltr'>et</span> <span class='ocrx_word' id='word_1_101' title='bbox 1776 1401 2023 1465; x_wconf 77' lang='lat' dir='ltr'>confido,</span> 
     </span>
    </p>
   </div>
   <div class='ocr_carea' id='block_1_15' title="bbox 380 1489 2032 1566">
    <p class='ocr_par' dir='ltr' id='par_1_15' title="bbox 380 1489 2032 1566">
     <span class='ocr_line' id='line_1_15' title="bbox 380 1489 2032 1566; baseline -0.004 -19"><span class='ocrx_word' id='word_1_102' title='bbox 380 1495 612 1550; x_wconf 87' lang='lat' dir='ltr'>videtur</span> <span class='ocrx_word' id='word_1_103' title='bbox 640 1495 858 1564; x_wconf 84' lang='lat' dir='ltr'>alloqui</span> <span class='ocrx_word' id='word_1_104' title='bbox 883 1496 1085 1561; x_wconf 90' lang='lat' dir='ltr'>bonos,</span> <span class='ocrx_word' id='word_1_105' title='bbox 1114 1497 1212 1549; x_wconf 91' lang='lat' dir='ltr'>sed</span> <span class='ocrx_word' id='word_1_106' title='bbox 1240 1501 1435 1550; x_wconf 86' lang='lat' dir='ltr'>tamen</span> <span class='ocrx_word' id='word_1_107' title='bbox 1472 1500 1707 1566; x_wconf 82' lang='lat' dir='ltr'>propter</span> <span class='ocrx_word' id='word_1_108' title='bbox 1735 1491 1940 1546; x_wconf 89' lang='lat' dir='ltr'>malos.</span> <span class='ocrx_word' id='word_1_109' title='bbox 1966 1489 2032 1541; x_wconf 83' lang='lat' dir='ltr'>Et</span> 
     </span>
    </p>
   </div>
   <div class='ocr_carea' id='block_1_16' title="bbox 386 1582 2027 1651">
    <p class='ocr_par' dir='ltr' id='par_1_16' title="bbox 386 1582 2027 1651">
     <span class='ocr_line' id='line_1_16' title="bbox 386 1582 2027 1651; baseline -0.002 -15"><span class='ocrx_word' id='word_1_110' title='bbox 386 1582 526 1651; x_wconf 91' lang='lat' dir='ltr'>quid</span> <span class='ocrx_word' id='word_1_111' title='bbox 548 1582 884 1649; x_wconf 85' lang='lat' dir='ltr'>conﬁderet,</span> <span class='ocrx_word' id='word_1_112' title='bbox 911 1583 1266 1645; x_wconf 82' lang='lat' dir='ltr'>manifestat,</span> <span class='ocrx_word' id='word_1_113' title='bbox 1292 1583 1594 1638; x_wconf 87' lang='lat' dir='ltr'>subdendo</span> <span class='ocrx_word' id='word_1_114' title='bbox 1621 1598 1632 1634; x_wconf 95' lang='lat'>:</span> <span class='ocrx_word' id='word_1_115' title='bbox 1660 1584 1796 1651; x_wconf 73' lang='lat' dir='ltr'>ltogo</span> <span class='ocrx_word' id='word_1_116' title='bbox 1826 1584 2027 1643; x_wconf 84' lang='lat' dir='ltr'>autem,</span> 
     </span>
    </p>
   </div>
   <div class='ocr_carea' id='block_1_17' title="bbox 385 1668 2031 1739">
    <p class='ocr_par' dir='ltr' id='par_1_17' title="bbox 385 1668 2031 1739">
     <span class='ocr_line' id='line_1_17' title="bbox 385 1668 2031 1739; baseline 0 -17"><span class='ocrx_word' id='word_1_117' title='bbox 385 1685 456 1723; x_wconf 88' lang='lat' dir='ltr'>ne</span> <span class='ocrx_word' id='word_1_118' title='bbox 488 1684 734 1739; x_wconf 68' lang='lat' dir='ltr'>praesens</span> <span class='ocrx_word' id='word_1_119' title='bbox 765 1670 1015 1725; x_wconf 78' lang='lat' dir='ltr'>audeam.</span> <span class='ocrx_word' id='word_1_120' title='bbox 1051 1672 1227 1725; x_wconf 83' lang='lat' dir='ltr'>Erant</span> <span class='ocrx_word' id='word_1_121' title='bbox 1256 1671 1410 1725; x_wconf 91' lang='lat' dir='ltr'>enim</span> <span class='ocrx_word' id='word_1_122' title='bbox 1446 1669 1711 1725; x_wconf 88' lang='lat' dir='ltr'>nonnulli</span> <span class='ocrx_word' id='word_1_123' title='bbox 1744 1669 1895 1723; x_wconf 88' lang='lat' dir='ltr'>inter</span> <span class='ocrx_word' id='word_1_124' title='bbox 1924 1668 2031 1722; x_wconf 89' lang='lat' dir='ltr'>Co-</span> 
     </span>
    </p>
   </div>
   <div class='ocr_carea' id='block_1_18' title="bbox 388 1756 2035 1828">
    <p class='ocr_par' dir='ltr' id='par_1_18' title="bbox 388 1756 2035 1828">
     <span class='ocr_line' id='line_1_18' title="bbox 388 1756 2035 1828; baseline -0.001 -17"><span class='ocrx_word' id='word_1_125' title='bbox 388 1756 660 1823; x_wconf 88' lang='lat' dir='ltr'>rinthios,</span> <span class='ocrx_word' id='word_1_126' title='bbox 704 1760 801 1828; x_wconf 90' lang='lat' dir='ltr'>qui</span> <span class='ocrx_word' id='word_1_127' title='bbox 852 1759 1042 1813; x_wconf 88' lang='lat' dir='ltr'>adhuc</span> <span class='ocrx_word' id='word_1_128' title='bbox 1095 1760 1399 1813; x_wconf 89' lang='lat' dir='ltr'>incorrecti</span> <span class='ocrx_word' id='word_1_129' title='bbox 1455 1758 1813 1824; x_wconf 85' lang='lat' dir='ltr'>manebant;</span> <span class='ocrx_word' id='word_1_130' title='bbox 1870 1761 2035 1811; x_wconf 87' lang='lat' dir='ltr'>erant</span> 
     </span>
    </p>
   </div>
   <div class='ocr_carea' id='block_1_19' title="bbox 2124 606 3780 677">
    <p class='ocr_par' dir='ltr' id='par_1_19' title="bbox 2124 606 3780 677">
     <span class='ocr_line' id='line_1_19' title="bbox 2124 606 3780 677; baseline 0 -17"><span class='ocrx_word' id='word_1_131' title='bbox 2124 607 2473 660; x_wconf 90' lang='lat' dir='ltr'>condemnat</span> <span class='ocrx_word' id='word_1_132' title='bbox 2504 606 2959 661; x_wconf 88' lang='lat' dir='ltr'>inobcdientiam</span> <span class='ocrx_word' id='word_1_133' title='bbox 2994 624 3108 661; x_wconf 90' lang='lat' dir='ltr'>non</span> <span class='ocrx_word' id='word_1_134' title='bbox 3140 608 3507 661; x_wconf 87' lang='lat' dir='ltr'>credentium</span> <span class='ocrx_word' id='word_1_135' title='bbox 3541 624 3555 662; x_wconf 90' lang='lat'><strong>:</strong></span> <span class='ocrx_word' id='word_1_136' title='bbox 3613 607 3780 677; x_wconf 90' lang='lat' dir='ltr'>quod</span> 
     </span>
    </p>
   </div>
   <div class='ocr_carea' id='block_1_20' title="bbox 2124 694 3779 766">
    <p class='ocr_par' dir='ltr' id='par_1_20' title="bbox 2124 694 3779 766">
     <span class='ocr_line' id='line_1_20' title="bbox 2124 694 3779 766; baseline 0.001 -18"><span class='ocrx_word' id='word_1_137' title='bbox 2124 700 2264 749; x_wconf 88' lang='lat' dir='ltr'>tunc</span> <span class='ocrx_word' id='word_1_138' title='bbox 2286 696 2366 758; x_wconf 87' lang='lat' dir='ltr'>ﬁt,</span> <span class='ocrx_word' id='word_1_139' title='bbox 2382 696 2616 765; x_wconf 85' lang='lat' dir='ltr'>quando</span> <span class='ocrx_word' id='word_1_140' title='bbox 2640 695 2744 765; x_wconf 87' lang='lat' dir='ltr'>illi,</span> <span class='ocrx_word' id='word_1_141' title='bbox 2760 696 2859 766; x_wconf 91' lang='lat' dir='ltr'>qui</span> <span class='ocrx_word' id='word_1_142' title='bbox 2883 701 3046 751; x_wconf 88' lang='lat' dir='ltr'>erant</span> <span class='ocrx_word' id='word_1_143' title='bbox 3066 695 3453 751; x_wconf 85' lang='lat' dir='ltr'>afﬁrmatores</span> <span class='ocrx_word' id='word_1_144' title='bbox 3473 694 3779 764; x_wconf 82' lang='lat' dir='ltr'>falsitatis,</span> 
     </span>
    </p>
   </div>
   <div class='ocr_carea' id='block_1_21' title="bbox 2127 784 3237 854">
    <p class='ocr_par' dir='ltr' id='par_1_21' title="bbox 2127 784 3237 854">
     <span class='ocr_line' id='line_1_21' title="bbox 2127 784 3237 854; baseline 0.001 -18"><span class='ocrx_word' id='word_1_145' title='bbox 2127 784 2417 854; x_wconf 90' lang='lat' dir='ltr'>incipiunt</span> <span class='ocrx_word' id='word_1_146' title='bbox 2447 802 2573 838; x_wconf 87' lang='lat' dir='ltr'>esse</span> <span class='ocrx_word' id='word_1_147' title='bbox 2606 791 2924 839; x_wconf 89' lang='lat' dir='ltr'>assertores</span> <span class='ocrx_word' id='word_1_148' title='bbox 2953 785 3237 839; x_wconf 86' lang='lat' dir='ltr'>veritatis.</span> 
     </span>
    </p>
   </div>
   <div class='ocr_carea' id='block_1_22' title="bbox 2199 872 3779 944">
    <p class='ocr_par' dir='ltr' id='par_1_22' title="bbox 2199 872 3779 944">
     <span class='ocr_line' id='line_1_22' title="bbox 2199 872 3779 944; baseline 0.003 -20"><span class='ocrx_word' id='word_1_149' title='bbox 2199 873 2327 937; x_wconf 56' lang='lat' dir='ltr'>Quae</span> <span class='ocrx_word' id='word_1_150' title='bbox 2356 872 2652 926; x_wconf 75' lang='lat' dir='ltr'>secundum</span> <span class='ocrx_word' id='word_1_151' title='bbox 2682 875 2877 940; x_wconf 76' lang='lat' dir='ltr'>faciem</span> <span class='ocrx_word' id='word_1_152' title='bbox 2906 875 3050 935; x_wconf 85' lang='lat' dir='ltr'>sunt,</span> <span class='ocrx_word' id='word_1_153' title='bbox 3082 873 3295 934; x_wconf 75' lang='lat' dir='ltr'>videte;</span> <span class='ocrx_word' id='word_1_154' title='bbox 3330 872 3383 926; x_wconf 91' lang='lat' dir='ltr'>id</span> <span class='ocrx_word' id='word_1_155' title='bbox 3416 877 3526 938; x_wconf 90' lang='lat' dir='ltr'>est,</span> <span class='ocrx_word' id='word_1_156' title='bbox 3551 890 3680 944; x_wconf 67' lang='lat' dir='ltr'>qua:</span> <span class='ocrx_word' id='word_1_157' title='bbox 3713 873 3779 928; x_wconf 89' lang='lat' dir='ltr'>in</span> 
     </span>
    </p>
   </div>
   <div class='ocr_carea' id='block_1_23' title="bbox 2130 960 3783 1033">
    <p class='ocr_par' dir='ltr' id='par_1_23' title="bbox 2130 960 3783 1033">
     <span class='ocr_line' id='line_1_23' title="bbox 2130 960 3783 1033; baseline 0.002 -20"><span class='ocrx_word' id='word_1_158' title='bbox 2130 966 2327 1029; x_wconf 86' lang='lat' dir='ltr'>aperto</span> <span class='ocrx_word' id='word_1_159' title='bbox 2378 965 2428 1014; x_wconf 87' lang='lat' dir='ltr'>et</span> <span class='ocrx_word' id='word_1_160' title='bbox 2481 961 2790 1015; x_wconf 78' lang='lat' dir='ltr'>manifesto</span> <span class='ocrx_word' id='word_1_161' title='bbox 2839 966 2999 1024; x_wconf 89' lang='lat' dir='ltr'>sunt,</span> <span class='ocrx_word' id='word_1_162' title='bbox 3050 960 3492 1015; x_wconf 85' lang='lat' dir='ltr'>animadverite.</span> <span class='ocrx_word' id='word_1_163' title='bbox 3528 962 3595 1015; x_wconf 87' lang='lat' dir='ltr'>Et</span> <span class='ocrx_word' id='word_1_164' title='bbox 3647 978 3783 1033; x_wconf 65' lang='lat' dir='ltr'>quas</span> 
     </span>
    </p>
   </div>
   <div class='ocr_carea' id='block_1_24' title="bbox 2132 1048 3783 1119">
    <p class='ocr_par' dir='ltr' id='par_1_24' title="bbox 2132 1048 3783 1119">
     <span class='ocr_line' id='line_1_24' title="bbox 2132 1048 3783 1119; baseline 0.003 -19"><span class='ocrx_word' id='word_1_165' title='bbox 2132 1048 2251 1101; x_wconf 90' lang='lat' dir='ltr'>sint</span> <span class='ocrx_word' id='word_1_166' title='bbox 2281 1048 2381 1101; x_wconf 84' lang='lat' dir='ltr'>illa</span> <span class='ocrx_word' id='word_1_167' title='bbox 2412 1049 2613 1103; x_wconf 79' lang='lat' dir='ltr'>subdit</span> <span class='ocrx_word' id='word_1_168' title='bbox 2640 1066 2651 1103; x_wconf 92' lang='lat'>:</span> <span class='ocrx_word' id='word_1_169' title='bbox 2687 1052 2746 1103; x_wconf 84' lang='lat' dir='ltr'>Si</span> <span class='ocrx_word' id='word_1_170' title='bbox 2775 1053 2895 1119; x_wconf 88' lang='lat' dir='ltr'>quis</span> <span class='ocrx_word' id='word_1_171' title='bbox 2924 1050 3147 1119; x_wconf 82' lang='lat' dir='ltr'>conﬁdit</span> <span class='ocrx_word' id='word_1_172' title='bbox 3184 1049 3387 1103; x_wconf 73' lang='lat' dir='ltr'>Christi</span> <span class='ocrx_word' id='word_1_173' title='bbox 3415 1065 3470 1103; x_wconf 89' lang='lat' dir='ltr'>se</span> <span class='ocrx_word' id='word_1_174' title='bbox 3500 1066 3631 1115; x_wconf 88' lang='lat' dir='ltr'>esse,</span> <span class='ocrx_word' id='word_1_175' title='bbox 3664 1056 3783 1105; x_wconf 89' lang='lat' dir='ltr'>etc.</span> 
     </span>
    </p>
   </div>
   <div class='ocr_carea' id='block_1_25' title="bbox 2135 1137 3784 1209">
    <p class='ocr_par' dir='ltr' id='par_1_25' title="bbox 2135 1137 3784 1209">
     <span class='ocr_line' id='line_1_25' title="bbox 2135 1137 3784 1209; baseline 0.002 -19"><span class='ocrx_word' id='word_1_176' title='bbox 2135 1137 2308 1190; x_wconf 80' lang='lat' dir='ltr'>Erant</span> <span class='ocrx_word' id='word_1_177' title='bbox 2338 1137 2491 1190; x_wconf 90' lang='lat' dir='ltr'>enim</span> <span class='ocrx_word' id='word_1_178' title='bbox 2528 1138 2789 1209; x_wconf 85' lang='lat' dir='ltr'>nonnulli</span> <span class='ocrx_word' id='word_1_179' title='bbox 2824 1139 2976 1192; x_wconf 86' lang='lat' dir='ltr'>inter</span> <span class='ocrx_word' id='word_1_180' title='bbox 2995 1138 3343 1199; x_wconf 79' lang='lat' dir='ltr'>Corinthios.</span> <span class='ocrx_word' id='word_1_181' title='bbox 3368 1139 3465 1209; x_wconf 90' lang='lat' dir='ltr'>qui</span> <span class='ocrx_word' id='word_1_182' title='bbox 3501 1138 3784 1194; x_wconf 88' lang='lat' dir='ltr'>dicebant</span> 
     </span>
    </p>
   </div>
   <div class='ocr_carea' id='block_1_26' title="bbox 2136 1204 3786 1298">
    <p class='ocr_par' dir='ltr' id='par_1_26' title="bbox 2136 1204 3786 1298">
     <span class='ocr_line' id='line_1_26' title="bbox 2136 1204 3786 1298; baseline 0.004 -21"><span class='ocrx_word' id='word_1_183' title='bbox 2136 1240 2196 1277; x_wconf 89' lang='lat' dir='ltr'>se</span> <span class='ocrx_word' id='word_1_184' title='bbox 2213 1225 2419 1278; x_wconf 74' lang='lat' dir='ltr'>Christi</span> <span class='ocrx_word' id='word_1_185' title='bbox 2445 1241 2592 1293; x_wconf 88' lang='lat' dir='ltr'>esse,</span> <span class='ocrx_word' id='word_1_186' title='bbox 2612 1204 2663 1279; x_wconf 84' lang='lat' dir='ltr'>id</span> <span class='ocrx_word' id='word_1_187' title='bbox 2690 1233 2797 1288; x_wconf 81' lang='lat' dir='ltr'>est,</span> <span class='ocrx_word' id='word_1_188' title='bbox 2813 1225 3310 1296; x_wconf 68' lang='lat' dir='ltr'>pseudoapostoli,</span> <span class='ocrx_word' id='word_1_189' title='bbox 3326 1228 3607 1281; x_wconf 90' lang='lat' dir='ltr'>adversus</span> <span class='ocrx_word' id='word_1_190' title='bbox 3629 1245 3786 1298; x_wconf 90' lang='lat' dir='ltr'>quos</span> 
     </span>
    </p>
   </div>
   <div class='ocr_carea' id='block_1_27' title="bbox 2136 1313 3787 1385">
    <p class='ocr_par' dir='ltr' id='par_1_27' title="bbox 2136 1313 3787 1385">
     <span class='ocr_line' id='line_1_27' title="bbox 2136 1313 3787 1385; baseline 0.003 -19"><span class='ocrx_word' id='word_1_191' title='bbox 2136 1313 2398 1383; x_wconf 91' lang='lat' dir='ltr'>loquitur</span> <span class='ocrx_word' id='word_1_192' title='bbox 2425 1314 2756 1384; x_wconf 84' lang='lat' dir='ltr'>Apostolus,</span> <span class='ocrx_word' id='word_1_193' title='bbox 2792 1314 3033 1369; x_wconf 88' lang='lat' dir='ltr'>dicendo</span> <span class='ocrx_word' id='word_1_194' title='bbox 3066 1331 3078 1367; x_wconf 89' lang='lat'>:</span> <span class='ocrx_word' id='word_1_195' title='bbox 3111 1315 3176 1369; x_wconf 88' lang='lat' dir='ltr'>Si</span> <span class='ocrx_word' id='word_1_196' title='bbox 3203 1315 3324 1385; x_wconf 81' lang='lat' dir='ltr'>quis</span> <span class='ocrx_word' id='word_1_197' title='bbox 3353 1315 3601 1384; x_wconf 81' lang='lat' dir='ltr'>conﬁdit,</span> <span class='ocrx_word' id='word_1_198' title='bbox 3633 1323 3787 1383; x_wconf 89' lang='lat' dir='ltr'>etc.;</span> 
     </span>
    </p>
   </div>
   <div class='ocr_carea' id='block_1_28' title="bbox 2140 1402 3788 1476">
    <p class='ocr_par' dir='ltr' id='par_1_28' title="bbox 2140 1402 3788 1476">
     <span class='ocr_line' id='line_1_28' title="bbox 2140 1402 3788 1476; baseline 0.002 -20"><span class='ocrx_word' id='word_1_199' title='bbox 2140 1402 2305 1472; x_wconf 88' lang='lat' dir='ltr'>quasi</span> <span class='ocrx_word' id='word_1_200' title='bbox 2326 1402 2568 1456; x_wconf 87' lang='lat' dir='ltr'>diceret:</span> <span class='ocrx_word' id='word_1_201' title='bbox 2589 1402 2645 1455; x_wconf 92' lang='lat' dir='ltr'>Si</span> <span class='ocrx_word' id='word_1_202' title='bbox 2665 1402 2876 1457; x_wconf 82' lang='lat' dir='ltr'>Christi</span> <span class='ocrx_word' id='word_1_203' title='bbox 2899 1420 2999 1458; x_wconf 92' lang='lat' dir='ltr'>vos</span> <span class='ocrx_word' id='word_1_204' title='bbox 3016 1419 3142 1457; x_wconf 89' lang='lat' dir='ltr'>esse</span> <span class='ocrx_word' id='word_1_205' title='bbox 3161 1403 3374 1473; x_wconf 88' lang='lat' dir='ltr'>dicitis,</span> <span class='ocrx_word' id='word_1_206' title='bbox 3389 1408 3446 1457; x_wconf 90' lang='lat' dir='ltr'>et</span> <span class='ocrx_word' id='word_1_207' title='bbox 3466 1420 3573 1458; x_wconf 92' lang='lat' dir='ltr'>nos</span> <span class='ocrx_word' id='word_1_208' title='bbox 3594 1403 3788 1476; x_wconf 87' lang='lat' dir='ltr'>ipsius</span> 
     </span>
    </p>
   </div>
   <div class='ocr_carea' id='block_1_29' title="bbox 2142 1490 3789 1562">
    <p class='ocr_par' dir='ltr' id='par_1_29' title="bbox 2142 1490 3789 1562">
     <span class='ocr_line' id='line_1_29' title="bbox 2142 1490 3789 1562; baseline 0.002 -18"><span class='ocrx_word' id='word_1_209' title='bbox 2142 1507 2368 1544; x_wconf 88' lang='lat' dir='ltr'>sumus.</span> <span class='ocrx_word' id='word_1_210' title='bbox 2403 1492 2511 1544; x_wconf 85' lang='lat' dir='ltr'>Sed</span> <span class='ocrx_word' id='word_1_211' title='bbox 2548 1490 2799 1545; x_wconf 89' lang='lat' dir='ltr'>multum</span> <span class='ocrx_word' id='word_1_212' title='bbox 2832 1509 2893 1547; x_wconf 89' lang='lat' dir='ltr'>se</span> <span class='ocrx_word' id='word_1_213' title='bbox 2924 1491 3217 1556; x_wconf 89' lang='lat' dir='ltr'>bumiliat,</span> <span class='ocrx_word' id='word_1_214' title='bbox 3251 1492 3527 1562; x_wconf 87' lang='lat' dir='ltr'>quoniam</span> <span class='ocrx_word' id='word_1_215' title='bbox 3560 1510 3674 1547; x_wconf 88' lang='lat' dir='ltr'>non</span> <span class='ocrx_word' id='word_1_216' title='bbox 3720 1509 3789 1547; x_wconf 88' lang='lat' dir='ltr'>se</span> 
     </span>
    </p>
   </div>
   <div class='ocr_carea' id='block_1_30' title="bbox 2143 1578 3789 1652">
    <p class='ocr_par' dir='ltr' id='par_1_30' title="bbox 2143 1578 3789 1652">
     <span class='ocr_line' id='line_1_30' title="bbox 2143 1578 3789 1652; baseline 0.002 -20"><span class='ocrx_word' id='word_1_217' title='bbox 2143 1579 2388 1649; x_wconf 59' lang='lat' dir='ltr'>praefert.</span> <span class='ocrx_word' id='word_1_218' title='bbox 2418 1580 2653 1642; x_wconf 69' lang='lat' dir='ltr'>Quantae</span> <span class='ocrx_word' id='word_1_219' title='bbox 2676 1579 2832 1633; x_wconf 88' lang='lat' dir='ltr'>enim</span> <span class='ocrx_word' id='word_1_220' title='bbox 2857 1580 3206 1635; x_wconf 84' lang='lat' dir='ltr'>temeritatis</span> <span class='ocrx_word' id='word_1_221' title='bbox 3227 1585 3317 1634; x_wconf 90' lang='lat' dir='ltr'>est</span> <span class='ocrx_word' id='word_1_222' title='bbox 3338 1578 3435 1634; x_wconf 91' lang='lat' dir='ltr'>ille</span> <span class='ocrx_word' id='word_1_223' title='bbox 3461 1580 3657 1648; x_wconf 91' lang='lat' dir='ltr'>homo,</span> <span class='ocrx_word' id='word_1_224' title='bbox 3684 1582 3789 1652; x_wconf 89' lang='lat' dir='ltr'>qui</span> 
     </span>
    </p>
   </div>
   <div class='ocr_carea' id='block_1_31' title="bbox 2141 1666 3788 1739">
    <p class='ocr_par' dir='ltr' id='par_1_31' title="bbox 2141 1666 3788 1739">
     <span class='ocr_line' id='line_1_31' title="bbox 2141 1666 3788 1739; baseline 0.002 -19"><span class='ocrx_word' id='word_1_225' title='bbox 2141 1666 2265 1720; x_wconf 88' lang='lat' dir='ltr'>vult</span> <span class='ocrx_word' id='word_1_226' title='bbox 2289 1684 2349 1721; x_wconf 90' lang='lat' dir='ltr'>se</span> <span class='ocrx_word' id='word_1_227' title='bbox 2373 1666 2649 1737; x_wconf 86' lang='lat' dir='ltr'>Apostolo</span> <span class='ocrx_word' id='word_1_228' title='bbox 2671 1668 3011 1737; x_wconf 69' lang='lat' dir='ltr'>coaequare?</span> <span class='ocrx_word' id='word_1_229' title='bbox 3043 1668 3110 1721; x_wconf 83' lang='lat' dir='ltr'>Et</span> <span class='ocrx_word' id='word_1_230' title='bbox 3130 1669 3177 1722; x_wconf 93' lang='lat' dir='ltr'>si</span> <span class='ocrx_word' id='word_1_231' title='bbox 3212 1666 3326 1734; x_wconf 88' lang='lat' dir='ltr'>ille,</span> <span class='ocrx_word' id='word_1_232' title='bbox 3352 1666 3535 1722; x_wconf 88' lang='lat' dir='ltr'>multo</span> <span class='ocrx_word' id='word_1_233' title='bbox 3558 1684 3788 1739; x_wconf 63' lang='lat' dir='ltr'>magna:</span> 
     </span>
    </p>
   </div>
   <div class='ocr_carea' id='block_1_32' title="bbox 2143 1756 3793 1828">
    <p class='ocr_par' dir='ltr' id='par_1_32' title="bbox 2143 1756 3793 1828">
     <span class='ocr_line' id='line_1_32' title="bbox 2143 1756 3793 1828; baseline 0.002 -19"><span class='ocrx_word' id='word_1_234' title='bbox 2143 1756 2511 1823; x_wconf 86' lang='lat' dir='ltr'>temeritatis,</span> <span class='ocrx_word' id='word_1_235' title='bbox 2546 1756 2645 1826; x_wconf 91' lang='lat' dir='ltr'>qui</span> <span class='ocrx_word' id='word_1_236' title='bbox 2678 1772 2739 1810; x_wconf 89' lang='lat' dir='ltr'>se</span> <span class='ocrx_word' id='word_1_237' title='bbox 2768 1756 2944 1811; x_wconf 89' lang='lat' dir='ltr'>etiam</span> <span class='ocrx_word' id='word_1_238' title='bbox 2975 1756 3096 1810; x_wconf 90' lang='lat' dir='ltr'>vult</span> <span class='ocrx_word' id='word_1_239' title='bbox 3127 1756 3415 1827; x_wconf 70' lang='lat' dir='ltr'>praeferre.</span> <span class='ocrx_word' id='word_1_240' title='bbox 3450 1757 3559 1811; x_wconf 91' lang='lat' dir='ltr'>Sed</span> <span class='ocrx_word' id='word_1_241' title='bbox 3592 1757 3691 1828; x_wconf 91' lang='lat' dir='ltr'>qui</span> <span class='ocrx_word' id='word_1_242' title='bbox 3726 1774 3793 1813; x_wconf 85' lang='lat' dir='ltr'>se</span> 
     </span>
    </p>
   </div>
   <div class='ocr_carea' id='block_1_33' title="bbox 387 1835 3794 1943">
    <p class='ocr_par' dir='ltr' id='par_1_33' title="bbox 387 1835 3794 1943">
     <span class='ocr_line' id='line_1_33' title="bbox 387 1835 3794 1943; baseline 0.001 -45"><span class='ocrx_word' id='word_1_243' title='bbox 387 1843 562 1898; x_wconf 90' lang='lat' dir='ltr'>etiam</span> <span class='ocrx_word' id='word_1_244' title='bbox 594 1849 650 1899; x_wconf 88' lang='lat' dir='ltr'>et</span> <span class='ocrx_word' id='word_1_245' title='bbox 678 1844 1171 1916; x_wconf 85' lang='lat' dir='ltr'>pseudoapostoli,</span> <span class='ocrx_word' id='word_1_246' title='bbox 1198 1863 1229 1900; x_wconf 88' lang='lat' dir='ltr'>a</span> <span class='ocrx_word' id='word_1_247' title='bbox 1260 1846 1477 1916; x_wconf 90' lang='lat' dir='ltr'>quibus</span> <span class='ocrx_word' id='word_1_248' title='bbox 1498 1846 1737 1899; x_wconf 76' lang='lat' dir='ltr'>fuerant</span> <span class='ocrx_word' id='word_1_249' title='bbox 1764 1835 2028 1915; x_wconf 78' lang='lat' dir='ltr'>decepti;</span> <span class='ocrx_word' id='word_1_250' title='bbox 2062 1880 2109 1943; x_wconf 81' lang='grc' dir='ltr'>Β</span> <span class='ocrx_word' id='word_1_251' title='bbox 2145 1844 2239 1898; x_wconf 90' lang='lat' dir='ltr'>hic</span> <span class='ocrx_word' id='word_1_252' title='bbox 2270 1843 2562 1913; x_wconf 89' lang='lat' dir='ltr'>humiliat,</span> <span class='ocrx_word' id='word_1_253' title='bbox 2588 1845 2991 1899; x_wconf 85' lang='lat' dir='ltr'>auctoritatem</span> <span class='ocrx_word' id='word_1_254' title='bbox 3022 1862 3152 1899; x_wconf 84' lang='lat' dir='ltr'>mox</span> <span class='ocrx_word' id='word_1_255' title='bbox 3183 1844 3492 1916; x_wconf 85' lang='lat' dir='ltr'>subjungit</span> <span class='ocrx_word' id='word_1_256' title='bbox 3520 1846 3609 1901; x_wconf 89' lang='lat' dir='ltr'>sui</span> <span class='ocrx_word' id='word_1_257' title='bbox 3636 1848 3794 1918; x_wconf 79' lang='lat' dir='ltr'>Apo-</span> 
     </span>
    </p>
   </div>
   <div class='ocr_carea' id='block_1_34' title="bbox 387 1930 2025 2005">
    <p class='ocr_par' dir='ltr' id='par_1_34' title="bbox 387 1930 2025 2005">
     <span class='ocr_line' id='line_1_34' title="bbox 387 1930 2025 2005; baseline 0 -19"><span class='ocrx_word' id='word_1_258' title='bbox 387 1936 445 1986; x_wconf 90' lang='lat' dir='ltr'>et</span> <span class='ocrx_word' id='word_1_259' title='bbox 471 1930 599 1986; x_wconf 90' lang='lat' dir='ltr'>ideo</span> <span class='ocrx_word' id='word_1_260' title='bbox 629 1931 822 1987; x_wconf 86' lang='lat' dir='ltr'>taliter</span> <span class='ocrx_word' id='word_1_261' title='bbox 850 1933 1131 2004; x_wconf 89' lang='lat' dir='ltr'>loquitur,</span> <span class='ocrx_word' id='word_1_262' title='bbox 1165 1934 1333 2003; x_wconf 88' lang='lat' dir='ltr'>quasi</span> <span class='ocrx_word' id='word_1_263' title='bbox 1378 1934 1593 1989; x_wconf 90' lang='lat' dir='ltr'>diceret</span> <span class='ocrx_word' id='word_1_264' title='bbox 1627 1951 1639 1988; x_wconf 91' lang='lat'>:</span> <span class='ocrx_word' id='word_1_265' title='bbox 1692 1934 1847 2005; x_wconf 84' lang='lat' dir='ltr'>Rogo</span> <span class='ocrx_word' id='word_1_266' title='bbox 1902 1949 2025 1999; x_wconf 92' lang='lat' dir='ltr'>vos,</span> 
     </span>
    </p>
   </div>
   <div class='ocr_carea' id='block_1_35' title="bbox 387 2018 2028 2092">
    <p class='ocr_par' dir='ltr' id='par_1_35' title="bbox 387 2018 2028 2092">
     <span class='ocr_line' id='line_1_35' title="bbox 387 2018 2028 2092; baseline 0.001 -18"><span class='ocrx_word' id='word_1_267' title='bbox 387 2023 454 2074; x_wconf 89' lang='lat' dir='ltr'>ut</span> <span class='ocrx_word' id='word_1_268' title='bbox 482 2018 563 2074; x_wconf 90' lang='lat' dir='ltr'>ita</span> <span class='ocrx_word' id='word_1_269' title='bbox 585 2022 946 2092; x_wconf 78' lang='lat' dir='ltr'>congregatis</span> <span class='ocrx_word' id='word_1_270' title='bbox 976 2038 1098 2090; x_wconf 90' lang='lat' dir='ltr'>vos,</span> <span class='ocrx_word' id='word_1_271' title='bbox 1124 2028 1186 2076; x_wconf 88' lang='lat' dir='ltr'>ut</span> <span class='ocrx_word' id='word_1_272' title='bbox 1214 2038 1349 2075; x_wconf 90' lang='lat' dir='ltr'>cum</span> <span class='ocrx_word' id='word_1_273' title='bbox 1378 2037 1609 2087; x_wconf 88' lang='lat' dir='ltr'>venero,</span> <span class='ocrx_word' id='word_1_274' title='bbox 1636 2039 1747 2076; x_wconf 90' lang='lat' dir='ltr'>non</span> <span class='ocrx_word' id='word_1_275' title='bbox 1780 2022 2028 2075; x_wconf 86' lang='lat' dir='ltr'>habeam</span> 
     </span>
    </p>
   </div>
   <div class='ocr_carea' id='block_1_36' title="bbox 391 2108 2030 2181">
    <p class='ocr_par' dir='ltr' id='par_1_36' title="bbox 391 2108 2030 2181">
     <span class='ocr_line' id='line_1_36' title="bbox 391 2108 2030 2181; baseline 0.001 -19"><span class='ocrx_word' id='word_1_276' title='bbox 391 2108 544 2180; x_wconf 90' lang='lat' dir='ltr'>quod</span> <span class='ocrx_word' id='word_1_277' title='bbox 577 2109 1022 2181; x_wconf 85' lang='lat' dir='ltr'>reprehendam,</span> <span class='ocrx_word' id='word_1_278' title='bbox 1054 2114 1154 2164; x_wconf 85' lang='lat' dir='ltr'>aut</span> <span class='ocrx_word' id='word_1_279' title='bbox 1196 2111 1775 2178; x_wconf 79' lang='lat' dir='ltr'>excommunicando,</span> <span class='ocrx_word' id='word_1_280' title='bbox 1811 2115 1912 2165; x_wconf 92' lang='lat' dir='ltr'>aut</span> <span class='ocrx_word' id='word_1_281' title='bbox 1959 2111 2030 2164; x_wconf 92' lang='lat' dir='ltr'>ab</span> 
     </span>
    </p>
   </div>
   <div class='ocr_carea' id='block_1_37' title="bbox 390 2197 2033 2270">
    <p class='ocr_par' dir='ltr' id='par_1_37' title="bbox 390 2197 2033 2270">
     <span class='ocr_line' id='line_1_37' title="bbox 390 2197 2033 2270; baseline 0.002 -20"><span class='ocrx_word' id='word_1_282' title='bbox 390 2197 615 2251; x_wconf 88' lang='lat' dir='ltr'>unitate</span> <span class='ocrx_word' id='word_1_283' title='bbox 645 2198 992 2269; x_wconf 88' lang='lat' dir='ltr'>separando,</span> <span class='ocrx_word' id='word_1_284' title='bbox 1026 2199 1125 2253; x_wconf 88' lang='lat' dir='ltr'>sed</span> <span class='ocrx_word' id='word_1_285' title='bbox 1159 2198 1335 2253; x_wconf 89' lang='lat' dir='ltr'>veluti</span> <span class='ocrx_word' id='word_1_286' title='bbox 1369 2206 1533 2270; x_wconf 89' lang='lat' dir='ltr'>pater</span> <span class='ocrx_word' id='word_1_287' title='bbox 1575 2200 1632 2253; x_wconf 89' lang='lat' dir='ltr'>in</span> <span class='ocrx_word' id='word_1_288' title='bbox 1685 2198 1821 2253; x_wconf 89' lang='lat' dir='ltr'>ﬁliis</span> <span class='ocrx_word' id='word_1_289' title='bbox 1867 2199 2033 2253; x_wconf 72' lang='lat' dir='ltr'>lactus</span> 
     </span>
    </p>
   </div>
   <div class='ocr_carea' id='block_1_38' title="bbox 387 2287 2033 2359">
    <p class='ocr_par' dir='ltr' id='par_1_38' title="bbox 387 2287 2033 2359">
     <span class='ocr_line' id='line_1_38' title="bbox 387 2287 2033 2359; baseline -0.001 -19"><span class='ocrx_word' id='word_1_290' title='bbox 387 2301 487 2356; x_wconf 84' lang='lat' dir='ltr'>per</span> <span class='ocrx_word' id='word_1_291' title='bbox 548 2302 670 2340; x_wconf 87' lang='lat' dir='ltr'>eam</span> <span class='ocrx_word' id='word_1_292' title='bbox 745 2287 1168 2355; x_wconf 80' lang='lat' dir='ltr'>conﬁdentiam,</span> <span class='ocrx_word' id='word_1_293' title='bbox 1238 2293 1346 2341; x_wconf 88' lang='lat' dir='ltr'>etc.</span> <span class='ocrx_word' id='word_1_294' title='bbox 1416 2290 1571 2350; x_wconf 89' lang='lat' dir='ltr'>Quos</span> <span class='ocrx_word' id='word_1_295' title='bbox 1646 2288 2033 2359; x_wconf 85' lang='lat' dir='ltr'>appellasset,</span> 
     </span>
    </p>
   </div>
   <div class='ocr_carea' id='block_1_39' title="bbox 392 2374 2030 2443">
    <p class='ocr_par' dir='ltr' id='par_1_39' title="bbox 392 2374 2030 2443">
     <span class='ocr_line' id='line_1_39' title="bbox 392 2374 2030 2443; baseline 0 -15"><span class='ocrx_word' id='word_1_296' title='bbox 392 2374 747 2437; x_wconf 87' lang='lat' dir='ltr'>manifestat,</span> <span class='ocrx_word' id='word_1_297' title='bbox 782 2376 919 2428; x_wconf 86' lang='lat' dir='ltr'>dum</span> <span class='ocrx_word' id='word_1_298' title='bbox 954 2375 1151 2428; x_wconf 90' lang='lat' dir='ltr'>subdit</span> <span class='ocrx_word' id='word_1_299' title='bbox 1186 2392 1198 2429; x_wconf 91' lang='lat'>:</span> <span class='ocrx_word' id='word_1_300' title='bbox 1255 2377 1361 2443; x_wconf 83' lang='lat' dir='ltr'>Qui</span> <span class='ocrx_word' id='word_1_301' title='bbox 1405 2379 1751 2431; x_wconf 77' lang='lat' dir='ltr'>arbitrantur</span> <span class='ocrx_word' id='word_1_302' title='bbox 1781 2393 1877 2431; x_wconf 86' lang='lat' dir='ltr'>nos</span> <span class='ocrx_word' id='word_1_303' title='bbox 1910 2384 2030 2430; x_wconf 88' lang='lat' dir='ltr'>lan-</span> 
     </span>
    </p>
   </div>
   <div class='ocr_carea' id='block_1_40' title="bbox 394 2463 2037 2531">
    <p class='ocr_par' dir='ltr' id='par_1_40' title="bbox 394 2463 2037 2531">
     <span class='ocr_line' id='line_1_40' title="bbox 394 2463 2037 2531; baseline 0.001 -16"><span class='ocrx_word' id='word_1_304' title='bbox 394 2478 558 2531; x_wconf 86' lang='lat' dir='ltr'>quam</span> <span class='ocrx_word' id='word_1_305' title='bbox 577 2463 871 2516; x_wconf 83' lang='lat' dir='ltr'>secundum</span> <span class='ocrx_word' id='word_1_306' title='bbox 898 2480 1125 2517; x_wconf 86' lang='lat' dir='ltr'>carnem</span> <span class='ocrx_word' id='word_1_307' title='bbox 1151 2466 1496 2519; x_wconf 85' lang='lat' dir='ltr'>ambulemus</span> <span class='ocrx_word' id='word_1_308' title='bbox 1511 2483 1530 2524; x_wconf 89' lang='grc'><em>.·</em></span> <span class='ocrx_word' id='word_1_309' title='bbox 1559 2466 1611 2518; x_wconf 83' lang='lat' dir='ltr'>id</span> <span class='ocrx_word' id='word_1_310' title='bbox 1643 2471 1752 2530; x_wconf 86' lang='lat' dir='ltr'>est,</span> <span class='ocrx_word' id='word_1_311' title='bbox 1778 2466 1833 2518; x_wconf 92' lang='lat' dir='ltr'>in</span> <span class='ocrx_word' id='word_1_312' title='bbox 1864 2480 2037 2517; x_wconf 91' lang='lat' dir='ltr'>carne</span> 
     </span>
    </p>
   </div>
   <div class='ocr_carea' id='block_1_41' title="bbox 396 2550 2036 2623">
    <p class='ocr_par' dir='ltr' id='par_1_41' title="bbox 396 2550 2036 2623">
     <span class='ocr_line' id='line_1_41' title="bbox 396 2550 2036 2623; baseline 0.001 -19"><span class='ocrx_word' id='word_1_313' title='bbox 396 2550 788 2611; x_wconf 87' lang='lat' dir='ltr'>consistendo,</span> <span class='ocrx_word' id='word_1_314' title='bbox 820 2550 1133 2605; x_wconf 85' lang='lat' dir='ltr'>carnaliter</span> <span class='ocrx_word' id='word_1_315' title='bbox 1156 2553 1381 2618; x_wconf 82' lang='lat' dir='ltr'>vivere;</span> <span class='ocrx_word' id='word_1_316' title='bbox 1417 2554 1532 2607; x_wconf 90' lang='lat' dir='ltr'>sive</span> <span class='ocrx_word' id='word_1_317' title='bbox 1565 2554 1746 2623; x_wconf 85' lang='lat' dir='ltr'>legem</span> <span class='ocrx_word' id='word_1_318' title='bbox 1769 2553 2036 2623; x_wconf 86' lang='lat' dir='ltr'>legendo,</span> 
     </span>
    </p>
   </div>
   <div class='ocr_carea' id='block_1_42' title="bbox 397 2639 2035 2712">
    <p class='ocr_par' dir='ltr' id='par_1_42' title="bbox 397 2639 2035 2712">
     <span class='ocr_line' id='line_1_42' title="bbox 397 2639 2035 2712; baseline 0.001 -20"><span class='ocrx_word' id='word_1_319' title='bbox 397 2655 515 2692; x_wconf 88' lang='lat' dir='ltr'>non</span> <span class='ocrx_word' id='word_1_320' title='bbox 564 2643 717 2694; x_wconf 82' lang='lat' dir='ltr'>recte</span> <span class='ocrx_word' id='word_1_321' title='bbox 767 2639 1003 2693; x_wconf 89' lang='lat' dir='ltr'>sentire.</span> <span class='ocrx_word' id='word_1_322' title='bbox 1034 2639 1178 2694; x_wconf 89' lang='lat' dir='ltr'>Nam</span> <span class='ocrx_word' id='word_1_323' title='bbox 1213 2642 1482 2695; x_wconf 87' lang='lat' dir='ltr'>dicebant</span> <span class='ocrx_word' id='word_1_324' title='bbox 1529 2642 1870 2712; x_wconf 87' lang='lat' dir='ltr'>Apostolum</span> <span class='ocrx_word' id='word_1_325' title='bbox 1922 2657 2035 2694; x_wconf 90' lang='lat' dir='ltr'>non</span> 
     </span>
    </p>
   </div>
   <div class='ocr_carea' id='block_1_43' title="bbox 397 2726 2040 2791">
    <p class='ocr_par' dir='ltr' id='par_1_43' title="bbox 397 2726 2040 2791">
     <span class='ocr_line' id='line_1_43' title="bbox 397 2726 2040 2791; baseline 0.002 -11"><span class='ocrx_word' id='word_1_326' title='bbox 397 2730 551 2781; x_wconf 88' lang='lat' dir='ltr'>recte</span> <span class='ocrx_word' id='word_1_327' title='bbox 572 2726 815 2791; x_wconf 89' lang='lat' dir='ltr'>sentire;</span> <span class='ocrx_word' id='word_1_328' title='bbox 842 2733 898 2781; x_wconf 90' lang='lat' dir='ltr'>et</span> <span class='ocrx_word' id='word_1_329' title='bbox 929 2727 1054 2782; x_wconf 92' lang='lat' dir='ltr'>ideo</span> <span class='ocrx_word' id='word_1_330' title='bbox 1079 2728 1127 2783; x_wconf 89' lang='lat' dir='ltr'>ei</span> <span class='ocrx_word' id='word_1_331' title='bbox 1158 2728 1324 2783; x_wconf 88' lang='lat' dir='ltr'>ﬁdem</span> <span class='ocrx_word' id='word_1_332' title='bbox 1353 2746 1465 2783; x_wconf 89' lang='lat' dir='ltr'>non</span> <span class='ocrx_word' id='word_1_333' title='bbox 1488 2730 1913 2785; x_wconf 87' lang='lat' dir='ltr'>accommodari</span> <span class='ocrx_word' id='word_1_334' title='bbox 1946 2731 2040 2783; x_wconf 92' lang='lat' dir='ltr'>de-</span> 
     </span>
    </p>
   </div>
   <div class='ocr_carea' id='block_1_44' title="bbox 399 2814 2041 2887">
    <p class='ocr_par' dir='ltr' id='par_1_44' title="bbox 399 2814 2041 2887">
     <span class='ocr_line' id='line_1_44' title="bbox 399 2814 2041 2887; baseline 0.003 -18"><span class='ocrx_word' id='word_1_335' title='bbox 399 2814 554 2869; x_wconf 88' lang='lat' dir='ltr'>bere.</span> <span class='ocrx_word' id='word_1_336' title='bbox 586 2814 652 2868; x_wconf 88' lang='lat' dir='ltr'>Et</span> <span class='ocrx_word' id='word_1_337' title='bbox 683 2814 753 2869; x_wconf 89' lang='lat' dir='ltr'>ad</span> <span class='ocrx_word' id='word_1_338' title='bbox 786 2814 906 2869; x_wconf 61' lang='lat' dir='ltr'>haec</span> <span class='ocrx_word' id='word_1_339' title='bbox 931 2816 1044 2871; x_wconf 92' lang='lat' dir='ltr'>duo</span> <span class='ocrx_word' id='word_1_340' title='bbox 1068 2818 1385 2887; x_wconf 88' lang='lat' dir='ltr'>respondit,</span> <span class='ocrx_word' id='word_1_341' title='bbox 1409 2819 1711 2873; x_wconf 89' lang='lat' dir='ltr'>subdendo</span> <span class='ocrx_word' id='word_1_342' title='bbox 1738 2837 1750 2874; x_wconf 91' lang='lat'>:</span> <span class='ocrx_word' id='word_1_343' title='bbox 1785 2821 1843 2874; x_wconf 90' lang='lat' dir='ltr'>In</span> <span class='ocrx_word' id='word_1_344' title='bbox 1876 2837 2041 2874; x_wconf 83' lang='lat' dir='ltr'>carne</span> 
     </span>
    </p>
   </div>
   <div class='ocr_carea' id='block_1_45' title="bbox 399 2902 2038 2971">
    <p class='ocr_par' dir='ltr' id='par_1_45' title="bbox 399 2902 2038 2971">
     <span class='ocr_line' id='line_1_45' title="bbox 399 2902 2038 2971; baseline 0.002 -13"><span class='ocrx_word' id='word_1_345' title='bbox 399 2903 547 2958; x_wconf 82' lang='lat' dir='ltr'>enim</span> <span class='ocrx_word' id='word_1_346' title='bbox 576 2902 945 2967; x_wconf 84' lang='lat' dir='ltr'>ambulantes,</span> <span class='ocrx_word' id='word_1_347' title='bbox 968 2908 1109 2969; x_wconf 87' lang='lat' dir='ltr'>etc.;</span> <span class='ocrx_word' id='word_1_348' title='bbox 1146 2904 1199 2957; x_wconf 92' lang='lat' dir='ltr'>id</span> <span class='ocrx_word' id='word_1_349' title='bbox 1233 2910 1338 2971; x_wconf 87' lang='lat' dir='ltr'>est,</span> <span class='ocrx_word' id='word_1_350' title='bbox 1363 2905 1419 2959; x_wconf 91' lang='lat' dir='ltr'>in</span> <span class='ocrx_word' id='word_1_351' title='bbox 1456 2923 1626 2961; x_wconf 91' lang='lat' dir='ltr'>carne</span> <span class='ocrx_word' id='word_1_352' title='bbox 1657 2907 1884 2961; x_wconf 84' lang='lat' dir='ltr'>mortali</span> <span class='ocrx_word' id='word_1_353' title='bbox 1910 2924 2038 2962; x_wconf 91' lang='lat' dir='ltr'>con-</span> 
     </span>
    </p>
   </div>
   <div class='ocr_carea' id='block_1_46' title="bbox 398 2990 2038 3063">
    <p class='ocr_par' dir='ltr' id='par_1_46' title="bbox 398 2990 2038 3063">
     <span class='ocr_line' id='line_1_46' title="bbox 398 2990 2038 3063; baseline 0.004 -19"><span class='ocrx_word' id='word_1_354' title='bbox 398 2990 681 3060; x_wconf 84' lang='lat' dir='ltr'>sistendo,</span> <span class='ocrx_word' id='word_1_355' title='bbox 712 2991 1075 3046; x_wconf 75' lang='lat' dir='ltr'>mortiﬁcatis</span> <span class='ocrx_word' id='word_1_356' title='bbox 1108 2994 1417 3049; x_wconf 88' lang='lat' dir='ltr'>desideriis</span> <span class='ocrx_word' id='word_1_357' title='bbox 1447 2995 1800 3063; x_wconf 89' lang='lat' dir='ltr'>carnalibus,</span> <span class='ocrx_word' id='word_1_358' title='bbox 1830 3013 2038 3051; x_wconf 89' lang='lat' dir='ltr'>secun-</span> 
     </span>
    </p>
   </div>
   <div class='ocr_carea' id='block_1_47' title="bbox 392 3077 2035 3155">
    <p class='ocr_par' dir='ltr' id='par_1_47' title="bbox 392 3077 2035 3155">
     <span class='ocr_line' id='line_1_47' title="bbox 392 3077 2035 3155; baseline 0.004 -23"><span class='ocrx_word' id='word_1_359' title='bbox 392 3077 535 3133; x_wconf 91' lang='lat' dir='ltr'>dum</span> <span class='ocrx_word' id='word_1_360' title='bbox 563 3078 760 3133; x_wconf 88' lang='lat' dir='ltr'>divina</span> <span class='ocrx_word' id='word_1_361' title='bbox 790 3084 1075 3149; x_wconf 61' lang='lat' dir='ltr'>pracepta</span> <span class='ocrx_word' id='word_1_362' title='bbox 1093 3081 1362 3148; x_wconf 87' lang='lat' dir='ltr'>vivimus,</span> <span class='ocrx_word' id='word_1_363' title='bbox 1389 3082 1508 3137; x_wconf 89' lang='lat' dir='ltr'>sive</span> <span class='ocrx_word' id='word_1_364' title='bbox 1533 3083 1795 3138; x_wconf 88' lang='lat' dir='ltr'>eamdem</span> <span class='ocrx_word' id='word_1_365' title='bbox 1828 3084 2035 3155; x_wconf 84' lang='lat' dir='ltr'>legem,</span> 
     </span>
    </p>
   </div>
   <div class='ocr_carea' id='block_1_48' title="bbox 388 3167 1936 3243">
    <p class='ocr_par' dir='ltr' id='par_1_48' title="bbox 388 3167 1936 3243">
     <span class='ocr_line' id='line_1_48' title="bbox 388 3167 1936 3243; baseline 0.005 -23"><span class='ocrx_word' id='word_1_366' title='bbox 388 3182 564 3237; x_wconf 90' lang='lat' dir='ltr'>quam</span> <span class='ocrx_word' id='word_1_367' title='bbox 595 3167 797 3234; x_wconf 65' lang='lat' dir='ltr'>Judaei,</span> <span class='ocrx_word' id='word_1_368' title='bbox 831 3167 1134 3228; x_wconf 89' lang='lat' dir='ltr'>habentes.</span> <span class='ocrx_word' id='word_1_369' title='bbox 1169 3170 1508 3239; x_wconf 87' lang='lat' dir='ltr'>spiritaliter</span> <span class='ocrx_word' id='word_1_370' title='bbox 1537 3170 1936 3243; x_wconf 81' lang='lat' dir='ltr'>intelligimus.</span> 
     </span>
    </p>
   </div>
   <div class='ocr_carea' id='block_1_49' title="bbox 453 3237 2101 3330">
    <p class='ocr_par' dir='ltr' id='par_1_49' title="bbox 453 3237 2101 3330">
     <span class='ocr_line' id='line_1_49' title="bbox 453 3237 2101 3330; baseline 0.004 -19"><span class='ocrx_word' id='word_1_371' title='bbox 453 3258 596 3312; x_wconf 83' lang='lat' dir='ltr'>Nam</span> <span class='ocrx_word' id='word_1_372' title='bbox 623 3271 792 3310; x_wconf 76' lang='lat' dir='ltr'>arma,</span> <span class='ocrx_word' id='word_1_373' title='bbox 820 3257 1043 3313; x_wconf 64' lang='lat' dir='ltr'>militiae</span> <span class='ocrx_word' id='word_1_374' title='bbox 1079 3237 1304 3323; x_wconf 66' lang='lat' dir='ltr'>nostrae,</span> <span class='ocrx_word' id='word_1_375' title='bbox 1355 3264 1495 3326; x_wconf 86' lang='lat' dir='ltr'>etc.;</span> <span class='ocrx_word' id='word_1_376' title='bbox 1549 3237 1981 3330; x_wconf 47' lang='lat' dir='ltr'>quasivdiceret</span> <span class='ocrx_word' id='word_1_377' title='bbox 2013 3280 2025 3318; x_wconf 89' lang='lat'>:</span> <span class='ocrx_word' id='word_1_378' title='bbox 2061 3237 2101 3302; x_wconf 66' lang='grc' dir='ltr'>Ο</span> 
     </span>
    </p>
   </div>
   <div class='ocr_carea' id='block_1_50' title="bbox 382 3345 2028 3421">
    <p class='ocr_par' dir='ltr' id='par_1_50' title="bbox 382 3345 2028 3421">
     <span class='ocr_line' id='line_1_50' title="bbox 382 3345 2028 3421; baseline 0.005 -24"><span class='ocrx_word' id='word_1_379' title='bbox 382 3345 558 3398; x_wconf 85' lang='lat' dir='ltr'>Arma</span> <span class='ocrx_word' id='word_1_380' title='bbox 587 3349 787 3399; x_wconf 87' lang='lat' dir='ltr'>nostra</span> <span class='ocrx_word' id='word_1_381' title='bbox 808 3361 921 3400; x_wconf 90' lang='lat' dir='ltr'>non</span> <span class='ocrx_word' id='word_1_382' title='bbox 956 3349 1094 3399; x_wconf 89' lang='lat' dir='ltr'>sunt</span> <span class='ocrx_word' id='word_1_383' title='bbox 1124 3351 1379 3411; x_wconf 90' lang='lat' dir='ltr'>scutum,</span> <span class='ocrx_word' id='word_1_384' title='bbox 1405 3346 1656 3418; x_wconf 83' lang='lat' dir='ltr'>gladius,</span> <span class='ocrx_word' id='word_1_385' title='bbox 1686 3350 2028 3421; x_wconf 82' lang='lat' dir='ltr'>materialia,</span> 
     </span>
    </p>
   </div>
   <div class='ocr_carea' id='block_1_51' title="bbox 379 3431 2032 3509">
    <p class='ocr_par' dir='ltr' id='par_1_51' title="bbox 379 3431 2032 3509">
     <span class='ocr_line' id='line_1_51' title="bbox 379 3431 2032 3509; baseline 0.004 -23"><span class='ocrx_word' id='word_1_386' title='bbox 379 3435 552 3502; x_wconf 87' lang='lat' dir='ltr'>atque</span> <span class='ocrx_word' id='word_1_387' title='bbox 573 3431 849 3499; x_wconf 78' lang='lat' dir='ltr'>visibilis,</span> <span class='ocrx_word' id='word_1_388' title='bbox 870 3433 962 3487; x_wconf 90' lang='lat' dir='ltr'>sed</span> <span class='ocrx_word' id='word_1_389' title='bbox 987 3437 1235 3503; x_wconf 83' lang='lat' dir='ltr'>potentia</span> <span class='ocrx_word' id='word_1_390' title='bbox 1264 3437 1391 3489; x_wconf 86' lang='lat' dir='ltr'>Deo.</span> <span class='ocrx_word' id='word_1_391' title='bbox 1416 3435 1675 3491; x_wconf 85' lang='lat' dir='ltr'>Potentia</span> <span class='ocrx_word' id='word_1_392' title='bbox 1708 3443 1869 3505; x_wconf 88' lang='lat' dir='ltr'>sunt,</span> <span class='ocrx_word' id='word_1_393' title='bbox 1894 3438 2032 3509; x_wconf 88' lang='lat' dir='ltr'>quia</span> 
     </span>
    </p>
   </div>
   <div class='ocr_carea' id='block_1_52' title="bbox 280 3519 2029 3597">
    <p class='ocr_par' dir='ltr' id='par_1_52' title="bbox 280 3519 2029 3597">
     <span class='ocr_line' id='line_1_52' title="bbox 280 3519 2029 3597; baseline 0.005 -25"><span class='ocrx_word' id='word_1_394' title='bbox 280 3558 287 3563; x_wconf 82' lang='lat'>.</span> <span class='ocrx_word' id='word_1_395' title='bbox 383 3519 492 3573; x_wconf 86' lang='lat' dir='ltr'>hoc</span> <span class='ocrx_word' id='word_1_396' title='bbox 525 3536 841 3589; x_wconf 85' lang='lat' dir='ltr'>possumus</span> <span class='ocrx_word' id='word_1_397' title='bbox 870 3522 1082 3591; x_wconf 87' lang='lat' dir='ltr'>verbis,</span> <span class='ocrx_word' id='word_1_398' title='bbox 1118 3523 1269 3591; x_wconf 87' lang='lat' dir='ltr'>quod</span> <span class='ocrx_word' id='word_1_399' title='bbox 1303 3523 1398 3576; x_wconf 88' lang='lat' dir='ltr'>alii</span> <span class='ocrx_word' id='word_1_400' title='bbox 1434 3522 1645 3594; x_wconf 85' lang='lat' dir='ltr'>gladiis</span> <span class='ocrx_word' id='word_1_401' title='bbox 1692 3532 2029 3597; x_wconf 91' lang='lat' dir='ltr'>nequeunt;</span> 
     </span>
    </p>
   </div>
   <div class='ocr_carea' id='block_1_53' title="bbox 388 3606 2033 3682">
    <p class='ocr_par' dir='ltr' id='par_1_53' title="bbox 388 3606 2033 3682">
     <span class='ocr_line' id='line_1_53' title="bbox 388 3606 2033 3682; baseline 0.005 -23"><span class='ocrx_word' id='word_1_402' title='bbox 388 3606 509 3660; x_wconf 89' lang='lat' dir='ltr'>sive</span> <span class='ocrx_word' id='word_1_403' title='bbox 539 3607 817 3675; x_wconf 89' lang='lat' dir='ltr'>potentia,</span> <span class='ocrx_word' id='word_1_404' title='bbox 842 3609 980 3677; x_wconf 86' lang='lat' dir='ltr'>quia</span> <span class='ocrx_word' id='word_1_405' title='bbox 1011 3608 1104 3662; x_wconf 90' lang='lat' dir='ltr'>his</span> <span class='ocrx_word' id='word_1_406' title='bbox 1136 3610 1314 3663; x_wconf 89' lang='lat' dir='ltr'>armis</span> <span class='ocrx_word' id='word_1_407' title='bbox 1336 3612 1613 3666; x_wconf 88' lang='lat' dir='ltr'>adversus</span> <span class='ocrx_word' id='word_1_408' title='bbox 1646 3629 1890 3682; x_wconf 85' lang='lat' dir='ltr'>regnum</span> <span class='ocrx_word' id='word_1_409' title='bbox 1921 3614 2033 3668; x_wconf 85' lang='lat' dir='ltr'>ini-</span> 
     </span>
    </p>
   </div>
   <div class='ocr_carea' id='block_1_54' title="bbox 395 3692 2034 3763">
    <p class='ocr_par' dir='ltr' id='par_1_54' title="bbox 395 3692 2034 3763">
     <span class='ocr_line' id='line_1_54' title="bbox 395 3692 2034 3763; baseline 0.007 -18"><span class='ocrx_word' id='word_1_410' title='bbox 395 3692 635 3763; x_wconf 83' lang='lat' dir='ltr'>quitatis</span> <span class='ocrx_word' id='word_1_411' title='bbox 666 3694 1037 3749; x_wconf 89' lang='lat' dir='ltr'>dimicamus.</span> <span class='ocrx_word' id='word_1_412' title='bbox 1070 3696 1215 3750; x_wconf 88' lang='lat' dir='ltr'>Nam</span> <span class='ocrx_word' id='word_1_413' title='bbox 1248 3700 1399 3752; x_wconf 87' lang='lat' dir='ltr'>sicut</span> <span class='ocrx_word' id='word_1_414' title='bbox 1440 3699 1703 3755; x_wconf 88' lang='lat' dir='ltr'>Christus</span> <span class='ocrx_word' id='word_1_415' title='bbox 1753 3702 2034 3757; x_wconf 88' lang='lat' dir='ltr'>adversus</span> 
     </span>
    </p>
   </div>
   <div class='ocr_carea' id='block_1_55' title="bbox 396 3780 2035 3861">
    <p class='ocr_par' dir='ltr' id='par_1_55' title="bbox 396 3780 2035 3861">
     <span class='ocr_line' id='line_1_55' title="bbox 396 3780 2035 3861; baseline 0.007 -27"><span class='ocrx_word' id='word_1_416' title='bbox 396 3795 645 3849; x_wconf 88' lang='lat' dir='ltr'>regnum</span> <span class='ocrx_word' id='word_1_417' title='bbox 676 3780 1002 3851; x_wconf 88' lang='lat' dir='ltr'>iniquitatis</span> <span class='ocrx_word' id='word_1_418' title='bbox 1033 3784 1289 3848; x_wconf 88' lang='lat' dir='ltr'>dimicat,</span> <span class='ocrx_word' id='word_1_419' title='bbox 1318 3786 1395 3861; x_wconf 85' lang='lat' dir='ltr'>ita</span> <span class='ocrx_word' id='word_1_420' title='bbox 1425 3792 1480 3840; x_wconf 90' lang='lat' dir='ltr'>et</span> <span class='ocrx_word' id='word_1_421' title='bbox 1512 3804 1616 3842; x_wconf 91' lang='lat' dir='ltr'>nos</span> <span class='ocrx_word' id='word_1_422' title='bbox 1648 3789 1816 3843; x_wconf 90' lang='lat' dir='ltr'>donis</span> <span class='ocrx_word' id='word_1_423' title='bbox 1848 3791 2035 3861; x_wconf 89' lang='lat' dir='ltr'>ipsius</span> 
     </span>
    </p>
   </div>
   <div class='ocr_carea' id='block_1_56' title="bbox 400 3860 2038 3941">
    <p class='ocr_par' dir='ltr' id='par_1_56' title="bbox 400 3860 2038 3941">
     <span class='ocr_line' id='line_1_56' title="bbox 400 3860 2038 3941; baseline 0.007 -21"><span class='ocrx_word' id='word_1_424' title='bbox 400 3868 587 3936; x_wconf 87' lang='lat' dir='ltr'>ditati,</span> <span class='ocrx_word' id='word_1_425' title='bbox 612 3873 667 3922; x_wconf 89' lang='lat' dir='ltr'>et</span> <span class='ocrx_word' id='word_1_426' title='bbox 699 3886 862 3924; x_wconf 89' lang='lat' dir='ltr'>arma</span> <span class='ocrx_word' id='word_1_427' title='bbox 890 3870 1196 3936; x_wconf 88' lang='lat' dir='ltr'>habemus,</span> <span class='ocrx_word' id='word_1_428' title='bbox 1223 3878 1278 3927; x_wconf 91' lang='lat' dir='ltr'>et</span> <span class='ocrx_word' id='word_1_429' title='bbox 1308 3860 1535 3941; x_wconf 81' lang='lat' dir='ltr'>sumus,</span> <span class='ocrx_word' id='word_1_430' title='bbox 1560 3882 1616 3930; x_wconf 90' lang='lat' dir='ltr'>et</span> <span class='ocrx_word' id='word_1_431' title='bbox 1646 3878 1714 3930; x_wconf 87' lang='lat' dir='ltr'>ad</span> <span class='ocrx_word' id='word_1_432' title='bbox 1738 3860 2038 3933; x_wconf 85' lang='lat' dir='ltr'>destruen-</span> 
     </span>
    </p>
   </div>
   <div class='ocr_carea' id='block_1_57' title="bbox 400 3956 2039 4037">
    <p class='ocr_par' dir='ltr' id='par_1_57' title="bbox 400 3956 2039 4037">
     <span class='ocr_line' id='line_1_57' title="bbox 400 3956 2039 4037; baseline 0.007 -28"><span class='ocrx_word' id='word_1_433' title='bbox 400 3956 542 4010; x_wconf 93' lang='lat' dir='ltr'>dum</span> <span class='ocrx_word' id='word_1_434' title='bbox 562 3972 806 4028; x_wconf 83' lang='lat' dir='ltr'>regnum</span> <span class='ocrx_word' id='word_1_435' title='bbox 830 3958 1157 4030; x_wconf 89' lang='lat' dir='ltr'>iniquitatis</span> <span class='ocrx_word' id='word_1_436' title='bbox 1178 3960 1533 4017; x_wconf 84' lang='lat' dir='ltr'>laboramus.</span> <span class='ocrx_word' id='word_1_437' title='bbox 1550 3965 1619 4019; x_wconf 83' lang='lat' dir='ltr'>Et</span> <span class='ocrx_word' id='word_1_438' title='bbox 1641 3981 1819 4035; x_wconf 89' lang='lat' dir='ltr'>quare</span> <span class='ocrx_word' id='word_1_439' title='bbox 1842 3971 2039 4037; x_wconf 89' lang='lat' dir='ltr'>poten-</span> 
     </span>
    </p>
   </div>
   <div class='ocr_carea' id='block_1_58' title="bbox 398 4043 2035 4110">
    <p class='ocr_par' dir='ltr' id='par_1_58' title="bbox 398 4043 2035 4110">
     <span class='ocr_line' id='line_1_58' title="bbox 398 4043 2035 4110; baseline 0.007 -12"><span class='ocrx_word' id='word_1_440' title='bbox 398 4044 480 4098; x_wconf 88' lang='lat' dir='ltr'>tia</span> <span class='ocrx_word' id='word_1_441' title='bbox 500 4043 636 4110; x_wconf 91' lang='lat' dir='ltr'>Deo,</span> <span class='ocrx_word' id='word_1_442' title='bbox 667 4046 868 4101; x_wconf 90' lang='lat' dir='ltr'>subdit</span> <span class='ocrx_word' id='word_1_443' title='bbox 893 4064 904 4102; x_wconf 94' lang='lat'>:</span> <span class='ocrx_word' id='word_1_444' title='bbox 938 4050 1022 4103; x_wconf 84' lang='lat' dir='ltr'>Ad</span> <span class='ocrx_word' id='word_1_445' title='bbox 1047 4049 1466 4107; x_wconf 76' lang='lat' dir='ltr'>destructionem</span> <span class='ocrx_word' id='word_1_446' title='bbox 1494 4054 1885 4108; x_wconf 86' lang='lat' dir='ltr'>munitionum.</span> <span class='ocrx_word' id='word_1_447' title='bbox 1910 4060 2035 4109; x_wconf 82' lang='lat' dir='ltr'>Mu-</span> 
     </span>
    </p>
   </div>
   <div class='ocr_carea' id='block_1_59' title="bbox 397 4132 2036 4213">
    <p class='ocr_par' dir='ltr' id='par_1_59' title="bbox 397 4132 2036 4213">
     <span class='ocr_line' id='line_1_59' title="bbox 397 4132 2036 4213; baseline 0.007 -27"><span class='ocrx_word' id='word_1_448' title='bbox 397 4132 675 4189; x_wconf 89' lang='lat' dir='ltr'>nitionem</span> <span class='ocrx_word' id='word_1_449' title='bbox 699 4152 951 4207; x_wconf 86' lang='lat' dir='ltr'>namque</span> <span class='ocrx_word' id='word_1_450' title='bbox 971 4138 1222 4210; x_wconf 87' lang='lat' dir='ltr'>appellat</span> <span class='ocrx_word' id='word_1_451' title='bbox 1238 4141 1559 4195; x_wconf 89' lang='lat' dir='ltr'>doctrinam</span> <span class='ocrx_word' id='word_1_452' title='bbox 1585 4142 2036 4213; x_wconf 85' lang='lat' dir='ltr'>pseudoaposto-</span> 
     </span>
    </p>
   </div>
   <div class='ocr_carea' id='block_1_60' title="bbox 392 4220 2032 4299">
    <p class='ocr_par' dir='ltr' id='par_1_60' title="bbox 392 4220 2032 4299">
     <span class='ocr_line' id='line_1_60' title="bbox 392 4220 2032 4299; baseline 0.007 -24"><span class='ocrx_word' id='word_1_453' title='bbox 392 4220 604 4291; x_wconf 92' lang='lat' dir='ltr'>lorum,</span> <span class='ocrx_word' id='word_1_454' title='bbox 639 4225 737 4295; x_wconf 91' lang='lat' dir='ltr'>qui</span> <span class='ocrx_word' id='word_1_455' title='bbox 771 4227 895 4281; x_wconf 91' lang='lat' dir='ltr'>suis</span> <span class='ocrx_word' id='word_1_456' title='bbox 926 4226 1341 4285; x_wconf 87' lang='lat' dir='ltr'>calliditatibus</span> <span class='ocrx_word' id='word_1_457' title='bbox 1374 4234 1548 4299; x_wconf 84' lang='lat' dir='ltr'>atque</span> <span class='ocrx_word' id='word_1_458' title='bbox 1588 4231 1862 4285; x_wconf 89' lang='lat' dir='ltr'>versutiis</span> <span class='ocrx_word' id='word_1_459' title='bbox 1907 4249 2032 4286; x_wconf 88' lang='lat' dir='ltr'>eam</span> 
     </span>
    </p>
   </div>
   <div class='ocr_carea' id='block_1_61' title="bbox 392 4311 2039 4389">
    <p class='ocr_par' dir='ltr' id='par_1_61' title="bbox 392 4311 2039 4389">
     <span class='ocr_line' id='line_1_61' title="bbox 392 4311 2039 4389; baseline 0.005 -26"><span class='ocrx_word' id='word_1_460' title='bbox 392 4311 753 4377; x_wconf 87' lang='lat' dir='ltr'>muniebant,</span> <span class='ocrx_word' id='word_1_461' title='bbox 787 4315 887 4368; x_wconf 89' lang='lat' dir='ltr'>sed</span> <span class='ocrx_word' id='word_1_462' title='bbox 931 4321 1127 4370; x_wconf 88' lang='lat' dir='ltr'>tamen</span> <span class='ocrx_word' id='word_1_463' title='bbox 1160 4318 1443 4371; x_wconf 87' lang='lat' dir='ltr'>arietibus</span> <span class='ocrx_word' id='word_1_464' title='bbox 1477 4318 1875 4387; x_wconf 84' lang='lat' dir='ltr'>apostolorum</span> <span class='ocrx_word' id='word_1_465' title='bbox 1911 4321 2039 4389; x_wconf 83' lang='lat' dir='ltr'>ipsa</span> 
     </span>
    </p>
   </div>
   <div class='ocr_carea' id='block_1_62' title="bbox 391 4400 2041 4475">
    <p class='ocr_par' dir='ltr' id='par_1_62' title="bbox 391 4400 2041 4475">
     <span class='ocr_line' id='line_1_62' title="bbox 391 4400 2041 4475; baseline 0.004 -23"><span class='ocrx_word' id='word_1_466' title='bbox 391 4402 479 4453; x_wconf 90' lang='lat' dir='ltr'>est</span> <span class='ocrx_word' id='word_1_467' title='bbox 494 4400 739 4456; x_wconf 89' lang='lat' dir='ltr'>munitio</span> <span class='ocrx_word' id='word_1_468' title='bbox 757 4403 1073 4471; x_wconf 88' lang='lat' dir='ltr'>destructa,</span> <span class='ocrx_word' id='word_1_469' title='bbox 1092 4406 1589 4475; x_wconf 88' lang='lat' dir='ltr'>quemadmodum</span> <span class='ocrx_word' id='word_1_470' title='bbox 1617 4422 1824 4459; x_wconf 88' lang='lat' dir='ltr'>murus</span> <span class='ocrx_word' id='word_1_471' title='bbox 1842 4407 2041 4460; x_wconf 83' lang='lat' dir='ltr'>visibi.</span> 
     </span>
    </p>
   </div>
   <div class='ocr_carea' id='block_1_63' title="bbox 393 4484 2034 4562">
    <p class='ocr_par' dir='ltr' id='par_1_63' title="bbox 393 4484 2034 4562">
     <span class='ocr_line' id='line_1_63' title="bbox 393 4484 2034 4562; baseline 0.005 -23"><span class='ocrx_word' id='word_1_472' title='bbox 393 4484 463 4541; x_wconf 89' lang='lat' dir='ltr'>lis</span> <span class='ocrx_word' id='word_1_473' title='bbox 486 4488 767 4545; x_wconf 88' lang='lat' dir='ltr'>arietibus</span> <span class='ocrx_word' id='word_1_474' title='bbox 794 4491 1067 4562; x_wconf 89' lang='lat' dir='ltr'>dissipari</span> <span class='ocrx_word' id='word_1_475' title='bbox 1097 4491 1259 4545; x_wconf 85' lang='lat' dir='ltr'>solet.</span> <span class='ocrx_word' id='word_1_476' title='bbox 1290 4492 1533 4545; x_wconf 85' lang='lat' dir='ltr'>Consilia</span> <span class='ocrx_word' id='word_1_477' title='bbox 1553 4492 1903 4561; x_wconf 80' lang='lat' dir='ltr'>destruentes,</span> <span class='ocrx_word' id='word_1_478' title='bbox 1927 4501 2034 4548; x_wconf 89' lang='lat' dir='ltr'>etc.</span> 
     </span>
    </p>
   </div>
   <div class='ocr_carea' id='block_1_64' title="bbox 2139 1933 3791 2004">
    <p class='ocr_par' dir='ltr' id='par_1_64' title="bbox 2139 1933 3791 2004">
     <span class='ocr_line' id='line_1_64' title="bbox 2139 1933 3791 2004; baseline 0.002 -17"><span class='ocrx_word' id='word_1_479' title='bbox 2139 1933 2408 2003; x_wconf 88' lang='lat' dir='ltr'>stolatus,</span> <span class='ocrx_word' id='word_1_480' title='bbox 2432 1934 2631 1988; x_wconf 89' lang='lat' dir='ltr'>dicens</span> <span class='ocrx_word' id='word_1_481' title='bbox 2660 1950 2673 1987; x_wconf 91' lang='lat'>:</span> <span class='ocrx_word' id='word_1_482' title='bbox 2706 1933 2842 1988; x_wconf 86' lang='lat' dir='ltr'>Nam</span> <span class='ocrx_word' id='word_1_483' title='bbox 2862 1938 2914 1988; x_wconf 88' lang='lat' dir='ltr'>et</span> <span class='ocrx_word' id='word_1_484' title='bbox 2945 1938 2993 1988; x_wconf 86' lang='lat' dir='ltr'>si</span> <span class='ocrx_word' id='word_1_485' title='bbox 3012 1936 3255 2004; x_wconf 82' lang='lat' dir='ltr'>amplius</span> <span class='ocrx_word' id='word_1_486' title='bbox 3276 1934 3495 2004; x_wconf 84' lang='lat' dir='ltr'>aliquid</span> <span class='ocrx_word' id='word_1_487' title='bbox 3511 1935 3791 2003; x_wconf 82' lang='lat' dir='ltr'>gloriatus</span> 
     </span>
    </p>
   </div>
   <div class='ocr_carea' id='block_1_65' title="bbox 2138 2021 3785 2093">
    <p class='ocr_par' dir='ltr' id='par_1_65' title="bbox 2138 2021 3785 2093">
     <span class='ocr_line' id='line_1_65' title="bbox 2138 2021 3785 2093; baseline 0 -18"><span class='ocrx_word' id='word_1_488' title='bbox 2138 2025 2313 2092; x_wconf 78' lang='lat' dir='ltr'>fuero,</span> <span class='ocrx_word' id='word_1_489' title='bbox 2337 2028 2468 2087; x_wconf 88' lang='lat' dir='ltr'>etc.;</span> <span class='ocrx_word' id='word_1_490' title='bbox 2493 2022 2658 2091; x_wconf 89' lang='lat' dir='ltr'>quasi</span> <span class='ocrx_word' id='word_1_491' title='bbox 2694 2021 2943 2077; x_wconf 88' lang='lat' dir='ltr'>diceret:</span> <span class='ocrx_word' id='word_1_492' title='bbox 2967 2023 3023 2076; x_wconf 91' lang='lat' dir='ltr'>Si</span> <span class='ocrx_word' id='word_1_493' title='bbox 3049 2038 3175 2092; x_wconf 87' lang='lat' dir='ltr'>ego,</span> <span class='ocrx_word' id='word_1_494' title='bbox 3201 2022 3302 2093; x_wconf 92' lang='lat' dir='ltr'>qui</span> <span class='ocrx_word' id='word_1_495' title='bbox 3335 2039 3424 2077; x_wconf 88' lang='lat' dir='ltr'>me</span> <span class='ocrx_word' id='word_1_496' title='bbox 3453 2021 3785 2093; x_wconf 85' lang='lat' dir='ltr'>humiliavi,</span> 
     </span>
    </p>
   </div>
   <div class='ocr_carea' id='block_1_66' title="bbox 2143 2109 3792 2180">
    <p class='ocr_par' dir='ltr' id='par_1_66' title="bbox 2143 2109 3792 2180">
     <span class='ocr_line' id='line_1_66' title="bbox 2143 2109 3792 2180; baseline 0 -17"><span class='ocrx_word' id='word_1_497' title='bbox 2143 2110 2547 2163; x_wconf 85' lang='lat' dir='ltr'>auctoritatem</span> <span class='ocrx_word' id='word_1_498' title='bbox 2573 2110 2682 2163; x_wconf 90' lang='lat' dir='ltr'>mei</span> <span class='ocrx_word' id='word_1_499' title='bbox 2707 2109 3075 2180; x_wconf 83' lang='lat' dir='ltr'>Apostolatus</span> <span class='ocrx_word' id='word_1_500' title='bbox 3100 2110 3629 2173; x_wconf 85' lang='lat' dir='ltr'>manifestans,non</span> <span class='ocrx_word' id='word_1_501' title='bbox 3654 2125 3792 2163; x_wconf 86' lang='lat' dir='ltr'>eru-</span> 
     </span>
    </p>
   </div>
   <div class='ocr_carea' id='block_1_67' title="bbox 2144 2197 3792 2264">
    <p class='ocr_par' dir='ltr' id='par_1_67' title="bbox 2144 2197 3792 2264">
     <span class='ocr_line' id='line_1_67' title="bbox 2144 2197 3792 2264; baseline 0 -11"><span class='ocrx_word' id='word_1_502' title='bbox 2144 2200 2399 2264; x_wconf 89' lang='lat' dir='ltr'>bescam,</span> <span class='ocrx_word' id='word_1_503' title='bbox 2419 2198 2662 2252; x_wconf 90' lang='lat' dir='ltr'>dicendo</span> <span class='ocrx_word' id='word_1_504' title='bbox 2687 2199 2755 2252; x_wconf 90' lang='lat' dir='ltr'>de</span> <span class='ocrx_word' id='word_1_505' title='bbox 2779 2215 2871 2251; x_wconf 91' lang='lat' dir='ltr'>mc</span> <span class='ocrx_word' id='word_1_506' title='bbox 2894 2198 3112 2252; x_wconf 90' lang='lat' dir='ltr'>dictum</span> <span class='ocrx_word' id='word_1_507' title='bbox 3138 2198 3351 2253; x_wconf 83' lang='lat' dir='ltr'>fuisse:</span> <span class='ocrx_word' id='word_1_508' title='bbox 3384 2199 3479 2253; x_wconf 84' lang='lat' dir='ltr'>Vas</span> <span class='ocrx_word' id='word_1_509' title='bbox 3502 2197 3792 2253; x_wconf 79' lang='lat' dir='ltr'>electionis</span> 
     </span>
    </p>
   </div>
   <div class='ocr_carea' id='block_1_68' title="bbox 2144 2286 3793 2357">
    <p class='ocr_par' dir='ltr' id='par_1_68' title="bbox 2144 2286 3793 2357">
     <span class='ocr_line' id='line_1_68' title="bbox 2144 2286 3793 2357; baseline 0.001 -17"><span class='ocrx_word' id='word_1_510' title='bbox 2144 2296 2222 2340; x_wconf 88' lang='lat' dir='ltr'>est</span> <span class='ocrx_word' id='word_1_511' title='bbox 2268 2289 2365 2341; x_wconf 85' lang='lat' dir='ltr'>iste</span> <span class='ocrx_word' id='word_1_512' title='bbox 2411 2287 2550 2340; x_wconf 85' lang='lat' dir='ltr'>mihi</span> <span class='ocrx_word' id='word_1_513' title='bbox 2593 2288 2727 2355; x_wconf 75' lang='lat' dir='ltr'>(Act.</span> <span class='ocrx_word' id='word_1_514' title='bbox 2773 2304 2847 2355; x_wconf 80' lang='lat' dir='ltr'>ix,</span> <span class='ocrx_word' id='word_1_515' title='bbox 2884 2288 3005 2357; x_wconf 79' lang='lat' dir='ltr'>l5);</span> <span class='ocrx_word' id='word_1_516' title='bbox 3058 2287 3197 2357; x_wconf 86' lang='lat' dir='ltr'>quia</span> <span class='ocrx_word' id='word_1_517' title='bbox 3244 2303 3359 2341; x_wconf 92' lang='lat' dir='ltr'>non</span> <span class='ocrx_word' id='word_1_518' title='bbox 3393 2286 3537 2341; x_wconf 81' lang='lat' dir='ltr'>facio</span> <span class='ocrx_word' id='word_1_519' title='bbox 3587 2291 3793 2342; x_wconf 85' lang='lat' dir='ltr'>contra</span> 
     </span>
    </p>
   </div>
   <div class='ocr_carea' id='block_1_69' title="bbox 2147 2374 3792 2445">
    <p class='ocr_par' dir='ltr' id='par_1_69' title="bbox 2147 2374 3792 2445">
     <span class='ocr_line' id='line_1_69' title="bbox 2147 2374 3792 2445; baseline 0.001 -18"><span class='ocrx_word' id='word_1_520' title='bbox 2147 2374 2288 2428; x_wconf 87' lang='lat' dir='ltr'>illud</span> <span class='ocrx_word' id='word_1_521' title='bbox 2324 2391 2337 2429; x_wconf 89' lang='lat'>:</span> <span class='ocrx_word' id='word_1_522' title='bbox 2372 2375 2571 2429; x_wconf 60' lang='lat' dir='ltr'>Laudat</span> <span class='ocrx_word' id='word_1_523' title='bbox 2602 2383 2651 2429; x_wconf 87' lang='lat' dir='ltr'>te</span> <span class='ocrx_word' id='word_1_524' title='bbox 2681 2377 2903 2428; x_wconf 80' lang='lat' dir='ltr'>alienus</span> <span class='ocrx_word' id='word_1_525' title='bbox 2933 2377 3113 2445; x_wconf 77' lang='lat' dir='ltr'>(Prov.</span> <span class='ocrx_word' id='word_1_526' title='bbox 3148 2393 3320 2440; x_wconf 85' lang='lat' dir='ltr'>xxvu,</span> <span class='ocrx_word' id='word_1_527' title='bbox 3353 2378 3428 2445; x_wconf 82' lang='lat'>2),</span> <span class='ocrx_word' id='word_1_528' title='bbox 3457 2378 3601 2429; x_wconf 81' lang='lat' dir='ltr'>etc.;</span> <span class='ocrx_word' id='word_1_529' title='bbox 3638 2390 3792 2445; x_wconf 87' lang='lat' dir='ltr'>quo-</span> 
     </span>
    </p>
   </div>
   <div class='ocr_carea' id='block_1_70' title="bbox 2148 2462 3793 2529">
    <p class='ocr_par' dir='ltr' id='par_1_70' title="bbox 2148 2462 3793 2529">
     <span class='ocr_line' id='line_1_70' title="bbox 2148 2462 3793 2529; baseline 0.002 -13"><span class='ocrx_word' id='word_1_530' title='bbox 2148 2462 2301 2517; x_wconf 89' lang='lat' dir='ltr'>niam</span> <span class='ocrx_word' id='word_1_531' title='bbox 2338 2481 2449 2517; x_wconf 88' lang='lat' dir='ltr'>non</span> <span class='ocrx_word' id='word_1_532' title='bbox 2483 2480 2661 2518; x_wconf 88' lang='lat' dir='ltr'>causa</span> <span class='ocrx_word' id='word_1_533' title='bbox 2690 2480 2827 2518; x_wconf 72' lang='lat' dir='ltr'>meae</span> <span class='ocrx_word' id='word_1_534' title='bbox 2860 2462 3069 2529; x_wconf 81' lang='lat' dir='ltr'>laudis,</span> <span class='ocrx_word' id='word_1_535' title='bbox 3096 2465 3193 2518; x_wconf 88' lang='lat' dir='ltr'>sed</span> <span class='ocrx_word' id='word_1_536' title='bbox 3226 2468 3429 2518; x_wconf 73' lang='lat' dir='ltr'>vestrae</span> <span class='ocrx_word' id='word_1_537' title='bbox 3460 2462 3694 2529; x_wconf 85' lang='lat' dir='ltr'>salutis,</span> <span class='ocrx_word' id='word_1_538' title='bbox 3719 2480 3793 2519; x_wconf 86' lang='lat' dir='ltr'>ne</span> 
     </span>
    </p>
   </div>
   <div class='ocr_carea' id='block_1_71' title="bbox 2148 2551 3788 2623">
    <p class='ocr_par' dir='ltr' id='par_1_71' title="bbox 2148 2551 3788 2623">
     <span class='ocr_line' id='line_1_71' title="bbox 2148 2551 3788 2623; baseline 0.001 -18"><span class='ocrx_word' id='word_1_539' title='bbox 2148 2551 2651 2623; x_wconf 86' lang='lat' dir='ltr'>pscudoapostolis</span> <span class='ocrx_word' id='word_1_540' title='bbox 2692 2553 2867 2607; x_wconf 88' lang='lat' dir='ltr'>ﬁdem</span> <span class='ocrx_word' id='word_1_541' title='bbox 2910 2551 3383 2619; x_wconf 78' lang='lat' dir='ltr'>accommodatis,</span> <span class='ocrx_word' id='word_1_542' title='bbox 3445 2552 3595 2606; x_wconf 89' lang='lat' dir='ltr'>dico.</span> <span class='ocrx_word' id='word_1_543' title='bbox 3661 2554 3788 2617; x_wconf 88' lang='lat' dir='ltr'>Qua</span> 
     </span>
    </p>
   </div>
   <div class='ocr_carea' id='block_1_72' title="bbox 2150 2638 3791 2711">
    <p class='ocr_par' dir='ltr' id='par_1_72' title="bbox 2150 2638 3791 2711">
     <span class='ocr_line' id='line_1_72' title="bbox 2150 2638 3791 2711; baseline 0.001 -18"><span class='ocrx_word' id='word_1_544' title='bbox 2150 2657 2279 2694; x_wconf 90' lang='lat' dir='ltr'>nem</span> <span class='ocrx_word' id='word_1_545' title='bbox 2291 2658 2356 2711; x_wconf 88' lang='lat' dir='ltr'>pe</span> <span class='ocrx_word' id='word_1_546' title='bbox 2374 2641 2429 2694; x_wconf 89' lang='lat' dir='ltr'>in</span> <span class='ocrx_word' id='word_1_547' title='bbox 2441 2641 2851 2710; x_wconf 81' lang='lat' dir='ltr'>tentione,post</span> <span class='ocrx_word' id='word_1_548' title='bbox 2869 2640 3325 2695; x_wconf 81' lang='lat' dir='ltr'>exhortationem</span> <span class='ocrx_word' id='word_1_549' title='bbox 3339 2638 3791 2704; x_wconf 87' lang='lat' dir='ltr'>collattonis,sui</span> 
     </span>
    </p>
   </div>
   <div class='ocr_carea' id='block_1_73' title="bbox 2149 2728 3789 2799">
    <p class='ocr_par' dir='ltr' id='par_1_73' title="bbox 2149 2728 3789 2799">
     <span class='ocr_line' id='line_1_73' title="bbox 2149 2728 3789 2799; baseline 0 -16"><span class='ocrx_word' id='word_1_550' title='bbox 2149 2728 2510 2799; x_wconf 88' lang='lat' dir='ltr'>apostolatus</span> <span class='ocrx_word' id='word_1_551' title='bbox 2527 2729 2834 2783; x_wconf 89' lang='lat' dir='ltr'>inseruerit</span> <span class='ocrx_word' id='word_1_552' title='bbox 2851 2728 3664 2796; x_wconf 87' lang='lat' dir='ltr'>auctoritatem,manifestum</span> <span class='ocrx_word' id='word_1_553' title='bbox 3679 2735 3789 2784; x_wconf 88' lang='lat' dir='ltr'>est.</span> 
     </span>
    </p>
   </div>
   <div class='ocr_carea' id='block_1_74' title="bbox 2148 2816 3786 2887">
    <p class='ocr_par' dir='ltr' id='par_1_74' title="bbox 2148 2816 3786 2887">
     <span class='ocr_line' id='line_1_74' title="bbox 2148 2816 3786 2887; baseline 0.002 -18"><span class='ocrx_word' id='word_1_554' title='bbox 2148 2817 2254 2881; x_wconf 88' lang='lat' dir='ltr'>Qui</span> <span class='ocrx_word' id='word_1_555' title='bbox 2278 2833 2510 2887; x_wconf 89' lang='lat' dir='ltr'>quoque</span> <span class='ocrx_word' id='word_1_556' title='bbox 2534 2816 2590 2871; x_wconf 90' lang='lat' dir='ltr'>in</span> <span class='ocrx_word' id='word_1_557' title='bbox 2617 2819 2742 2887; x_wconf 90' lang='lat' dir='ltr'>ipsa</span> <span class='ocrx_word' id='word_1_558' title='bbox 2768 2817 3088 2874; x_wconf 88' lang='lat' dir='ltr'>intentione</span> <span class='ocrx_word' id='word_1_559' title='bbox 3109 2817 3636 2872; x_wconf 88' lang='lat' dir='ltr'>commendationis</span> <span class='ocrx_word' id='word_1_560' title='bbox 3667 2835 3786 2874; x_wconf 71' lang='lat' dir='ltr'>suae</span> 
     </span>
    </p>
   </div>
   <div class='ocr_carea' id='block_1_75' title="bbox 2149 2905 3788 2975">
    <p class='ocr_par' dir='ltr' id='par_1_75' title="bbox 2149 2905 3788 2975">
     <span class='ocr_line' id='line_1_75' title="bbox 2149 2905 3788 2975; baseline 0 -15"><span class='ocrx_word' id='word_1_561' title='bbox 2149 2905 2479 2960; x_wconf 88' lang='lat' dir='ltr'>autoritatis</span> <span class='ocrx_word' id='word_1_562' title='bbox 2513 2922 2907 2975; x_wconf 88' lang='lat' dir='ltr'>perseverans,</span> <span class='ocrx_word' id='word_1_563' title='bbox 2931 2907 3072 2961; x_wconf 90' lang='lat' dir='ltr'>dicit</span> <span class='ocrx_word' id='word_1_564' title='bbox 3099 2922 3110 2961; x_wconf 91' lang='lat'>:</span> <span class='ocrx_word' id='word_1_565' title='bbox 3151 2909 3213 2963; x_wconf 91' lang='lat' dir='ltr'>Ut</span> <span class='ocrx_word' id='word_1_566' title='bbox 3239 2915 3420 2961; x_wconf 87' lang='lat' dir='ltr'>autem</span> <span class='ocrx_word' id='word_1_567' title='bbox 3449 2922 3561 2962; x_wconf 88' lang='lat' dir='ltr'>non</span> <span class='ocrx_word' id='word_1_568' title='bbox 3589 2907 3788 2961; x_wconf 69' lang='lat' dir='ltr'>existi-</span> 
     </span>
    </p>
   </div>
   <div class='ocr_carea' id='block_1_76' title="bbox 2146 2994 3792 3066">
    <p class='ocr_par' dir='ltr' id='par_1_76' title="bbox 2146 2994 3792 3066">
     <span class='ocr_line' id='line_1_76' title="bbox 2146 2994 3792 3066; baseline 0.001 -19"><span class='ocrx_word' id='word_1_569' title='bbox 2146 3010 2265 3048; x_wconf 85' lang='lat' dir='ltr'>mer</span> <span class='ocrx_word' id='word_1_570' title='bbox 2283 3002 2543 3063; x_wconf 82' lang='lat' dir='ltr'>tanquam</span> <span class='ocrx_word' id='word_1_571' title='bbox 2566 3002 2770 3048; x_wconf 79' lang='lat' dir='ltr'>terrere</span> <span class='ocrx_word' id='word_1_572' title='bbox 2791 3012 2877 3050; x_wconf 84' lang='lat' dir='ltr'>vos</span> <span class='ocrx_word' id='word_1_573' title='bbox 2900 2995 3295 3065; x_wconf 83' lang='lat' dir='ltr'>(subauditur,</span> <span class='ocrx_word' id='word_1_574' title='bbox 3318 2994 3539 3060; x_wconf 90' lang='lat' dir='ltr'>volens)</span> <span class='ocrx_word' id='word_1_575' title='bbox 3559 3011 3659 3065; x_wconf 83' lang='lat' dir='ltr'>per</span> <span class='ocrx_word' id='word_1_576' title='bbox 3677 2996 3792 3066; x_wconf 87' lang='lat' dir='ltr'>epi-</span> 
     </span>
    </p>
   </div>
   <div class='ocr_carea' id='block_1_77' title="bbox 2146 3082 3794 3155">
    <p class='ocr_par' dir='ltr' id='par_1_77' title="bbox 2146 3082 3794 3155">
     <span class='ocr_line' id='line_1_77' title="bbox 2146 3082 3794 3155; baseline 0.004 -21"><span class='ocrx_word' id='word_1_577' title='bbox 2146 3084 2310 3137; x_wconf 84' lang='lat' dir='ltr'>stolas</span> <span class='ocrx_word' id='word_1_578' title='bbox 2334 3083 2728 3151; x_wconf 87' lang='lat' dir='ltr'>(subauditur,</span> <span class='ocrx_word' id='word_1_579' title='bbox 2749 3084 2918 3154; x_wconf 89' lang='lat' dir='ltr'>dico).</span> <span class='ocrx_word' id='word_1_580' title='bbox 2938 3084 3054 3138; x_wconf 85' lang='lat' dir='ltr'>Hos</span> <span class='ocrx_word' id='word_1_581' title='bbox 3078 3082 3161 3138; x_wconf 91' lang='lat' dir='ltr'>illi</span> <span class='ocrx_word' id='word_1_582' title='bbox 3183 3101 3436 3155; x_wconf 89' lang='lat' dir='ltr'>namque</span> <span class='ocrx_word' id='word_1_583' title='bbox 3458 3100 3559 3155; x_wconf 90' lang='lat' dir='ltr'>per</span> <span class='ocrx_word' id='word_1_584' title='bbox 3580 3084 3794 3155; x_wconf 75' lang='grc' dir='ltr'>θρίδιο-</span> 
     </span>
    </p>
   </div>
   <div class='ocr_carea' id='block_1_78' title="bbox 2148 3169 3791 3244">
    <p class='ocr_par' dir='ltr' id='par_1_78' title="bbox 2148 3169 3791 3244">
     <span class='ocr_line' id='line_1_78' title="bbox 2148 3169 3791 3244; baseline 0.002 -20"><span class='ocrx_word' id='word_1_585' title='bbox 2148 3169 2234 3225; x_wconf 88' lang='lat' dir='ltr'>las</span> <span class='ocrx_word' id='word_1_586' title='bbox 2256 3175 2494 3235; x_wconf 88' lang='lat' dir='ltr'>terrent,</span> <span class='ocrx_word' id='word_1_587' title='bbox 2521 3171 2620 3242; x_wconf 90' lang='lat' dir='ltr'>qui</span> <span class='ocrx_word' id='word_1_588' title='bbox 2648 3170 2805 3225; x_wconf 89' lang='lat' dir='ltr'>nulla</span> <span class='ocrx_word' id='word_1_589' title='bbox 2827 3173 3014 3243; x_wconf 88' lang='lat' dir='ltr'>gratia</span> <span class='ocrx_word' id='word_1_590' title='bbox 3037 3172 3547 3242; x_wconf 86' lang='lat' dir='ltr'>commendantur,</span> <span class='ocrx_word' id='word_1_591' title='bbox 3568 3173 3791 3244; x_wconf 89' lang='lat' dir='ltr'>quique</span> 
     </span>
    </p>
   </div>
   <div class='ocr_carea' id='block_1_79' title="bbox 2142 3258 3790 3326">
    <p class='ocr_par' dir='ltr' id='par_1_79' title="bbox 2142 3258 3790 3326">
     <span class='ocr_line' id='line_1_79' title="bbox 2142 3258 3790 3326; baseline 0 -13"><span class='ocrx_word' id='word_1_592' title='bbox 2142 3259 2318 3313; x_wconf 90' lang='lat' dir='ltr'>etiam</span> <span class='ocrx_word' id='word_1_593' title='bbox 2338 3258 2556 3314; x_wconf 90' lang='lat' dir='ltr'>nullam</span> <span class='ocrx_word' id='word_1_594' title='bbox 2579 3259 2795 3313; x_wconf 88' lang='lat' dir='ltr'>habent</span> <span class='ocrx_word' id='word_1_595' title='bbox 2810 3260 3241 3325; x_wconf 87' lang='lat' dir='ltr'>auctoritatem,</span> <span class='ocrx_word' id='word_1_596' title='bbox 3258 3259 3486 3315; x_wconf 88' lang='lat' dir='ltr'>nullum</span> <span class='ocrx_word' id='word_1_597' title='bbox 3506 3260 3790 3326; x_wconf 88' lang='lat' dir='ltr'>ofﬁcium,</span> 
     </span>
    </p>
   </div>
   <div class='ocr_carea' id='block_1_80' title="bbox 2141 3347 3789 3418">
    <p class='ocr_par' dir='ltr' id='par_1_80' title="bbox 2141 3347 3789 3418">
     <span class='ocr_line' id='line_1_80' title="bbox 2141 3347 3789 3418; baseline 0 -16"><span class='ocrx_word' id='word_1_598' title='bbox 2141 3347 2488 3418; x_wconf 88' lang='lat' dir='ltr'>nullumque</span> <span class='ocrx_word' id='word_1_599' title='bbox 2514 3348 2911 3418; x_wconf 76' lang='lat' dir='ltr'>magisterium</span> <span class='ocrx_word' id='word_1_600' title='bbox 2940 3366 2953 3413; x_wconf 89' lang='lat'>;</span> <span class='ocrx_word' id='word_1_601' title='bbox 2985 3347 3232 3418; x_wconf 89' lang='lat' dir='ltr'>ideoque</span> <span class='ocrx_word' id='word_1_602' title='bbox 3255 3352 3473 3403; x_wconf 85' lang='lat' dir='ltr'>terrent</span> <span class='ocrx_word' id='word_1_603' title='bbox 3494 3348 3789 3415; x_wconf 87' lang='lat' dir='ltr'>absentes,</span> 
     </span>
    </p>
   </div>
   <div class='ocr_carea' id='block_1_81' title="bbox 2142 3435 3787 3507">
    <p class='ocr_par' dir='ltr' id='par_1_81' title="bbox 2142 3435 3787 3507">
     <span class='ocr_line' id='line_1_81' title="bbox 2142 3435 3787 3507; baseline 0.001 -17"><span class='ocrx_word' id='word_1_604' title='bbox 2142 3436 2280 3507; x_wconf 86' lang='lat' dir='ltr'>quia</span> <span class='ocrx_word' id='word_1_605' title='bbox 2311 3436 2519 3490; x_wconf 88' lang='lat' dir='ltr'>timent</span> <span class='ocrx_word' id='word_1_606' title='bbox 2551 3441 2882 3506; x_wconf 73' lang='lat' dir='ltr'>praesentes.</span> <span class='ocrx_word' id='word_1_607' title='bbox 2907 3437 3154 3491; x_wconf 89' lang='lat' dir='ltr'>Econtra</span> <span class='ocrx_word' id='word_1_608' title='bbox 3185 3453 3298 3491; x_wconf 89' lang='lat' dir='ltr'>non</span> <span class='ocrx_word' id='word_1_609' title='bbox 3322 3442 3447 3491; x_wconf 88' lang='lat' dir='ltr'>erat</span> <span class='ocrx_word' id='word_1_610' title='bbox 3472 3435 3611 3491; x_wconf 82' lang='lat' dir='ltr'>talis</span> <span class='ocrx_word' id='word_1_611' title='bbox 3634 3443 3787 3507; x_wconf 83' lang='lat' dir='ltr'>Apo-</span> 
     </span>
    </p>
   </div>
   <div class='ocr_carea' id='block_1_82' title="bbox 2142 3524 3793 3596">
    <p class='ocr_par' dir='ltr' id='par_1_82' title="bbox 2142 3524 3793 3596">
     <span class='ocr_line' id='line_1_82' title="bbox 2142 3524 3793 3596; baseline 0 -17"><span class='ocrx_word' id='word_1_612' title='bbox 2142 3525 2347 3589; x_wconf 90' lang='lat' dir='ltr'>stolus,</span> <span class='ocrx_word' id='word_1_613' title='bbox 2365 3540 2551 3595; x_wconf 91' lang='lat' dir='ltr'>neque</span> <span class='ocrx_word' id='word_1_614' title='bbox 2572 3525 2769 3596; x_wconf 88' lang='lat' dir='ltr'>hi,qui</span> <span class='ocrx_word' id='word_1_615' title='bbox 2796 3541 2926 3579; x_wconf 91' lang='lat' dir='ltr'>cum</span> <span class='ocrx_word' id='word_1_616' title='bbox 2950 3541 3015 3579; x_wconf 88' lang='lat' dir='ltr'>eo</span> <span class='ocrx_word' id='word_1_617' title='bbox 3043 3531 3207 3579; x_wconf 88' lang='lat' dir='ltr'>erant</span> <span class='ocrx_word' id='word_1_618' title='bbox 3227 3542 3240 3579; x_wconf 90' lang='lat'>:</span> <span class='ocrx_word' id='word_1_619' title='bbox 3264 3524 3389 3595; x_wconf 89' lang='lat' dir='ltr'>ipse</span> <span class='ocrx_word' id='word_1_620' title='bbox 3410 3524 3567 3580; x_wconf 90' lang='lat' dir='ltr'>enim</span> <span class='ocrx_word' id='word_1_621' title='bbox 3592 3528 3793 3579; x_wconf 84' lang='lat' dir='ltr'>aucto-</span> 
     </span>
    </p>
   </div>
   <div class='ocr_carea' id='block_1_83' title="bbox 2142 3611 3792 3684">
    <p class='ocr_par' dir='ltr' id='par_1_83' title="bbox 2142 3611 3792 3684">
     <span class='ocr_line' id='line_1_83' title="bbox 2142 3611 3792 3684; baseline -0.001 -16"><span class='ocrx_word' id='word_1_622' title='bbox 2142 3614 2311 3668; x_wconf 86' lang='lat' dir='ltr'>ritate</span> <span class='ocrx_word' id='word_1_623' title='bbox 2329 3613 2868 3677; x_wconf 89' lang='lat' dir='ltr'>commendabatur,</span> <span class='ocrx_word' id='word_1_624' title='bbox 2885 3612 3021 3684; x_wconf 89' lang='lat' dir='ltr'>quia</span> <span class='ocrx_word' id='word_1_625' title='bbox 3043 3617 3097 3666; x_wconf 91' lang='lat' dir='ltr'>et</span> <span class='ocrx_word' id='word_1_626' title='bbox 3116 3611 3370 3683; x_wconf 89' lang='lat' dir='ltr'>Spiritus</span> <span class='ocrx_word' id='word_1_627' title='bbox 3389 3612 3575 3667; x_wconf 89' lang='lat' dir='ltr'>sancti</span> <span class='ocrx_word' id='word_1_628' title='bbox 3604 3612 3792 3684; x_wconf 83' lang='lat' dir='ltr'>gratia</span> 
     </span>
    </p>
   </div>
   <div class='ocr_carea' id='block_1_84' title="bbox 2142 3700 3792 3771">
    <p class='ocr_par' dir='ltr' id='par_1_84' title="bbox 2142 3700 3792 3771">
     <span class='ocr_line' id='line_1_84' title="bbox 2142 3700 3792 3771; baseline 0 -16"><span class='ocrx_word' id='word_1_629' title='bbox 2142 3706 2263 3755; x_wconf 89' lang='lat' dir='ltr'>erat</span> <span class='ocrx_word' id='word_1_630' title='bbox 2285 3701 2630 3771; x_wconf 89' lang='lat' dir='ltr'>repletus,et</span> <span class='ocrx_word' id='word_1_631' title='bbox 2659 3718 2692 3754; x_wconf 87' lang='lat' dir='ltr'>a</span> <span class='ocrx_word' id='word_1_632' title='bbox 2714 3701 2954 3755; x_wconf 85' lang='lat' dir='ltr'>Domino</span> <span class='ocrx_word' id='word_1_633' title='bbox 2976 3701 3046 3755; x_wconf 89' lang='lat' dir='ltr'>ad</span> <span class='ocrx_word' id='word_1_634' title='bbox 3076 3700 3505 3771; x_wconf 68' lang='lat' dir='ltr'>prmdicationis</span> <span class='ocrx_word' id='word_1_635' title='bbox 3529 3700 3792 3755; x_wconf 88' lang='lat' dir='ltr'>ofﬁcium</span> 
     </span>
    </p>
   </div>
   <div class='ocr_carea' id='block_1_85' title="bbox 2144 3788 3789 3859">
    <p class='ocr_par' dir='ltr' id='par_1_85' title="bbox 2144 3788 3789 3859">
     <span class='ocr_line' id='line_1_85' title="bbox 2144 3788 3789 3859; baseline -0.001 -17"><span class='ocrx_word' id='word_1_636' title='bbox 2144 3788 2399 3843; x_wconf 86' lang='lat' dir='ltr'>directus</span> <span class='ocrx_word' id='word_1_637' title='bbox 2430 3807 2442 3855; x_wconf 96' lang='lat'>;</span> <span class='ocrx_word' id='word_1_638' title='bbox 2476 3788 2690 3842; x_wconf 89' lang='lat' dir='ltr'>idcirco</span> <span class='ocrx_word' id='word_1_639' title='bbox 2724 3788 2920 3842; x_wconf 89' lang='lat' dir='ltr'>omnia</span> <span class='ocrx_word' id='word_1_640' title='bbox 2950 3788 3275 3842; x_wconf 87' lang='lat' dir='ltr'>secundum</span> <span class='ocrx_word' id='word_1_641' title='bbox 3310 3788 3567 3859; x_wconf 88' lang='lat' dir='ltr'>Spiritus</span> <span class='ocrx_word' id='word_1_642' title='bbox 3601 3788 3789 3842; x_wconf 89' lang='lat' dir='ltr'>sancti</span> 
     </span>
    </p>
   </div>
   <div class='ocr_carea' id='block_1_86' title="bbox 2144 3876 3793 3947">
    <p class='ocr_par' dir='ltr' id='par_1_86' title="bbox 2144 3876 3793 3947">
     <span class='ocr_line' id='line_1_86' title="bbox 2144 3876 3793 3947; baseline 0.001 -17"><span class='ocrx_word' id='word_1_643' title='bbox 2144 3877 2587 3947; x_wconf 85' lang='lat' dir='ltr'>dispositionem</span> <span class='ocrx_word' id='word_1_644' title='bbox 2612 3877 2839 3947; x_wconf 89' lang='lat' dir='ltr'>agebat.</span> <span class='ocrx_word' id='word_1_645' title='bbox 2865 3876 3182 3947; x_wconf 85' lang='lat' dir='ltr'>Subjungit</span> <span class='ocrx_word' id='word_1_646' title='bbox 3212 3882 3267 3929; x_wconf 90' lang='lat' dir='ltr'>et</span> <span class='ocrx_word' id='word_1_647' title='bbox 3295 3876 3471 3930; x_wconf 89' lang='lat' dir='ltr'>verba</span> <span class='ocrx_word' id='word_1_648' title='bbox 3499 3877 3793 3931; x_wconf 66' lang='lat' dir='ltr'>aestiman-</span> 
     </span>
    </p>
   </div>
   <div class='ocr_carea' id='block_1_87' title="bbox 2142 3965 3794 4037">
    <p class='ocr_par' dir='ltr' id='par_1_87' title="bbox 2142 3965 3794 4037">
     <span class='ocr_line' id='line_1_87' title="bbox 2142 3965 3794 4037; baseline 0.001 -17"><span class='ocrx_word' id='word_1_649' title='bbox 2142 3965 2289 4020; x_wconf 90' lang='lat' dir='ltr'>tium</span> <span class='ocrx_word' id='word_1_650' title='bbox 2314 3982 2373 4019; x_wconf 90' lang='lat' dir='ltr'>se</span> <span class='ocrx_word' id='word_1_651' title='bbox 2396 3967 2664 4020; x_wconf 88' lang='lat' dir='ltr'>absentes</span> <span class='ocrx_word' id='word_1_652' title='bbox 2693 3984 2793 4037; x_wconf 89' lang='lat' dir='ltr'>per</span> <span class='ocrx_word' id='word_1_653' title='bbox 2812 3966 3089 4037; x_wconf 87' lang='lat' dir='ltr'>epistolas</span> <span class='ocrx_word' id='word_1_654' title='bbox 3110 3972 3357 4031; x_wconf 88' lang='lat' dir='ltr'>terrere;</span> <span class='ocrx_word' id='word_1_655' title='bbox 3385 3967 3649 4035; x_wconf 86' lang='lat' dir='ltr'>quoniam</span> <span class='ocrx_word' id='word_1_656' title='bbox 3671 3968 3794 4037; x_wconf 83' lang='lat' dir='ltr'>qui-</span> 
     </span>
    </p>
   </div>
   <div class='ocr_carea' id='block_1_88' title="bbox 2142 4053 3788 4124">
    <p class='ocr_par' dir='ltr' id='par_1_88' title="bbox 2142 4053 3788 4124">
     <span class='ocr_line' id='line_1_88' title="bbox 2142 4053 3788 4124; baseline 0.002 -17"><span class='ocrx_word' id='word_1_657' title='bbox 2142 4053 2267 4107; x_wconf 87' lang='lat' dir='ltr'>dem</span> <span class='ocrx_word' id='word_1_658' title='bbox 2314 4053 2577 4121; x_wconf 70' lang='lat' dir='ltr'>epistolae.</span> <span class='ocrx_word' id='word_1_659' title='bbox 2630 4056 2904 4124; x_wconf 84' lang='lat' dir='ltr'>inquiunt,</span> <span class='ocrx_word' id='word_1_660' title='bbox 2946 4069 3136 4123; x_wconf 83' lang='lat' dir='ltr'>graves</span> <span class='ocrx_word' id='word_1_661' title='bbox 3181 4057 3312 4107; x_wconf 85' lang='lat' dir='ltr'>sunt</span> <span class='ocrx_word' id='word_1_662' title='bbox 3358 4062 3409 4108; x_wconf 89' lang='lat' dir='ltr'>et</span> <span class='ocrx_word' id='word_1_663' title='bbox 3451 4056 3644 4124; x_wconf 84' lang='lat' dir='ltr'>fortes,</span> <span class='ocrx_word' id='word_1_664' title='bbox 3678 4059 3788 4111; x_wconf 87' lang='lat' dir='ltr'>etc.</span> 
     </span>
    </p>
   </div>
   <div class='ocr_carea' id='block_1_89' title="bbox 2146 4141 3791 4212">
    <p class='ocr_par' dir='ltr' id='par_1_89' title="bbox 2146 4141 3791 4212">
     <span class='ocr_line' id='line_1_89' title="bbox 2146 4141 3791 4212; baseline 0.002 -18"><span class='ocrx_word' id='word_1_665' title='bbox 2146 4142 2291 4195; x_wconf 89' lang='lat' dir='ltr'>Sane</span> <span class='ocrx_word' id='word_1_666' title='bbox 2315 4141 2641 4208; x_wconf 90' lang='lat' dir='ltr'>sciendum,</span> <span class='ocrx_word' id='word_1_667' title='bbox 2664 4142 2802 4212; x_wconf 88' lang='lat' dir='ltr'>quia</span> <span class='ocrx_word' id='word_1_668' title='bbox 2824 4144 3123 4211; x_wconf 72' lang='lat' dir='ltr'>praesentia</span> <span class='ocrx_word' id='word_1_669' title='bbox 3146 4146 3482 4196; x_wconf 89' lang='lat' dir='ltr'>sanctorum</span> <span class='ocrx_word' id='word_1_670' title='bbox 3508 4142 3791 4197; x_wconf 86' lang='lat' dir='ltr'>tumenti-</span> 
     </span>
    </p>
   </div>
   <div class='ocr_carea' id='block_1_90' title="bbox 2147 4228 3793 4299">
    <p class='ocr_par' dir='ltr' id='par_1_90' title="bbox 2147 4228 3793 4299">
     <span class='ocr_line' id='line_1_90' title="bbox 2147 4228 3793 4299; baseline 0.002 -18"><span class='ocrx_word' id='word_1_671' title='bbox 2147 4228 2277 4292; x_wconf 92' lang='lat' dir='ltr'>bus,</span> <span class='ocrx_word' id='word_1_672' title='bbox 2294 4244 2357 4282; x_wconf 89' lang='lat' dir='ltr'>ac</span> <span class='ocrx_word' id='word_1_673' title='bbox 2379 4229 2646 4299; x_wconf 90' lang='lat' dir='ltr'>superbis</span> <span class='ocrx_word' id='word_1_674' title='bbox 2665 4230 2893 4283; x_wconf 89' lang='lat' dir='ltr'>videtur</span> <span class='ocrx_word' id='word_1_675' title='bbox 2909 4246 3038 4283; x_wconf 90' lang='lat' dir='ltr'>esse</span> <span class='ocrx_word' id='word_1_676' title='bbox 3059 4230 3306 4299; x_wconf 86' lang='lat' dir='ltr'>inﬁrma,</span> <span class='ocrx_word' id='word_1_677' title='bbox 3321 4233 3377 4283; x_wconf 90' lang='lat' dir='ltr'>et</span> <span class='ocrx_word' id='word_1_678' title='bbox 3393 4246 3596 4284; x_wconf 90' lang='lat' dir='ltr'>eorum</span> <span class='ocrx_word' id='word_1_679' title='bbox 3614 4246 3793 4285; x_wconf 83' lang='lat' dir='ltr'>sermo</span> 
     </span>
    </p>
   </div>
   <div class='ocr_carea' id='block_1_91' title="bbox 2144 4316 3792 4385">
    <p class='ocr_par' dir='ltr' id='par_1_91' title="bbox 2144 4316 3792 4385">
     <span class='ocr_line' id='line_1_91' title="bbox 2144 4316 3792 4385; baseline 0.002 -16"><span class='ocrx_word' id='word_1_680' title='bbox 2144 4316 2582 4385; x_wconf 78' lang='lat' dir='ltr'>contemptibilis.</span> <span class='ocrx_word' id='word_1_681' title='bbox 2617 4317 2802 4380; x_wconf 88' lang='lat' dir='ltr'>Quare</span> <span class='ocrx_word' id='word_1_682' title='bbox 2825 4317 2852 4371; x_wconf 85' lang='lat'><strong>?</strong></span> <span class='ocrx_word' id='word_1_683' title='bbox 2899 4317 3044 4380; x_wconf 90' lang='lat' dir='ltr'>Quia</span> <span class='ocrx_word' id='word_1_684' title='bbox 3087 4321 3424 4371; x_wconf 90' lang='lat' dir='ltr'>sanctorum</span> <span class='ocrx_word' id='word_1_685' title='bbox 3458 4322 3670 4373; x_wconf 87' lang='lat' dir='ltr'>natura</span> <span class='ocrx_word' id='word_1_686' title='bbox 3699 4323 3792 4373; x_wconf 88' lang='lat' dir='ltr'>est</span> 
     </span>
    </p>
   </div>
   <div class='ocr_carea' id='block_1_92' title="bbox 2147 4403 3790 4469">
    <p class='ocr_par' dir='ltr' id='par_1_92' title="bbox 2147 4403 3790 4469">
     <span class='ocr_line' id='line_1_92' title="bbox 2147 4403 3790 4469; baseline 0.003 -13"><span class='ocrx_word' id='word_1_687' title='bbox 2147 4403 2295 4459; x_wconf 90' lang='lat' dir='ltr'>nolle</span> <span class='ocrx_word' id='word_1_688' title='bbox 2327 4421 2493 4459; x_wconf 88' lang='lat' dir='ltr'>suam</span> <span class='ocrx_word' id='word_1_689' title='bbox 2527 4405 2929 4460; x_wconf 88' lang='lat' dir='ltr'>auctoritatem</span> <span class='ocrx_word' id='word_1_690' title='bbox 2962 4405 3285 4469; x_wconf 85' lang='lat' dir='ltr'>ostendere,</span> <span class='ocrx_word' id='word_1_691' title='bbox 3318 4405 3432 4461; x_wconf 91' lang='lat' dir='ltr'>nisi</span> <span class='ocrx_word' id='word_1_692' title='bbox 3483 4407 3688 4461; x_wconf 88' lang='lat' dir='ltr'>coacti.</span> <span class='ocrx_word' id='word_1_693' title='bbox 3724 4412 3790 4461; x_wconf 82' lang='lat' dir='ltr'>Et</span> 
     </span>
    </p>
   </div>
   <div class='ocr_carea' id='block_1_93' title="bbox 2144 4492 3795 4565">
    <p class='ocr_par' dir='ltr' id='par_1_93' title="bbox 2144 4492 3795 4565">
     <span class='ocr_line' id='line_1_93' title="bbox 2144 4492 3795 4565; baseline 0.002 -19"><span class='ocrx_word' id='word_1_694' title='bbox 2144 4492 2271 4547; x_wconf 81' lang='lat' dir='ltr'>ideo</span> <span class='ocrx_word' id='word_1_695' title='bbox 2305 4511 2420 4564; x_wconf 89' lang='lat' dir='ltr'>quo</span> <span class='ocrx_word' id='word_1_696' title='bbox 2451 4511 2549 4549; x_wconf 90' lang='lat' dir='ltr'>eos</span> <span class='ocrx_word' id='word_1_697' title='bbox 2580 4494 2846 4548; x_wconf 88' lang='lat' dir='ltr'>inﬁrmos</span> <span class='ocrx_word' id='word_1_698' title='bbox 2877 4494 3267 4565; x_wconf 89' lang='lat' dir='ltr'>conspiciunt,</span> <span class='ocrx_word' id='word_1_699' title='bbox 3300 4510 3366 4548; x_wconf 91' lang='lat' dir='ltr'>eo</span> <span class='ocrx_word' id='word_1_700' title='bbox 3412 4492 3635 4550; x_wconf 88' lang='lat' dir='ltr'>nullius</span> <span class='ocrx_word' id='word_1_701' title='bbox 3665 4512 3795 4550; x_wconf 89' lang='lat' dir='ltr'>esse</span> 
     </span>
    </p>
   </div>
   <div class='ocr_carea' id='block_1_94' title="bbox 392 4574 3789 4657">
    <p class='ocr_par' dir='ltr' id='par_1_94' title="bbox 392 4574 3789 4657">
     <span class='ocr_line' id='line_1_94' title="bbox 392 4574 3789 4657; baseline 0.003 -29"><span class='ocrx_word' id='word_1_702' title='bbox 392 4574 771 4632; x_wconf 87' lang='lat' dir='ltr'>Altitudinem</span> <span class='ocrx_word' id='word_1_703' title='bbox 804 4578 959 4633; x_wconf 89' lang='lat' dir='ltr'>enim</span> <span class='ocrx_word' id='word_1_704' title='bbox 992 4580 1217 4649; x_wconf 89' lang='lat' dir='ltr'>antiqui</span> <span class='ocrx_word' id='word_1_705' title='bbox 1249 4579 1435 4633; x_wconf 87' lang='lat' dir='ltr'>hostis</span> <span class='ocrx_word' id='word_1_706' title='bbox 1466 4579 1721 4649; x_wconf 89' lang='lat' dir='ltr'>appellat</span> <span class='ocrx_word' id='word_1_707' title='bbox 1769 4579 2035 4647; x_wconf 87' lang='lat' dir='ltr'>insidias,</span> <span class='ocrx_word' id='word_1_708' title='bbox 2065 4593 2111 4657; x_wconf 70' lang='grc' dir='ltr'>ί)</span> <span class='ocrx_word' id='word_1_709' title='bbox 2142 4583 2505 4637; x_wconf 89' lang='lat' dir='ltr'>auctoritatis</span> <span class='ocrx_word' id='word_1_710' title='bbox 2537 4587 2763 4652; x_wconf 85' lang='lat' dir='ltr'>putant.</span> <span class='ocrx_word' id='word_1_711' title='bbox 2799 4583 3044 4637; x_wconf 87' lang='lat' dir='ltr'>Econtra</span> <span class='ocrx_word' id='word_1_712' title='bbox 3076 4581 3243 4637; x_wconf 88' lang='lat' dir='ltr'>aliter</span> <span class='ocrx_word' id='word_1_713' title='bbox 3274 4580 3471 4637; x_wconf 90' lang='lat' dir='ltr'>ﬁdeles</span> <span class='ocrx_word' id='word_1_714' title='bbox 3502 4582 3789 4637; x_wconf 85' lang='lat' dir='ltr'>sentiunt.</span> 
     </span>
    </p>
   </div>
   <div class='ocr_carea' id='block_1_95' title="bbox 395 4665 2035 4736">
    <p class='ocr_par' dir='ltr' id='par_1_95' title="bbox 395 4665 2035 4736">
     <span class='ocr_line' id='line_1_95' title="bbox 395 4665 2035 4736; baseline 0.005 -19"><span class='ocrx_word' id='word_1_715' title='bbox 395 4678 520 4734; x_wconf 66' lang='lat' dir='ltr'>qua</span> <span class='ocrx_word' id='word_1_716' title='bbox 544 4665 807 4719; x_wconf 90' lang='lat' dir='ltr'>consiliis</span> <span class='ocrx_word' id='word_1_717' title='bbox 838 4681 899 4720; x_wconf 89' lang='lat' dir='ltr'>se</span> <span class='ocrx_word' id='word_1_718' title='bbox 930 4667 1197 4721; x_wconf 87' lang='lat' dir='ltr'>inserunt</span> <span class='ocrx_word' id='word_1_719' title='bbox 1216 4666 1545 4730; x_wconf 89' lang='lat' dir='ltr'>hominum,</span> <span class='ocrx_word' id='word_1_720' title='bbox 1571 4673 1625 4720; x_wconf 90' lang='lat' dir='ltr'>et</span> <span class='ocrx_word' id='word_1_721' title='bbox 1655 4667 1823 4736; x_wconf 91' lang='lat' dir='ltr'>quasi</span> <span class='ocrx_word' id='word_1_722' title='bbox 1850 4672 2035 4725; x_wconf 89' lang='lat' dir='ltr'>muni-</span> 
     </span>
    </p>
   </div>
   <div class='ocr_carea' id='block_1_96' title="bbox 396 4752 2035 4823">
    <p class='ocr_par' dir='ltr' id='par_1_96' title="bbox 396 4752 2035 4823">
     <span class='ocr_line' id='line_1_96' title="bbox 396 4752 2035 4823; baseline 0.005 -16"><span class='ocrx_word' id='word_1_723' title='bbox 396 4752 615 4807; x_wconf 87' lang='lat' dir='ltr'>tionem</span> <span class='ocrx_word' id='word_1_724' title='bbox 648 4753 891 4817; x_wconf 86' lang='lat' dir='ltr'>faciunt,</span> <span class='ocrx_word' id='word_1_725' title='bbox 925 4755 1025 4808; x_wconf 91' lang='lat' dir='ltr'>sed</span> <span class='ocrx_word' id='word_1_726' title='bbox 1055 4758 1251 4807; x_wconf 88' lang='lat' dir='ltr'>tamen</span> <span class='ocrx_word' id='word_1_727' title='bbox 1284 4752 1601 4823; x_wconf 85' lang='lat' dir='ltr'>apostolica</span> <span class='ocrx_word' id='word_1_728' title='bbox 1630 4756 1895 4813; x_wconf 89' lang='lat' dir='ltr'>doctrina</span> <span class='ocrx_word' id='word_1_729' title='bbox 1937 4761 2035 4815; x_wconf 86' lang='lat' dir='ltr'>de-</span> 
     </span>
    </p>
   </div>
   <div class='ocr_carea' id='block_1_97' title="bbox 396 4838 2033 4921">
    <p class='ocr_par' dir='ltr' id='par_1_97' title="bbox 396 4838 2033 4921">
     <span class='ocr_line' id='line_1_97' title="bbox 396 4838 2033 4921; baseline 0.007 -28"><span class='ocrx_word' id='word_1_730' title='bbox 396 4838 663 4893; x_wconf 84' lang='lat' dir='ltr'>struitur.</span> <span class='ocrx_word' id='word_1_731' title='bbox 685 4840 784 4893; x_wconf 88' lang='lat' dir='ltr'>Isti</span> <span class='ocrx_word' id='word_1_732' title='bbox 802 4840 955 4893; x_wconf 88' lang='lat' dir='ltr'>enim</span> <span class='ocrx_word' id='word_1_733' title='bbox 974 4839 1231 4894; x_wconf 72' lang='lat' dir='ltr'>volentes</span> <span class='ocrx_word' id='word_1_734' title='bbox 1253 4857 1419 4895; x_wconf 90' lang='lat' dir='ltr'>suam</span> <span class='ocrx_word' id='word_1_735' title='bbox 1441 4846 1692 4899; x_wconf 83' lang='lat' dir='ltr'>statuere</span> <span class='ocrx_word' id='word_1_736' title='bbox 1710 4846 2033 4921; x_wconf 86' lang='lat' dir='ltr'>scientiam,</span> 
     </span>
    </p>
   </div>
   <div class='ocr_carea' id='block_1_98' title="bbox 397 4923 2036 5009">
    <p class='ocr_par' dir='ltr' id='par_1_98' title="bbox 397 4923 2036 5009">
     <span class='ocr_line' id='line_1_98' title="bbox 397 4923 2036 5009; baseline 0.008 -30"><span class='ocrx_word' id='word_1_737' title='bbox 397 4923 627 4979; x_wconf 90' lang='lat' dir='ltr'>humilii</span> <span class='ocrx_word' id='word_1_738' title='bbox 660 4943 721 4980; x_wconf 89' lang='lat' dir='ltr'>se</span> <span class='ocrx_word' id='word_1_739' title='bbox 744 4927 844 4981; x_wconf 91' lang='lat' dir='ltr'>Dei</span> <span class='ocrx_word' id='word_1_740' title='bbox 865 4928 1035 4981; x_wconf 89' lang='lat' dir='ltr'>subdi</span> <span class='ocrx_word' id='word_1_741' title='bbox 1059 4927 1373 4982; x_wconf 87' lang='lat' dir='ltr'>noluerunt</span> <span class='ocrx_word' id='word_1_742' title='bbox 1395 4930 1667 4988; x_wconf 65' lang='lat' dir='ltr'>scientiae.</span> <span class='ocrx_word' id='word_1_743' title='bbox 1692 4935 1756 4988; x_wconf 88' lang='lat' dir='ltr'>Et</span> <span class='ocrx_word' id='word_1_744' title='bbox 1786 4942 1841 4989; x_wconf 80' lang='lat' dir='ltr'>in</span> <span class='ocrx_word' id='word_1_745' title='bbox 1864 4943 2036 5009; x_wconf 83' lang='lat' dir='ltr'>capti-</span> 
     </span>
    </p>
   </div>
   <div class='ocr_carea' id='block_1_99' title="bbox 394 5014 2033 5091">
    <p class='ocr_par' dir='ltr' id='par_1_99' title="bbox 394 5014 2033 5091">
     <span class='ocr_line' id='line_1_99' title="bbox 394 5014 2033 5091; baseline 0.009 -24"><span class='ocrx_word' id='word_1_746' title='bbox 394 5016 619 5067; x_wconf 87' lang='lat' dir='ltr'>vitatem</span> <span class='ocrx_word' id='word_1_747' title='bbox 666 5014 993 5081; x_wconf 81' lang='lat' dir='ltr'>redigentes,</span> <span class='ocrx_word' id='word_1_748' title='bbox 1026 5019 1169 5081; x_wconf 86' lang='lat' dir='ltr'>etc.;</span> <span class='ocrx_word' id='word_1_749' title='bbox 1221 5016 1275 5070; x_wconf 90' lang='lat' dir='ltr'>id</span> <span class='ocrx_word' id='word_1_750' title='bbox 1308 5023 1414 5083; x_wconf 89' lang='lat' dir='ltr'>est,</span> <span class='ocrx_word' id='word_1_751' title='bbox 1449 5028 1792 5091; x_wconf 85' lang='lat' dir='ltr'>superantes</span> <span class='ocrx_word' id='word_1_752' title='bbox 1823 5042 2033 5081; x_wconf 89' lang='lat' dir='ltr'>sumus</span> 
     </span>
    </p>
   </div>
   <div class='ocr_carea' id='block_1_100' title="bbox 390 5100 2031 5183">
    <p class='ocr_par' dir='ltr' id='par_1_100' title="bbox 390 5100 2031 5183">
     <span class='ocr_line' id='line_1_100' title="bbox 390 5100 2031 5183; baseline 0.009 -29"><span class='ocrx_word' id='word_1_753' title='bbox 390 5100 937 5172; x_wconf 79' lang='lat' dir='ltr'>pseudoapostolos,</span> <span class='ocrx_word' id='word_1_754' title='bbox 954 5101 1053 5171; x_wconf 90' lang='lat' dir='ltr'>qui</span> <span class='ocrx_word' id='word_1_755' title='bbox 1071 5118 1282 5157; x_wconf 89' lang='lat' dir='ltr'>omnem</span> <span class='ocrx_word' id='word_1_756' title='bbox 1301 5108 1627 5163; x_wconf 71' lang='lat' dir='ltr'>intellectum</span> <span class='ocrx_word' id='word_1_757' title='bbox 1647 5118 2031 5183; x_wconf 71' lang='lat' dir='ltr'>praeparatum</span> 
     </span>
    </p>
   </div>
   <div class='ocr_carea' id='block_1_101' title="bbox 390 5186 2035 5261">
    <p class='ocr_par' dir='ltr' id='par_1_101' title="bbox 390 5186 2035 5261">
     <span class='ocr_line' id='line_1_101' title="bbox 390 5186 2035 5261; baseline 0.009 -21"><span class='ocrx_word' id='word_1_758' title='bbox 390 5190 460 5241; x_wconf 82' lang='lat' dir='ltr'>ad</span> <span class='ocrx_word' id='word_1_759' title='bbox 484 5189 803 5256; x_wconf 82' lang='lat' dir='ltr'>obsequium</span> <span class='ocrx_word' id='word_1_760' title='bbox 824 5186 1044 5256; x_wconf 84' lang='lat' dir='ltr'>Christi,</span> <span class='ocrx_word' id='word_1_761' title='bbox 1071 5192 1381 5261; x_wconf 89' lang='lat' dir='ltr'>captivant,</span> <span class='ocrx_word' id='word_1_762' title='bbox 1409 5201 1464 5250; x_wconf 86' lang='lat' dir='ltr'>et</span> <span class='ocrx_word' id='word_1_763' title='bbox 1484 5198 1593 5251; x_wconf 87' lang='lat' dir='ltr'>sibi</span> <span class='ocrx_word' id='word_1_764' title='bbox 1618 5201 1899 5254; x_wconf 89' lang='lat' dir='ltr'>subdunt.</span> <span class='ocrx_word' id='word_1_765' title='bbox 1932 5202 2035 5256; x_wconf 86' lang='lat' dir='ltr'>Est</span> 
     </span>
    </p>
   </div>
   <div class='ocr_carea' id='block_1_102' title="bbox 388 5274 2029 5355">
    <p class='ocr_par' dir='ltr' id='par_1_102' title="bbox 388 5274 2029 5355">
     <span class='ocr_line' id='line_1_102' title="bbox 388 5274 2029 5355; baseline 0.01 -28"><span class='ocrx_word' id='word_1_766' title='bbox 388 5274 565 5327; x_wconf 88' lang='lat' dir='ltr'>etiam</span> <span class='ocrx_word' id='word_1_767' title='bbox 617 5276 765 5328; x_wconf 88' lang='lat' dir='ltr'>alter</span> <span class='ocrx_word' id='word_1_768' title='bbox 803 5274 1009 5330; x_wconf 92' lang='lat' dir='ltr'>melior</span> <span class='ocrx_word' id='word_1_769' title='bbox 1060 5295 1312 5338; x_wconf 86' lang='lat' dir='ltr'>sensus:</span> <span class='ocrx_word' id='word_1_770' title='bbox 1364 5284 1734 5341; x_wconf 85' lang='lat' dir='ltr'>Manifestata</span> <span class='ocrx_word' id='word_1_771' title='bbox 1768 5288 2029 5355; x_wconf 88' lang='lat' dir='ltr'>veritate,</span> 
     </span>
    </p>
   </div>
   <div class='ocr_carea' id='block_1_103' title="bbox 388 5361 1073 5421">
    <p class='ocr_par' dir='ltr' id='par_1_103' title="bbox 388 5361 1073 5421">
     <span class='ocr_line' id='line_1_103' title="bbox 388 5361 1073 5421; baseline 0.01 -7"><span class='ocrx_word' id='word_1_772' title='bbox 388 5361 704 5415; x_wconf 79' lang='lat' dir='ltr'>falsitatem</span> <span class='ocrx_word' id='word_1_773' title='bbox 754 5363 1073 5421; x_wconf 88' lang='lat' dir='ltr'>destruere.</span> 
     </span>
    </p>
   </div>
   <div class='ocr_carea' id='block_1_104' title="bbox 456 5447 2028 5531">
    <p class='ocr_par' dir='ltr' id='par_1_104' title="bbox 456 5447 2028 5531">
     <span class='ocr_line' id='line_1_104' title="bbox 456 5447 2028 5531; baseline 0.011 -32"><span class='ocrx_word' id='word_1_774' title='bbox 456 5447 523 5500; x_wconf 88' lang='lat' dir='ltr'>Et</span> <span class='ocrx_word' id='word_1_775' title='bbox 554 5448 615 5500; x_wconf 88' lang='lat' dir='ltr'>in</span> <span class='ocrx_word' id='word_1_776' title='bbox 642 5454 898 5520; x_wconf 87' lang='lat' dir='ltr'>promptu</span> <span class='ocrx_word' id='word_1_777' title='bbox 927 5451 1200 5521; x_wconf 83' lang='lat' dir='ltr'>habentes,</span> <span class='ocrx_word' id='word_1_778' title='bbox 1232 5464 1339 5513; x_wconf 90' lang='lat' dir='ltr'>etc.</span> <span class='ocrx_word' id='word_1_779' title='bbox 1381 5462 1440 5513; x_wconf 91' lang='lat' dir='ltr'>ln</span> <span class='ocrx_word' id='word_1_780' title='bbox 1484 5465 1777 5531; x_wconf 89' lang='lat' dir='ltr'>promptu,</span> <span class='ocrx_word' id='word_1_781' title='bbox 1812 5464 1869 5519; x_wconf 91' lang='lat' dir='ltr'>id</span> <span class='ocrx_word' id='word_1_782' title='bbox 1920 5468 2028 5530; x_wconf 88' lang='lat' dir='ltr'>est,</span> 
     </span>
    </p>
   </div>
   <div class='ocr_carea' id='block_1_105' title="bbox 390 5534 2030 5617">
    <p class='ocr_par' dir='ltr' id='par_1_105' title="bbox 390 5534 2030 5617">
     <span class='ocr_line' id='line_1_105' title="bbox 390 5534 2030 5617; baseline 0.013 -34"><span class='ocrx_word' id='word_1_783' title='bbox 390 5534 448 5586; x_wconf 86' lang='lat' dir='ltr'>in</span> <span class='ocrx_word' id='word_1_784' title='bbox 482 5538 788 5604; x_wconf 81' lang='lat' dir='ltr'>prOpatulo</span> <span class='ocrx_word' id='word_1_785' title='bbox 824 5554 835 5591; x_wconf 93' lang='lat'>:</span> <span class='ocrx_word' id='word_1_786' title='bbox 889 5546 1054 5608; x_wconf 83' lang='lat' dir='ltr'>quasi</span> <span class='ocrx_word' id='word_1_787' title='bbox 1086 5544 1297 5600; x_wconf 82' lang='lat' dir='ltr'>diceret</span> <span class='ocrx_word' id='word_1_788' title='bbox 1331 5564 1344 5600; x_wconf 89' lang='lat'>:</span> <span class='ocrx_word' id='word_1_789' title='bbox 1396 5549 1457 5599; x_wconf 83' lang='lat' dir='ltr'>In</span> <span class='ocrx_word' id='word_1_790' title='bbox 1486 5552 1741 5617; x_wconf 83' lang='lat' dir='ltr'>promptu</span> <span class='ocrx_word' id='word_1_791' title='bbox 1772 5551 2030 5607; x_wconf 78' lang='lat' dir='ltr'>habentes</span> 
     </span>
    </p>
   </div>
   <div class='ocr_carea' id='block_1_106' title="bbox 391 5624 2027 5711">
    <p class='ocr_par' dir='ltr' id='par_1_106' title="bbox 391 5624 2027 5711">
     <span class='ocr_line' id='line_1_106' title="bbox 391 5624 2027 5711; baseline 0.012 -38"><span class='ocrx_word' id='word_1_792' title='bbox 391 5635 599 5675; x_wconf 90' lang='lat' dir='ltr'>sumus</span> <span class='ocrx_word' id='word_1_793' title='bbox 652 5624 844 5680; x_wconf 84' lang='lat' dir='ltr'>ulcisci</span> <span class='ocrx_word' id='word_1_794' title='bbox 891 5642 1103 5687; x_wconf 85' lang='lat' dir='ltr'>omnem</span> <span class='ocrx_word' id='word_1_795' title='bbox 1153 5634 1595 5701; x_wconf 84' lang='lat' dir='ltr'>inobedientiam,</span> <span class='ocrx_word' id='word_1_796' title='bbox 1628 5654 1760 5693; x_wconf 75' lang='lat' dir='ltr'>eum</span> <span class='ocrx_word' id='word_1_797' title='bbox 1807 5641 2027 5711; x_wconf 82' lang='lat' dir='ltr'>impleta</span> 
     </span>
    </p>
   </div>
   <div class='ocr_carea' id='block_1_107' title="bbox 2143 4668 3791 4742">
    <p class='ocr_par' dir='ltr' id='par_1_107' title="bbox 2143 4668 3791 4742">
     <span class='ocr_line' id='line_1_107' title="bbox 2143 4668 3791 4742; baseline 0 -17"><span class='ocrx_word' id='word_1_798' title='bbox 2143 4672 2287 4725; x_wconf 90' lang='lat' dir='ltr'>Nam</span> <span class='ocrx_word' id='word_1_799' title='bbox 2322 4687 2436 4742; x_wconf 91' lang='lat' dir='ltr'>quo</span> <span class='ocrx_word' id='word_1_800' title='bbox 2468 4686 2568 4724; x_wconf 86' lang='lat' dir='ltr'>eos</span> <span class='ocrx_word' id='word_1_801' title='bbox 2599 4670 2707 4741; x_wconf 83' lang='lat' dir='ltr'>ipsi</span> <span class='ocrx_word' id='word_1_802' title='bbox 2741 4670 3083 4741; x_wconf 89' lang='lat' dir='ltr'>abjectiores</span> <span class='ocrx_word' id='word_1_803' title='bbox 3115 4668 3459 4741; x_wconf 87' lang='lat' dir='ltr'>inspiciunt,</span> <span class='ocrx_word' id='word_1_804' title='bbox 3492 4686 3559 4725; x_wconf 89' lang='lat' dir='ltr'>eo</span> <span class='ocrx_word' id='word_1_805' title='bbox 3602 4670 3791 4725; x_wconf 84' lang='lat' dir='ltr'>subli-</span> 
     </span>
    </p>
   </div>
   <div class='ocr_carea' id='block_1_108' title="bbox 2147 4756 3796 4831">
    <p class='ocr_par' dir='ltr' id='par_1_108' title="bbox 2147 4756 3796 4831">
     <span class='ocr_line' id='line_1_108' title="bbox 2147 4756 3796 4831; baseline 0.001 -18"><span class='ocrx_word' id='word_1_806' title='bbox 2147 4760 2361 4814; x_wconf 87' lang='lat' dir='ltr'>miores</span> <span class='ocrx_word' id='word_1_807' title='bbox 2410 4764 2465 4813; x_wconf 91' lang='lat' dir='ltr'>et</span> <span class='ocrx_word' id='word_1_808' title='bbox 2514 4758 2755 4828; x_wconf 89' lang='lat' dir='ltr'>majoris</span> <span class='ocrx_word' id='word_1_809' title='bbox 2786 4775 2915 4813; x_wconf 89' lang='lat' dir='ltr'>esse</span> <span class='ocrx_word' id='word_1_810' title='bbox 2946 4757 3312 4813; x_wconf 87' lang='lat' dir='ltr'>auctoritatis</span> <span class='ocrx_word' id='word_1_811' title='bbox 3342 4756 3703 4831; x_wconf 86' lang='lat' dir='ltr'>intelligunt,</span> <span class='ocrx_word' id='word_1_812' title='bbox 3735 4765 3796 4815; x_wconf 90' lang='lat' dir='ltr'>et</span> 
     </span>
    </p>
   </div>
   <div class='ocr_carea' id='block_1_109' title="bbox 2147 4847 3401 4917">
    <p class='ocr_par' dir='ltr' id='par_1_109' title="bbox 2147 4847 3401 4917">
     <span class='ocr_line' id='line_1_109' title="bbox 2147 4847 3401 4917; baseline 0.002 -17"><span class='ocrx_word' id='word_1_813' title='bbox 2147 4847 2363 4901; x_wconf 88' lang='lat' dir='ltr'>idcirco</span> <span class='ocrx_word' id='word_1_814' title='bbox 2396 4847 2583 4917; x_wconf 84' lang='lat' dir='ltr'>magis</span> <span class='ocrx_word' id='word_1_815' title='bbox 2615 4863 2711 4901; x_wconf 77' lang='lat' dir='ltr'>eos</span> <span class='ocrx_word' id='word_1_816' title='bbox 2746 4848 2975 4901; x_wconf 79' lang='lat' dir='ltr'>timent.</span> <span class='ocrx_word' id='word_1_817' title='bbox 3394 4854 3401 4873; x_wconf 86' lang='lat'><strong>&#39;</strong></span> 
     </span>
    </p>
   </div>
   <div class='ocr_carea' id='block_1_110' title="bbox 2217 4935 3790 5005">
    <p class='ocr_par' dir='ltr' id='par_1_110' title="bbox 2217 4935 3790 5005">
     <span class='ocr_line' id='line_1_110' title="bbox 2217 4935 3790 5005; baseline 0.002 -16"><span class='ocrx_word' id='word_1_818' title='bbox 2217 4935 2492 5005; x_wconf 86' lang='lat' dir='ltr'>Sequitur</span> <span class='ocrx_word' id='word_1_819' title='bbox 2521 4953 2533 4989; x_wconf 91' lang='lat'>:</span> <span class='ocrx_word' id='word_1_820' title='bbox 2569 4937 2693 4991; x_wconf 55' lang='lat' dir='ltr'>Haec</span> <span class='ocrx_word' id='word_1_821' title='bbox 2713 4937 2861 4989; x_wconf 87' lang='lat' dir='ltr'>enim</span> <span class='ocrx_word' id='word_1_822' title='bbox 2879 4938 3093 5005; x_wconf 84' lang='lat' dir='ltr'>cogitet,</span> <span class='ocrx_word' id='word_1_823' title='bbox 3117 4937 3213 5005; x_wconf 89' lang='lat' dir='ltr'>qui</span> <span class='ocrx_word' id='word_1_824' title='bbox 3237 4935 3508 5005; x_wconf 82' lang='lat' dir='ltr'>ejusmodi</span> <span class='ocrx_word' id='word_1_825' title='bbox 3533 4941 3649 5003; x_wconf 88' lang='lat' dir='ltr'>est;</span> <span class='ocrx_word' id='word_1_826' title='bbox 3682 4936 3790 4992; x_wconf 88' lang='lat' dir='ltr'>hoc</span> 
     </span>
    </p>
   </div>
   <div class='ocr_carea' id='block_1_111' title="bbox 2144 5022 3793 5095">
    <p class='ocr_par' dir='ltr' id='par_1_111' title="bbox 2144 5022 3793 5095">
     <span class='ocr_line' id='line_1_111' title="bbox 2144 5022 3793 5095; baseline 0.002 -18"><span class='ocrx_word' id='word_1_827' title='bbox 2144 5028 2250 5092; x_wconf 90' lang='lat' dir='ltr'>est,</span> <span class='ocrx_word' id='word_1_828' title='bbox 2285 5024 2382 5093; x_wconf 88' lang='lat' dir='ltr'>qui</span> <span class='ocrx_word' id='word_1_829' title='bbox 2418 5022 2823 5094; x_wconf 85' lang='lat' dir='ltr'>hujuscemodi</span> <span class='ocrx_word' id='word_1_830' title='bbox 2856 5028 2946 5077; x_wconf 89' lang='lat' dir='ltr'>est</span> <span class='ocrx_word' id='word_1_831' title='bbox 2975 5024 3402 5091; x_wconf 69' lang='lat' dir='ltr'>mstimationis,</span> <span class='ocrx_word' id='word_1_832' title='bbox 3437 5026 3572 5094; x_wconf 86' lang='lat' dir='ltr'>quia</span> <span class='ocrx_word' id='word_1_833' title='bbox 3601 5025 3793 5095; x_wconf 85' lang='lat' dir='ltr'>quales</span> 
     </span>
    </p>
   </div>
   <div class='ocr_carea' id='block_1_112' title="bbox 2142 5112 3792 5183">
    <p class='ocr_par' dir='ltr' id='par_1_112' title="bbox 2142 5112 3792 5183">
     <span class='ocr_line' id='line_1_112' title="bbox 2142 5112 3792 5183; baseline 0.001 -18"><span class='ocrx_word' id='word_1_834' title='bbox 2142 5128 2329 5165; x_wconf 83' lang='lat' dir='ltr'>sumus</span> <span class='ocrx_word' id='word_1_835' title='bbox 2358 5128 2455 5182; x_wconf 85' lang='lat' dir='ltr'>per</span> <span class='ocrx_word' id='word_1_836' title='bbox 2483 5112 2739 5183; x_wconf 79' lang='lat' dir='ltr'>epistolas</span> <span class='ocrx_word' id='word_1_837' title='bbox 2768 5112 3037 5178; x_wconf 81' lang='lat' dir='ltr'>absentes,</span> <span class='ocrx_word' id='word_1_838' title='bbox 3072 5117 3214 5175; x_wconf 84' lang='lat' dir='ltr'>etc.;</span> <span class='ocrx_word' id='word_1_839' title='bbox 3249 5127 3314 5166; x_wconf 88' lang='lat' dir='ltr'>ac</span> <span class='ocrx_word' id='word_1_840' title='bbox 3354 5112 3403 5167; x_wconf 91' lang='lat' dir='ltr'>si</span> <span class='ocrx_word' id='word_1_841' title='bbox 3436 5112 3567 5167; x_wconf 89' lang='lat' dir='ltr'>aliis</span> <span class='ocrx_word' id='word_1_842' title='bbox 3599 5113 3792 5168; x_wconf 90' lang='lat' dir='ltr'>verbis</span> 
     </span>
    </p>
   </div>
   <div class='ocr_carea' id='block_1_113' title="bbox 2142 5197 3792 5270">
    <p class='ocr_par' dir='ltr' id='par_1_113' title="bbox 2142 5197 3792 5270">
     <span class='ocr_line' id='line_1_113' title="bbox 2142 5197 3792 5270; baseline 0.002 -18"><span class='ocrx_word' id='word_1_843' title='bbox 2142 5198 2413 5254; x_wconf 83' lang='lat' dir='ltr'>dixisset:</span> <span class='ocrx_word' id='word_1_844' title='bbox 2440 5200 2562 5254; x_wconf 84' lang='lat' dir='ltr'>Non</span> <span class='ocrx_word' id='word_1_845' title='bbox 2590 5216 2721 5254; x_wconf 91' lang='lat' dir='ltr'>sum</span> <span class='ocrx_word' id='word_1_846' title='bbox 2744 5197 2909 5267; x_wconf 85' lang='lat' dir='ltr'>alter,</span> <span class='ocrx_word' id='word_1_847' title='bbox 2936 5204 2993 5254; x_wconf 87' lang='lat' dir='ltr'>et</span> <span class='ocrx_word' id='word_1_848' title='bbox 3018 5198 3201 5267; x_wconf 92' lang='lat' dir='ltr'>alter;</span> <span class='ocrx_word' id='word_1_849' title='bbox 3230 5200 3368 5270; x_wconf 87' lang='lat' dir='ltr'>quia</span> <span class='ocrx_word' id='word_1_850' title='bbox 3394 5217 3509 5254; x_wconf 90' lang='lat' dir='ltr'>non</span> <span class='ocrx_word' id='word_1_851' title='bbox 3538 5217 3673 5256; x_wconf 91' lang='lat' dir='ltr'>sum</span> <span class='ocrx_word' id='word_1_852' title='bbox 3698 5201 3792 5255; x_wconf 90' lang='lat' dir='ltr'>di-</span> 
     </span>
    </p>
   </div>
   <div class='ocr_carea' id='block_1_114' title="bbox 2140 5287 3792 5361">
    <p class='ocr_par' dir='ltr' id='par_1_114' title="bbox 2140 5287 3792 5361">
     <span class='ocr_line' id='line_1_114' title="bbox 2140 5287 3792 5361; baseline 0.004 -24"><span class='ocrx_word' id='word_1_853' title='bbox 2140 5288 2319 5357; x_wconf 86' lang='lat' dir='ltr'>visus,</span> <span class='ocrx_word' id='word_1_854' title='bbox 2336 5287 2611 5359; x_wconf 89' lang='lat' dir='ltr'>quoniam</span> <span class='ocrx_word' id='word_1_855' title='bbox 2632 5306 2745 5343; x_wconf 90' lang='lat' dir='ltr'>non</span> <span class='ocrx_word' id='word_1_856' title='bbox 2770 5304 2900 5343; x_wconf 90' lang='lat' dir='ltr'>sum</span> <span class='ocrx_word' id='word_1_857' title='bbox 2922 5292 3334 5358; x_wconf 84' lang='lat' dir='ltr'>praesumptor:</span> <span class='ocrx_word' id='word_1_858' title='bbox 3356 5305 3491 5343; x_wconf 87' lang='lat' dir='ltr'>nam</span> <span class='ocrx_word' id='word_1_859' title='bbox 3510 5306 3792 5361; x_wconf 57' lang='lat' dir='ltr'>praesum-</span> 
     </span>
    </p>
   </div>
   <div class='ocr_carea' id='block_1_115' title="bbox 2141 5376 3792 5450">
    <p class='ocr_par' dir='ltr' id='par_1_115' title="bbox 2141 5376 3792 5450">
     <span class='ocr_line' id='line_1_115' title="bbox 2141 5376 3792 5450; baseline 0.002 -21"><span class='ocrx_word' id='word_1_860' title='bbox 2141 5381 2372 5446; x_wconf 89' lang='lat' dir='ltr'>ptorum</span> <span class='ocrx_word' id='word_1_861' title='bbox 2396 5381 2483 5430; x_wconf 87' lang='lat' dir='ltr'>est</span> <span class='ocrx_word' id='word_1_862' title='bbox 2514 5377 2724 5430; x_wconf 89' lang='lat' dir='ltr'>minari</span> <span class='ocrx_word' id='word_1_863' title='bbox 2754 5376 2908 5447; x_wconf 91' lang='lat' dir='ltr'>quod</span> <span class='ocrx_word' id='word_1_864' title='bbox 2934 5392 3048 5430; x_wconf 91' lang='lat' dir='ltr'>non</span> <span class='ocrx_word' id='word_1_865' title='bbox 3071 5381 3161 5431; x_wconf 90' lang='lat' dir='ltr'>est</span> <span class='ocrx_word' id='word_1_866' title='bbox 3183 5376 3550 5443; x_wconf 88' lang='lat' dir='ltr'>minandum,</span> <span class='ocrx_word' id='word_1_867' title='bbox 3575 5384 3633 5432; x_wconf 88' lang='lat' dir='ltr'>et</span> <span class='ocrx_word' id='word_1_868' title='bbox 3659 5394 3792 5450; x_wconf 90' lang='lat' dir='ltr'>pro-</span> 
     </span>
    </p>
   </div>
   <div class='ocr_carea' id='block_1_116' title="bbox 2140 5463 3787 5535">
    <p class='ocr_par' dir='ltr' id='par_1_116' title="bbox 2140 5463 3787 5535">
     <span class='ocr_line' id='line_1_116' title="bbox 2140 5463 3787 5535; baseline 0.004 -20"><span class='ocrx_word' id='word_1_869' title='bbox 2140 5463 2369 5516; x_wconf 88' lang='lat' dir='ltr'>mittere</span> <span class='ocrx_word' id='word_1_870' title='bbox 2400 5464 2552 5532; x_wconf 88' lang='lat' dir='ltr'>quod</span> <span class='ocrx_word' id='word_1_871' title='bbox 2601 5482 2716 5519; x_wconf 90' lang='lat' dir='ltr'>non</span> <span class='ocrx_word' id='word_1_872' title='bbox 2763 5469 2850 5519; x_wconf 90' lang='lat' dir='ltr'>est</span> <span class='ocrx_word' id='word_1_873' title='bbox 2902 5465 3382 5535; x_wconf 88' lang='lat' dir='ltr'>promittendum.</span> <span class='ocrx_word' id='word_1_874' title='bbox 3417 5465 3533 5521; x_wconf 89' lang='lat' dir='ltr'>Nos</span> <span class='ocrx_word' id='word_1_875' title='bbox 3564 5471 3787 5533; x_wconf 89' lang='lat' dir='ltr'>autem,</span> 
     </span>
    </p>
   </div>
   <div class='ocr_carea' id='block_1_117' title="bbox 2140 5550 3787 5623">
    <p class='ocr_par' dir='ltr' id='par_1_117' title="bbox 2140 5550 3787 5623">
     <span class='ocr_line' id='line_1_117' title="bbox 2140 5550 3787 5623; baseline 0.003 -19"><span class='ocrx_word' id='word_1_876' title='bbox 2140 5550 2247 5604; x_wconf 83' lang='lat' dir='ltr'>etsi</span> <span class='ocrx_word' id='word_1_877' title='bbox 2279 5550 2475 5621; x_wconf 90' lang='lat' dir='ltr'>aliqua</span> <span class='ocrx_word' id='word_1_878' title='bbox 2498 5554 2798 5620; x_wconf 87' lang='lat' dir='ltr'>minando,</span> <span class='ocrx_word' id='word_1_879' title='bbox 2822 5557 2922 5607; x_wconf 88' lang='lat' dir='ltr'>aut</span> <span class='ocrx_word' id='word_1_880' title='bbox 2952 5553 3342 5623; x_wconf 87' lang='lat' dir='ltr'>promittendo</span> <span class='ocrx_word' id='word_1_881' title='bbox 3369 5553 3650 5621; x_wconf 85' lang='lat' dir='ltr'>dicimus,</span> <span class='ocrx_word' id='word_1_882' title='bbox 3681 5554 3787 5610; x_wconf 87' lang='lat' dir='ltr'>uti-</span> 
     </span>
    </p>
   </div>
   <div class='ocr_carea' id='block_1_118' title="bbox 2140 5640 3785 5715">
    <p class='ocr_par' dir='ltr' id='par_1_118' title="bbox 2140 5640 3785 5715">
     <span class='ocr_line' id='line_1_118' title="bbox 2140 5640 3785 5715; baseline 0.005 -23"><span class='ocrx_word' id='word_1_883' title='bbox 2140 5654 2251 5709; x_wconf 91' lang='lat' dir='ltr'>que</span> <span class='ocrx_word' id='word_1_884' title='bbox 2281 5654 2385 5710; x_wconf 91' lang='lat' dir='ltr'>per</span> <span class='ocrx_word' id='word_1_885' title='bbox 2414 5656 2570 5706; x_wconf 88' lang='lat' dir='ltr'>eum,</span> <span class='ocrx_word' id='word_1_886' title='bbox 2602 5641 2698 5711; x_wconf 87' lang='lat' dir='ltr'>qui</span> <span class='ocrx_word' id='word_1_887' title='bbox 2730 5641 2789 5695; x_wconf 89' lang='lat' dir='ltr'>in</span> <span class='ocrx_word' id='word_1_888' title='bbox 2824 5641 2990 5697; x_wconf 83' lang='lat' dir='ltr'>nobis</span> <span class='ocrx_word' id='word_1_889' title='bbox 3021 5640 3269 5711; x_wconf 88' lang='lat' dir='ltr'>habitat,</span> <span class='ocrx_word' id='word_1_890' title='bbox 3301 5641 3545 5714; x_wconf 87' lang='lat' dir='ltr'>implere</span> <span class='ocrx_word' id='word_1_891' title='bbox 3574 5659 3785 5715; x_wconf 87' lang='lat' dir='ltr'>possu-</span> 
     </span>
    </p>
   </div>
  </div>
