3990 6224
207 348 330 408 473

773 347 1184 410 EXPOSITIO
1230 348 1308 410 IN
1353 347 1779 410 EPISTOLAS
1825 345 2083 410 PAULI.
2117 379 2190 390 —
2237 348 2313 408 IN
2359 349 2606 410 EPIST.
2652 347 2703 408 ll
2749 348 2850 409 AD
2895 339 3069 410 COR.

3499 345 3616 406 474

216 479 533 537 etminoris
547 479 920 535 auctoritatis
942 496 1068 536 esse
1091 484 1866 552 monstrarent.0uapropter
1893 480 1947 546 Α
1978 495 2160 533 nuum
2181 477 2599 546 laboribus,vel
2620 480 2866 534 aliarum
2883 477 3268 532 Ecclesiarum
3287 475 3616 548 stipendiis,

218 586 352 625 cum
370 568 607 623 locutus
631 570 839 623 fuisset
855 570 1135 624 adversus
1158 570 1416 634 falsos,et
1430 587 1532 641 pro
1552 570 1701 623 veris
1717 584 1869 623 nunc

214 673 352 713 vero
383 663 440 711 et
471 656 737 727 loquitur
769 657 1048 712 adversus
1075 674 1192 722 eos,
1223 659 1318 728 qui
1356 657 1412 711 in
1467 656 1871 728 prmdicatione

216 745 567 818 eloquentia:
583 746 962 817 requirebant
977 746 1241 800 nitorem.
1264 747 1324 800 Si
1342 745 1868 815 imperilus,inquit,

213 850 488 900 sermone,
522 839 630 888 etc.
667 835 836 905 quasi
889 833 1162 888 dixisset:
1217 838 1330 888 Cur
1373 834 1546 888 etiam
1600 833 1741 887 mibi
1775 849 1873 887 eos

215 921 395 977 vultis
431 923 720 993 preferre,
753 923 853 992 qui
885 922 944 976 in
978 921 1381 994 prindicatione
1411 921 1748 992 eloquentia:
1781 938 1872 974 rc-

218 1012 471 1084 quirunt
502 1011 750 1066 nitorem
774 1011 800 1064 ?
829 1012 974 1076 Non,
1030 1011 1289 1080 inquam,
1337 1028 1434 1065 eos
1476 1012 1698 1066 debetis
1732 1009 1872 1063 mihi

219 1101 518 1172 praeferre,
542 1100 678 1171 quia
696 1100 804 1154 etsi
829 1099 998 1169 periti
1022 1100 1264 1164 sunt,ibi
1287 1100 1500 1170 quippe
1520 1107 1655 1154 sunt
1684 1100 1873 1171 periti,

221 1191 330 1246 ubi
363 1189 686 1261 periculum
718 1205 845 1244 esse
878 1193 1068 1260 potest
1095 1206 1106 1243 :
1131 1206 1235 1258 ego
1268 1195 1484 1250 autem,
1510 1191 1614 1243 etsi
1648 1189 1876 1259 imperi-

227 1283 332 1333 tus
363 1292 521 1340 sum,
544 1276 620 1331 ibi
653 1294 778 1332 sum
813 1277 1144 1347 imperitus,
1168 1278 1263 1330 ubi
1286 1277 1511 1330 nullum
1543 1277 1693 1331 inest
1728 1277 1874 1348 peri-

231 1365 438 1421 culum
473 1382 484 1430 ;
511 1365 644 1436 quia
669 1365 715 1419 si
741 1382 872 1419 sum
901 1365 1208 1436 imperitus
1231 1381 1513 1420 sermone:
1538 1384 1650 1420 non
1685 1372 1873 1419 tamen

228 1452 498 1511 scientia.
543 1458 739 1508 Potest
787 1453 939 1507 enim
973 1454 1188 1524 aliquis
1219 1455 1484 1524 perfectae
1509 1445 1670 1516 'iidei,
1705 1461 1878 1524 atque

225 1541 490 1597 scientiae
523 1557 674 1609 esse,
693 1541 897 1596 tardus
930 1547 1123 1596 tamen
1155 1542 1212 1594 in
1247 1541 1876 1597 locutionc.Scicndum

224 1635 426 1685 tamen
448 1629 586 1700 quia
609 1631 790 1700 quaeri
809 1633 994 1700 potest
1011 1646 1114 1684 cur
1136 1646 1195 1684 se
1214 1629 1877 1700 dicatimperitum,cum

225 1719 386 1773 dicat
408 1718 617 1772 Festus
640 1717 710 1771 de
732 1716 832 1771 illo
859 1735 871 1772 :
898 1721 941 1772 Ο
959 1716 1157 1784 Paule,
1179 1719 1372 1773 multae
1394 1720 1594 1774 litterae
1624 1728 1674 1773 te
1693 1718 1762 1772 ad
1793 1720 1877 1771 in.-

227 1808 453 1862 saniam
499 1810 820 1861 convertunt
868 1808 1002 1872 (Act.
1053 1823 1204 1872 xxxr,
1256 1809 1365 1876 24).
1416 1807 1526 1861 Sed
1578 1807 1878 1861 sciendum

231 1896 395 1967 quia,
415 1896 588 1965 juxta
613 1896 771 1965 quod
803 1894 885 1949 ait
914 1896 1140 1962 Festus,
1166 1895 1370 1950 multis
1401 1895 1609 1949 litteris
1640 1900 1762 1949 erat
1794 1895 1882 1948 in-

231 1989 534 2039 structus:
577 1988 981 2039 verumtamen
1015 2000 1193 2039 causa
1253 1983 1602 2039 humilitatis
1653 2000 1714 2038 se
1740 1983 1885 2036 dixit

228 2072 915 2144 imperitum.Sequitur:
955 2075 1014 2128 In
1055 2074 1307 2128 omnibus
1347 2073 1730 2142 manifestatus
1765 2088 1882 2126 sum

231 2161 386 2216 vobis
403 2179 422 2221 ,ο
453 2160 564 2216 hoc
611 2165 719 2228 est,
772 2161 1178 2217 manifestatus
1229 2179 1382 2226 sum,
1415 2162 1554 2232 quia
1581 2177 1694 2214 non
1729 2177 1885 2214 vanae

233 2249 434 2304 laudis
489 2266 685 2319 causa,
740 2257 840 2304 aut
891 2252 1100 2304 terreni
1137 2255 1394 2322 quaestus
1427 2249 1750 2320 praedicavi,
1785 2249 1884 2302 sed

236 2353 421 2392 causa
451 2343 652 2393 vertrae
682 2337 906 2392 salutis.
932 2338 1336 2394 Manifestatus
1368 2355 1499 2394 sum
1531 2338 1727 2404 etiam,
1752 2339 1890 2407 quia

245 2443 368 2481 non
411 2443 479 2481 ex
511 2427 809 2481 verborum
861 2427 1079 2499 inepia,
1115 2429 1212 2482 sed
1248 2427 1438 2499 potius
1471 2427 1834 2483 abundantia
1869 2446 1881 2493 ;

239 2516 367 2572 sive
401 2514 804 2571 manifestatus
833 2533 966 2572 sum
1005 2516 1191 2589 signis
1222 2523 1394 2588 atque
1426 2517 1759 2571 virtutibus.

315 2604 629 2675 Sequitur:
654 2605 759 2659 Aut
807 2606 1057 2676 nunquid
1087 2610 1366 2676 peccatum
1392 2608 1520 2676 feci,
1555 2612 1700 2672 etc.;
1735 2623 1798 2659 ac
1839 2606 1887 2660 si

239 2693 512 2749 dixisset:
544 2692 804 2759 Nullum,
828 2693 1090 2766 inquam.
1125 2700 1426 2766 peccatum
1461 2696 1565 2749 feci
1591 2695 1740 2766 apud
1766 2711 1885 2762 vos,

237 2787 480 2854 propter
501 2783 655 2852 quod
691 2782 958 2852 praeferre
981 2782 1123 2836 mihi
1152 2783 1412 2838 debeatis
1439 2784 1890 2855 pseudoaposto-

239 2871 350 2936 los,
384 2871 497 2925 nisi
530 2871 587 2924 in
620 2870 730 2924 hoc
764 2871 908 2925 forte
936 2872 1342 2942 peccavi,quia
1371 2889 1499 2942 qua:
1531 2876 1721 2926 vestra
1753 2875 1892 2926 sunt

243 2977 361 3015 non
380 2959 626 3027 abstuli;
649 2964 706 3014 et
728 2959 776 3014 si
794 2959 943 3013 hanc
957 2960 1189 3030 culpam
1216 2961 1885 3032 leci,ignoscite,quzeso:

242 3052 482 3121 propter
511 3049 618 3103 hoc
657 3047 812 3102 enim
838 3049 1026 3119 magis
1049 3048 1131 3102 illi
1153 3048 1457 3114 timebant,
1492 3050 1630 3119 quia
1653 3049 1795 3104 nihil
1820 3051 1891 3104 ab

239 3137 328 3193 eis
364 3136 742 3208 accipiebant,
765 3142 998 3208 propter
1031 3138 1183 3208 quod
1216 3142 1391 3192 etiam
1435 3139 1888 3209 pseudoaposto-

1981 569 2078 622 sed
2115 567 2286 620 etiam
2312 584 2415 621 nec
2441 569 2839 637 tunc,quando
2863 565 3615 637 patiebaturindigentiam.

1983 655 2141 711 Unde
2166 655 2304 708 dicit
2336 657 2537 710 beatus
2563 674 2709 727 papa
2756 655 3100 723 Gregorius:
3134 656 3238 719 Qui
3272 654 3426 708 enim
3459 669 3618 708 com-

1982 745 2444 817 prehendere,vel
2466 763 2734 799 enarrare
2755 745 2904 798 valet
2929 745 3148 799 viscera
3171 744 3363 798 Pauli?
3376 743 3618 814 Quippe,

1983 852 2115 889 cum
2145 835 2499 888 ministraret
2522 833 3183 888 Llorinthiisalimoniam
3209 832 3319 886 cibi
3343 831 3622 902 spiritalis

1985 923 2217 977 nolebat
2248 924 2318 976 ab
2345 924 2427 977 eis
2469 923 2723 993 accipere
2776 922 3111 976 alimoniam
3139 919 3253 974 cibi
3285 918 3622 990 corporalis.

1985 1012 2087 1074 Qui
2123 1012 2276 1064 enim
2311 1017 2576 1066 nostrum
2610 1012 2864 1081 aliquem
2897 1011 3132 1064 divitem
3168 1027 3272 1063 sua
3297 1025 3450 1062 nunc
3485 1024 3623 1079 pra:-

1987 1101 2271 1154 dicatione
2293 1101 2622 1154 traheretad
2649 1100 2857 1153 fidem:
2895 1099 2941 1153 si
2972 1099 3184 1152 videret
3208 1114 3341 1150 eum
3367 1101 3626 1150 tenacem

1986 1206 2120 1259 erga
2153 1207 2232 1253 se,
2270 1207 2381 1243 non
2421 1190 2884 1258 reprehenderet,
2919 1205 3030 1242 non
3064 1187 3236 1241 etiam
3259 1184 3628 1255 increparet?

1986 1279 2124 1332 Nam.
2155 1280 2302 1348 quod
2329 1280 2471 1332 mihi
2491 1279 2849 1344 deerat,etc.;
2887 1276 2942 1329 id
2977 1281 3063 1329 est
3112 1274 3305 1328 labore
3344 1289 3626 1328 manuum

1987 1368 2288 1437 acquirere
2321 1385 2432 1420 non
2469 1372 2750 1438 poteram,
2772 1367 3153 1437 suppleverunt
3182 1367 3400 1434 fratres.
3426 1363 3569 1416 Nam
3597 1378 3630 1414 a

1990 1456 2179 1526 prima
2212 1456 2354 1510 hora
2376 1456 2487 1509 diei
2515 1473 2698 1526 usque
2723 1457 2789 1509 ad
2809 1455 3093 1525 quintam,
3116 1453 3387 1507 manibus
3408 1451 3631 1505 labora-

1991 1544 2110 1608 bat,
2143 1550 2202 1598 ut
2238 1544 2347 1597 sibi
2371 1546 2587 1598 victum
2623 1545 2946 1614 acquirerct
2971 1562 2983 1610 ;
3006 1562 3038 1597 a
3069 1542 3272 1614 quinta
3291 1557 3421 1595 vero
3447 1555 3632 1609 usque

1991 1633 2060 1686 ad
2098 1634 2467 1686 undecimam
2496 1633 2869 1701 prmilicabat,
2891 1639 2946 1686 et
2977 1633 3117 1686 adeo
3143 1631 3404 1696 viriliter,
3429 1634 3493 1683 ut
3523 1626 3633 1682 sibi

1991 1721 2328 1776 resistentes
2385 1738 2641 1792 paganos
2674 1722 2999 1791 superando
3031 1722 3099 1774 ad
3136 1722 3305 1774 ﬁnem
3357 1717 3630 1773 traheret.

1994 1812 2098 1878 Qui
2131 1817 2392 1863 venerunt
2421 1827 2452 1863 a
2483 1811 2819 1864 Macedonia.
2869 1810 2980 1863 Sed
3014 1825 3192 1879 quare
3222 1808 3293 1861 ab
3327 1807 3454 1861 istis
3485 1805 3633 1861 acci-

1997 1898 2190 1970 piebat
2212 1898 2238 1950 ‘?
2269 1897 2414 1961 Quia
2445 1915 2556 1952 non
2592 1904 2755 1952 erant
2786 1897 3011 1968 decepti
3042 1915 3075 1951 a
3111 1894 3633 1968 pseudoapostolis.

1991 1988 2074 2041 Ab
2107 1987 2236 2041 istis
2266 2004 2396 2041 vero
2429 1985 2660 2041 nolebat
2690 1987 2968 2054 accipere,
2992 2002 3062 2040 ne
3093 1984 3454 2039 occasionem
3484 1983 3635 2037 acci-

1995 2076 2188 2148 piendi
2219 2074 2741 2146 pseiidoapostolis,
2776 2075 2872 2145 qui
2908 2075 3056 2128 inter
3078 2089 3175 2128 eos
3205 2082 3388 2140 erant,
3420 2071 3635 2126 tribue-

1997 2172 2099 2218 ret.
2135 2169 2201 2219 Et
2235 2167 2288 2218 in
2324 2165 2572 2218 omnibus
2619 2166 2735 2219 sine
2785 2164 2989 2219 honore
3035 2163 3202 2231 (761),
3261 2165 3369 2215 etc.
3406 2178 3420 2228 ;
3454 2160 3508 2214 id
3551 2163 3639 2213 est

1997 2271 2110 2307 non
2145 2253 2331 2308 solum
2367 2253 2422 2306 in
2449 2254 2598 2322 cibo,
2622 2258 2708 2308 vel
2743 2253 2800 2306 in
2835 2259 2998 2323 potu,
3031 2252 3130 2306 sed
3163 2250 3335 2304 etiam
3367 2249 3426 2304 in
3459 2249 3634 2304 servi-

1996 2343 2097 2406 tio,
2131 2344 2188 2396 in
2222 2341 2520 2412 obsequio,
2555 2347 2610 2396 et
2641 2342 2696 2395 in
2750 2342 2969 2396 caztcris
3001 2339 3216 2395 talibus
3267 2338 3391 2392 sine
3423 2337 3638 2391 honore

1998 2431 2098 2484 t'ui.
2135 2432 2203 2485 Et
2234 2448 2303 2485 ne
2337 2436 2606 2502 putarent
2637 2430 2715 2484 illi
2750 2431 2821 2484 ob
2877 2430 2984 2484 hoc
3028 2445 3161 2483 eum
3211 2426 3425 2481 dixisse
3459 2425 3634 2491 istud,

1997 2520 2150 2590 quod
2185 2520 2256 2574 ab
2291 2521 2375 2574 eis
2408 2519 2665 2590 accipere
2695 2519 2882 2588 vellet,
2913 2517 3040 2572 ideo
3071 2515 3374 2584 subjunxit
3400 2531 3412 2568 :
3447 2514 3638 2568 Serva-

1998 2610 2052 2662 vi
2083 2617 2132 2662 et
2160 2609 2379 2663 servabo
2400 2626 2419 2668 ;
2457 2608 2623 2677 quasi
2657 2607 2906 2661 diceret:
2957 2605 3122 2660 Absit
3169 2609 3232 2659 ut
3262 2620 3386 2675 ego,
3421 2602 3518 2673 qui
3551 2619 3638 2656 se-

2001 2697 2111 2750 mel
2148 2696 2458 2751 deliberavi
2505 2714 2616 2750 non
2651 2696 2927 2766 accipere,
2963 2700 3026 2749 ut
3055 2694 3358 2764 accipiam.
3391 2691 3520 2746 Sive
3551 2706 3640 2744 se-

2000 2787 2256 2840 cundum
2290 2786 2613 2857 quosdam:
2647 2785 2894 2839 Servabo
2921 2801 3012 2840 me
3045 2797 3352 2855 quousque
3391 2781 3642 2853 pseudo-

2001 2873 2297 2946 apostolos
2330 2875 2478 2929 inter
2504 2893 2603 2929 vos
2634 2874 2981 2929 habueritis.

2073 2968 2165 3018 Est
2219 2967 2413 3019 veritas
2447 2964 2650 3020 Christi
2679 2966 2735 3018 in
2767 2981 2872 3018 me.
2927 2963 3101 3028 Quasi
3153 2963 3342 3017 dicat:
3375 2961 3536 3016 Sicut
3585 2961 3643 3015 in

2001 3052 2227 3106 Christo
2260 3071 2371 3107 non
2396 3059 2483 3108 est
2504 3063 2600 3118 est,
2626 3059 2675 3108 et
2695 3071 2824 3117 non,
2851 3053 2930 3108 ita
2951 3052 3008 3107 in
3033 3069 3144 3118 me,
3180 3051 3279 3122 qui
3313 3051 3645 3104 membrum

2004 3140 2162 3196 illius
2195 3142 2512 3197 existimor.
2545 3144 2660 3213 Ego
2694 3143 3044 3201 membrum,
3074 3140 3170 3194 ille
3191 3144 3410 3204 auctor,
3441 3154 3546 3208 ego
3565 3153 3648 3192 re-

241 3226 356 3288 los.
379 3225 465 3280 illi
496 3226 894 3296 praeferebant,
930 3227 1207 3296 quoniam
1243 3227 1429 3298 magis
1458 3244 1518 3281 se
1545 3228 1614 3282 ab
1648 3227 1790 3299 ipsis
1807 3228 1891 3281 di-
1923 3209 1964 3274 (ἶ
2005 3229 2244 3301 cipiens,
2278 3230 2373 3284 ille
2393 3209 2743 3301 praecedens,
2776 3247 2880 3300 ego
2911 3229 3296 3297 subsequens.
3321 3229 3507 3288 Quare
3537 3225 3646 3279 hoc

241 3315 505 3387 ligebant
533 3316 712 3385 (758):
750 3314 834 3368 illi
877 3331 1132 3386 namque
1171 3331 1235 3369 eo
1269 3331 1329 3369 se
1378 3317 1691 3370 credebant
1722 3333 1888 3370 sanc-

235 3402 438 3467 tiores,
474 3419 589 3474 quo
619 3404 703 3458 eis
734 3406 898 3456 erant
947 3403 1264 3474 gratiores;
1299 3409 1356 3458 et
1403 3404 1531 3458 ideo
1565 3404 1647 3458 illi
1681 3405 1750 3458 ad
1785 3405 1889 3458 tri-

237 3491 544 3546 buendum
591 3491 809 3545 ﬁebant
861 3491 1215 3546 libentiores.
1267 3493 1336 3546 Et
1387 3491 1716 3559 sciendum,
1753 3493 1892 3563 quia

161 3595 166 3599 ·
235 3578 487 3649 pulchre
505 3580 674 3634 dicit:
702 3580 1041 3634 Humilians:
1067 3581 1205 3650 quid
1231 3581 1386 3634 enim
1401 3579 1889 3652 humilius,quam

240 3673 485 3739 accepta
506 3673 784 3738 potestate
830 3685 946 3723 non
979 3667 1111 3723 uti?
1142 3669 1270 3723 llaec
1319 3685 1553 3740 quoque
1586 3668 1890 3726 humilitas

240 3756 500 3813 multum
583 3758 653 3811 ad
712 3756 1149 3813 Corinthiorum
1212 3757 1496 3811 attinebat
1563 3757 1888 3812 libertatem

238 3846 388 3917 (759)
418 3861 430 3899 :
466 3849 523 3899 et
553 3845 680 3900 ideo
713 3844 893 3898 dicit:
927 3846 990 3900 Ut
1033 3861 1120 3898 vos
1150 3847 1514 3905 exaltemini;
1547 3847 1824 3916 quoniam
1856 3864 1890 3901 a

239 3933 644 3990 dominatione
675 3933 953 3988 falsorum
981 3933 1226 4004 apostoli
1256 3934 1674 3988 liberabantur.

314 4023 384 4077 Et
406 4023 544 4093 quia
602 4027 830 4092 poterat
860 4021 1074 4092 aliquis
1109 4022 1329 4076 dicere:
1363 4022 1662 4084 Quomodo
1695 4027 1748 4078 te
1781 4024 1888 4078 hu-

239 4110 506 4175 miliasti,
536 4115 600 4164 ut
633 4125 739 4165 nos
792 4109 1202 4179 exaltaremur,
1233 4109 1424 4180 inquit
1457 4112 1600 4181 ipse,
1634 4114 1891 4180 quoniam

231 4202 411 4272 gratis
455 4199 822 4268 Evangelium
851 4199 1062 4254 Christi
1100 4199 1476 4268 euangelizavi
1505 4199 1669 4253 vobis.
1705 4201 1771 4253 Et
1804 4207 1892 4256 est

236 4303 453 4343 sensus
480 4303 493 4341 :
526 4285 683 4342 Nihil
718 4303 751 4340 a
779 4284 943 4340 vobis
975 4285 1267 4356 accipiens
1298 4301 1400 4356 per
1431 4303 1674 4350 annum,
1708 4293 1762 4342 et
1795 4306 1893 4344 sex

239 4391 498 4441 menses,
523 4374 865 4430 annuntiavi
891 4374 1055 4429 vobis
1089 4371 1504 4445 Evangelium:
1539 4380 1614 4438 et,
1648 4391 1716 4429 ne
1751 4377 1892 4431 forte

238 4463 586 4519 incredibile
616 4464 724 4518 hoc
757 4463 1070 4531 videretur,
1129 4462 1437 4533 subjunxit
1464 4480 1476 4517 :
1529 4464 1684 4517 Alias
1712 4465 1890 4520 Eccle-

2001 3318 2262 3387 dixisset,
2287 3319 2522 3373 subdit:
2560 3320 2830 3385 Quoniam
2874 3318 2990 3371 hsce
3016 3315 3213 3383 gloria,
3248 3319 3356 3367 etc.
3389 3311 3644 3366 Gloriam

2002 3424 2170 3462 suam
2211 3406 2481 3477 appellat,
2517 3411 2751 3476 accepta
2797 3410 3076 3476 potestate
3128 3419 3241 3457 non
3294 3402 3398 3456 uti.
3456 3402 3519 3455 Et
3552 3400 3646 3454 hic

2001 3495 2278 3565 ostendit,
2305 3494 2442 3565 quia
2473 3496 2627 3565 quod
2659 3493 2754 3549 ille
2786 3511 2896 3549 non
2931 3496 3252 3564 acceperat,
3284 3489 3470 3561 gloria
3500 3494 3644 3554 erat,

2005 3601 2117 3638 non
2145 3589 2445 3653 peccatum
2477 3602 2488 3650 ;
2534 3584 2685 3637 unde
2717 3583 2985 3654 superius
3012 3600 3023 3636 :
3057 3581 3342 3651 Numquid
3370 3587 3646 3650 peccatum

1998 3673 2154 3743 feci?
2182 3674 2299 3728 Non
2331 3674 2688 3743 infringatur,
2722 3676 2828 3728 etc.
2866 3691 2878 3739 ;
2932 3672 2985 3726 id
3020 3677 3126 3738 est,
3181 3670 3319 3742 quia
3350 3685 3463 3725 non
3495 3669 3644 3723 acci-

2005 3763 2157 3833 piam
2189 3780 2200 3816 :
2238 3769 2375 3816 tunc
2406 3762 2618 3816 etenim
2669 3761 3037 3832 infringetur,
3074 3761 3122 3816 si
3155 3759 3492 3830 accepisset.
3529 3757 3641 3812 Sed

2005 3851 2383 3922 quaerendum
2415 3857 2520 3917 est,
2558 3868 2687 3905 cum
2719 3852 2992 3923 superius
3021 3867 3119 3904 eos
3143 3850 3213 3904 ad
3247 3866 3395 3920 opus
3418 3847 3646 3901 miseri-

2001 3939 2210 3993 cordia:
2244 3945 2632 4010 provocasset,
2669 3957 2846 4011 quare
2877 3956 3031 3993 nunc
3062 3939 3236 3992 dicit:
3273 3938 3389 3992 Non
3434 3937 3643 4005 infrin-

1998 4032 2156 4097 gctur
2187 4030 2247 4081 in
2280 4044 2383 4082 me.
2422 4029 2554 4080 Ideo
2589 4028 2725 4097 quia
2769 4045 2880 4081 non
2917 4045 3032 4081 sua:
3067 4026 3432 4080 necessitatis
3470 4039 3646 4077 causa

2002 4115 2342 4186 accipiebat,
2387 4116 2484 4168 sed
2521 4121 2752 4185 propter
2783 4132 3100 4186 pauperes,
3136 4113 3235 4183 qui
3267 4110 3646 4181 Jerosolymis

2002 4203 2418 4259 consistebant.
2446 4205 2608 4258 Tune
2637 4202 2820 4272 gloria
2848 4205 2976 4274 ejus
3006 4199 3502 4272 inl'ringeretur,si
3527 4215 3644 4253 sua:

2002 4292 2364 4347 necessitatis
2392 4308 2568 4345 causa
2599 4291 2937 4362 accepisset.

2076 4383 2292 4450 Quare?
2320 4381 2495 4445 Quasi
2547 4381 2810 4435 diceret:
2857 4380 3021 4434 Forte
3053 4379 3178 4434 ideo
3229 4378 3646 4449 confringatur,

2004 4473 2140 4542 quia
2172 4486 2278 4525 non
2329 4469 2500 4535 diligo
2531 4485 2647 4538 vos,
2685 4472 2741 4523 et
2793 4469 2920 4524 ideo
2979 4484 3092 4522 non
3127 4465 3456 4537 accipiam?
3498 4466 3646 4520 Non.

238 4555 357 4609 sia-5
377 4554 840 4624 exspoliavi,etc.,
862 4553 1028 4622 quasi
1054 4551 1338 4606 dixisset:
1364 4551 1452 4606 Ab
1474 4550 1604 4605 aliis
1623 4552 1894 4609 Ecclesiis
1930 4575 1974 4638 Ι)
2006 4559 2152 4622 Quia
2178 4574 2282 4630 ego
2306 4558 2482 4629 diligo
2502 4559 2887 4631 vos,etmagis
2909 4574 3008 4613 vos
3026 4557 3204 4626 diligo
3217 4572 3329 4609 non
3360 4555 3648 4626 accipien-

241 4648 519 4713 sumptus
550 4640 767 4713 accepi,
801 4646 866 4695 ut
896 4641 1060 4695 vobis
1083 4640 1395 4713 praadicare
1427 4641 1897 4699 suflicerem.Ita-

242 4745 362 4800 que
394 4747 465 4786 ne
493 4747 731 4800 parvum
768 4747 897 4785 esse
929 4730 1246 4795 videretur,
1281 4730 1435 4800 quod
1468 4731 1614 4802 (760)
1663 4732 1732 4786 ab
1767 4732 1897 4788 aliis

243 4816 520 4874 Ecclesiis
551 4820 620 4873 ad
671 4835 875 4874 eorum
937 4816 1191 4874 salutem
1251 4824 1569 4888 acceperat,
1631 4819 1756 4875 ideo
1783 4821 1897 4876 tale

235 4906 486 4963 verbum
545 4907 760 4979 posuit,
821 4906 930 4960 hoc
981 4909 1088 4973 est,
1130 4906 1458 4976 exspoliavi.
1513 4907 1631 4961 Hoc
1664 4925 1897 4980 quoque

237 4995 571 5064 sciendum,
606 4994 746 5065 quia
778 5010 895 5066 quo
927 4993 1073 5048 nihil
1109 5009 1171 5049 se
1202 4995 1456 5050 ostendit
1484 4996 1776 5066 accepisse
1823 4998 1896 5053 ab

239 5084 378 5157 illis,
411 5101 478 5140 eo
511 5083 704 5156 magis
737 5083 832 5138 isti
864 5088 1198 5156 gravantur.

309 5174 624 5246 Sequitur:
661 5173 729 5227 Et
760 5189 881 5227 cum
910 5189 1079 5229 essem
1108 5173 1262 5244 apud
1294 5189 1407 5239 vos,
1439 5175 1492 5228 et
1519 5187 1752 5242 egerem,
1785 5179 1892 5229 etc.

239 5263 385 5319 Sane
417 5261 774 5325 notandum,
808 5259 946 5331 quia
968 5277 1084 5314 non
1117 5260 1308 5316 solum
1341 5265 1481 5316 tunc
1514 5259 1657 5313 nihil
1681 5261 1751 5314 ab
1781 5260 1895 5316 illis

233 5353 497 5426 accipere
528 5347 741 5416 voluit,
764 5349 998 5419 quando
1020 5349 1362 5405 abundabat
1391 5348 1759 5420 propriarum
1776 5365 1895 5403 ma-

294 5477 448 5548 (758)
483 5475 761 5531 Fortasse
785 5471 954 5548 diligi
988 5474 1312 5548 credebant,
1362 5477 1449 5528 vet
1492 5473 1890 5542 iulelligebant.

295 5545 448 5624 (759)
485 5548 767 5624 Fortasse
796 5545 1207 5624 liberalitatem.

295 5552 426 5624 (759
485 5551 767 5604 Fortasse
796 5551 1207 5601 liberalitatem.

291 5551 449 5698 (760i
483 5620 555 5675 In
590 5619 794 5686 autog.
825 5615 948 5675 loco
975 5617 1113 5690 quod
1140 5616 1355 5692 legitur
1383 5631 1470 5672 ne.

2010 4650 2105 4712 d0,
2141 4665 2316 4718 quam
2352 4647 2686 4718 accipiendo
2713 4665 2723 4701 :
2775 4653 2831 4702 et
2861 4651 2926 4702 ut
2953 4645 3220 4701 ostendat
3247 4660 3345 4698 eos
3385 4642 3646 4714 diligere,

2011 4735 2247 4792 subdit:
2281 4737 2420 4791 Deus
2471 4738 2613 4798 scit;
2669 4742 2731 4790 ut
2777 4736 2916 4790 dum
2967 4735 3047 4789 illi
3082 4750 3214 4788 eum
3247 4733 3515 4797 audiunt,
3547 4731 3647 4802 qui

2009 4824 2272 4879 omnium
2301 4825 2524 4880 occulta
2548 4825 2808 4881 cordium
2835 4825 3089 4889 novit,ad
3113 4821 3505 4878 ostensionem
3530 4837 3646 4876 suae

2007 4911 2338 4968 dilectionis
2363 4915 2628 4979 traxisse,
2663 4914 2802 4968 certi
2827 4915 2894 4969 de
2919 4913 3224 4968 dilectione
3249 4912 3645 4966 redderentur.

2008 5001 2159 5068 Quod
2187 5007 2367 5056 autem
2396 5005 2576 5072 facio,
2606 5009 2658 5058 et
2685 5007 2924 5074 faciam;
2957 5003 3013 5058 id
3045 5008 3152 5071 est,
3187 5003 3339 5056 sicut
3368 5000 3650 5055 hactenus

2007 5108 2122 5145 non
2156 5093 2370 5161 accepi,
2407 5110 2519 5147 non
2554 5093 2869 5164 accipiam:
2905 5097 2961 5147 et
3010 5092 3120 5147 hoc
3151 5097 3257 5158 est,
3292 5091 3444 5162 quod
3478 5104 3649 5158 supe-

2007 5178 2131 5233 rius
2163 5179 2419 5233 dixerat:
2456 5180 2700 5247 Servavi,
2726 5187 2777 5236 et
2806 5183 3044 5238 servabo.
3078 5183 3262 5245 Quare
3295 5178 3648 5233 manifestat.

2011 5267 2070 5322 Ut
2102 5268 2381 5336 amputem
2424 5270 2782 5336 occasionem,
2825 5274 2930 5324 etc.
2984 5265 3455 5339 Pseudoapostoli
3499 5263 3650 5318 vole-

2007 5355 2149 5410 bant
2176 5354 2519 5424 Apostolum
2569 5357 2852 5426 accipere,
2882 5363 2945 5411 ut
2995 5358 3078 5412 illi
3110 5357 3473 5412 occasionem
3505 5352 3654 5410 acci-

2078 5477 2226 5546 (761)
2259 5475 2430 5546 Vulg.
2466 5491 2630 5530 onere
2663 5494 2680 5530 :
2731 5485 2924 5602 autog.
2967 5498 3097 5536 vero
3139 5481 3227 5537 bis
3261 5499 3427 5541 onore
3456 5481 3649 5542 habet-

2107 5549 2186 5602 ita
2215 5549 2331 5602 fere
2362 5560 2594 5602 semper
2614 5548 2853 5602 verbum
2895 5566 3050 5602 conor
3069 5569 3199 5602 cum
3231 5555 3508 5602 depingit:
3529 5552 3649 5602 ιιιὶα

2007 5553 2076 5626 Et
2107 5549 2198 5626 ita
2211 5549 2331 5626 tere
2362 5560 2594 5626 semper
2612 5548 3050 5626 verbumjimwr
3069 5569 3199 5608 cum
3231 5555 3508 5618 derivatis
3529 5552 3656 5619 suis

2006 5619 2133 5676 sine
2161 5619 2354 5676 littera
2385 5618 2420 5673 h
2449 5617 2733 5692 scriptum
2764 5617 2994 5692 legitur.
