3990 6224
368 397 486 458 475

1394 401 1732 465 ATTONIS
1778 397 2356 464 VERCELLENSIS
2400 398 2750 461 EPISCOPI

3657 399 3781 461 476

375 530 571 605 piendi
597 533 975 605 perciperent,
1009 539 1296 608 quatenus
1345 538 1395 593 si
1428 538 1525 595 ille
1566 539 1883 610 accepisset
1914 552 2012 608 pa-
2044 534 2097 599 Α
2128 538 2495 606 promeretur
2522 533 2726 600 Deum,
2761 532 2900 604 quia
2929 531 3000 588 ab
3030 548 3096 588 eo
3126 547 3242 588 non
3274 530 3518 605 accipiet
3547 531 3770 589 exalta-

376 637 531 687 nem,
566 622 647 675 illi
678 640 882 678 aurum
914 643 925 689 ;
960 631 1014 680 et
1052 626 1178 680 ideo
1218 627 1328 682 sub
1368 628 1605 683 obtentu
1648 628 1817 683 istius
1856 644 2016 682 occa-

377 710 559 766 sionis
592 711 852 783 accipere
884 714 1134 769 nolebat.
1173 717 1237 772 Ut
1278 719 1336 770 in
1362 733 1466 787 quo
1497 718 1833 789 gloriantur,
1866 721 2013 773 inve-

370 802 599 854 niantur
622 802 763 856 sicut
792 811 845 857 et
878 819 990 858 nos.
1024 803 1552 860 Gloriabanturisti
1584 809 1653 861 de
1685 807 2014 877 acceptione

371 903 705 953 munerum,
740 891 873 961 quia
922 908 987 945 ea
1032 894 1351 947 sanctiores
1403 911 1529 949 esse
1561 896 1866 966 putabant,
1900 912 2013 965 quo

368 977 647 1047 gratiores
681 979 1068 1033 reddebantur
1091 980 1224 1044 illis,
1244 982 1341 1051 qui
1368 981 1642 1037 libentius
1664 984 1747 1037 eis
1766 983 2008 1037 dabant:

368 1063 767 1119 invenirentur
796 1065 874 1119 illi
910 1067 1063 1122 sicut
1093 1072 1148 1122 et
1178 1070 1443 1140 apostoli,
1476 1072 1522 1125 si
1554 1072 1932 1142 accepissent.

361 1152 509 1217 (762)
546 1152 681 1205 Nam
702 1154 984 1223 ejusmodi,
1019 1161 1127 1210 etc.
1154 1158 1421 1219 Subdoli;
1451 1158 1557 1227 illi,
1592 1160 1648 1212 in
1678 1160 1892 1230 quibus
1926 1160 2011 1213 la-

363 1243 443 1292 tet
475 1239 720 1306 malum,
754 1242 812 1295 id
843 1250 950 1309 est,
988 1246 1087 1315 qui
1119 1245 1275 1299 aliud
1310 1253 1505 1302 mente
1544 1252 1819 1310 tractant,
1853 1248 2010 1302 aliud

363 1343 534 1397 opere
566 1334 821 1398 patrant,
853 1331 1051 1398 veluti,
1105 1335 1596 1405 pseudoapostoli.
1634 1336 1719 1390 llli
1759 1353 2013 1407 namque

362 1416 661 1472 Christum
717 1419 1132 1488 prazdicabant,
1188 1423 1688 1495 baptismumque,
1726 1429 1875 1479 etc.:
1911 1426 2009 1480 sed

366 1508 564 1559 tamen
600 1505 716 1561 alia
747 1508 1069 1564 intentione
1095 1527 1108 1577 ;
1132 1511 1180 1564 ei
1214 1512 1343 1567 ideo
1388 1512 1695 1584 subjungit
1729 1530 1738 1566 :
1777 1514 2010 1582 Tvansﬁ-

367 1602 634 1661 gurantes
687 1612 744 1649 se
800 1598 859 1650 in
908 1600 1179 1668 apostolos
1222 1601 1469 1662 Christi;
1518 1600 1794 1671 quoniam
1834 1618 2011 1656 causa

368 1689 630 1751 quaestus
659 1689 714 1737 et
738 1684 883 1739 lucri
915 1688 1339 1757 praidicabant;
1371 1689 1617 1759 apostoli
1650 1706 1781 1744 vero
1813 1690 2009 1745 Chris-

362 1769 427 1838 ti,
460 1786 636 1826 causa
666 1772 873 1829 salutis
904 1776 1255 1832 animarum.

438 1861 504 1913 Et
533 1876 641 1915 non
672 1864 896 1928 mirum,
927 1868 1033 1919 etc.
1070 1866 1243 1928 Quasi
1294 1867 1547 1923 diceret:
1588 1868 1733 1931 Quid
1765 1868 2008 1923 mirum-
2039 1895 2087 1960 B

365 1946 413 2001 si
442 1949 703 2003 membra
733 1952 1249 2023 transfigurantur,
1269 1972 1401 2010 cum
1429 1956 1599 2011 etiam
1635 1962 1807 2028 caput
1827 1958 1854 2011 ?
1883 1958 2007 2024 Dia,

362 2034 532 2089 bolus
563 2052 816 2108 namque
847 2040 1088 2111 angelus
1131 2047 1219 2097 est
1249 2045 1645 2112 tenebrarum,
1686 2050 1741 2101 et
1774 2047 1819 2100 si
1852 2047 1910 2101 in
1943 2063 2011 2103 ea

361 2124 551 2194 specie
582 2128 935 2198 apparuerit,
961 2136 1197 2200 quaest,
1231 2148 1346 2186 non
1367 2133 1679 2205 recipitur;
1712 2139 1769 2189 et
1796 2136 1868 2190 ob
1899 2134 2009 2191 hoc

359 2227 415 2266 se
445 2215 801 2285 transﬁgurat
832 2217 891 2271 in
922 2221 1177 2289 angelum
1203 2221 1359 2286 lucis,
1396 2227 1458 2275 ut
1506 2222 1733 2279 facilius
1765 2241 1826 2279 se
1856 2241 2009 2279 com-

358 2303 611 2357 mendet.
649 2303 713 2357 Et
740 2304 876 2360 hinc
908 2307 1069 2362 electi
1117 2309 1353 2364 solliciti
1386 2311 1733 2382 redduntur,
1768 2317 1833 2367 ut
1872 2330 2004 2368 cum

355 2395 617 2459 apparet,
652 2391 960 2463 diligenter
986 2397 1326 2466 perquirant
1352 2404 1549 2453 utrum
1573 2416 1703 2455 vere
1728 2400 1805 2454 sit
1839 2401 2003 2467 lucis,

355 2492 460 2530 nec
490 2493 581 2531 ne.
614 2477 759 2533 Hinc
789 2484 877 2536 est
906 2484 1059 2552 quod
1089 2484 1267 2541 Josue
1287 2487 1491 2541 videns
1523 2487 1796 2560 angelum
1830 2489 2002 2543 dixit:

358 2566 549 2619 Noster
577 2581 651 2633 es,
682 2584 757 2621 an
807 2569 1266 2629 adversariorium
1298 2576 1488 2643 (Iosue
1533 2595 1587 2643 v,
1624 2578 1748 2647 13)?
1776 2579 1845 2632 Et
1872 2595 2005 2650 apo-

360 2651 493 2706 stoli
524 2653 786 2709 videntes
817 2656 1130 2714 Dominum
1163 2663 1559 2718 ambulantem
1615 2682 1793 2736 supra
1824 2682 2002 2736 mare,

354 2751 693 2813 putaverunt
722 2746 1051 2815 phantasma
1072 2766 1205 2813 esse,
1233 2756 1286 2805 et
1313 2753 1687 2809 clamauerunt
1716 2755 1899 2825 (Marc.
1923 2772 1999 2820 v1,

358 2830 463 2896 l19;
498 2834 697 2887 Matth.
730 2851 843 2904 XIV,
867 2837 987 2907 26);
1024 2843 1081 2892 et
1113 2839 1317 2894 Petrus
1348 2841 1550 2896 videns
1582 2859 1759 2914 supra
1790 2844 2001 2899 fluctus

359 2918 504 2972 dixit
536 2936 549 2973 :
582 2922 829 2989 Domine,
888 2928 938 2978 si
967 2930 1025 2980 tu
1054 2943 1126 2994 es,
1177 2929 1313 2998 jube
1340 2946 1424 2985 me
1454 2932 1639 2986 venire
1666 2932 1735 2987 ad
1765 2941 1831 2999 te,
1892 2938 1998 2989 etc.

359 3007 577 3078 (Matth.
612 3027 724 3080 xiv,
750 3013 865 3079 28.)
890 3015 1131 3081 Quorum
1160 3018 1290 3087 ﬁnis
1318 3028 1458 3089 erat,
1492 3024 1597 3075 etc.
1632 3020 1784 3076 Sicut
1806 3023 2003 3079 interit

354 3101 573 3167 venter,
605 3102 662 3152 et
688 3116 754 3155 ea
785 3098 914 3172 qua;
946 3105 1186 3170 ventris,
1220 3112 1376 3174 sunt,
1410 3114 1467 3163 et
1496 3114 1703 3166 caetera
1734 3112 2002 3168 transito-

348 3183 453 3256 ria,
487 3185 569 3240 ita
595 3191 653 3243 et
679 3188 774 3243 isti
808 3189 1173 3261 interibunt;
1224 3199 1281 3249 et
1304 3213 1475 3267 quem
1511 3199 1684 3254 ﬁnem
1717 3199 1973 3256 habituri

2125 622 2366 691 tionem,
2401 622 2501 675 sed
2551 620 3038 688 humiliationem,
3090 625 3146 676 et
3201 638 3314 675 non
3348 619 3775 693 laudationem,

2128 712 2225 765 sed
2260 709 2662 765 defectionem.
2716 710 2786 764 Et
2843 709 2950 765 hoc
3006 708 3241 781 exponit
3295 709 3777 767 subdendo:5ed

2125 801 2291 870 quasi
2321 800 2377 852 in
2407 800 2749 870 insipientia,
2782 804 2922 864 etc.;
2955 799 3123 870 quasi
3181 798 3433 853 diceret:
3466 801 3769 862 Quantum

2125 888 2195 942 ad
2230 904 2447 955 vocem,
2475 890 2534 942 in
2565 888 2989 943 hacsubstantia
3006 888 3202 958 gloriae
3236 885 3447 957 loquor.
3483 887 3776 959 Insipien-

2126 975 2205 1030 tia
2235 977 2465 1031 videtur
2494 993 2657 1043 esse;
2709 976 2845 1047 quia
2896 975 3234 1047 insipientia
3263 980 3351 1030 est
3380 975 3650 1032 homines
3682 994 3777 1032 se-

2126 1066 2408 1137 metipsos
2438 1064 2676 1120 laudare
2700 1064 2862 1127 velle,
2898 1070 2961 1118 ut
2991 1064 3134 1118 illud
3163 1081 3175 1119 :
3208 1066 3420 1119 Laudet
3450 1072 3503 1119 te
3532 1065 3773 1137 alienus,

2123 1157 2230 1206 etc.
2265 1154 2444 1223 (Prov.
2478 1170 2650 1218 xxvu,
2681 1155 2758 1223 2).
2801 1154 3094 1216 Quantum
3128 1154 3199 1207 ad
3232 1152 3616 1207 intentionem
3654 1172 3774 1210 non

2123 1246 2213 1295 est
2246 1241 2625 1313 insipientia;
2686 1246 2741 1296 et
2793 1242 2921 1296 ideo
2972 1241 3149 1297 dicit:
3199 1244 3375 1311 Quasi
3421 1243 3774 1310 insipientia,

2124 1348 2236 1386 non
2266 1347 2417 1385 vere.

2195 1421 2463 1487 Quoniam
2492 1420 2660 1474 multi
2688 1421 3022 1491 gloriantur,
3046 1425 3153 1475 etc.
3186 1420 3288 1475 His
3308 1420 3502 1475 verbis
3532 1422 3775 1477 denotat

2120 1507 2355 1562 Judaeos
2386 1510 2710 1572 credentes,
2742 1509 2813 1563 de
2844 1508 3145 1564 nobilitate
3166 1508 3396 1579 generis
3427 1507 3773 1580 gloriantes,

2121 1596 2499 1651 credentibus
2557 1612 2617 1650 se
2651 1612 2720 1650 ex
2774 1595 3046 1667 gentibus
3105 1597 3505 1667 praeferentes:
3558 1601 3615 1651 et
3659 1596 3773 1654 hoc
3839 1655 3870 1675 ⁸

2119 1701 2455 1755 perversum
2488 1691 2633 1751 erat,
2682 1685 2821 1755 quia
2873 1701 2988 1740 non
3038 1684 3379 1757 propagatio
3420 1685 3633 1755 carnis,
3669 1694 3769 1743 sed

2118 1773 2499 1837 conversatio,
2546 1779 2602 1828 et
2667 1774 2916 1829 imitatio
2957 1774 3093 1828 facit
3140 1772 3289 1828 filios
3330 1775 3592 1829 Abrahae.
3652 1775 3761 1832 Ubi

2117 1863 2447 1917 ostenditur
2475 1865 2703 1933 quantae
2735 1862 3082 1917 temeritatis
3103 1865 3243 1917 sunt
3272 1861 3381 1930 illi,
3409 1864 3504 1933 qui
3539 1879 3644 1935 per
3674 1881 3770 1919 sa-

2120 1956 2483 2005 cramentum
2544 1951 2820 2021 baptismi
2855 1950 2956 2004 ﬁlii
2988 1951 3089 2006 Dei
3121 1950 3328 2017 effecti,
3366 1953 3434 2007 de
3464 1950 3770 2007 nobilitate

2119 2039 2313 2094 carnis
2344 2038 2687 2110 gloriantur,
2719 2056 2845 2110 qua:
2876 2055 2974 2094 eos
3005 2038 3220 2095 diaboli
3252 2038 3403 2094 filios
3457 2056 3769 2112 generave-

2119 2132 2226 2182 rat.

2190 2217 2444 2271 Libenter
2470 2216 2735 2287 suﬁertis,
2763 2221 2875 2271 etc.
2910 2221 2974 2270 In
3006 2220 3193 2287 ccepta
3220 2216 3538 2272 intentione
3568 2216 3765 2272 mani-

2119 2304 2295 2359 festat
2326 2321 2443 2359 sua:
2484 2304 2845 2359 auctoritatis
2896 2305 3290 2360 ministerium
3322 2309 3380 2360 et
3434 2305 3764 2377 dignitatis,

2118 2410 2234 2463 qua
2265 2410 2378 2447 non
2412 2392 2602 2448 solum
2636 2393 3178 2465 pseudoapostolos,
3220 2393 3319 2448 sed
3352 2392 3527 2448 etiam
3560 2410 3767 2466 magos

2117 2482 2262 2552 (764)
2294 2481 2588 2536 videretur
2617 2483 2909 2552 excedere,
2945 2498 3320 2553 perseverans
3351 2482 3528 2538 dicit:
3575 2485 3767 2538 Liben-

2116 2579 2198 2626 ter
2225 2571 2483 2642 suﬂertis,
2516 2576 2623 2626 etc.
2657 2571 3005 2641 Insipientes
3037 2587 3293 2642 namque
3321 2571 3452 2627 illos
3482 2570 3762 2643 appellat,

2120 2658 2221 2729 qui
2254 2659 2323 2712 de
2357 2658 2657 2714 nobilitate
2706 2659 2936 2730 generis
2966 2658 3390 2730 gloriabantur,
3443 2664 3622 2731 atque
3653 2660 3763 2715 cir-

2113 2747 2492 2812 cumcisione,
2527 2748 2803 2818 quoniam
2826 2747 3167 2818 insipientia
3188 2748 3359 2803 estde
3380 2747 3603 2803 talibus
3632 2747 3762 2821 glo-

2112 2835 2267 2889 riari.
2304 2836 2463 2901 Quod
2495 2852 2628 2890 vero
2688 2836 2852 2906 dicit,
2907 2838 3198 2907 sapientes,
3253 2836 3521 2892 nonnulli
3555 2837 3765 2892 dicunt

2110 2924 2329 2979 ironice
2358 2925 2578 2980 dictum
2613 2925 2813 2993 fuisse,
2848 2930 2905 2980 et
2933 2927 3004 2981 ob
3032 2925 3140 2981 hoc
3172 2926 3253 2981 ita
3273 2926 3639 2998 pronuntiari
3665 2927 3765 2982 de-

2112 3012 2267 3079 bere,
2318 3018 2383 3067 ut
2439 3013 2837 3085 intelligatur:
2898 3031 3034 3069 nam
3093 3031 3460 3088 unaquaeque
3513 3031 3607 3070 res
3658 3018 3761 3071 aut

2113 3117 2309 3173 sensu,
2345 3107 2446 3158 aut
2475 3102 2946 3173 pronuntiatione
2975 3103 3338 3159 discernitar.
3373 3107 3573 3159 Potest
3597 3104 3756 3159 enim

2114 3190 2173 3245 in
2206 3190 2502 3246 similibus
2561 3191 2749 3246 verbis
2796 3190 3103 3247 dissimilis
3131 3208 3260 3247 esse
3318 3207 3561 3247 sensus:
3594 3192 3757 3247 verbi

355 3277 494 3327 sunt
518 3274 789 3343 adulteri,
850 3279 1451 3348 bomicidw,eumdem
1495 3287 1666 3342 etiam
1717 3290 1828 3343 erit
1856 3288 1985 3345 istis

2119 3278 2314 3349 gratia,
2339 3279 2386 3333 si
2421 3277 2630 3333 dicam:
2666 3283 2774 3333 Per
2797 3279 3141 3349 sapientiam
3158 3283 3320 3334 tuam
3336 3279 3548 3346 fecistt,
3567 3284 3761 3351 potest

355 3361 630 3419 simulate
661 3366 831 3421 bonis
854 3369 1023 3439 (763).

427 3451 634 3505 Iterum
664 3454 801 3509 dico.
834 3455 1069 3512 Dixerat
1101 3460 1400 3532 superius:
1450 3464 1667 3519 Utinam
1704 3468 1997 3523 sustinere-

354 3540 425 3593 tis
451 3540 745 3609 modicum,
774 3548 888 3599 atc.
915 3564 926 3600 :
962 3552 1019 3601 et
1065 3549 1261 3603 statim
1291 3550 1476 3605 voluit
1525 3553 1682 3607 istud
1717 3556 1953 3627 aggredi
1982 3574 1996 3623 ;

353 3628 453 3681 sed
486 3633 682 3684 tamen
728 3633 947 3703 Spiritu
997 3642 1196 3691 sancto
1227 3638 1481 3693 dictante
1529 3643 1793 3712 quaedam
1826 3645 2001 3699 verba

353 3715 641 3784 inseruit;
674 3718 766 3774 his
808 3721 1067 3789 insertis,
1100 3725 1357 3781 derivata
1388 3728 1727 3800 intentione,
1763 3732 1833 3786 ad
1887 3750 1999 3788 caa-

354 3806 523 3873 ptum
554 3804 817 3861 ordinem
852 3812 1178 3882 revertitur,
1213 3814 1490 3870 dicendo:
1527 3820 1731 3873 lterum
1758 3820 1880 3876 dico
1911 3822 2003 3892 (ne

357 3892 478 3961 quis
506 3909 592 3947 me
615 3903 768 3965 putet
796 3898 1188 3973 insipientem).
1236 3904 1351 3957 Hoc
1380 3904 1461 3959 ita
1499 3906 1659 3973 dicit,
1694 3908 1831 3979 quia
1860 3909 2002 3965 talia

356 3979 629 4036 dicturus
659 3990 781 4038 erat
814 3985 871 4040 in
904 3990 1451 4065 sequentibus,qua3
1483 3995 1551 4049 ad
1585 3995 1816 4051 laudem
1841 3997 2000 4055 illius

359 4070 602 4126 attinere
630 4072 811 4129 videri
841 4080 1109 4147 poterant
1138 4123 1149 4147 ,
1187 4082 1353 4152 quasi
1386 4083 1603 4138 diceret
1630 4102 1641 4140 :
1673 4085 1754 4139 Ne
1784 4087 2002 4157 putetis

356 4175 449 4215 me
484 4176 623 4215 meas
656 4161 850 4218 laudis
881 4180 1058 4220 causa
1088 4164 1195 4221 hoc
1224 4168 1433 4236 dicere,
1470 4172 1569 4225 sed
1605 4177 1811 4226 vestrae
1843 4173 1999 4227 salu-

356 4248 433 4303 tis
461 4267 474 4315 ;
510 4252 647 4322 quia
697 4255 1043 4310 necessitate
1075 4261 1311 4312 coactus
1343 4259 1490 4314 dico.
1524 4260 1692 4314 Sive:
1738 4265 1861 4315 Non
1896 4261 2002 4316 ali-

356 4337 489 4409 quis
521 4355 611 4394 me
629 4341 1198 4414 putetinsipientem,
1220 4345 1357 4417 quia
1382 4347 1683 4401 veritatem
1717 4348 1866 4415 dico,
1884 4350 2003 4405 sive

356 4426 494 4497 quia
525 4445 639 4483 non
662 4433 847 4483 totum
882 4432 1036 4502 quod
1057 4434 1239 4505 sapio.
1270 4434 1337 4487 Et
1366 4435 1492 4489 ideo
1516 4435 2005 4507 subjunxitzAlio-

359 4518 492 4585 quin
526 4518 671 4572 velut
702 4520 1049 4590 insipientem
1079 4524 1313 4592 accipite
1341 4539 1426 4578 me
1444 4524 1639 4594 ,‘quasi
1666 4524 1880 4579 diceret
1905 4543 1917 4580 :
1943 4527 2001 4581 Si

2109 3366 2257 3433 fieri,
2276 3372 2340 3421 ut
2366 3367 2661 3422 laudando
2692 3367 2873 3434 dicas,
2907 3367 3285 3439 potestetiam
3307 3367 3756 3439 viturperando;

2108 3461 2167 3510 et
2208 3455 2337 3510 ideo
2367 3456 2779 3525 interrogative
2829 3456 3302 3526 pronuntiandus
3333 3460 3422 3511 est
3450 3455 3560 3512 iste
3592 3455 3759 3513 locus

2110 3549 2175 3599 ut
2208 3544 2435 3615 negatio
2469 3544 2854 3615 intelligatur.
2916 3544 3068 3598 Sunt
3125 3545 3299 3598 etiam
3332 3545 3622 3613 nonnulli,
3658 3545 3759 3616 qui

2110 3632 2461 3705 simpliciter
2490 3632 2597 3686 hoc
2628 3632 2701 3686 ab
2750 3632 3027 3703 Apostolo
3074 3633 3294 3687 dictum
3355 3638 3565 3704 putant
3622 3634 3762 3705 quia

2109 3727 2275 3778 erant
2300 3720 2567 3777 nonnulli
2603 3721 2751 3776 inter
2775 3720 3106 3776 Corinthios
3134 3720 3448 3793 sapientes,
3480 3739 3629 3793 quos
3661 3722 3761 3778 ille

2109 3813 2166 3866 in
2199 3811 2390 3883 prima
2415 3808 2671 3880 Epistola
2698 3808 3052 3876 laudaverat,
3077 3814 3253 3881 atque
3283 3810 3340 3864 in
3364 3810 3646 3867 omnibus
3677 3811 3763 3866 di-

2108 3899 2257 3953 vites
2287 3913 2415 3953 esse
2447 3898 2690 3964 dixerat,
2713 3896 2815 3967 qui
2835 3897 3009 3951 etiam
3034 3897 3553 3970 pseudoapostolos
3577 3899 3760 3971 perfeo

2111 3987 2352 4043 rebant:
2387 3990 2441 4040 et
2472 3986 2749 4039 adversus
2769 3983 2899 4040 illos
2929 3983 3189 4055 loquitur
3206 3986 3541 4057 Apostolus,
3565 3987 3761 4043 dicen-

2114 4076 2223 4129 do:
2258 4075 2513 4129 Libenter
2567 4075 2829 4144 sit/fertis,
2890 4073 3059 4144 quasi
3105 4073 3357 4129 diceret:
3418 4073 3599 4130 Miror
3655 4092 3762 4131 cur

2111 4179 2211 4218 vos
2235 4162 2377 4216 adeo
2408 4160 2700 4232 sapientes
2722 4162 2865 4216 adeo
2898 4160 3420 4233 pseudoapostolos
3450 4161 3716 4219 toleratis
3742 4181 3759 4220 :

2116 4268 2248 4305 nam
2282 4249 2798 4321 pseudoapostolos
2844 4249 3114 4306 volebant
3160 4254 3414 4321 portare,
3446 4254 3512 4306 ut
3540 4251 3759 4323 glorio-

2114 4339 2295 4395 siores
2326 4339 2698 4407 haberentur,
2732 4343 2788 4393 et
2817 4337 2945 4393 ideo
2963 4338 3196 4394 dolebat
3219 4339 3554 4411 Apostolus,
3587 4342 3761 4412 quasi

2113 4427 2360 4483 diceret:
2398 4427 2583 4489 Quare
2613 4426 2755 4481 istos
2784 4428 3050 4498 portatis,
3095 4431 3153 4483 et
3182 4444 3275 4482 me
3307 4429 3454 4483 ferre
3484 4446 3603 4484 non
3628 4429 3762 4485 vul-

2112 4516 2188 4570 tis
2210 4515 2237 4569 ?
2268 4521 2374 4570 etc.
2407 4515 2738 4569 Notandum
2768 4515 2944 4585 enim,
2962 4515 3100 4587 quia
3122 4516 3354 4572 duobus
3376 4517 3575 4573 modis
3592 4518 3761 4574 electi

349 4607 525 4661 verba
570 4607 961 4678 inspexeritis,
995 4611 1133 4680 quia
1169 4626 1261 4664 me
1308 4611 1507 4665 videor
1537 4610 1797 4679 laudare,
1852 4612 1994 4669 insi-

2119 4605 2393 4676 patienter
2424 4603 2610 4658 malos
2666 4603 3008 4674 perferunt;
3055 4604 3197 4671 sive,
3250 4609 3316 4660 ut
3344 4621 3444 4661 eos
3496 4607 3571 4661 ad
3601 4607 3758 4663 viam

359 4694 613 4765 pientem
645 4713 737 4750 me
775 4713 903 4752 esse
960 4698 1279 4770 putabitis;
1330 4697 1378 4752 si
1424 4713 1559 4751 vero
1613 4698 1995 4759 intentionem

356 4784 933 4855 perpenderitis,non
961 4786 1356 4857 insipientem,
1382 4785 1481 4840 sed
1506 4786 1996 4862 sapientem,quia

358 4874 686 4942 agnoscatis
717 4891 809 4930 me
841 4876 1026 4930 facere
1057 4889 1233 4927 causa
1251 4871 1459 4927 salutis
1481 4873 1760 4945 aliorum;
1787 4886 1847 4932 ut
1875 4896 1989 4951 ego,

355 4961 508 5016 sicut
535 4960 639 5029 illi,
671 4963 943 5018 modicum
973 4961 1105 5032 quid
1133 4960 1358 5029 glorier,
1393 4961 1530 5033 quia
1553 4961 1635 5018 illi
1668 4966 1940 5024 multum.

425 5049 572 5116 Quod
600 5051 807 5120 loquor,
840 5066 949 5104 non
981 5050 1171 5119 loquor
1207 5050 1506 5106 secundum
1538 5056 1710 5109 Deum
1731 5073 1750 5109 :
1790 5057 1845 5111 id
1882 5063 1991 5124 est,

351 5139 504 5209 quod
540 5154 631 5192 me
686 5137 886 5203 laudo,
934 5141 1219 5206 quantum
1272 5141 1343 5193 ad
1376 5155 1598 5209 vocem,
1639 5160 1751 5199 non
1788 5144 1992 5218 loquor

350 5226 673 5281 secundum
694 5224 910 5291 Deum;
939 5223 1076 5296 quia
1101 5225 1200 5296 qui
1219 5243 1280 5282 se
1297 5224 1514 5299 laudat,
1542 5231 1857 5302 ipsalaude
1878 5252 1989 5291 non

444 5383 572 5461 2633.)
603 5381 665 5461 in
700 5386 1106 5461 autog._marg.
1144 5384 1241 5461 hic,
1262 5385 1475 5461 legitur
1503 5406 1629 5461 cap.
1663 5390 1853 5445 XXIV.

444 5453 571 5528 Ῐςὶέᾷ)
602 5451 767 5528 Forte
795 5451 1353 5528 subintelligendurﬁ
1385 5451 1598 5515 habere:

444 5520 572 5596 764)
603 5520 722 5596 Yox
769 5526 921 5594 apud
969 5520 1207 5596 Arabes,
1256 5530 1542 5586 Idumaeos
1584 5535 1642 5586 et
1693 5531 1992 5588 Chaldaeos

349 5591 765 5670 philosophum
808 5591 1217 5670 etsapientem
1258 5601 1531 5656 referens.
1572 5602 1716 5658 Vide
1748 5603 1990 5657 Tertull.

350 5668 554 5720 contra
581 5664 737 5737 Jud.,
772 5670 828 5722 et
856 5664 1071 5740 libfm,
1106 5675 1307 5728 contra
1350 5671 1627 5729 Marcion.
1657 5690 1671 5742 ;
1723 5677 1991 5731 sanctum

2105 4692 2362 4749 veritatis
2390 4690 2620 4746 trahere
2672 4691 2937 4762 possint;
2988 4694 3126 4758 sive,
3161 4696 3245 4764 ut,
3278 4693 3327 4748 si
3358 4710 3473 4749 non
3504 4697 3758 4768 possint,

2104 4779 2313 4837 saltem
2347 4795 2547 4835 eorum
2579 4780 2863 4850 patientia
2893 4786 3317 4836 remuneretur.

2171 4870 2468 4925 Sustmetis
2497 4870 2667 4936 enim,
2699 4874 2808 4924 etc.
2843 4869 2995 4932 Quos
3027 4869 3112 4924 illi
3173 4870 3565 4939 sustinebant,
3600 4890 3760 4930 nunc

2102 4958 2309 5029 incipit
2339 4956 2736 5023 manifestare,
2769 4958 3109 5014 subdendo:
3143 4958 3206 5014 Si
3232 4962 3329 5031 qui
3355 4976 3449 5016 vos
3493 4963 3552 5016 in
3584 4964 3757 5019 servi-

2100 5050 2274 5103 tutem
2302 5047 2530 5116 redigit,
2555 5046 2612 5101 id
2645 5050 2753 5113 est,
2784 5046 2952 5119 legis,
2977 5046 3115 5119 quia
3143 5047 3214 5102 ad
3241 5047 3351 5104 hoc
3381 5048 3758 5108 laborabant-

2103 5140 2167 5191 ut
2192 5135 2454 5191 servituti
2484 5135 2801 5191 subderent
2829 5152 2928 5191 eos
2960 5134 3106 5208 legis
3131 5153 3143 5204 ;
3169 5135 3311 5208 sive,
3335 5140 3397 5193 in
3416 5137 3753 5209 servitutem,

2099 5226 2238 5297 quia
2268 5224 2428 5280 illam
2452 5223 3066 5297 (765)dominationem
3098 5226 3443 5283 exercebant
3474 5231 3753 5286 sacerdo-

2099 5391 2312 5473 Justin.
2346 5396 2582 5473 martyr.
2614 5410 2635 5474 ;_
2660 5391 2884 5517 Dialo{g.
2938 5397 3146 5475 contra
3200 5393 3399 5477 Triph,
3430 5414 3444 5464 ;
3480 5405 3755 5482 sanctum

2099 5463 2511 5517 Epiphaniam.
2534 5465 2786 5517 Enitom.
2840 5464 2954 5517 πόθι
2978 5464 3191 5517 cathol.
3215 5482 3235 5517 :
3262 5473 3341 5517 et.
3383 5484 3442 5517 1n
3478 5477 3755 5517 renenhn.

2099 5462 2513 5536 Epiphaniam,
2534 5462 2954 5536 Epitom._ﬁdei
2978 5464 3191 5521 cathol.
3212 5482 3235 5527 ,ο
3262 5462 3341 5532 et,
3383 5462 3443 5523 in
3478 5473 3761 5528 recentio-

2101 5533 2287 5602 ribus,
2319 5533 2645 5600 Tostatum,
2678 5533 3015 5604 Marianam,
3050 5536 3413 5610 Barradium,
3460 5540 3752 5615 Grotium,

2101 5603 2433 5660 Cornelium
2464 5622 2498 5659 a
2526 5604 2665 5660 lan..
2699 5614 2756 5660 et
2774 5605 2919 5660 alios
2951 5606 3208 5660 auamnl.

2101 5604 2433 5661 Cornelium
2464 5622 2498 5659 a
2526 5604 2665 5678 lap.,
2699 5614 2756 5661 et
2774 5605 2919 5663 alios
2951 5606 3208 5679 quampl.

2173 5676 2319 5746 (765.
2351 5677 2414 5732 In
2445 5680 2641 5749 autog.
2672 5677 3102 5736 damnationem.
