3990 6224
156 418 268 478 477

720 415 1136 477 EXPOSITIO
1182 415 1259 475 IN
1307 413 1733 474 EPlS'l‘OLAS
1780 411 2036 474 PAULI.
2071 444 2146 454 —
2178 412 2255 471 ΙΝ
2301 414 2550 474 EPIST.
2600 413 2650 474 ΙΙ
2697 414 2801 474 AD
2846 411 3018 474 COR.

3462 413 3579 472 478

161 555 248 606 tes
306 548 655 604 Judieorum
717 548 775 602 in
837 549 1125 618 plebibus,
1161 566 1337 618 quam
1364 564 1516 601 nunc
1566 543 1818 618 episropi
1852 546 1905 610 Α
1941 544 2064 598 brio
2099 546 2537 610 manutcnebat,
2571 563 2704 598 cum
2740 545 2927 598 tribus
2965 561 3096 599 vero
3126 544 3502 616 percutiebat,
3537 527 3593 598 et

160 641 216 694 in
250 638 525 710 plebibus
556 643 844 692 exercent.
882 639 940 690 Si
969 641 1064 708 qui
1093 640 1309 694 derorat
1341 660 1351 705 ;
1388 641 1422 694 il
1458 648 1565 711 est,
1617 643 1661 696 si
1697 642 1829 712 quis

161 735 353 783 vestra
383 728 706 781 consumit:
745 743 876 780 nam
913 726 994 780 illi
1028 745 1224 781 curam
1273 732 1489 785 ventris
1550 733 1823 801 pravdieao

163 818 338 882 bant;
379 817 536 870 unde
568 816 721 869 idem
759 815 1105 884 Apostolus:
1169 820 1416 884 Quorum
1481 823 1614 874 Deus
1649 830 1832 874 renler

161 911 239 961 est
264 907 544 976 (Philipp.
584 922 666 966 ιιι,
709 907 812 968 19).
851 905 912 958 Si
940 908 1324 976 quisarcipit;
1367 908 1418 960 id
1454 916 1562 977 est,
1599 910 1644 962 si
1697 909 1830 978 quis

164 994 316 1065 rapit
348 1011 479 1065 quze
514 999 706 1046 vestra
738 998 917 1057 sunt;
952 995 1103 1047 unde
1137 995 1313 1049 etiam
1351 997 1529 1049 Grieei
1569 1003 1830 1067 raptores

163 1083 482 1152 accipitres
515 1090 738 1149 vocant,
773 1087 830 1134 et
862 1099 965 1134 nos
997 1082 1126 1135 illas
1179 1101 1333 1146 aves,
1387 1102 1515 1153 quae
1574 1085 1828 1138 sollicitis

164 1177 309 1225 sunt
343 1170 490 1223 alias
523 1187 744 1239 capere,
809 1171 1115 1239 accipitres
1176 1172 1448 1225 dicimus.
1477 1173 1756 1226 Similiter
1777 1179 1830 1224 et

161 1258 266 1312 isti
301 1257 684 1326 accipiebant,
716 1257 854 1326 quia
885 1257 1206 1325 rapiebant.
1242 1260 1305 1312 Si
1361 1262 1485 1327 quis
1541 1262 1832 1314 ertollitw

166 1345 646 1408 Extollebantur,
678 1347 813 1414 quia
844 1347 911 1398 de
936 1347 1356 1416 superstitione
1389 1349 1602 1418 gentis,
1657 1354 1830 1418 atque

178 1433 631 1488 circumcisione
661 1433 1083 1504 gloriabantur.
1118 1437 1180 1488 Si
1219 1439 1340 1505 quis
1373 1439 1429 1489 in
1487 1441 1685 1505 [ariam
1747 1453 1831 1489 eos

167 1523 352 1578 caedit.
392 1523 453 1575 In
489 1523 631 1576 facie
666 1540 918 1592 namque
970 1524 1188 1577 credere
1249 1530 1355 1586 est,
1418 1531 1610 1595 aperte
1661 1526 1829 1580 dero-

163 1627 303 1682 gare
335 1615 514 1682 atque
541 1611 805 1665 convicia
837 1612 1070 1666 inferre.

238 1699 553 1753 Secundum
583 1700 991 1767 ignobilitatem
1012 1700 1149 1754 diro.
1188 1702 1332 1766 Quia
1376 1702 1517 1756 talia
1565 1703 1831 1757 dicturus

167 1793 294 1842 erat
327 1788 384 1841 in
419 1788 840 1858 sequentibus;
877 1790 1027 1842 unde
1061 1795 1284 1859 poterat
1313 1791 1491 1843 videri
1555 1791 1786 1862 gloriari
1817 1810 1827 1846 :

1941 633 2032 685 ille
2069 640 2391 703 prostratus
2426 641 2557 687 ante
2592 652 2723 688 eum
2749 637 3085 703 jam-baLAC
3122 653 3220 706 per
3251 636 3356 688 hoc
3389 642 3583 688 osten-

1939 722 2097 775 ditur
2129 724 2265 793 quia
2301 726 2354 775 in
2389 725 2612 776 decima
2647 724 3017 792 pm‘t‘llssimte
3081 725 3486 792 trigenarium,
3527 727 3580 778 in

1940 820 2102 867 terna
2137 832 2264 866 vero
2298 813 2669 866 novenarium
2705 813 2986 882 explebat.
3022 815 3074 865 Si
3111 815 3263 867 enim
3338 821 3588 885 quatuor

1943 903 2876 973 percussisset,quadragenarium
2905 903 3324 972 explesset.Sed
3358 905 3402 956 si
3431 922 3586 974 quie-

1943 1009 2034 1045 ras
2071 993 2411 1060 mysterium
2471 993 2638 1058 (76%},
2705 1008 2881 1059 (piare
2933 991 3020 1044 lex
3052 993 3159 1045 boe
3197 994 3584 1062 pr:r.eepisset,

1943 1083 2259 1134 notandum
2281 1081 2416 1149 quia
2443 1081 2939 1148 quadragenarius
2957 1081 3583 1135 numeruseontlictum

1943 1171 2113 1223 istius
2138 1171 2260 1220 vitm
2288 1169 2891 1237 pt‘a's‘i'nlisdesignat.
2923 1171 2980 1220 lit
3012 1170 3172 1228 bene;
3214 1170 3346 1238 quia
3380 1171 3592 1223 ditiusa

1943 1275 2042 1328 per
2074 1264 2320 1327 quatuor
2357 1258 2554 1310 mundi
2590 1257 2822 1309 climata
2855 1273 2985 1309 eum
3020 1257 3288 1312 deealouo
3313 1259 3591 1310 adversus

1941 1346 2182 1398 insidias
2215 1345 2426 1398 dialniili
2463 1346 2720 1404 dimicat,
2750 1352 2809 1397 ut
2843 1347 2976 1397 vitia
3011 1346 3230 1414 patraia
3265 1350 3466 1415 tergat.
3499 1347 3590 1397 'I'er

1943 1437 2110 1500 virgis
2141 1452 2304 1488 cursus
2336 1452 2472 1487 sum.
2513 1434 2857 1502 Flagellatus
2891 1452 2922 1486 a
2969 1435 3188 1486 Judzris
3249 1434 3581 1504 quinquies,

1942 1541 2042 1594 per
2075 1540 2550 1592 unamquamque
2579 1523 2755 1576 vicem
2789 1523 3118 1586 trigonasei
3155 1539 3405 1575 novenos
3429 1539 3584 1575 acce-

1943 1619 2140 1683 perat;
2181 1611 2502 1677 llagi-llatus
2553 1629 2585 1664 a
2629 1612 2921 1678 gentibus,
2955 1613 3093 1681 quia
3155 1629 3266 1664 non
3317 1612 3579 1664 eamdem

1943 1700 2125 1768 legem
2160 1700 2671 1766 servabant,virgis
2704 1717 2834 1752 eum
2863 1701 3411 1754 eaxeideruntﬁemel
3445 1701 3584 1770 lapi-

1941 1789 2099 1841 datus
2129 1805 2244 1839 sum
2306 1791 2440 1856 (Art.
2505 1806 2615 1852 xxv,
2685 1790 3309 1856 18}.quen'iadmodum
3346 1789 3583 1858 Lystris.

168 1877 390 1930 idcirco
424 1876 728 1946 praemisit,
762 1878 1051 1931 secundum
1086 1880 1485 1946 ignobilitatem
1514 1898 1524 1945 ;
1554 1881 1829 1949 quoniam
1867 1907 1908 1969 Β
1945 1879 2035 1930 Ter
2070 1879 2422 1945 nau/mgium
2451 1879 2557 1941 feri
2588 1878 2719 1928 (ΑΝ.
2756 1894 2890 1940 xvn,
2921 1879 2949 1929 4
2995 1880 3007 1945 )
3038 1896 3048 1940 ;
3085 1877 3222 1946 quia
3255 1878 3589 1947 frequenter

169 1965 244 2018 ad
272 1963 587 2019 stultitiam
623 1966 834 2019 attinet
865 1966 1035 2019 alicui
1072 1967 1140 2019 de
1193 1968 1507 2038 semetipso
1570 1967 1828 2037 gloriari.

171 2053 342 2120 Quasi
374 2070 482 2108 non.
513 2055 728 2122 inﬁrmi
755 2056 1031 2123 fuerimus
1061 2059 1119 2107 in
1146 2057 1246 2108 hae
1273 2061 1428 2125 parte
1455 2074 1467 2121 ;
1503 2055 1556 2108 id
1603 2061 1710 2120 est,
1774 2057 1830 2109 in

168 2146 334 2213 parte
394 2141 782 2213 gloriationis.
843 2143 1016 2206 Quasi
1077 2144 1325 2196 diceret:
1391 2144 1444 2197 Si
1483 2143 1561 2197 illi
1596 2144 1832 2215 gloriari

167 2229 397 2292 volunt,
432 2235 487 2283 et
519 2247 624 2284 nos
656 2229 889 2300 gloriari
931 2248 1245 2300 possumus
1273 2249 1284 2298 ;
1311 2233 1586 2302 quoniam
1617 2233 1831 2286 Inﬁrmi

165 2318 226 2371 in
261 2317 382 2380 his,
412 2318 567 2371 unde
601 2319 706 2388 ipsi
741 2319 1086 2389 gloriantur,
1114 2338 1225 2374 non
1263 2324 1558 2376 sumuan
1583 2339 1689 2393 quo
1714 2325 1833 2392 quis

167 2405 342 2458 audet
375 2404 633 2473 (gloriari
667 2407 1056 2476 subauditur).
1095 2409 1267 2470 Quasi
1304 2409 1556 2472 diceret,
1612 2411 1668 2462 Si
1731 2427 1830 2463 au-

175 2494 281 2546 det
319 2491 542 2562 aliquis
577 2493 628 2546 in
665 2495 762 2548 hoc
786 2496 1100 2566 gloriari,et
1133 2514 1230 2563 ego
1264 2500 1535 2552 (καίει-λιιι
1570 2501 1831 2568 insipien-

167 2583 254 2636 tia
285 2582 430 2635 dico.
461 2582 526 2634 Et
557 2582 692 2652 quia
723 2601 782 2638 se
815 2583 1164 2640 laudaturus
1188 2592 1330 2651 erat,
1367 2587 1580 2641 idcirco
1605 2587 1832 2658 praemi-

169 2668 266 2733 sit,
304 2671 362 2722 in
398 2671 727 2739 insipientia
760 2673 902 2728 dico.

243 2757 443 2810 Semen
475 2759 711 2814 Abrahae
741 2764 888 2826 sunt,
922 2767 1054 2830 etc.,
1091 2779 1274 2831 usque
1309 2763 1403 2816 ubi
1438 2764 1578 2817 dicit
1609 2782 1620 2818 :
1672 2765 1834 2820 Mini-

172 2847 279 2900 δινί
309 2848 516 2901 Christi
545 2858 690 2901 sunt.
717 2849 786 2901 Et
815 2850 953 2919 quia
983 2850 1247 2904 dicturus
1279 2853 1558 2922 erat,plus
1601 2870 1691 2923 ego
1724 2853 1830 2905 mi-

178 2935 386 2999 nister,
423 2935 552 2988 ideo
586 2937 890 3005 praen'iisit,
925 2943 984 2991 ut
1018 2941 1198 2992 minus
1222 2943 1477 3008 lsapiens.
1536 2941 1597 2994 Iit
1657 2957 1833 3010 quare

179 3023 423 3077 dixisset
448 3022 600 3094 plus,
633 3024 839 3096 incipit
870 3027 1240 3082 manifestare
1272 3031 1326 3080 in
1356 3030 1634 3083 laboribus
1663 3030 1835 3099 pluri-

177 3113 309 3165 mis.
347 3111 605 3183 Coeperat
636 3112 793 3184 loqui
827 3116 1368 3186 pseudoapostolis;
1405 3119 1502 3171 sed
1535 3123 1725 3171 tamen
1762 3118 1830 3170 ad

177 3201 365 3254 bonos
397 3201 692 3272 apostolos
725 3203 923 3256 referri
957 3209 1146 3273 potest
1176 3205 1328 3274 quod
1363 3205 1534 3259 dicit:
1587 3207 1648 3259 In
1681 3206 1829 3258 latio-

176 3289 327 3342 ribus
342 3267 613 3360 plu-rimis
642 3309 654 3357 ;
689 3308 823 3345 nam
849 3267 1105 3346 ostendit
1135 3267 1232 3346 eos
1266 3293 1484 3347 instare
1508 3293 1824 3361 laboribus,
1860 3267 1903 3332 C

176 3379 367 3448 magis
394 3383 590 3432 tamen
623 3380 820 3434 seisto
853 3396 1120 3434 sermone
1173 3381 1369 3434 omnia
1424 3381 1524 3435 illa
1582 3399 1831 3452 sequen-

174 3465 256 3519 tia
287 3466 726 3535 comprehendi,
762 3469 821 3521 ln
857 3470 1166 3522 carceribus
1225 3469 1620 3524 abundantius.
1686 3473 1830 3524 Cum

172 3552 358 3606 dicit:
396 3555 795 3618 Abundantius,
831 3559 1083 3610 ostendit
1114 3558 1286 3611 etiam
1341 3575 1438 3611 eos
1493 3559 1549 3611 in
1605 3576 1830 3612 carcere

171 3641 492 3701 detrusos;
524 3644 620 3696 sed
653 3649 847 3698 tamen
881 3644 1826 3716 isteabundantius,quiainstanti

169 3728 588 3799 praedicatione
621 3733 814 3786 odium
852 3732 1098 3786 aliorum
1124 3735 1428 3788 adversum
1454 3735 1826 3799 seexcitabat,

171 3818 329 3870 unde
363 3819 417 3872 in
452 3835 683 3873 carcere
726 3821 1116 3876 detinebatur.
1172 3824 1230 3876 In
1289 3823 1469 3892 plagis
1498 3841 1666 3893 supra
1722 3841 1830 3878 m0-

171 3904 348 3966 dum;
380 3907 435 3960 id
469 3913 576 3971 est,
610 3913 667 3961 et
695 3914 922 3974 eietera,
953 3916 1006 3962 et
1042 3910 1150 3963 ista
1182 3929 1356 3982 super
1398 3929 1733 3966 mensuram
1768 3915 1826 3967 In

173 3996 444 4048 mortibus
529 4001 866 4066 frequenter,
929 4003 1016 4052 etc
1099 3999 1164 4051 Et
1223 4001 1358 4070 quid
1419 4006 1591 4064 esset,
1670 4002 1824 4070 quod

173 4099 354 4153 supra
410 4083 672 4138 dixerat:
734 4087 795 4140 In
880 4087 1078 4156 plagis,
1168 4093 1296 4156 etc.,
1360 4106 1512 4142 nunc
1570 4088 1822 4159 exponit,

171 4171 453 4225 dicendo:
519 4174 552 4225 Α
644 4173 842 4227 Ιιιιίεεὶδ
952 4177 1258 4247 quinquies,
1339 4183 1470 4245 etc.,
1556 4177 1611 4230 id
1715 4182 1821 4243 est,

170 4260 340 4330 quasi
366 4263 944 4333 transgressorlegis.
966 4265 1108 4318 Nam
1137 4273 1486 4335 praeceptum
1513 4265 1655 4336 legis
1678 4272 1820 4332 erat,

169 4354 236 4402 ut
267 4348 314 4402 si
348 4349 483 4419 quis
514 4356 919 4421 transgressor
939 4355 1204 4423 ejusdem
1230 4354 1519 4420 existeret,
1541 4356 1611 4408 ad
1641 4358 1822 4423 majo-

169 4452 262 4490 res
293 4443 433 4490 natu
466 4438 874 4503 deduceretur,
907 4446 963 4494 ct
997 4441 1043 4494 si
1077 4443 1472 4496 decrevissent
1510 4449 1572 4496 ut
1625 4443 1822 4512 ﬂagel-

168 4524 409 4590 laretur,
445 4526 573 4596 ipsa
604 4527 911 4598 ﬂagellatio
945 4531 1475 4600 quadragenarium
1512 4547 1823 4585 numerum

1944 1966 2275 2034 navigabat,
2310 1966 2434 2017 ideo
2491 1964 2855 2033 naufragium
2916 1966 3277 2033 patiebatur:
3341 1982 3474 2018 nam
3509 1966 3587 2018 ita

1943 2054 2084 2108 solet
2122 2055 2346 2106 evenire
2379 2053 2712 2123 frequenter
2743 2053 3169 2120 navigantibus.
3206 2054 3362 2106 Nocte
3417 2061 3465 2106 et
3494 2053 3586 2106 die

1943 2146 1997 2196 in
2027 2144 2298 2214 profunda
2333 2144 2499 2196 maris
2529 2144 2633 2209 fui.
2669 2141 2720 2192 Si
2758 2142 2926 2192 (idem
2963 2141 3218 2209 antiquis
3251 2140 3584 2193 doctoribus

1943 2234 2108 2303 cupis
2141 2232 2600 2290 aceonnnodare,
2629 2247 2741 2282 non
2777 2229 2940 2281 aliter
2967 2235 3050 2281 est
3113 2227 3576 2298 intelligendum,

1945 2338 2119 2392 quam
2156 2327 2355 2375 sonat:
2397 2321 2448 2372 id
2484 2319 3042 2387 est.intelligendum
3067 2323 3152 2370 est
3181 2334 3314 2370 eum
3342 2318 3449 2370 sub
3475 2334 3580 2370 un-

1943 2411 2030 2463 dis
2062 2411 2300 2463 rnarinis
2335 2409 2594 2462 latuisse.
2629 2409 2739 2461 Sed
2775 2425 2883 2460 non
2919 2407 3084 2459 debet
3116 2405 3288 2458 alicui
3336 2404 3584 2458 incredi-

1945 2499 2056 2552 bile
2087 2500 2287 2566 videri,
2322 2499 2471 2568 quod
2509 2497 2601 2549 ille
2635 2499 2705 2549 ab
2739 2497 2914 2549 undis
2948 2512 3058 2548 non
3094 2494 3198 2547 fuit
3233 2499 3431 2546 nectus
3483 2507 3583 2544 nec

1942 2586 2117 2639 etiam
2151 2603 2182 2638 a
2216 2587 2414 2638 bestiis
2447 2591 2500 2637 et
2525 2584 2731 2637 belluis
2754 2582 2993 2636 marinis
3016 2587 3421 2651 consumptus,
3448 2596 3584 2649 quo-

1943 2675 2098 2727 niam
2130 2675 2320 2727 divina
2353 2675 2722 2727 miseratione
2757 2672 2860 2725 l'nit
2917 2673 3173 2740 ejectus;
3232 2669 3481 2722 maxime
3512 2668 3583 2721 ob

1942 2763 2070 2829 hoc,
2107 2764 2242 2832 quia
2263 2764 2458 2816 Petrus
2484 2780 2658 2832 super
2683 2762 2868 2814 undas
2891 2761 3068 2813 maris
3094 2758 3431 2812 ambulavit.
3459 2758 3582 2810 Ma-

1941 2868 2119 2922 gnum
2154 2852 2306 2904 enim
2344 2852 2447 2903 t'uit
2481 2851 2642 2915 illud,
2679 2850 2775 2903 sed
2811 2855 3002 2901 tamen
3029 2849 3183 2901 istud
3213 2845 3587 2900 noninlerius

1943 2941 2060 2994 illo.
2094 2941 2200 2992 Sed
2238 2940 2282 2993 si
2317 2940 2398 2994 vis
2435 2941 2501 2992 ad
2539 2940 2877 3010 mysterium
2913 2940 3056 3006 (762))
3107 2939 3336 2996 rel'erre,
3373 2934 3585 2987 Paulus

1943 3029 2262 3098 naufragiis
2293 3035 2400 3082 sub
2439 3029 2608 3081 undis
2645 3026 2884 3080 marinis
2909 3024 3319 3084 latens,divina
3352 3022 3587 3075 misera-

1943 3119 2099 3170 tione
2129 3123 2355 3171 erectus
2387 3118 2554 3185 {77H},
2602 3116 2896 3186 signiticet
2949 3113 3255 3177 eruendus,
3319 3111 3414 3180 qui
3473 3127 3585 3164 non

1945 3204 2134 3258 solum
2161 3204 2541 3257 exterioribus
2572 3202 3022 3255 adversitatiims
3067 3201 3427 3267 afﬂiguntur,
3486 3198 3584 3251 sed

1943 3293 2115 3347 etiam
2149 3310 2280 3345 cum
2306 3294 2375 3344 ad
2413 3297 2657 3344 mortem
2692 3287 3063 3350 \-'enerint,vel
3098 3288 3268 3339 rebus
3291 3284 3584 3339 szeculari-

1943 3381 2053 3433 bus
2085 3380 2268 3450 Operti
2300 3380 2494 3432 divina
2529 3378 2896 3431 miseratione
2930 3377 3268 3429 liberantur.
3323 3378 3423 3427 Per
3482 3373 3583 3426 Pe-

1943 3473 2094 3520 trum
2132 3485 2406 3537 namque,
2440 3467 2536 3536 qui
2572 3482 2745 3536 super
2780 3465 2964 3517 undas
3000 3463 3177 3516 maris
3222 3461 3578 3516 ambulando

1941 3556 2245 3622 dubitavit,
2282 3563 2335 3610 et
2367 3557 2438 3609 ob
2472 3555 2577 3608 hoc
2612 3555 2790 3623 mergi
2825 3553 3017 3624 carpit,
3059 3553 3155 3606 sed
3194 3569 3324 3604 mox
3383 3556 3578 3603 tamen

1942 3663 2117 3698 manu
2152 3645 2344 3697 divina
2377 3649 2740 3698 sustentatus
2761 3644 2931 3706 est,id
2956 3647 3040 3695 est
3069 3642 3252 3695 sancti
3275 3641 3588 3712 designan-

1939 3734 2158 3804 tur,qui
2194 3734 2453 3803 injuncta
2486 3735 2594 3786 (ide
2627 3731 3075 3786 adversitatibus
3098 3730 3407 3785 istiusvitaz
3440 3746 3583 3800 prae-

1939 3822 2122 3878 sentis
2178 3825 2476 3877 calcantur
2531 3825 2700 3893 (771),
2761 3828 2814 3875 et
2873 3822 2917 3876 si
2996 3821 3321 3892 contigerit,
3409 3823 3471 3872 ut
3527 3819 3583 3871 in

1937 3913 2132 3983 aliquo
2168 3919 2530 3980 moveantur,
2566 3911 2741 3965 veluti
2775 3911 3062 3972 homines,
3122 3909 3314 3962 divina
3374 3907 3583 3979 pietate

1935 4002 2536 4056 elevantur.1\'onnulli
2561 3999 3256 4070 intelliguntproi‘undum
3275 3997 3451 4051 maris
3469 4013 3582 4049 non

1935 4090 2104 4161 longe
2137 4109 2169 4145 a
2199 4097 2371 4144 terra.

2006 4183 2065 4234 In
2099 4181 2382 4234 itineribus
2413 4194 2557 4246 sgrpe
2578 4195 2594 4236 ,·
2627 4176 2762 4246 quia
2791 4177 2861 4228 de
2893 4175 3014 4228 loco
3037 4175 3107 4227 ad
3134 4175 3325 4226 locum
3351 4173 3576 4226 discur-

1935 4271 2116 4337 rebat,
2147 4274 2206 4322 ut
2241 4268 2502 4320 inﬁdeles
2535 4267 2603 4318 ad
2643 4268 2810 4316 tinem
2843 4263 3112 4328 traheret,
3142 4261 3338 4314 tideles
3354 4277 3486 4313 vero
3521 4261 3578 4314 in

1937 4360 2046 4412 fide
2077 4358 2494 4411 corroboraret.
2529 4354 2794 4407 Perieulis
2833 4355 3144 4421 ﬂmnznum.
3185 4350 3374 4402 Potuit
3423 4348 3576 4403 enim

1937 4447 2078 4512 ﬁeri,
2116 4452 2176 4500 ut
2207 4445 2416 4499 biomis
2446 4451 2700 4514 texnpore
2734 4443 2871 4495 isset
2904 4458 3016 4510 quo
3050 4439 3294 4491 flumina
3341 4438 3576 4492 modum

1934 4538 2240 4599 excedunt,
2276 4534 2444 4589 utilli
2477 4531 2690 4588 volenti
2727 4531 2970 4584 transire
3006 4526 3372 4581 obstaculum
3434 4544 3575 4596 pra:-

169 4629 288 4667 non
320 4614 645 4679 excederet,
681 4633 749 4669 ne
775 4616 918 4670 forte
951 4619 1096 4672 ttede
1129 4618 1456 4690 flagellatus
1509 4621 1685 4673 frater
1735 4621 1822 4689 ja-
1859 4632 1903 4694 D
1937 4627 2221 4690 buissent,
2257 4631 2310 4679 et
2369 4625 2440 4677 ob
2495 4624 2598 4676 hoe
2662 4620 2937 4692 pericula.
2972 4618 3241 4672 I’erieulis
3296 4617 3573 4668 latronum

166 4706 328 4754 ceret
359 4705 489 4755 ante
520 4702 716 4758 oculos
763 4705 892 4774 ejus
951 4707 1112 4773 (Deut
1170 4725 1298 4774 xxv,
1383 4711 1419 4778 ).
1461 4709 1658 4763 Postea
1690 4725 1820 4763 vero

164 4785 456 4842 traditum
484 4797 614 4846 esta
635 4793 960 4862 majoribus
981 4794 1337 4866 ipsorum,ut
1363 4797 1599 4869 triginta
1617 4813 1823 4851 novem

160 4877 579 4948 percussiones
609 4881 989 4947 darentur,ne
1013 4883 1299 4955 loquendo
1325 4886 1825 4958 quadragenarius

159 4967 560 5033 excederetur,
591 4974 648 5022 et
677 4976 1077 5041 trausgressor
1109 4973 1252 5045 legis
1286 4975 1641 5029 redderetur.
1681 4973 1826 5027 Dicit

161 5055 318 5110 enim
355 5055 511 5110 Beda
542 5059 697 5127 quod
733 5059 788 5111 in
827 5058 994 5125 libro,
1031 5079 1202 5132 quem
1236 5063 1286 5117 ei
1336 5064 1621 5117 detulerat
1679 5081 1822 5117 suus

159 5146 338 5199 abeas
374 5147 522 5216 (766)
557 5147 630 5200 ab
663 5147 809 5200 urbe
859 5148 1036 5204 Roma
1095 5151 1149 5205 in
1212 5153 1568 5223 provinciam
1629 5169 1820 5218 suam,

157 5233 404 5290 vidisset
442 5236 664 5306 pictum
700 5240 981 5291 tortorem
1007 5243 1686 5313 stautem,quadritidum
1715 5241 1820 5294 fla-

157 5322 377 5394 gellum
412 5328 734 5391 tenentem,
770 5329 827 5377 et
859 5341 1032 5383 unam
1066 5330 1238 5385 fidem
1273 5333 1418 5402 (767)
1454 5349 1586 5386 cum
1621 5350 1822 5390 manu-

228 5465 377 5534 (766)
409 5466 678 5521 Fortasse
708 5464 922 5519 abiens.

227 5538 378 5609 (767)
405 5540 616 5609 Autog.
652 5536 828 5609 ﬁdam

230 5607 375 5680 (768)
406 5607 622 5680 Autog.
659 5608 1049 5680 ministerium.

232 5677 375 5750 (769)
408 5677 619 5751 Autog.
654 5677 1026 5738 ministerium
1050 5687 1339 5760 ρναεχὲννθ,

1931 4717 2175 4770 Videbat
2201 4714 2354 4768 enim
2389 4711 2655 4766 diabolus
2688 4710 3021 4764 aviditatem
3055 4706 3234 4765 illius.
3293 4705 3444 4775 quod
3479 4704 3574 4760 ille

1933 4822 2037 4859 sua
2073 4803 2478 4874 prmdicatione
2503 4801 2714 4854 multos
2744 4798 2963 4853 salvare
2985 4795 3188 4850 vellet:
3218 4793 3572 4849 multietiam

1935 4896 2097 4946 erant
2131 4891 2416 4960 salvandi,
2442 4895 2496 4943 et
2527 4889 2765 4954 salvati;
2801 4889 2928 4941 ideo
2987 4889 3240 4943 latrones
3295 4886 3574 4944 adversus

1935 4998 2064 5035 cum
2099 4982 2406 5046 excitabat,
2441 4977 2634 5048 utqui
2668 4979 2722 5030 in
2758 4979 2985 5033 civitate
3014 4980 3298 5051 exstingui
3334 4998 3446 5035 non
3480 4998 3578 5052 po-

1932 5076 2099 5136 terat,
2135 5070 2338 5124 saltem
2375 5088 2404 5122 a
2438 5067 2762 5122 latronibus
2798 5068 3335 5138 extinguereturlﬁt
3381 5071 3435 5123 in
3472 5070 3576 5124 hoc

1933 5157 2204 5223 ostendit,
2241 5159 2378 5228 quia
2411 5155 2551 5210 nihil
2588 5155 2913 5209 latronibus
2947 5158 3263 5226 pretiosum
3289 5158 3582 5211 deferebat

1930 5247 2201 5301 Periculis
2253 5261 2324 5296 ea:
2379 5260 2590 5312 genere.
2658 5243 2930 5297 Dolebam
2985 5247 3139 5299 enim
3197 5245 3380 5301 Judrei
3439 5245 3577 5314 quia

1931 5337 2118 5400 illum,
2172 5349 2342 5403 quem
2406 5338 2681 5385 noverant
2739 5333 3099 5388 defensorem
3153 5333 3298 5405 legis
3353 5339 3410 5388 et
3468 5351 3569 5405 pa-

1999 5479 2146 5546 (970)
2181 5477 2260 5529 Ex
2290 5472 2402 5540 his,
2437 5487 2561 5540 qua:
2597 5476 3226 5541 sequuntur,t‘ortassis
3257 5475 3564 5547 legendum

1927 5552 2133 5604 erutus.

1999 5619 2144 5687 (771)
2175 5618 2380 5684 Autog.
2414 5610 2644 5664 valeant.
