3990 6224
365 359 483 421 479
1387 369 1726 444 ATTONIS
1771 370 2356 433 VERCELLENSIS
2401 371 2752 437 EPISGOPI
3658 369 3795 435 480

366 503 668 556 ternarum
703 503 1080 558 traditionum
1109 503 1504 562 aemulatorem
1539 507 2004 581 (Gal.i,l!i),adeo
2034 505 2089 570 Α
2119 511 2420 578 penetrare
2441 507 2469 562 ‘I
2501 508 2601 564 llle
2632 509 2788 564 enim
2810 509 3064 565 exterius
3086 505 3792 576 adversitatibusaftlige-

367 596 431 642 ut
461 590 745 661 acciperet
773 592 1139 663 epistolas,ut
1169 594 1215 648 si
1249 613 1394 666 quos
1417 597 1699 654 inveniret
1729 599 2006 654 Christia-
2119 596 2310 663 batur,
2346 597 2592 652 interius
2614 615 2748 652 vero
2770 597 3162 653 sollicitudine
3183 597 3782 667 torquebatur,remi-

368 695 473 732 nos
505 681 638 744 (Act.
682 697 758 745 1x,
826 683 880 753 2)
941 689 1072 748 etc.,
1135 687 1530 754 agnoscebant
1591 688 1681 744 his
1732 688 2006 743 omnibus
2118 685 2348 741 niscens
2377 688 2530 758 quod
2558 692 2862 742 monuerat
2891 687 3162 759 (Philipp.
3197 704 3259 757 ιι,
3294 687 3368 757 4),
3425 702 3536 739 ηοη
3613 702 3785 757 quae-

367 783 689 839 repugnare
716 789 728 825 :
762 775 817 826 et
841 771 969 826 ideo
1001 774 1458 842 persecutionem
1493 777 2003 833 inferebant.Peri-
2114 785 2294 830 rentes
2321 777 2532 844 singuli
2555 792 2673 846 quae
2702 793 2803 830 sua
2833 780 2976 830 sunt.
3012 777 3156 831 Nam
3181 774 3290 830 iste
3322 775 3512 846 magis
3544 774 3782 830 sollici-

354 858 494 909 culis
522 862 595 912 ea:
617 861 883 926 gentibus.
919 861 1200 916 Dolebant
1233 863 1385 918 enim
1421 866 1668 935 gentiles
1699 884 1829 921 eum
1867 885 2004 938 prae-
2113 864 2315 918 tudine
2372 863 2618 919 aliorum
2661 865 3062 935 torquebatur,
3096 881 3272 934 quam
3333 881 3460 919 sua.
3496 864 3783 918 Timebat

357 943 552 1000 dicare
573 946 780 1001 Christi
816 949 1684 1022 passionem,resurrectioncm,
1717 960 1892 1026 atque
1930 956 1998 1008 ad
2111 953 2264 1007 enim
2300 970 2370 1008 ne
2401 954 2510 1024 ipsi
2543 954 2804 1008 videntes
2828 954 3174 1024 magistrum
3209 952 3782 1024 flagellatum,scan-

354 1033 528 1088 coelos
559 1037 964 1091 Ascensionem
992 1056 1003 1102 ;
1039 1044 1093 1092 et
1124 1041 1263 1110 quia
1298 1042 1474 1097 unius
1506 1043 1602 1097 Dei
1638 1043 1902 1097 notitiam
1940 1044 1997 1098 in
2112 1042 2521 1097 dalizarentur.
2557 1043 2662 1106 Qui
2695 1044 2849 1097 enim
2882 1043 3072 1097 verbis
3093 1042 3379 1114 explicare
3409 1041 3563 1097 valet
3592 1043 3784 1096 virtu-

353 1122 623 1176 cordibus
657 1123 959 1180 hominum
996 1128 1349 1198 inculcabat,
1383 1135 1439 1185 et
1465 1131 1618 1186 idola
1639 1133 1997 1197 destruebat,
2108 1138 2226 1187 tem
2261 1131 2472 1202 ipsius,
2509 1132 2608 1202 qui
2643 1149 2756 1185 uno
2816 1132 3137 1202 eodemque
3194 1137 3455 1202 tempore
3513 1131 3781 1186 exterius

347 1213 403 1262 et
425 1211 496 1263 ob
529 1210 634 1265 hoc
667 1215 1128 1282 persecutionem
1164 1218 1507 1274 inferebant.
1543 1222 1810 1274 Periculis
1843 1223 1896 1274 in
1921 1223 1996 1274 ci-
2114 1221 2583 1275 adversitatibus
2622 1220 2897 1291 fatigatur
2929 1221 3174 1287 ,nterius
3203 1236 3336 1275 vero
3375 1219 3783 1275 sollicitudine

351 1304 532 1354 vitale.
563 1299 753 1355 Veluti
787 1303 843 1356 in
877 1304 1180 1374 Damasco,
1219 1308 1316 1361 ubi
1352 1309 1433 1362 ita
1459 1309 1563 1363 fuit
1607 1309 1900 1378 astrictus,
1936 1315 2000 1363 ut
2107 1311 2458 1380 torquetur?
3580 1350 3584 1354 -

351 1388 574 1442 aditum
601 1390 858 1460 fugiendi
894 1409 1007 1446 non
1042 1393 1448 1461 inveniret,sed
1470 1398 1525 1451 in
1559 1403 1756 1467 sporta
1779 1399 1997 1452 missus
2182 1400 2312 1466 Quis
2342 1401 2678 1468 inﬁrmatur,
2711 1404 2820 1453 etc.
2852 1399 2967 1453 Hoc
2999 1399 3214 1453 etenim
3246 1397 3658 1470 compatiendo
3693 1397 3784 1452 di-

350 1494 450 1547 per
506 1479 819 1535 fenestram
908 1483 1056 1535 muri
1145 1502 1178 1538 a
1265 1486 1539 1539 fratribus
1612 1488 1998 1554 deponeretur
2113 1488 2297 1552 cebat,
2337 1505 2448 1541 non
2486 1488 2985 1557 simulando.Quis
3014 1487 3574 1556 scandalizatur,'etc.
3601 1487 3781 1541 Scan—

350 1567 427 1633 (Il
458 1567 659 1632 Coma,
688 1571 798 1636 33).
830 1570 1099 1627 Periculis
1131 1576 1187 1626 in
1217 1575 1546 1628 solitudine.
1585 1575 1859 1630 Diabolus
1894 1575 1993 1629 ad-

348 1670 553 1710 versus
583 1673 715 1711 eum
741 1659 1080 1727 suscitabat,
1116 1666 1221 1716 etc.
1257 1664 1529 1718 Periculis
1560 1666 1617 1718 in
1649 1667 1992 1729 mari.Quzc-

350 1744 619 1810 rendum,
652 1762 784 1800 cum
817 1749 1087 1819 superius
1119 1749 1397 1806 dixisset:
1447 1753 1610 1806 Nocte
1664 1757 1712 1807 et
1766 1753 1854 1806 die
1910 1754 1992 1806 in-

2105 1575 2302 1630 dalum
2341 1577 2496 1630 enim
2536 1577 2958 1631 motumcarnis
2989 1574 3265 1646 appellat,
3298 1575 3396 1646 qui
3430 1575 3581 1630 solet
3638 1577 3763 1630 ﬁeri

2107 1665 2337 1720 duobus
2369 1665 2688 1731 modis,aut
2708 1664 2951 1720 alterius
2974 1681 3237 1737 personae
3258 1663 3770 1736 pulchritudinem

2104 1753 2493 1824 inspiciendo,
2519 1759 2620 1808 aut
2650 1755 2856 1808 ardore
2878 1755 3123 1825 propria:
3145 1753 3476 1808 carnis.Sed
3497 1752 3605 1807 iste
3629 1751 3768 1806 talis

344 1833 618 1932 profundo
636 1839 818 1936 :narz's
844 1839 948 1905 fui,
983 1854 1161 1908 quare
1190 1839 1399 1894 iterum
1451 1841 1687 1911 repetit:
1717 1842 1991 1895 Periculi:
2024 1871 2071 1936 B
2106 1857 2219 1896 non
2254 1841 2440 1907 cedat,
2463 1857 2567 1896 nec
2599 1842 2964 1908 succumbat,
2999 1841 3245 1896 audiens
3277 1840 3388 1896 sibi
3413 1839 3762 1912 Apostolum

344 1922 405 1974 in
435 1924 598 1976 mari.
635 1923 744 1978 Sed
767 1925 915 1994 jam,
949 1926 1086 1997 quia
1117 1927 1341 1998 repetit,
1365 1929 1649 1984 debemus
1672 1927 1994 2001 intelligere

349 2007 490 2063 illud
527 2010 871 2082 periculum,
907 2016 1142 2084 quando
1193 2017 1474 2072 Caesarem
1534 2017 1843 2089 appellavit
1874 2021 1984 2088 (Ac.

350 2115 478 2169 xxv,
515 2101 620 2169 10),
644 2106 699 2154 et
730 2106 819 2156 est
851 2102 1096 2159 Romam
1129 2105 1384 2160 directus
1417 2124 1550 2160 cum
1583 2107 1825 2176 caeteris,
1859 2107 1987 2179 qui-

342 2189 452 2242 bus
485 2190 893 2261 navigantibus
926 2193 1131 2248 incidit
1162 2197 1323 2248 navis
1357 2195 1414 2250 in
1439 2197 1641 2268 syrtim
1671 2199 1986 2265 [.»tct.xxv11,

343 2277 453 2343 41),
487 2283 543 2332 et
573 2279 953 2336 decreverunt
1002 2283 1219 2338 milites
1276 2285 1584 2356 pervigiles
1645 2285 1984 2355 interﬁcere,

345 2369 410 2421 ut
443 2365 645 2421 nullus
673 2371 926 2423 natando
960 2373 1199 2426 evadere
1240 2378 1473 2443 posset;
1535 2375 1634 2429 sed
1691 2375 1989 2445 prohibuit

346 2455 608 2509 centurio
640 2463 875 2527 propter
906 2459 1147 2514 Paulum
1181 2463 1365 2531 (lbid.,
1401 2465 1782 2532 l13).Periculis
1805 2467 1862 2518 in
1883 2465 1988 2534 fal-

339 2543 416 2596 sis
447 2544 739 2611 fratribus.
774 2546 972 2602 Falsos
1004 2550 1208 2606 fratres
1265 2552 1520 2624 appellat
1575 2555 1872 2610 credentes
1921 2572 1989 2609 ex

338 2630 581 2693 Judaeis,
615 2633 715 2704 qui
745 2651 1083 2708 qnanquam
1117 2639 1518 2710 credidissent,
1552 2647 1747 2698 tamen
1771 2642 1985 2714 legales

339 2721 717 2776 caeremonias
747 2724 1168 2792 observabant;
1197 2729 1398 2784 etideo
1421 2729 1634 2800 talsi,et
1655 2731 1765 2802 ipsi
1797 2747 1989 2802 perse-

337 2807 633 2862 cutionem
668 2809 1000 2866 inferebant
1029 2814 1226 2869 Paulo.
1259 2819 1320 2871 In
1351 2818 1558 2885 labore,
1611 2819 1670 2873 id
1723 2825 1811 2874 est
1866 2819 1986 2874 sive

340 2897 795 2963 manuum,sive
828 2901 1275 2970 praedicationis.
1318 2905 1462 2960 Nam
1523 2924 1556 2961 a
1604 2909 1792 2978 prima
1845 2907 1989 2962 hora

340 2983 452 3040 diei
488 3002 671 3056 usque
703 2988 772 3042 ad
805 2989 1391 3065 quintam,operando
1423 2995 1637 3050 victum
1662 2996 1772 3050 sibi
1789 2997 1987 3067 acqui-

341 3073 542 3140 rebat;
575 3091 607 3128 a
639 3076 842 3146 quinta
865 3095 1049 3150 usque
1079 3082 1148 3135 ad
1187 3083 1554 3137 undecimam
1613 3085 1982 3156 przedicabat.

348 3163 414 3216 Et
437 3163 575 3232 quia
607 3169 795 3234 potest
823 3182 951 3223 esse
980 3167 1144 3225 labor
1172 3173 1396 3242 absque
1453 3190 1733 3240 aerumna,
1790 3173 1847 3228 id
1900 3180 1988 3229 est

342 3249 468 3304 sine
498 3251 816 3324 indigentia
846 3259 903 3310 et
936 3259 1197 3327 penuria,
1232 3264 1296 3314 ut
1325 3261 1660 3316 ostenderet
1697 3262 1984 3316 extiosum

335 3336 616 3408 laborem,
646 3343 986 3413 subjunxit:
1022 3350 1308 3404 :Erumna.
1345 3350 1404 3404 In
1427 3353 1630 3422 vigiliis
1645 3351 1986 3417 multis,sive

335 3426 783 3496 przedicationis,
813 3433 932 3490 sive
961 3437 1336 3506 operationis,
1362 3443 1427 3493 ut
1455 3440 1673 3494 victum
1714 3440 1982 3510 acquire-

336 3518 440 3570 ret.
467 3515 535 3570 Et
563 3517 708 3574 bene
738 3521 950 3591 vigiliis
980 3523 1258 3592 instabat,
1293 3526 1430 3598 quia
1463 3544 1698 3584 necesse
1753 3533 1860 3596 est,
1922 3533 1986 3583 ut

339 3609 439 3681 qui
474 3609 762 3680 angustiis
792 3612 1088 3684 fatigatur,
1110 3615 1624 3688 vigilet,quatenus
1647 3623 1827 3672 Deum
1861 3635 1985 3688 pro-

341 3706 634 3756 mereatur
662 3701 876 3755 habere
906 3701 1294 3758 liberatorem.
1329 3706 1390 3759 In
1415 3709 1570 3775 fame
1624 3710 1674 3760 et
1721 3707 1838 3771 siti,
1865 3707 1985 3759 sive

338 3805 595 3858 necesse,
628 3789 748 3845 sive
777 3788 1167 3848 voluntarium
1194 3833 1207 3858 ,
1241 3792 1378 3864 quia
1408 3794 1479 3848 de
1508 3792 1630 3849 loco
1661 3795 1728 3848 ad
1790 3793 1982 3848 locum

342 3877 621 3949 fugiebat,
655 3883 712 3933 et
741 3878 868 3933 ideo
894 3897 1008 3934 non
1036 3880 1256 3952 absque
1287 3881 1439 3935 fame
1477 3898 1604 3937 esse
1640 3886 1886 3952 poterat.
1918 3881 1980 3940 E:

343 3965 483 4038 quid
515 3970 664 4020 esset
695 3968 846 4037 quod
878 3969 1133 4023 dixerat:
1169 3971 1228 4024 In
1257 3971 1405 4040 fame
1432 3979 1482 4025 et
1511 3972 1623 4035 siti,
1647 3969 1985 4040 subjunxit;

346 4060 413 4111 In
432 4055 672 4125 jejuniis
710 4057 885 4125 (7e72)
915 4058 1128 4124 multis,
1163 4058 1282 4112 sive
1313 4058 1673 4126 voluntariis,
1709 4058 1827 4112 sive
1887 4073 1986 4111 ne-

350 4144 617 4200 cessarie.
650 4145 710 4198 In
740 4147 948 4216 frigore
991 4151 1039 4200 et
1076 4146 1343 4201 nuditate.
1407 4147 1594 4202 Habes
1651 4145 1986 4216 exemplum

343 4235 401 4289 in
432 4234 677 4289 Actibus
708 4234 1123 4306 apostolorum,
1157 4235 1257 4290 ubi
1284 4234 1662 4307 legitur,quia
1681 4234 1988 4304 navigante

344 4323 704 4395 Paulo(dct.
753 4341 948 4393 xxvm,
1001 4325 1051 4392 1,
1121 4325 1198 4396 2),
1285 4341 1418 4378 cum
1495 4323 1750 4377 venisset
1829 4321 1986 4375 Meli-

344 4418 464 4467 tam
523 4413 671 4485 (773)
721 4412 998 4483 insulam,
1031 4418 1270 4485 propter
1325 4412 1532 4482 frigus,
1593 4411 1735 4464 dum
1793 4410 1986 4463 focum

342 4502 556 4557 faceret
585 4517 652 4556 ex
680 4502 996 4558 sarmentis
1024 4501 1257 4566 vitium,
1283 4499 1479 4570 vipera
1502 4496 1715 4550 invasit
1747 4511 1986 4550 manum

345 4591 494 4662 ejus,

420 4683 631 4738 Prwter
657 4681 778 4750 illa,
806 4685 913 4736 etc.
948 4679 1052 4734 Illa
1081 4677 1222 4732 dicit
1255 4673 1639 4734 extrinsecus,
1674 4687 1800 4742 quae
1821 4687 1993 4744 supe-

350 4771 471 4824 rius
521 4774 944 4825 numeraverat.
980 4769 1047 4822 Et
1079 4772 1143 4820 ut
1203 4762 1419 4817 leviora
1470 4758 1759 4814 ostendat.
1812 4760 1994 4816 dixit:

346 4861 616 4914 Instantia
643 4884 656 4925 ;
689 4859 827 4930 quia
859 4873 973 4928 quo
1000 4853 1261 4909 crebrius
1287 4847 1666 4903 adversitates
1697 4849 1990 4917 eveniunt,

346 4966 410 5004 eo
447 4949 630 5004 levius
679 4950 1040 5003 tolerantur:
1102 4937 1434 5006 Quotidiano
1491 4936 1819 5007 sollicitudo,
1880 4943 1987 4992 etc.

343 5038 504 5094 Unde
536 5038 657 5092 haec
669 5031 1027 5090 consuetudo
1046 5024 1389 5082 descendit?
1406 5025 1484 5078 Ex
1505 5023 1747 5096 antiqua
1790 5025 1990 5098 utique

341 5127 653 5182 traditione
685 5123 941 5176 Patrum.
979 5117 1124 5171 Nam
1175 5111 1286 5182 ipsi
1327 5113 1642 5168 monebant
1697 5115 1991 5170 auditores

345 5217 471 5270 sine
503 5206 937 5266 intermissione
970 5201 1289 5257 monendos
1321 5217 1450 5256 esse
1481 5202 1692 5257 debere
1719 5221 1732 5270 ;
1765 5208 1821 5257 et
1860 5203 1990 5258 ideo

348 5304 460 5358 iste
495 5303 715 5355 tantam
746 5292 1196 5349 sollicitudinem
1251 5293 1569 5346 exercebat.
1631 5291 1776 5346 Dicit
1833 5292 1989 5346 enim

352 5392 559 5453 beatus
591 5382 904 5453 Gregorius
931 5398 944 5436 :
977 5380 1115 5444 Quis
1141 5378 1288 5434 valet
1315 5379 1536 5435 viscera
1565 5379 1797 5451 pietatis
1827 5379 1991 5435 Pauli

423 5514 572 5590 (77:2)
602 5512 811 5590 Autog.
842 5504 1176 5590 in‘vigil-iis,
1235 5519 1410 5586 quam
1458 5503 1872 5590 repetitionem
1907 5503 1989 5590 u‘ti

352 5573 694 5638 mendosam
743 5573 1037 5636 vitandam
1096 5574 1320 5640 censui,
1352 5573 1718 5644 iuxta’Vulg
1766 5575 1990 5645 agendo

349 5671 412 5715 in
426 5668 676 5725 Jejunus,

2105 1945 2233 1985 esse
2265 1928 2738 2000 compatientem.
2776 1930 2919 1984 Item
2954 1929 3000 1984 si
3027 1929 3226 2000 aliqua
3265 1927 3765 1999 titubationepul-

2099 2023 2402 2082 satur,non
2435 2018 2663 2072 diffidat
2693 2018 2804 2073 sibi
2839 2024 3013 2074 Deum
3030 2019 3347 2090 propitium
3369 2018 3548 2072 facere
3571 2031 3752 2086 posse

2099 2106 2376 2178 quoniam
2401 2106 2715 2177 Apostolus
2748 2106 2828 2160 illi
2862 2107 3300 2178 cempatitur,et
3331 2106 3449 2177 ipse
3478 2104 3653 2158 etiam
3680 2121 3750 2159 se

2101 2195 2242 2250 dicit
2272 2195 2382 2249 uri.
2415 2199 2563 2249 Sunt
2594 2194 2881 2261 nonnulli,
2917 2195 3018 2266 qui
3049 2194 3251 2250 volunt
3307 2192 3629 2262 intelligere
3682 2193 3755 2246 fi-

2101 2285 2258 2349 dem,
2295 2288 2358 2338 ut
2389 2284 2466 2338 sit
2497 2299 2745 2338 sensus:
2772 2283 2912 2348 Quis
2943 2282 3394 2349 intirmatur,vel
3424 2279 3557 2352 quis
3580 2296 3754 2334 scan-

2101 2373 2406 2438 dalizatur,
2437 2377 2494 2427 et
2517 2387 2622 2443 ego
2654 2388 2768 2426 non
2794 2371 2983 2444 patior
3001 2372 3028 2425 ‘I
3047 2371 3327 2426 Similiter
3355 2371 3426 2425 de
3469 2369 3758 2424 charitate

2097 2468 2153 2518 et
2184 2460 2405 2516 caeteris
2446 2460 2761 2516 virtutibus
2809 2459 3162 2532 intelligunt.
3227 2460 3440 2532 Magna
3497 2473 3758 2527 namque

2098 2551 2321 2605 dixerat
2352 2548 2644 2619 superius.
2677 2548 2777 2604 sed
2793 2551 2990 2602 tamen
3024 2547 3136 2602 ista
3161 2547 3438 2602 inferiora
3462 2561 3581 2600 non
3613 2547 3758 2598 sunt

2099 2639 2207 2694 Sed
2242 2639 2385 2692 forte
2417 2636 2559 2690 dicit
2589 2635 2840 2708 aliquis:
2875 2636 3173 2701 Quomodo
3205 2635 3314 2690 iste
3347 2637 3554 2706 justus
3607 2635 3752 2697 erat,

2096 2727 2195 2798 qui
2228 2727 2308 2781 ita
2337 2743 2444 2781 sua
2475 2727 2628 2781 bona
2649 2725 2978 2780 referebat?
3005 2724 3149 2790 Quia
3177 2724 3330 2780 Deus
3362 2740 3502 2779 suas
3535 2721 3755 2793 [laudes

2096 2817 2155 2870 in
2187 2815 2398 2870 divinis
2429 2814 2742 2886 Scripturis
2771 2813 2996 2880 inserit,
3019 2830 3131 2869 non
3165 2817 3254 2868 est
3278 2813 3437 2868 enim
3469 2812 3584 2868 sibi
3617 2827 3758 2865 con-

2095 2905 2314 2960 trarius
2347 2903 2462 2972 ille,
2499 2903 2601 2974 qui
2636 2902 2779 2958 dicit
2807 2921 2819 2958 :
2857 2903 3069 2958 Laudet
3098 2909 3152 2957 te
3180 2903 3418 2972 alienus,
3445 2906 3496 2957 et
3552 2920 3663 2958 non
3693 2922 3754 2960 os

2097 3002 2254 3049 tuum
2284 2992 2470 3063 (Prov.
2503 3009 2674 3059 xxvn,
2706 2992 2781 3062 2),
2818 2995 2925 3046 etc.
2952 3009 2965 3058 ;
3002 2991 3101 3046 sed
3134 2991 3262 3046 ideo
3294 2989 3651 3058 manifestat,
3687 2997 3755 3048 ut

2098 3086 2465 3153 agnoscatur.
2527 3080 2810 3143 Quoniam
2840 3079 2906 3150 [si
2964 3096 3079 3134 non
3140 3079 3570 3151 manifestatur,
3634 3098 3751 3136 non

2100 3175 2549 3243 agnosceretur;
2613 3169 2662 3223 si
2720 3184 2836 3222 non
2909 3172 3341 3239 agnosceretur,
3416 3185 3531 3224 non
3582 3187 3752 3225 ama-

2097 3265 2294 3325 retur;
2329 3258 2377 3314 si
2411 3275 2526 3313 non
2559 3261 2876 3322 amaretur,
2910 3272 3024 3310 non
3063 3261 3424 3328 sequeretur,
3477 3274 3596 3312 non
3657 3275 3754 3313 re-

2097 3351 2436 3403 muneraret
2451 3346 2871 3417 sequentes.Ea
2891 3343 3214 3399 intentione
3234 3344 3452 3400 Paulus
3467 3362 3577 3400 sua
3599 3347 3755 3402 bona

2095 3437 2400 3492 referebat.

2167 3525 2478 3596 Sequitur:
2514 3524 2573 3578 Si
2599 3523 2836 3594 gloriari
2863 3525 3087 3592 oportet,
3113 3525 3220 3576 etc.
3255 3522 3356 3576 Est
3394 3523 3553 3577 enim
3615 3540 3752 3579 sen-

2095 3631 2235 3670 sus:
2271 3614 2331 3669 Si
2361 3628 2597 3668 necesse
2628 3615 2716 3668 est
2745 3609 3006 3682 gloriari,
3039 3626 3154 3664 non
3185 3609 3244 3664 in
3267 3609 3398 3666 aliis
3427 3611 3750 3682 gloriabor,

2095 3703 2207 3758 nisi
2238 3705 2298 3757 in
2327 3700 2748 3772 inﬁrmitatibus
2775 3699 3081 3753 meis.Nota
3101 3698 3240 3769 quia
3262 3699 3638 3757 inﬁrmitates
3656 3720 3755 3774 ap-

2094 3791 2272 3862 pellat
2301 3791 2566 3854 adversa,
2599 3805 2724 3859 quae
2739 3786 3012 3857 superius
3039 3787 3429 3856 descripserat
3454 3804 3467 3842 :
3497 3791 3560 3843 In
3579 3792 3751 3860 fame,

2092 3880 2308 3952 inquit,
2339 3889 2389 3933 et
2417 3877 2531 3941 siti,
2565 3881 2672 3931 etc.
2703 3876 2888 3938 Quare
2919 3890 3055 3946 ergo
3086 3875 3144 3930 in
3177 3875 3270 3930 his
3300 3875 3751 3948 gloriatur,cum

2096 3970 2155 4023 in
2187 3969 2408 4023 eisdem
2441 3965 2584 4019 nihil
2623 3965 2887 4018 videatur
2912 3980 3040 4018 esse
3070 3963 3523 4034 gloriosum,sed
3558 3971 3751 4022 totum

2097 4054 2332 4111 ﬂebile?
2360 4056 2428 4107 At
2458 4069 2610 4117 vero,
2644 4052 2691 4105 si
2717 4051 3028 4122 diligenter
3048 4051 3511 4122 attendas,valde
3535 4055 3756 4124 glorio-

2097 4160 2230 4199 sum
2261 4146 2349 4198 est
2368 4141 2426 4195 in
2450 4141 2541 4196 his
2563 4139 3045 4211 gloriari,quibus
3059 4139 3334 4210 perennis
3359 4145 3545 4196 restat
3563 4159 3759 4198 remu-

2099 4231 2320 4288 neratio
2352 4230 2502 4284 vitae.

2168 4319 2476 4390 Sequitur:
2515 4322 2661 4373 Deus
2691 4325 2744 4370 et
2773 4317 2934 4370 Pater
2963 4317 3186 4371 Domini
3238 4318 3435 4386 nostri,
3470 4321 3585 4375 etc.
3637 4320 3757 4376 Ma-

2097 4424 2214 4481 gna
2243 4407 2458 4478 quippe
2489 4407 2559 4459 de
2592 4421 2653 4460 se
2683 4408 2808 4459 erat
2839 4403 3140 4469 dicturus;
3175 4409 3233 4459 et
3253 4405 3470 4461 idcirco
3493 4408 3759 4464 afﬁrma-

2097 4496 2313 4550 tionem
2344 4492 2643 4564 praemisit.
2678 4496 2756 4546 Ea
2798 4507 3052 4562 namque
3105 4491 3370 4548 dicturus
3419 4499 3566 4564 erat,
3628 4513 3756 4569 qua

2034 4589 2081 4653 D
2112 4581 2474 4639 incredibilia
2503 4579 2686 4636 videri
2716 4584 3004 4651 poterant.
3039 4579 3177 4645 Quis
3207 4581 3364 4636 enim
3406 4585 3676 4641 crederet
3704 4584 3758 4641 ei

2105 4673 2257 4746 quod
2289 4669 2580 4742 principes
2594 4667 2855 4739 gentium
2875 4667 3198 4722 simulcum
3222 4669 3442 4724 Judaais
3470 4672 3756 4728 adversus

2106 4778 2242 4818 eum
2275 4758 2752 4823 insurrexissent,
2784 4760 2841 4810 et
2870 4757 3111 4812 evadere
3129 4757 3464 4828 potuisset?
3483 4760 3758 4818 Siveideo

2093 4847 2348 4922 jurando
2378 4845 2828 4902 afﬁrmationem
2863 4844 3161 4915 praemisit,
3195 4851 3488 4916 quatenus
3519 4848 3631 4918 illi,
3657 4849 3760 4922 qui

2101 4936 2348 4992 minoris
2375 4933 2740 4989 auctoritatis
2780 4949 2915 4987 eum
2977 4949 3104 4988 esse
3163 4935 3474 5004 putabant,
3526 4938 3762 4996 facilius

2105 5025 2280 5081 dictis
2312 5023 2500 5096 ipsius
2531 5023 2704 5077 ﬁdem
2739 5022 3266 5076 accommodarent.

2173 5113 2480 5184 Sequitur:
2520 5112 2783 5166 Damasci
2800 5109 3118 5181 praepositus
3149 5112 3327 5180 gentis
3378 5112 3569 5171 Arctoe
3609 5115 3758 5188 (774)

2102 5203 2263 5272 regis,
2293 5206 2404 5256 etc.
2437 5201 2549 5255 Iste
2566 5215 2800 5270 quoque
2823 5197 3171 5269 praepositus
3191 5197 3641 5274 Damasci,quia
3665 5205 3762 5259 in-

2100 5291 2402 5346 tellexerat
2430 5289 2663 5343 Judezos
2693 5286 3063 5357 conspirasse
3119 5291 3183 5340 ut
3239 5287 3576 5346 occiderent
3606 5297 3760 5347 Pau-

2101 5379 2247 5447 lum,
2271 5376 2570 5447 quaerebat
2599 5373 3093 5445 comprehendere
3111 5379 3344 5442 eum,ut
3368 5379 3528 5446 quod
3556 5379 3642 5434 illi
3664 5397 3762 5436 cu-

2171 5499 2317 5570 (775)
2351 5500 2557 5568 Autog.
2590 5499 2862 5556 Miletum.

2172 5569 2321 5642 (774)
2350 5570 2555 5624 Aratae.
