3990 6224
147 319 255 377 481

709 312 1126 373 EXPOSI’I‘IO
1172 313 1247 371 IN
1293 312 1722 373 EPISTOLAS
1772 314 2025 375 PAULI.
2060 346 2136 361 —
2176 318 2248 376 IN
2298 318 2544 379 EPIST.
2592 322 2639 381 ll
2690 326 2789 383 AD
2836 327 3010 386 COR.

3445 338 3559 395 482

150 443 663 519 piebantimplere
686 460 790 515 per
814 442 1121 509 malitiam,
1147 444 1254 498 iste
1282 443 1549 514 impleret
1572 461 1671 515 per
1703 461 1809 514 po-
1838 446 1889 510 Α
1924 444 2041 499 lica:
2076 452 2406 517 potestates,
2434 456 2487 504 et
2536 458 2871 510 sanctorum
2912 458 3117 511 animae
3168 464 3336 529 cuius
3386 466 3559 521 etiam

150 536 428 601 tentiam;
465 534 586 588 sive
637 538 702 586 ut
748 531 966 585 Judaeis
1002 534 1232 598 faveret,
1268 531 1351 585 vel
1384 539 1535 586 certe
1587 538 1648 585 ut
1697 549 1809 602 quo

156 625 317 696 pacis
348 624 823 694 perturbatorem
856 622 1270 691 exstingueret,
1298 638 1362 675 eo
1396 621 1810 675 studiosiorem

159 715 219 767 in
252 712 445 767 ofﬁcio
478 710 589 765 sibi
621 710 941 765 commisso
974 724 1100 763 esse
1134 713 1504 762 monstraret.

228 800 510 871 Sequitur
544 816 554 853 :
595 801 655 853 Et
678 814 778 864 per
796 798 1098 869 fenestram
1122 799 1175 850 in
1201 802 1388 866 sporta
1410 798 1667 851 dimissus
1698 814 1815 850 sum

160 907 257 962 per
274 906 520 957 murum,
541 892 647 942 etc.
674 886 945 956 Undique
969 884 1243 956 periculis
1269 886 1710 940 imminentibus
1735 887 1815 939 sic

164 981 356 1034 fuerat
387 977 725 1042 conclusus,
760 979 825 1028 ut
868 976 992 1042 jam
1042 974 1239 1028 nullus
1274 992 1417 1045 pene
1464 975 1820 1028 inveniretur

163 1067 452 1124 evadendi
482 1066 671 1129 locus;
705 1068 761 1117 et
802 1063 931 1117 ideo
962 1080 996 1116 a
1026 1063 1305 1117 fratribus
1357 1080 1458 1135 per
1506 1064 1817 1117 fenestram

166 1156 465 1212 dimissus
495 1158 602 1219 est,
626 1158 679 1208 et
708 1153 765 1206 in
801 1156 1022 1223 sporta,
1059 1156 1123 1205 ut
1152 1151 1239 1206 vel
1270 1151 1351 1206 sic
1384 1153 1659 1223 effugeret
1694 1168 1821 1223 per-

170 1243 555 1314 sequentium
586 1258 809 1296 manus.
830 1240 993 1295 Unde
1024 1240 1163 1294 dicit
1196 1241 1399 1295 beatus
1432 1258 1581 1312 papa
1607 1240 1821 1311 Grego-

174 1334 343 1388 rius:
371 1330 581 1397 Quazrit
614 1331 753 1385 forte
777 1329 991 1399 aliquis
1015 1330 1307 1399 quomodo
1340 1330 1447 1383 iste
1472 1330 1697 1399 justus,
1723 1327 1822 1399 qui

171 1422 255 1478 sic
280 1421 546 1476 studiose
568 1419 1043 1491 persequentium
1067 1418 1308 1484 rabiem,
1336 1424 1698 1489 mortemque
1727 1418 1823 1471 de-

170 1509 397 1567 clinat?
429 1509 539 1563 Sed
574 1509 810 1562 omnino
839 1510 1055 1578 justus,
1090 1508 1243 1578 quod
1285 1507 1411 1562 ideo
1446 1512 1690 1562 mortem
1724 1508 1826 1560 de—

172 1598 435 1661 clinavit,
470 1598 609 1668 quia
656 1596 713 1650 in
759 1612 826 1651 ea
859 1595 1086 1649 nullum
1119 1595 1371 1650 fructum
1402 1613 1529 1651 esse
1564 1596 1826 1649 futurum

173 1686 484 1742 intellexit.
514 1683 833 1739 Declinavit
858 1684 1071 1755 quippe
1099 1687 1366 1749 mortem,
1393 1701 1508 1739 non
1536 1689 1731 1738 tamen
1766 1686 1830 1737 ut

176 1777 286 1832 sibi
314 1777 493 1830 vitam
520 1777 797 1837 servaret,
824 1772 922 1827 sed
952 1772 1143 1843 potius
1172 1776 1235 1826 ut
1255 1772 1383 1826 aliis
1405 1773 1579 1827 vitam
1605 1772 1828 1827 submi-

178 1867 475 1921 nistraret.
510 1863 671 1929 Quod
706 1862 786 1916 ita
816 1860 887 1915 sit
918 1860 1041 1931 ipse
1072 1861 1325 1915 ostendit
1358 1861 1457 1932 qui
1490 1862 1668 1916 dicit:
1703 1861 1827 1915 Non

178 1954 374 2010 solum
400 1951 627 2023 alligari
662 1952 718 2004 in
740 1948 1067 2004 Jerusalem
1092 1956 1331 2020 paratus
1354 1967 1506 2015 sum,
1531 1951 1629 2003 sed
1653 1950 1827 2003 etiam

177 2042 325 2098 mori
350 2044 491 2113 (Act.
518 2058 612 2106 xx,
644 2042 731 2109 2‘2)
752 2057 764 2104 ;
789 2043 845 2092 et
876 2037 1028 2109 quod
1064 2038 1305 2093 Romam
1334 2056 1619 2109 passurus
1650 2039 1827 2092 venit.

176 2132 325 2185 Hinc
358 2129 536 2183 etiam
570 2128 710 2181 dicit
744 2126 894 2181 idem
922 2126 1232 2197 praedictus
1266 2144 1435 2199 papa,
1470 2128 1605 2198 quia
1636 2125 1833 2181 omnia

179 2225 386 2275 nostra
419 2234 544 2289 quae
572 2217 823 2287 agimus,
856 2216 966 2270 sub
999 2232 1210 2287 magno
1242 2216 1613 2271 discretionis
1644 2216 1833 2270 mode-

178 2308 415 2363 ramine
447 2306 670 2375 agenda
710 2309 867 2358 sunt.
900 2304 1147 2358 Multum
1183 2321 1434 2375 namque
1483 2321 1716 2359 necesse
1748 2307 1835 2358 est

184 2396 440 2452 solerter
485 2393 791 2447 attendere.
823 2392 879 2446 Si
921 2394 1265 2463 magnitudo
1316 2394 1570 2448 fructum
1626 2408 1834 2465 praece—

185 2487 317 2555 dat,
345 2500 485 2549 non,
509 2482 764 2552 inquam,
790 2485 982 2554 potest
1014 2482 1234 2553 absque
1266 2482 1520 2554 periculo
1545 2483 1635 2537 sui
1666 2481 1839 2535 decli-

186 2590 333 2629 nare
364 2572 622 2637 labores;
654 2570 700 2625 si
732 2587 862 2625 vero
911 2570 1249 2643 magnitudo
1282 2573 1568 2642 prrecedat
1598 2570 1835 2636 laboris,

185 2665 415 2733 absque
447 2660 535 2715 sui
562 2659 815 2731 periculo
841 2665 1025 2729 potest
1050 2660 1253 2714 mortis
1276 2660 1565 2715 declinare
1589 2659 1836 2714 labores.

183 2756 308 2807 Hoc
339 2750 499 2805 enim
532 2748 939 2802 considerabat
969 2748 1313 2819 Apostolus;
1349 2753 1403 2803 et
1435 2749 1561 2803 ideo
1594 2754 1840 2803 mortem

186 2839 456 2895 studiose
486 2836 838 2891 declinabat.
874 2836 1003 2907 Egit
1032 2837 1269 2908 quippe,
1306 2843 1370 2891 ut
1402 2837 1569 2891 miles
1603 2835 1845 2892 fortissi-

187 2946 351 2994 mus,
397 2926 499 2997 qui
550 2924 811 2994 undique
849 2924 1151 2979 obsidione
1206 2925 1515 2980 conclusus
1570 2942 1844 2997 campum

188 3014 531 3073 certaminis
564 3014 728 3085 petit,
770 3016 832 3067 ut
854 3029 1026 3067 sacras
1050 3013 1549 3069 ﬁdeiadversarios
1575 3032 1682 3069 sua
1714 3032 1853 3085 prae-

187 3104 487 3160 dicatione
526 3103 929 3157 substerneret
977 3101 1193 3173 plures.
1227 3105 1496 3157 Attamen
1543 3104 1849 3158 sciendum

1860 1815 1907 1880 B

1922 534 2194 587 introitus
2227 535 2374 589 latro
2398 539 2620 593 audivit
2644 544 2902 611 (775-76).
2929 545 3011 598 illi
3048 547 3261 618 itaque,
3286 553 3383 621 qui
3419 554 3566 609 difli-

1922 622 2068 675 dunt
2101 623 2387 679 celebrata
2420 630 2843 686 resurrectione
2875 650 3115 705 corpora
3146 655 3271 693 esse
3305 658 3473 711 posse
3508 644 3563 698 in

1924 710 2086 779 leo,
2112 712 2195 766 vel
2222 713 2277 765 in
2304 716 2594 783 paradiso,
2622 720 2864 772 audiant
2887 723 3023 790 quia
3048 710 3360 794 Apostolus
3392 747 3451 783 se
3479 749 3570 785 ne-

1926 799 2073 852 scire
2097 800 2255 867 dicit,
2278 806 2471 856 utrum
2498 804 2553 855 in
2579 822 2836 877 corpore,
2864 828 2931 862 an
2958 818 3115 865 extra
3140 830 3347 884 corpus
3374 818 3567 884 fuerit,

1928 887 2025 957 qui
2061 888 2197 941 dum
2232 906 2291 942 se
2335 890 2600 959 ignorare
2631 897 2859 963 asserit,
2894 916 3019 952 esse
3071 918 3240 970 posse
3291 908 3568 976 ostendit,

1929 977 2139 1029 Arcana
2176 978 2337 1031 rer/Ia
2386 986 2605 1034 secreta
2650 984 2833 1038 dicit:
2870 1003 2987 1053 quis
3036 1005 3143 1042 non
3193 992 3316 1044 live!
3364 995 3581 1050 homini

1930 1065 2128 1134 loqui:
2164 1065 2249 1119 vel
2286 1084 2397 1119 non
2433 1067 2585 1133 licet,
2621 1073 2759 1141 quia
2802 1090 2914 1128 non
2951 1082 3169 1145 potest;
3205 1079 3287 1133 vel
3322 1089 3495 1151 certe,
3531 1084 3579 1137 si

1932 1158 2144 1223 potest,
2170 1171 2281 1207 non
2316 1161 2401 1208 est
2435 1158 2539 1210 l'as.
2569 1158 2711 1212 Illud
2738 1178 2969 1232 quoque
3001 1166 3243 1221 solerter
3271 1175 3358 1223 est
3392 1176 3583 1226 atten-

1933 1242 2189 1295 dendum
2210 1246 2503 1313 quomodo
2527 1263 2727 1302 verum
2756 1268 2882 1305 esse
2909 1258 3097 1321 potest
3120 1256 3274 1324 quod
3300 1257 3585 1315 Dominus

1933 1330 2074 1384 dicit
2108 1347 2118 1385 :
2153 1332 2267 1386 Non
2298 1335 2445 1387 enim
2478 1335 2676 1390 videbit
2710 1356 2791 1390 me
2822 1341 2976 1394 homo
3010 1344 3201 1409 (hired.
3238 1364 3436 1411 xxxm,
3470 1352 3584 1418 20),

1935 1422 2066 1483 etc.;
2109 1424 2163 1473 et
2212 1420 2259 1473 si
2312 1422 2405 1475 cui
2463 1424 2652 1478 adhuc
2715 1428 3055 1484 mortalium
3116 1435 3379 1501 ejusdem
3442 1437 3589 1493 visio

1936 1508 2313 1575 concedatur,
2348 1512 2446 1564 sed
2482 1514 2713 1581 penitus
2746 1534 2942 1571 verum
2978 1526 3085 1583 est,
3121 1523 3255 1591 quia
3291 1525 3389 1594 qui
3424 1526 3585 1579 vide-

1939 1601 2075 1649 runt
2108 1613 2263 1659 eum,
2298 1600 2515 1654 mundo
2568 1603 2804 1671 quidem
2857 1610 3066 1662 mortui
3120 1616 3277 1666 sunt.
3312 1613 3584 1669 Beatissi-

1941 1701 2073 1738 mus
2106 1701 2236 1739 vero
2288 1690 2656 1758 Augustinus
2688 1693 2828 1747 dicit
2863 1711 2873 1747 :
2909 1696 3093 1758 Qumri
3129 1706 3316 1769 potest
3350 1702 3486 1772 quid
3524 1720 3585 1758 se

1941 1772 2096 1826 dicat
2124 1774 2436 1843 Apostolus
2486 1782 2727 1848 nescire,
2760 1781 2846 1835 vel
2879 1786 3016 1853 quid
3052 1788 3219 1841 scire.
3255 1792 3362 1843 Sed
3416 1794 3588 1846 facia-

1940 1877 2072 1915 mus
2104 1864 2519 1918 connexionem
2556 1869 2885 1939 verborum,
2923 1878 2979 1925 ut
3034 1876 3177 1929 forte
3208 1894 3273 1930 ex
3306 1895 3371 1931 ea
3403 1896 3589 1949 agno-

1940 1966 2099 2002 scere
2128 1949 2427 2004 valeamus
2462 1954 2599 2023 quid
2645 1956 2920 2023 sciat,vel
2972 1962 3109 2030 quid
3167 1965 3404 2019 nesciat.
3440 1968 3594 2024 'l‘alis

1940 2056 2074 2109 ergo
2119 2044 2206 2092 est
2256 2041 2395 2093 ordo
2444 2044 2781 2109 verborum;
2819 2048 2956 2116 quia
3005 2049 3301 2106 hominem
3357 2062 3588 2125 raptum

1940 2127 2005 2179 ad
2052 2126 2283 2193 cmlum,
2319 2128 2399 2182 vel
2455 2130 2509 2182 in
2562 2134 2922 2203 paradisum,
2959 2137 3066 2192 hoc
3116 2156 3177 2193 se
3228 2142 3373 2196 scire
3423 2145 3585 2213 dicit,

1942 2214 2060 2269 sive
2105 2215 2162 2269 in
2214 2232 2470 2287 corpore,
2503 2219 2620 2273 sive
2677 2228 2836 2277 extra
2895 2242 3129 2297 corpus,
3167 2230 3271 2284 hoc
3330 2249 3391 2286 se
3448 2235 3591 2289 dicit

1944 2304 2477 2367 nescire.Quoniam
2510 2326 2707 2363 verum
2743 2318 2830 2366 est
2862 2317 3011 2384 quod
3039 2317 3195 2385 dicit,
3222 2325 3321 2373 aut
3355 2328 3587 2378 utrum-

1945 2409 2057 2463 que
2116 2394 2357 2460 sciebat,
2408 2401 2507 2449 aut
2568 2402 2881 2471 utrumque
2942 2404 3237 2461 nesciebat
3276 2410 3443 2480 (777).
3481 2414 3594 2467 Sed

1947 2481 2249 2535 sciendum
2300 2483 2435 2553 quia
2480 2502 2793 2557 corporeus
2834 2492 2943 2545 fuit
2976 2495 3303 2567 paradisus,
3338 2508 3437 2553 aut
3486 2519 3597 2555 cce-

1946 2570 2093 2639 lum,
2145 2573 2297 2641 quod
2361 2573 2408 2625 ei
2465 2580 2767 2632 ostensum
2829 2588 2963 2636 est:
3008 2600 3143 2653 ergo
3195 2589 3599 2657 corporalibus

1950 2658 2133 2714 oculis
2166 2660 2327 2727 vidit,
2362 2664 2636 2731 quoniam
2687 2684 2775 2721 res
2805 2672 3123 2740 corporalis
3173 2678 3595 2749 corporalibus,

1952 2748 2232 2818 spiritalis
2289 2766 2420 2805 vero
2470 2753 2831 2823 spiritalibus
2882 2760 3065 2815 oculis
3117 2764 3261 2817 solet
3308 2765 3507 2822 videri.
3541 2748 3597 2824 Si

1953 2852 2085 2890 vero
2118 2838 2403 2907 spiritalis
2435 2858 2523 2895 res
2555 2845 2953 2913 corporalibus
2986 2850 3170 2905 oculis
3202 2854 3449 2920 videtur,
3478 2874 3593 2912 non

1956 2923 2072 2993 jam
2134 2924 2230 2978 illo
2289 2926 2514 2995 ell‘ectu,
2551 2946 2653 2984 nec
2702 2930 2802 2985 illa
2842 2934 3062 2990 visione
3094 2954 3209 3007 qua
3266 2944 3598 3013 corporales

1960 3013 2381 3082 corporalibus,
2416 3017 2707 3087 spiritales
2756 3026 2949 3076 autem
3000 3024 3272 3081 videntur
3323 3031 3602 3100 spiritali-

1960 3102 2103 3167 bus;
2137 3104 2235 3156 sed
2268 3104 2463 3173 potius
2496 3109 2750 3176 quadam
2782 3111 3017 3179 speciali
3050 3114 3289 3179 visione,
3319 3134 3443 3187 quae
3476 3137 3601 3174 om-

191 3194 336 3267 quia
376 3192 469 3246 ille
500 3192 724 3261 absque
756 3190 844 3245 sui
877 3190 1134 3262 periculo
1166 3191 1419 3246 declinat
1465 3192 1713 3261 labores,
1742 3192 1841 3263 qui
1874 3180 1915 3245 C
1957 3206 2058 3244 nes
2110 3190 2253 3245 alias
2304 3195 2690 3261 transcendit;
2726 3198 2883 3250 verbi
2931 3201 3138 3269 gratia,
3174 3180 3455 3273 spirit-alis
3506 3224 3599 3262 res

189 3285 442 3341 aliorum
476 3280 768 3352 patienter
796 3278 1003 3334 tolerat
1031 3297 1239 3335 mores.

268 3371 427 3440 (CAP.
461 3368 607 3435 XII.)
654 3367 933 3437 Sequitur
984 3385 996 3423 :
1043 3369 1112 3424 Si
1150 3370 1387 3439 gloriari
1434 3375 1656 3442 oportet.
1708 3370 1841 3425 Pro-

194 3465 400 3533 pterea
428 3462 643 3524 tamen,
681 3455 820 3527 quia
866 3456 1070 3527 effugit
1099 3473 1309 3512 manus
1342 3475 1562 3515 eorum.
1594 3462 1711 3514 Non
1762 3468 1845 3513 ta-

199 3566 334 3605 men
380 3547 627 3617 expedit;
677 3547 817 3618 quia
876 3562 990 3601 non
1049 3548 1304 3617 prodest,
1363 3549 1638 3619 quoniam
1698 3553 1847 3603 Deus

202 3655 323 3693 non
392 3635 737 3707 propitiatur
800 3634 1179 3706 gloriatione,
1240 3636 1339 3691 sed
1418 3636 1843 3691 humiliatione.

198 3725 483 3797 Sequitur
525 3741 537 3779 :
597 3725 817 3779 Veniam
873 3732 1056 3778 autem
1106 3725 1186 3779 ad
1240 3727 1495 3794 visiones,
1546 3731 1654 3780 etc.
1705 3726 1849 3779 Nota

198 3815 339 3887 quia
398 3814 508 3869 sibi
566 3812 970 3881 infirmitates,
1033 3814 1271 3868 Domino
1338 3814 1577 3869 ascribit
1636 3813 1847 3870 revela-

194 3905 409 3960 tiones.

268 3992 547 4063 Sequitur
571 4008 584 4045 :
610 3992 730 4045 Scio
754 3991 1031 4044 hominem
1054 3992 1112 4045 in
1136 3990 1346 4045 Christo
1366 4000 1493 4046 ante
1520 4008 1691 4047 annos
1713 4008 1846 4063 qua-

196 4082 524 4147 tuordecim,
558 4084 667 4133 etc.
686 4083 829 4133 Nota
852 4080 988 4150 quia
1010 4095 1225 4151 magna
1247 4081 1590 4136 necessitate
1613 4086 1848 4135 coactus

194 4189 263 4227 ea
300 4166 720 4238 manii'estavit,
754 4184 876 4237 quae
923 4184 1025 4239 per
1076 4170 1520 4239 quatuordecim
1552 4185 1738 4223 annos
1770 4168 1847 4223 si-

192 4259 378 4314 lentio
408 4257 573 4312 texit.
608 4257 1021 4311 Animadverte
1052 4257 1227 4312 etiam
1259 4257 1400 4328 quia
1433 4257 1729 4312 hominem
1760 4257 1847 4312 di-

198 4347 300 4413 cit,
336 4363 407 4401 ne
439 4344 755 4417 phantasia
802 4350 1129 4416 putaretur.
1162 4347 1223 4399 In
1265 4345 1473 4400 Christo
1519 4346 1681 4411 dicit,
1717 4362 1787 4400 ne
1819 4363 1852 4400 a

197 4435 437 4491 diabolo
470 4434 690 4488 factum
722 4434 1073 4489 crederetur.
1100 4434 1260 4498 Quod
1294 4439 1489 4488 autem
1521 4434 1658 4487 dicit
1688 4450 1699 4487 :
1738 4435 1853 4487 Ter-

197 4527 341 4581 tium
370 4525 587 4588 arium,
608 4539 721 4577 non
745 4521 890 4577 illud
914 4521 1234 4593 intelligere
1256 4523 1557 4588 debemus,
1585 4522 1681 4576 ubi
1714 4521 1852 4576 luna

195 4615 315 4669 sita
346 4617 456 4677 est,
493 4612 590 4665 sed
622 4628 805 4682 usque
836 4611 906 4666 ad
931 4611 1167 4665 tertium
1203 4610 1361 4677 dicit,
1387 4614 1449 4665 ut
1470 4611 1739 4665 ostendat
1760 4624 1853 4664 sua

203 4720 314 4775 pra
345 4717 578 4755 omnem
622 4706 952 4755 creaturam
984 4706 1039 4754 et
1071 4700 1270 4753 omnia
1299 4700 1606 4754 elementa.
1634 4698 1853 4754 (Icelum

201 4807 347 4863 ergo
380 4788 635 4860 spiritale
681 4788 1125 4861 intelligendum
1174 4794 1261 4844 est
1310 4790 1767 4859 ﬁrmamentum,
1801 4792 1857 4842 et

199 4896 535 4952 supernum
588 4877 823 4933 solium.
862 4880 986 4931 llaec
1018 4894 1248 4947 quoque
1280 4878 1549 4932 revelatio
1580 4877 1718 4947 quia
1768 4876 1855 4930 bis

196 4971 357 5026 facta
389 4974 499 5034 est,
535 4967 781 5037 ideoque
812 4966 1151 5037 subjunxit:
1189 4968 1249 5019 Et
1280 4969 1388 5020 scio
1421 4965 1734 5033 huiusmodi
1762 4966 1854 5019 ho-

196 5062 435 5123 minem,
472 5060 583 5111 etc.
617 5055 969 5109 Paradisum
1015 5053 1231 5125 quippe
1259 5054 1551 5109 ccelestem
1604 5053 1859 5123 appellat

195 5146 558 5211 Jerusalem,
583 5161 709 5215 quae
743 5148 831 5198 est
854 5147 1039 5197 mater
1060 5148 1281 5209 nostra,
1304 5148 1360 5197 et
1386 5143 1485 5197 ubi
1520 5146 1659 5197 sunt
1689 5157 1859 5211 ange-

265 5271 524 5343 (775-76)
558 5270 830 5345 Fortasse
875 5268 1167 5345 introitum
1217 5268 1363 5345 latro
1410 5265 1614 5345 adicit._
1639 5265 1858 5319 Sensus

194 5337 423 5401 scilicet
454 5337 607 5397 satis
652 5337 846 5393 clarus
893 5343 999 5404 est,
1034 5340 1302 5408 quamvis
1351 5338 1411 5393 in
1459 5337 1652 5392 verbis
1701 5352 1861 5391 error

193 5419 658 5561 lri‘igiiiiiépba
702 5478 823 5561 haec
863 5479 1244 5561 objectionem
1276 5480 1533 5561 sapiunt,
1563 5483 1626 5561 et
1655 5479 1735 5561 ita
1767 5494 1860 5561 so-

191 5548 334 5619 nare
364 5548 676 5625 videntur.
704 5551 765 5605 Si
795 5548 1015 5625 _ve_rum
1046 5559 1135 5608 est
1173 5554 1327 5625 quod
1347 5548 1862 5625 dicitqustplus

184 5650 251 5698 se
282 5632 538 5701 vidisse,
570 5624 659 5681 uti
690 5620 1086 5697 verissimum,
1120 5620 1437 5699 utrumque
1467 5620 1616 5682 scire
1646 5621 1862 5679 debue-

1953 3279 2315 3349 spiritalibus
2346 3281 2574 3335 videtur
2615 3284 2821 3349 oculis,
2851 3292 2915 3340 ut
2944 3294 3033 3341 est
3057 3291 3315 3358 justitia,
3340 3299 3395 3346 et
3425 3295 3599 3348 simi-

1952 3368 2049 3422 lia.
2076 3369 2213 3431 Quis
2251 3368 2403 3422 enim
2430 3372 2636 3439 quierit
2668 3373 2722 3425 in
2749 3374 3003 3442 justitia,
3037 3378 3175 3447 quid
3209 3381 3418 3451 sapiat,
3455 3384 3599 3453 quid

1955 3456 2123 3519 oleat,
2157 3462 2212 3509 et
2243 3456 2497 3511 similia?
2542 3458 2720 3514 Nemo
2771 3461 2877 3517 hoc
2909 3464 3172 3534 requirit,
3206 3474 3261 3522 et
3315 3470 3600 3540 spiritalis

1956 3549 2045 3599 est
2074 3546 2235 3612 [778).
2262 3545 2486 3615 Moyses
2516 3562 2649 3601 vero
2682 3548 3029 3620 loquebatur
3059 3571 3188 3609 cum
3217 3556 3331 3611 Deo
3366 3559 3507 3613 facie
3530 3560 3603 3615 ad

1959 3634 2190 3701 faciem;
2228 3634 2327 3688 sed
2361 3640 2555 3689 tamen
2588 3637 2951 3710 intelligebat
2973 3658 3082 3696 non
3119 3644 3226 3699 hoc
3247 3662 3375 3701 esse
3399 3652 3603 3715 Deum,

1957 3724 2111 3794 quod
2146 3723 2394 3790 videbat,
2428 3740 2492 3779 eo
2525 3728 2679 3796 quod
2722 3734 2875 3783 esset
2926 3729 3333 3804 incorporeus;
3367 3742 3423 3791 et
3454 3738 3607 3809 ideo,

1958 3812 2110 3882 quod
2145 3817 2290 3879 erat,
2322 3813 2517 3869 videre
2562 3817 2912 3885 requirebat.
2950 3820 3095 3875 Dicit
3125 3840 3356 3895 quoque
3389 3826 3605 3882 beatis-

1959 3901 2145 3956 simus
2168 3904 2553 3973 Augustinus,
2572 3906 2707 3975 quia
2733 3907 2878 3962 torte
2902 3908 3008 3963 hoc
3041 3913 3333 3967 nesciebat
3362 3915 3603 3982 Paulus,

1957 3990 2149 4045 ethos
2198 3992 2343 4045 scire
2386 3995 2923 4062 qurerebat,ulrum
2976 4000 3045 4052 ad
3098 4006 3327 4070 tempus
3374 4009 3605 4058 mortuo

1958 4096 2217 4150 corpore,
2243 4080 2438 4133 anima
2459 4097 2692 4150 quoque
2715 4089 2951 4137 evocata
2974 4086 3081 4141 hoc
3105 4088 3332 4153 viderit,
3360 4106 3431 4143 an
3458 4096 3611 4147 certe

1958 4184 2202 4222 manens
2236 4168 2293 4220 in
2318 4184 2576 4237 corpore,
2603 4169 2755 4222 sicut
2778 4173 3095 4241 prophetae,
3122 4176 3178 4229 in
3203 4178 3415 4231 exstasi
3451 4196 3612 4233 men-

1962 4256 2039 4309 tis
2070 4254 2387 4325 agnoverit.
2424 4259 2694 4309 Attamen
2742 4258 3044 4313 sciendum
3079 4262 3238 4331 quia,
3273 4264 3319 4316 si
3354 4270 3606 4333 certum,

1959 4350 2015 4399 et
2046 4342 2092 4397 si
2125 4342 2379 4397 solidum
2417 4343 2544 4411 fuit,
2578 4346 2731 4414 quod
2765 4345 2815 4399 ei
2848 4352 3152 4403 ostensum
3183 4355 3290 4415 est,
3320 4354 3473 4422 quod
3508 4370 3608 4409 ve-

1960 4432 2192 4487 rissime
2240 4432 2593 4487 credendum
2643 4439 2749 4499 est,
2784 4434 2881 4489 illa
2932 4437 3133 4507 utique
3174 4439 3413 4508 visione,
3451 4442 3602 4512 quod

1884 4544 1929 4609 D
1962 4522 2185 4577 dictum
2218 4525 2307 4575 est
2337 4521 2497 4585 vidit,
2532 4540 2655 4592 quae
2689 4522 2833 4578 alias
2866 4541 3067 4579 omnes
3101 4530 3479 4583 transcendit.

2035 4611 2314 4681 Sequitur
2356 4628 2366 4664 :
2426 4613 2527 4665 Pro
2575 4612 2843 4682 ejusmodi
2889 4614 3169 4680 gleiiuhor
3218 4616 3613 4688 (subauditur,

1964 4700 2254 4766 homine);
2276 4716 2374 4769 pro
2396 4716 2479 4754 me
2500 4706 2687 4755 autem
2710 4703 2881 4757 nihil.
2910 4703 3039 4757 ldco
3065 4704 3168 4759 hoc
3194 4705 3353 4770 dicit,
3375 4706 3513 4777 quia
3534 4708 3619 4762 sic

1964 4788 2196 4843 locutus
2218 4794 2327 4851 est,
2354 4790 2523 4859 quasi
2546 4791 2615 4843 de
2640 4790 2820 4846 altera
2848 4809 3114 4863 persona.
3143 4795 3453 4866 Sequitur:
3481 4799 3615 4851 Nam

1967 4879 2067 4931 etsi
2099 4878 2322 4931 voluero
2354 4879 2613 4946 gloriari,
2646 4896 2755 4933 non
2785 4898 2877 4935 ero
2920 4883 3202 4953 insipiens.
3238 4884 3425 4947 Quare
3458 4902 3570 4940 non
3592 4888 3619 4940 Ἰ

1974 4969 2263 5021 Veritatem
2285 4970 2432 5021 enim
2454 4968 2652 5021 (licam.
2674 4968 2912 5037 Hicjam
2940 4977 3135 5041 aperte
3161 4974 3416 5027 ostendit
3438 4989 3617 5043 quare

1968 5073 2147 5127 supra
2179 5056 2403 5108 dixerat
2440 5075 2451 5110 :
2495 5058 2567 5110 Ne
2597 5060 2716 5126 quis
2745 5075 2831 5111 me
2866 5063 3015 5128 putet
3064 5063 3431 5131 insipientem.
3467 5063 3616 5114 Sane

1969 5144 2270 5199 sciendum
2306 5143 2444 5211 quia
2476 5145 2573 5214 qui
2606 5146 2758 5198 dona
2789 5147 2895 5199 sibi
2931 5148 3159 5202 ccelitus
3190 5149 3402 5203 collata
3436 5148 3619 5202 mani-

1970 5272 2086 5343 ra_t;
2122 5282 2255 5319 nam
2285 5264 2332 5318 si
2362 5266 2525 5329 vidit,
2568 5282 2725 5343 ergo
2751 5268 3006 5343 scivitgse
3038 5288 3276 5343 corpore
3308 5271 3611 5343 adfuisse:

1969 5338 2055 5392 vel
2088 5342 2402 5411 utrumque
2426 5336 2767 5411 nesc_ivi_t,id
2800 5336 3252 5411 estifalsum'est
3282 5359 3415 5397 eum
3448 5342 3617 5411 quid-

2014 5424 2148 5462 uam
2182 5407 2398 5481 vidisse
2432 5420 2443 5459 :
2479 5406 2572 5481 cui
2604 5408 2913 5481 objectioni
2961 5428 3028 5465 ex
3070 5413 3326 5468 absurdo
3376 5406 3618 5481 respon-

2012 5494 2106 5534 ere
2137 5475 2471 5548 aggreditur
2501 5475 2571 5530 iis
2600 5477 2813 5531 verbis.
2845 5480 2950 5534 Sed
2976 5484 3277 5537 sciendum.

2042 5549 2191 5624 (778)
2221 5549 2489 5604 Fortasse
2516 5562 2608 5605 res
2638 5550 2841 5605 etenim
2870 5552 3142 5624 spiritalis
3169 5558 3269 5615 est.
