3990 6224
391 303 508 361 483

1406 299 1740 360 ATTONIS
1788 298 2370 359 VERCELLENSIS
2417 296 2767 356 EPISCOPI

3683 293 3817 354 484

395 436 586 495 festat,
622 451 731 487 nnn
784 440 873 487 est
916 432 1219 503 insipiens,
1254 435 1310 485 et
1358 431 1459 501 qui
1505 431 1755 485 occultat
1800 450 1887 496 ca,
1923 447 2037 485 non
2068 432 2121 497 Α
2154 447 2219 484 ex
2248 430 2475 500 vipereo
2504 426 2769 482 veneno?
2816 427 2994 481 Datus
3023 429 3112 481 est
3141 424 3297 481 enim
3343 425 3481 480 huic
3511 423 3817 481 stimulus

393 528 483 578 est
512 523 875 593 imprudens.
910 519 1187 591 Sequitur
1214 536 1224 572 :
1262 522 1436 574 Pareo
1465 525 1665 575 autem.
1702 520 2035 574 Notandum

395 613 533 684 quia
593 613 779 664 multo
832 612 1053 679 majora
1103 612 1337 661 noverat
1383 608 1718 677 Apostolus,
1768 626 1915 678 quze,
1965 625 2036 661 ne

393 700 585 755 extolli
620 700 929 767 videretur,
966 696 1152 751 noluit
1199 697 1531 755 ostendere;
1576 702 1632 749 et
1683 697 1811 749 ideo
1844 696 1985 749 dicit
2018 713 2030 749 :

391 791 564 843 Pareo
593 798 797 853 autem,
827 788 931 840 hoc
962 789 1072 849 est,
1106 784 1245 838 celo.
1273 786 1498 848 Quare?
1527 786 1601 837 Ne
1626 786 1746 853 quis
1772 801 1855 838 me
1885 787 2031 839 exis-

389 882 544 933 timet
570 894 732 947 supra
768 876 826 929 irl
854 873 992 944 quod
1024 873 1165 927 videt
1204 889 1289 927 me
1320 875 1485 941 (770),
1520 872 1781 925 videlicet
1812 873 1868 925 in
1902 889 2032 943 ope-

386 967 627 1029 ratione,
657 968 748 1017 aul
780 964 932 1017 audit
974 962 1187 1031 aliquid
1236 977 1304 1014 ex
1354 978 1457 1023 me,
1490 961 1709 1014 scilicet
1739 959 1796 1013 in
1828 961 2030 1031 pracdi-

382 1055 628 1109 catione.
664 1056 874 1105 Beatus
934 1067 1084 1120 papa
1143 1050 1458 1127 Gregorius
1508 1049 1669 1109 dicit.
1720 1048 1858 1119 quia
1917 1049 2026 1103 sub

379 1158 594 1211 magna
638 1139 1000 1210 providentia
1033 1139 1179 1209 (780)
1213 1154 1381 1191 suam
1428 1138 1770 1208 temperavit
1826 1138 2028 1207 praedi-

373 1230 659 1284 cationem
696 1245 708 1282 :
744 1244 876 1281 nam
912 1228 1179 1297 quaedam
1212 1227 1358 1281 dixit
1401 1232 1637 1298 propter
1683 1242 1821 1280 suos
1851 1226 2023 1280 audi-

372 1321 545 1385 tores,
582 1317 850 1387 quzedam
899 1316 1099 1378 tacuit,
1135 1332 1204 1369 ne
1259 1315 1400 1385 ipsis
1449 1314 1645 1368 extolli
1696 1313 2017 1379 videretur;

368 1408 636 1477 qumdam
691 1404 856 1469 dixit,
892 1410 955 1458 ut
1014 1404 1139 1458 suis
1186 1404 1361 1457 vitam
1416 1403 1714 1471 tribueret,
1751 1404 2017 1473 quaedam

365 1512 498 1549 vero
530 1495 732 1557 tacuit,
769 1498 833 1545 ut
864 1492 974 1546 sibi
1010 1509 1174 1545 suam
1212 1491 1483 1546 salvaret.

439 1582 720 1653 Sequitur
771 1599 782 1634 :
834 1582 909 1635 Ne
957 1580 1280 1648 magnitudo
1336 1581 1733 1635 revelationum
1790 1580 2015 1633 attollat

366 1688 470 1732 me,
504 1677 612 1725 etc.
647 1670 980 1724 Notandum
1034 1669 1310 1739 quoniam
1365 1686 1477 1723 non
1526 1669 1690 1731 dicit,
1722 1668 1858 1738 quia
1889 1684 2013 1722 ma-

363 1760 610 1831 gnitudo
656 1758 1073 1813 revelationum
1106 1756 1309 1811 extulit
1342 1772 1453 1819 me,
1485 1756 1605 1821 sed,
1638 1772 1706 1810 ne
1753 1756 2011 1814 extollat:

362 1848 642 1918 quoniam
677 1863 791 1900 non
828 1847 953 1900 ideo
994 1846 1151 1899 datus
1180 1849 1279 1908 est,
1314 1850 1377 1898 ut
1422 1844 1609 1915 culpa,
1645 1861 1770 1914 quas
1801 1844 2007 1914 inerat,

358 1940 706 2007 tergeretur,
740 1934 861 2001 sed,
897 1949 1022 2003 qua:
1064 1933 1255 1988 inesse
1292 1938 1535 2003 poterat,
1567 1938 2006 2003 prmcaveretur.

359 2023 506 2079 Illud
569 2028 762 2078 autem
822 2022 1125 2077 sciendum
1189 2022 1346 2091 quia,
1396 2022 1549 2074 sicut
1606 2020 1745 2073 dicit
1804 2022 2009 2075 beatus

358 2129 509 2183 papa
557 2111 890 2183 Gregorius,
925 2113 1078 2166 Deus
1133 2111 1241 2165 sub
1291 2111 1529 2181 provida
1573 2111 2009 2179 dispensatione

358 2203 535 2257 corda
576 2218 817 2257 suorum
850 2202 1111 2271 disponit
1142 2206 1500 2254 sanctorum.
1536 2199 1735 2269 itaque
1783 2198 1865 2252 sic
1911 2215 2007 2251 eos

359 2289 789 2361 multiplicibus
822 2290 946 2344 suis
992 2288 1163 2343 donis
1196 2289 1363 2357 ditat,
1395 2290 1456 2341 et'
1482 2287 1803 2341 multorum
1834 2287 2003 2340 vitio-

359 2395 493 2432 rum
533 2379 781 2431 victores
828 2394 954 2431 esse
1002 2378 1198 2441 donat,
1235 2381 1296 2430 ut
1344 2376 1542 2447 aliqua
1589 2377 1647 2429 in
1698 2376 1782 2429 eis
1830 2375 2002 2442 sinat,

357 2470 561 2520 contra
591 2483 717 2535 quae
750 2482 1009 2536 pugnare
1042 2465 1316 2534 sentiant,
1350 2470 1405 2517 et
1437 2465 1826 2534 experiantur,
1862 2481 2003 2534 qua-

353 2559 532 2608 tenus
561 2554 702 2607 dum
734 2570 909 2623 parva
939 2570 1217 2623 superare
1249 2557 1565 2623 nequeunt,
1596 2560 1913 2621 agnoscant
1942 2570 2003 2608 se

350 2659 467 2697 non
533 2640 655 2696 suis
703 2640 924 2695 viribus
959 2658 1169 2711 magna
1202 2657 1531 2710 superasse,
1568 2642 1749 2694 instar
1805 2641 1999 2710 pepuli

358 2728 558 2799 Israel,
591 2729 689 2799 qui
744 2728 945 2783 multis
994 2729 1265 2800 gentibus
1313 2728 1735 2791 exterminatis,
1787 2726 1996 2781 Philis-

355 2819 485 2872 tiim
518 2818 906 2872 exterminare
939 2817 1352 2888 nequiverunt;
1378 2818 1531 2871 unde
1559 2817 1841 2885 scriptum
1872 2822 1993 2871 est:

354 2907 551 2961 Relicti
578 2914 704 2960 sunt
752 2905 1081 2971 Philistum,
1116 2907 1173 2960 ut
1208 2907 1551 2974 experiretur
1579 2907 1746 2959 Israel
1790 2905 1992 2970 (Judic.

354 3012 438 3057 ιιι,
473 2997 548 3064 4).
585 2996 651 3049 Et
700 2995 807 3049 hoc
857 2994 1159 3049 sciendum
1200 2996 1339 3065 quia
1370 2994 1625 3064 quinque
1674 2994 1861 3047 modis
1894 2994 1992 3047 fla-

347 3082 525 3155 gellat
562 3082 713 3138 Deus
746 3083 1060 3151 hominem,
1095 3084 1249 3155 quod
1282 3085 1339 3138 in
1374 3085 1481 3137 hoc
1529 3082 1651 3137 loco
1703 3088 1993 3137 monstra-

346 3178 460 3226 tur.

414 3260 725 3330 Sequitur:
746 3263 915 3316 Datus
936 3264 1016 3315 est
1039 3263 1180 3315 mihi
1206 3263 1462 3315 stimulus
1487 3263 1669 3315 carnis
1699 3276 1852 3327 meae,
1878 3264 1984 3315 etc.

348 3353 412 3404 In
445 3348 553 3404 hoc
582 3349 707 3404 loco
729 3349 939 3404 diversi
973 3350 1199 3405 diversa
1229 3350 1507 3413 sentiunt,
1531 3349 1627 3404 alii
1654 3366 1753 3420 per
1784 3350 1990 3403 stimu-

344 3436 466 3492 lum
511 3455 836 3509 pressuras,
872 3438 968 3492 alii
1018 3438 1226 3509 capitis
1275 3438 1523 3501 dolores,
1558 3436 1823 3492 nonnulli
1854 3454 1987 3492 vero

343 3527 539 3580 carnis
591 3526 925 3597 intelligunt
982 3528 1536 3598 concupiscentiam.
1606 3526 1987 3581 Beatissimus

342 3630 478 3668 vero
525 3615 908 3683 Augustinus,
937 3611 1042 3685 qui
1092 3615 1242 3670 inter
1272 3621 1511 3669 cunctos
1556 3616 1827 3669 Romana:
1869 3613 1984 3669 elo-

344 3701 597 3771 quentiae
631 3703 893 3756 doctores
926 3703 1230 3757 facundior
1258 3703 1495 3771 exstitit,
1520 3704 1602 3757 sic
1626 3702 1742 3757 ait:
1768 3702 1984 3757 Paulus

340 3788 670 3859 discipulus
719 3789 952 3855 Christi,
988 3808 1099 3845 non
1153 3790 1421 3860 Pelagius
1470 3790 1795 3861 discipulus
1827 3790 1984 3844 auti-

337 3876 568 3943 christi,
602 3878 742 3932 dicit
773 3878 881 3933 sibi
914 3879 1105 3934 inesse
1139 3879 1359 3934 malum
1395 3881 1896 3951 concupiscentia),
1930 3884 1986 3934 et

338 3964 729 4036 apertissimis
748 3967 936 4021 verbis
954 3969 1436 4038 concupiscentiae
1458 3970 1676 4023 malum
1698 3968 1979 4023 ostendit:

339 4058 396 4108 et
426 4070 559 4109 cum
589 4071 706 4110 sua:
740 4056 931 4110 carnis
952 4056 1331 4127 incentivum,
1359 4064 1414 4111 et
1434 4058 1543 4111 sibi
1570 4056 1731 4111 civile
1763 4055 1979 4110 bellum

338 4142 531 4198 inesse
558 4151 916 4215 agnosceret,
943 4144 1169 4200 nullum
1195 4146 1491 4200 inveniens
1524 4145 1715 4200 locum
1740 4144 1981 4198 evaden-

338 4231 417 4301 di,
454 4232 564 4288 nisi
598 4234 787 4304 gratia
834 4234 934 4289 Dei
964 4234 1327 4305 exclamavit,
1370 4235 1609 4289 dicens:
1638 4233 1841 4303 Infelix
1885 4248 1981 4299 ego

336 4319 506 4389 (Rom.
540 4339 641 4389 v11,
682 4324 794 4395 2’1),
822 4329 928 4378 etc.
963 4325 1102 4379 Ecce
1150 4324 1258 4378 iste
1304 4322 1588 4378 intellexit
1636 4338 1697 4376 se
1746 4320 1979 4375 nonnisi

331 4410 516 4480 gratia
550 4411 647 4465 Dei
680 4411 934 4466 liberari.
964 4412 1230 4483 Pelagius
1261 4428 1394 4466 vero
1426 4411 1551 4463 suis
1579 4409 1800 4461 viribus
1832 4426 1893 4462 se
1924 4413 1980 4462 et

2148 517 2648 587 concupiscentiis,
2702 522 2767 569 ut
2818 514 3199 586 expelleretur
3254 513 3527 569 elationis
3568 518 3811 579 tumor,

2144 607 2315 660 datus
2345 612 2433 659 est
2476 606 2741 670 Satanas,
2776 608 2839 658 ut
2884 608 3258 674 superaretur
3284 606 3548 657 Satanas.
3577 605 3661 657 Ac
3696 620 3813 675 per

2145 694 2250 747 hoc
2310 694 2393 747 sic
2452 695 2741 764 perforata
2798 698 2887 746 est
2949 691 3182 745 maxilla
3236 691 3554 745 Behemoth
3614 692 3806 763 (782),

2140 783 2295 851 quod
2339 788 2427 836 est
2482 781 2695 836 diaboli
2730 800 2741 835 :
2778 798 2933 844 nam,
2968 781 3114 835 sicut
3174 780 3316 834 dicit
3370 781 3577 835 beatus
3636 798 3805 851 papa

2139 870 2471 940 Gregorius,
2506 871 2661 924 unde
2712 870 2978 935 conterit,
3013 868 3145 923 inde
3194 868 3407 936 salvat;
3441 870 3581 940 quia
3630 871 3803 925 unde

2137 963 2322 1013 tentat
2353 968 2605 1027 sanctos,
2635 964 2699 1013 ut
2726 958 2928 1029 perdat
2957 956 3175 1023 volens,
3198 956 3333 1011 inde
3365 957 3643 1028 probatos
3674 956 3801 1013 sal-

2134 1053 2228 1101 vat
2260 1047 2484 1102 nolens.

2205 1137 2515 1207 Sequitur:
2560 1140 2785 1206 Propter
2812 1135 2953 1207 quod
2979 1138 3061 1189 ter
3100 1135 3396 1189 Dominum
3423 1136 3639 1203 rogavi,
3673 1143 3793 1191 etc.

2131 1224 2187 1279 Si
2223 1226 2376 1280 enim
2411 1226 2653 1294 rogavit,
2677 1230 2734 1279 et
2757 1241 2867 1278 non
2892 1229 2980 1278 est
3006 1223 3338 1287 exauditus,
3364 1223 3461 1278 ubi
3488 1229 3597 1288 est,
3623 1226 3791 1295 quod

2130 1312 2413 1368 Dominus
2444 1315 2524 1368 ait
2557 1332 2568 1368 :
2604 1316 2902 1383 Antequam
2930 1329 3016 1367 me
3057 1314 3328 1375 invocatis,
3362 1312 3544 1367 dicam
3574 1314 3735 1369 vobis
3767 1331 3790 1367 .'

2130 1401 2349 1466 Adsum,
2379 1408 2485 1465 etc,
2528 1404 2650 1472 (lsa.
2688 1420 2840 1467 Lvm,
2863 1403 2949 1471 9);
2984 1406 3040 1456 et
3067 1402 3204 1456 item
3240 1419 3252 1456 :
3283 1400 3654 1472 Quodcunque
3679 1418 3791 1473 pe-

2127 1492 2351 1554 tieritis,
2402 1491 2538 1545 dabo
2569 1493 2716 1545 vobis
2739 1496 2764 1543 .9
2788 1490 3010 1557 (Matth.
3046 1507 3161 1559 xxi,
3194 1490 3293 1556 22;
3323 1492 3480 1545 Joan.
3511 1507 3633 1555 xw,
3668 1492 3788 1558 13.)

2126 1578 2398 1649 Nunquid
2435 1596 2548 1634 non
2582 1596 2839 1650 praesens
2882 1583 3025 1643 erat,
3058 1579 3198 1632 dum
3234 1595 3346 1633 non
3378 1579 3788 1634 exaudiebat?

2124 1667 2258 1721 Erat
2316 1669 2538 1738 utique,
2573 1668 2743 1723 veluti
2802 1667 3085 1733 medicus,
3129 1667 3229 1737 qui
3287 1673 3512 1722 resecat
3558 1667 3783 1725 vulnus

2123 1755 2361 1821 infirmi,
2396 1774 2527 1811 cum
2577 1756 2849 1811 infirmus
2898 1756 3007 1809 sub
3059 1755 3332 1809 manibus
3371 1758 3500 1826 ejus
3531 1754 3780 1822 clamet,

2122 1844 2310 1915 magis
2340 1862 2593 1915 praesens
2627 1845 2793 1899 adest
2837 1861 2950 1898 non
2999 1845 3309 1915 parcendo,
3341 1860 3519 1915 quam
3552 1845 3603 1899 si
3635 1863 3778 1917 par-

2120 1940 2306 1999 ceret;
2350 1933 2621 1987 similiter
2650 1938 2705 1987 et
2738 1933 3021 1987 Dominus
3055 1932 3241 2003 magis
3294 1948 3549 2003 praesens
3581 1934 3781 1988 adfuit

2122 2039 2234 2075 non
2286 2022 2671 2089 exaudiendo,
2704 2038 2880 2092 quam
2913 2021 2961 2075 si
2992 2021 3331 2075 exaudiret:
3361 2038 3491 2075 nam
3543 2021 3591 2075 si
3646 2038 3771 2076 non

2119 2110 2410 2163 exaudivit
2448 2111 2519 2164 ad
2570 2115 2789 2174 votum,
2822 2110 3111 2165 exaudivit
3141 2114 3337 2163 tamen
3379 2110 3448 2164 ad
3481 2108 3767 2166 salutem.

2118 2198 2302 2267 Magis
2334 2198 2487 2251 enim
2523 2198 2810 2254 exaudivit
2842 2199 3042 2264 istum,
3068 2213 3246 2267 quam
3275 2197 3586 2267 daemones,
3612 2213 3769 2269 quos

2116 2285 2341 2340 dimisit
2371 2286 2452 2341 ire
2482 2286 2541 2340 in
2574 2304 2778 2358 porcos
2811 2288 3027 2357 (Matth.
3062 2304 3183 2353 VIII,
3218 2287 3324 2352 30;
3358 2289 3535 2341 Marc.
3568 2304 3627 2357 ν,
3662 2290 3720 2341 tl
3753 2313 3768 2355 ;

2114 2378 2244 2429 Luc.
2277 2392 2399 2439 V11],
2439 2376 2551 2443 32).

2186 2464 2461 2533 Sequitur
2485 2482 2496 2518 :
2522 2464 2743 2535 Sufﬁcit
2772 2466 2876 2519 tibi
2902 2467 3085 2535 gratia
3104 2482 3247 2535 mea,
3272 2465 3441 2537 quasi
3475 2464 3722 2521 dixisset
3748 2482 3761 2519 :

2112 2551 2197 2606 Tu
2237 2550 2488 2617 laboras,
2524 2557 2582 2606 tu
2636 2553 2888 2618 haesitas,
2920 2557 2980 2607 tu
3031 2554 3202 2609 times
3250 2571 3323 2610 ne
3371 2570 3605 2625 pereas;
3656 2554 3762 2609 sed

2110 2640 2329 2693 sufﬁcit
2351 2640 2454 2693 tibi
2478 2640 2666 2709 gratia
2688 2658 2834 2708 mea,
2859 2642 2916 2695 id
2941 2648 3031 2696 est
3052 2638 3267 2697 sufﬁcit
3288 2642 3392 2697 tibi
3419 2643 3667 2707 vocatio,
3690 2659 3759 2698 ac

2109 2728 2543 2798 praedestinatio
2591 2746 2719 2783 mea
2754 2747 2765 2783 :
2801 2730 3248 2801 prmdestinatus
3286 2747 3369 2797 es,
3403 2732 3597 2802 perire
3641 2749 3757 2786 non

2107 2817 2322 2886 poteris
2347 2818 2601 2882 (783);et
2633 2819 2758 2873 ideo
2792 2817 2905 2873 noli
2938 2818 3140 2873 timere
3165 2836 3177 2873 ε
3201 2821 3339 2874 Nam
3359 2822 3538 2874 virtus
3569 2822 3631 2874 in
3663 2822 3756 2875 in-

2105 2904 2366 2971 ﬁrmitate
2391 2906 2709 2974 per/icitur;
2742 2907 2849 2961 hoc
2894 2912 3003 2977 est,
3030 2909 3168 2977 quia
3211 2925 3325 2978 quo
3358 2902 3548 2980 magis
3576 2909 3753 2965 homo

2104 2994 2607 3063 persecutionibus
2638 2994 2925 3060 atteritur,
2951 3012 3016 3049 eo
3050 2997 3235 3067 magis
3271 2996 3559 3052 revelatur
3578 2998 3756 3068 (784).

2174 3082 2452 3163 Sequitur
2477 3099 2491 3137 :
2518 3083 2767 3137 Libenter
2785 3085 2955 3151 igitur
2980 3085 3286 3153 gloriabor;
3308 3101 3374 3139 ac
3399 3085 3449 3139 si
3472 3085 3749 3154 dixisset;

2019 3159 2061 3225 C
2100 3159 2238 3241 quia
2270 3170 2469 3224 audire
2494 3171 2786 3241 promerui
2814 3172 3091 3242 quoniam
3115 3173 3299 3227 virtus
3322 3173 3380 3227 in
3404 3172 3755 3230 inﬁrmitate

2100 3259 2417 3329 perﬁcitur,
2465 3260 2744 3329 gloriabor
2787 3276 2881 3329 ego
2933 3260 3162 3315 libenter
3207 3263 3267 3315 in
3322 3262 3754 3330 inﬁrmitatibus

2094 3350 2248 3403 meis.
2285 3348 2512 3410 Quare?
2546 3349 2607 3403 Ut
2642 3349 2911 3403 inhabitet
2934 3350 2993 3402 in
3024 3364 3109 3402 me
3138 3351 3311 3403 virtus
3342 3349 3577 3405 Christi.
3614 3356 3755 3406 Pro-

2094 3446 2214 3508 pter
2236 3436 2376 3508 quod
2403 3437 2591 3506 placeo
2622 3436 2781 3498 mihi.
2809 3442 2916 3492 etc.
2942 3436 3176 3492 Dixerat
3207 3438 3517 3509 superius:
3553 3440 3749 3496 Liben-

2095 3535 2178 3579 ter
2208 3525 2511 3593 gloriabor,
2543 3530 2676 3590 etc.;
2712 3524 2839 3580 ideo
2871 3524 3211 3595 subjunxit:
3239 3527 3468 3597 Propter
3497 3527 3662 3598 quod,
3687 3529 3749 3584 id

2094 3619 2180 3669 est
2214 3618 2447 3684 propter
2495 3613 2624 3677 hoc,
2657 3614 2810 3684 quod
2845 3612 3027 3667 virtus
3074 3613 3132 3667 in
3179 3613 3523 3670 inﬁrmitate
3564 3617 3748 3687 perti-

2091 3704 2265 3767 citur,
2321 3702 2514 3773 placeo
2564 3702 2723 3768 mihi,
2782 3707 2890 3756 etc.
2951 3701 3550 3759 Animadvertendum
3607 3706 3751 3776 quia

2094 3791 2277 3846 multa
2307 3790 2528 3846 dixerat
2575 3790 2845 3861 superius
2880 3807 2892 3843 :
2928 3791 3193 3860 quaedam
3244 3791 3419 3846 etiam
3472 3793 3745 3851 dicturus

2091 3885 2214 3935 erat
2257 3880 2313 3933 in
2364 3880 2767 3949 sequentibus,
2799 3880 2895 3933 sed
2943 3884 3059 3933 tam
3113 3878 3232 3945 illa,
3264 3896 3391 3951 quas
3443 3884 3743 3953 superius,

2093 3985 2268 4039 quam
2292 3985 2416 4037 qum
2440 3968 2497 4021 in
2523 3968 2923 4038 sequentibus,
2949 3967 3264 4038 praavalent
3293 3969 3649 4026 inﬁrmitati.
3674 3971 3747 4026 Et

2092 4057 2228 4128 quia
2260 4056 2377 4120 illa,
2402 4073 2528 4127 quae
2563 4057 2830 4126 superius
2861 4056 3099 4122 dixerat,
3124 4057 3370 4112 attinere
3397 4058 3469 4112 ad
3501 4058 3745 4116 laudem

2089 4143 2249 4198 illius
2280 4143 2459 4198 videri
2491 4148 2779 4214 poterant,
2813 4144 3025 4198 idcirco
3067 4143 3266 4199 oculos
3311 4146 3529 4202 mentis
3562 4147 3621 4203 in
3653 4148 3746 4203 in-

2092 4232 2426 4285 ﬁrmitatem
2460 4230 2666 4296 infixit,
2690 4233 2859 4302 cujus
2885 4232 3117 4288 nomine
3145 4233 3510 4290 infirmitatis
3543 4236 3748 4293 omnia

2090 4319 2361 4391 praedicta
2410 4319 2867 4391 comprehendit.
2902 4322 2963 4375 In
3011 4322 3380 4392 contumeliis,
3414 4323 3472 4378 id
3503 4330 3598 4380 est
3626 4342 3743 4382 non

2088 4408 2143 4461 in
2178 4407 2434 4475 honore;
2469 4410 2525 4463 in
2556 4410 2991 4475 necessitatibus,
3023 4409 3077 4463 id
3124 4415 3213 4465 est
3241 4427 3356 4465 non
3389 4411 3448 4466 in
3480 4413 3741 4485 divitiis;

331 4497 553 4553 malum
596 4501 877 4567 deserere,
913 4506 968 4554 et
1008 4502 1077 4555 ad
1133 4502 1349 4553 bonum
1399 4512 1750 4566 consurgere
1807 4513 1978 4565 posse
2008 4521 2055 4582 ι)
2084 4498 2145 4552 in
2176 4498 2663 4567 persecutionibus,
2694 4498 2747 4551 id
2783 4503 2870 4552 est
2901 4514 3013 4553 non
3049 4499 3105 4552 in
3137 4499 3359 4570 requie,
3383 4500 3472 4555 vel
3504 4503 3746 4576 refrige-

329 4587 531 4641 credit.
574 4588 649 4641 Ne
678 4590 997 4657 magnitudo
1044 4588 1459 4647 reuelationem,
1493 4589 1599 4637 etc.
1629 4583 1774 4636 Dicit
1824 4584 1976 4640 idem

2087 4585 2203 4654 rio;
2240 4588 2299 4639 in
2325 4589 2626 4657 angustiis,
2654 4586 2709 4639 id
2737 4590 2824 4640 est
2844 4603 2958 4641 non
2987 4586 3236 4642 elatione
3267 4588 3353 4642 vel
3386 4589 3739 4661 altitudine;

329 4673 456 4745 ipse
476 4677 839 4747 Augustinus
865 4696 876 4732 :
904 4677 947 4731 Ο
981 4681 1168 4730 terror
1193 4678 1248 4727 et
1278 4670 1523 4726 tremorl
1549 4670 1682 4739 quis
1706 4671 1830 4739 jam
1862 4689 1975 4727 non
2079 4690 2180 4745 pro
2229 4674 2461 4740 Christo,
2495 4674 2549 4727 id
2600 4680 2687 4728 est
2735 4691 2847 4728 non
2898 4692 3001 4745 pro
3050 4675 3306 4747 ﬂagitiis,
3339 4676 3427 4732 vel
3482 4682 3741 4751 peccatis

329 4761 538 4817 timeat
583 4764 799 4830 extolli,
836 4765 883 4818 si
916 4763 1075 4828 talis,
1111 4767 1169 4815 et
1215 4764 1414 4813 tantus
1446 4758 1612 4811 timet
1644 4774 1711 4812 ne
1743 4760 1977 4816 extolla-

330 4852 445 4903 tur.
472 4852 748 4923 Sequitur
778 4870 791 4907 :
826 4854 1001 4906 Datus
1031 4853 1107 4903 est
1138 4848 1277 4900 mihi
1308 4845 1580 4905 stimulus,
1605 4850 1712 4900 etc.
1737 4850 1974 4905 Antido-

332 4940 457 4993 tum
490 4939 767 5009 salutare,
803 4955 918 5008 quo
951 4940 1267 5005 superatur
1295 4949 1601 5001 venenum,
1627 4939 1682 4989 et
1711 4938 1861 5006 quod
1895 4939 1976 4992 di-

331 5041 455 5081 cam
488 5028 599 5082 hoc
628 5043 757 5081 esse
789 5026 902 5079 nisi
935 5021 1260 5077 theriacum
1292 5021 1459 5093 (781),
1486 5025 1636 5094 quod
1670 5026 1976 5083 conﬁcitur

420 5238 550 5302 779)
581 5233 754 5304 Vulg.
788 5237 846 5288 in
874 5252 979 5290 me.

422 5308 550 5371 780)
587 5306 751 5358 Forte
777 5306 1089 5374 prudentia.

406 5376 555 5447 (781)
585 5375 875 5447 Inautog.
908 5378 1293 5435 Sisidriacum.

369 5513 381 5525 υ
406 5444 555 5525 (78ξ)
582 5444 678 5525 191)
708 5461 795 5525 xc,
825 5444 888 5499 iO
916 5453 972 5525 et
1004 5452 1465 5525 seq,_Behemoth
1501 5453 1717 5525 animal
1752 5457 1972 5525 grande

334 5512 870 5593 sivenelephhantem,
905 5520 1023 5575 sive
1069 5512 1248 5588 aliud,
1276 5524 1539 5593 generice
1580 5512 1858 5583 Hebraice
1889 5512 1966 5593 si;

334 5540 453 5569 sive
483 5540 870 5584 umpuuutem,
905 5540 1023 5575 Sive
1069 5540 1248 5588 alluu,

333 5582 593 5665 gniﬁcat.
629 5584 829 5653 Patres
858 5593 1052 5651 tamen
1100 5540 1312 5651 diaboli

2083 4763 2199 4817 ista
2228 4762 2509 4827 sustineo,
2536 4764 3028 4833 quemadmodum
3058 4762 3309 4819 latrones
3339 4765 3604 4824 heretici
3639 4787 3742 4841 pa-

2084 4851 2333 4906 tiuntur.
2378 4850 2539 4904 Unde
2591 4852 2870 4907 Dominus
2904 4870 2917 4906 :
2950 4854 3125 4913 Beati,
3157 4855 3255 4925 qui
3296 4859 3743 4925 persecutionem

2078 4941 2370 5011 patiuntur
2395 4938 2561 5010 (785),
2594 4946 2700 4994 etc.

2157 5031 2290 5083 Cum
2334 5030 2482 5083 enim
2531 5030 2804 5099 inﬁrmor,
2831 5033 2940 5084 etc.
2970 5030 3083 5085 Iste
3130 5031 3309 5103 enim,
3334 5049 3451 5104 quo
3481 5036 3744 5092 verberi-

2083 5244 2318 5303 nomine
2350 5243 2703 5316 intelligunt.

2158 5320 2303 5389 (783)
2326 5317 2506 5390 Valde
2537 5317 2793 5390 notanda
2820 5316 3014 5384 verba,
3038 5334 3165 5389 quae
3197 5319 3743 5390 praedestinationis

2082 5387 2201 5443 vim
2233 5395 2350 5441 tam
2384 5387 2537 5441 clare
2567 5389 2991 5441 demonstrant.

2175 5460 2301 5526 784)
2336 5463 2548 5529 Autog.
2583 5460 2873 5513 revelatur.

2337 5528 2524 5612 Muttti.
2568 5545 2626 5597 ν,
2660 5529 2746 5594 10,
2799 5528 2899 5583 ubi
2947 5529 3019 5585 de
3069 5532 3476 5602 persecutione
3519 5540 3748 5612 propter

1299 5610 1398 5651 um
1443 5596 1835 5654 communiter
1863 5597 1973 5657 hoc
2074 5596 2359 5677 juStitiam
2387 5599 2598 5674 agitur.
