3990 6224
158 321 293 384 485

733 315 1153 376 EXPOSITIO
1197 313 1273 372 IN
1322 314 1752 374 EPISTOLAS
1798 313 2053 373 PAULI.
2094 347 2167 356 ——
2198 315 2273 372 ΙΝ
2322 314 2566 373 EPIST.
2618 315 2664 372 ll
2715 316 2817 373 AD
2865 315 3040 374 COR.

3471 319 3589 378 486

161 456 287 508 bus
319 449 716 520 affligebatur,
749 462 814 500 eo
848 446 1260 506 roborabatur;
1299 445 1433 514 quia
1474 445 1527 497 iu
1589 443 1826 512 sanctis,
1863 448 1917 511 Α
1949 444 2292 514 doapostoli,
2325 463 2447 514 qua:
2480 451 2668 498 vestra
2701 449 2838 497 sunt
2880 449 3166 513 qurerunt,
3228 445 3405 498 nolite
3466 448 3593 500 dili-

167 558 294 612 quo
332 539 522 607 magis
555 535 805 590 exterior
837 534 1008 586 homo
1040 533 1382 596 allicitur,eo
1417 532 1653 585 interior
1677 533 1836 585 robo-

167 637 364 684 ratur.
401 627 541 680 llinc
566 631 655 677 est
686 622 839 692 quod
873 621 1055 675 sancti
1083 629 1362 691 martyres
1387 622 1528 674 adeo
1566 625 1737 674 fortes
1779 621 1833 673 in

167 714 665 771 tribulationibus
697 711 1240 765 existebantfartus
1271 727 1388 762 sum
1427 712 1832 779 z'rm'pims,etc.

169 806 326 860 Nota
361 805 499 875 quia
529 799 904 870 insipientem
946 814 1006 850 se
1066 798 1202 850 dicit
1243 803 1297 851 et
1355 805 1639 864 coactum,
1702 798 1838 867 quia

172 911 360 949 causa
395 890 784 953 necessitatis,
821 887 877 939 id
906 891 994 940 est
1017 904 1256 939 suorum
1290 886 1624 939 auditorum
1661 903 1838 939 cansa

174 982 395 1038 salutis
426 998 487 1035 se
519 979 893 1040 laudaverat;
923 981 977 1028 et
1009 975 1132 1027 ideo
1165 973 1301 1026 dicit
1334 989 1347 1027 :
1391 975 1481 1026 νοις
1528 991 1609 1026 me
1665 976 1835 1042 συμμί-

171 1073 299 1125 stis.
337 1069 402 1122 Et
430 1067 732 1122 sciendum
753 1063 892 1134 quia
913 1062 1226 1117 stultorum
1251 1067 1556 1132 estsponte
1580 1061 1834 1131 gloriari,

173 1175 303 1214 non
335 1153 786 1212 sanctorum.Ad
821 1152 929 1205 hoc
961 1151 1169 1204 attinet
1199 1150 1353 1220 quod
1386 1151 1688 1219 subjungit
1713 1151 1838 1219 :Ego

176 1252 374 1300 autem
404 1245 572 1299 eleb-ui
620 1261 651 1296 α
705 1242 848 1295 vobis
894 1240 1287 1302 commendari,
1349 1240 1517 1309 quasi
1575 1239 1832 1292 diceret:

183 1329 822 1402 Pseudoapostolis,qui
858 1329 968 1382 mei
1005 1333 1142 1381 sunt
1172 1328 1603 1393 obtrectatores,
1630 1332 1684 1380 et
1710 1344 1834 1396 per-

184 1420 782 1487 secutores,resistere
822 1416 1131 1471 debuistis.
1167 1416 1319 1471 Nihil
1349 1417 1496 1469 enim
1526 1417 1707 1468 minus
1740 1416 1835 1468 lia-

181 1510 599 1580 bui(786),etc.
643 1505 818 1570 Quasi
876 1505 1129 1559 diceret:
1191 1503 1344 1558 Nihil
1402 1503 1598 1557 minus
1659 1503 1836 1556 habui

179 1600 378 1663 Petro,
409 1600 641 1651 Andrea
672 1600 727 1649 et
748 1593 969 1648 czeteris
1005 1611 1016 1659 ;
1052 1593 1189 1664 quia
1211 1592 1344 1663 plus
1377 1593 1651 1646 omnibus
1685 1592 1836 1646 labo-

180 1688 326 1743 ravi.
362 1687 506 1740 Nam
544 1684 593 1737 si
616 1684 686 1738 ad
711 1682 1033 1737 doctrinam
1076 1682 1311 1744 referas,
1345 1698 1456 1734 non
1518 1680 1675 1733 aliud
1729 1681 1832 1732 do-

182 1781 438 1832 cuerunt
470 1790 650 1844 quam
677 1788 780 1842 ego
806 1788 818 1834 ;
846 1770 893 1823 si
918 1770 986 1823 ad
1013 1769 1395 1840 patrationcm
1423 1767 1837 1822 miraculorum

185 1882 305 1918 non
341 1864 562 1933 majora
581 1859 855 1914 similiter
878 1875 1033 1913 :nam
1061 1857 1168 1911 etsi
1195 1857 1384 1910 minor
1405 1873 1536 1910 sum
1561 1861 1839 1924 tempore,

188 1969 304 2007 non
343 1956 536 2005 tamen
567 1945 964 2019 dignitate,vel
1001 1945 1224 1999 merito.
1253 1945 1351 1999 His
1412 1944 1599 1998 verbis
1647 1950 1840 1997 osten-

190 2041 453 2112 ditquod
514 2038 634 2092 sint
693 2035 1031 2106 praeferendi
1090 2036 1338 2102 majores
1389 2039 1646 2104 tempore
1704 2031 1842 2094 illis,

189 2130 289 2201 qui
326 2131 580 2198 majores
604 2130 743 2179 sunt
775 2124 978 2177 merito
1007 2141 1017 2177 :
1044 2122 1198 2177 verbi
1222 2121 1703 2193 gratia,nunquid
1730 2136 1842 2173 non

185 2223 449 2273 Joannes
481 2219 612 2270 ante
640 2211 1172 2284 praedicavit,quam
1209 2210 1520 2264 Christus?
1552 2209 1650 2263 Vel
1695 2225 1840 2261 nun-

185 2307 334 2378 quid
357 2305 622 2358 Cbristus
638 2302 1006 2364 Joannem,et
1031 2316 1142 2353 non
1155 2299 1410 2353 Joannes
1430 2298 1720 2352 Christum
1746 2297 1845 2349 ba-

187 2390 809 2466 ptizavit?Sednonob
839 2388 944 2443 hoc
977 2387 1257 2458 major.Et
1288 2386 1551 2456 nunquid
1577 2402 1688 2439 non
1730 2387 1844 2437 An-

190 2484 374 2538 dreas
408 2483 542 2533 ante
572 2477 858 2531 Christum
893 2480 1332 2546 secutus,quam
1367 2472 1724 2538 Petrus‘LSed
1755 2477 1838 2525 ta-

191 2587 337 2625 men
372 2573 430 2622 et
464 2567 622 2621 Petro
657 2564 964 2620 Ecclesium
997 2563 1308 2628 commisit,
1344 2563 1624 2617 dicendo:
1661 2563 1730 2615 Tu
1785 2576 1843 2614 es

189 2660 535 2723 Petrus,etc.
564 2655 745 2708 Habes
771 2654 944 2707 etiam
978 2651 1305 2722 exemplum
1340 2651 1397 2705 in
1431 2650 1619 2705 Veteri
1653 2651 1849 2704 Testa-

189 2750 417 2801 mento.
448 2744 674 2814 Moyses
706 2742 858 2796 enim
897 2741 1084 2795 minor
1114 2741 1222 2793 fuit
1245 2744 1410 2794 aetate
1436 2741 1639 2808 Aaron,
1665 2739 1762 2792 sed
1797 2738 1845 2791 ei

188 2841 395 2890 tamen
431 2837 580 2886 Deus
612 2828 884 2901 apparuit
915 2828 973 2882 in
998 2829 1369 2893 rubo,dicens
1396 2845 1406 2881 :
1443 2828 1556 2899 Ego
1573 2844 1692 2880 sum
1713 2829 1848 2880 Deus

190 2921 476 2976 Abraham
505 2922 702 2989 (Exod.
740 2935 823 2984 ιιι,
856 2919 932 2988 6),
966 2923 1073 2972 etc.
1114 2935 1126 2982 ;
1162 2919 1409 2970 maxime
1441 2933 1571 2970 cum
1608 2916 1701 2969 ille
1733 2916 1847 2969 elo-

194 3010 476 3082 quentior
499 3007 701 3079 (Exod.
739 3023 812 3072 ιν,
852 3008 956 3076 10),
993 3012 1101 3060 etc.
1133 3006 1247 3059 Hoc
1269 3006 1461 3076 ipsum
1487 3006 1657 3059 etiam
1683 3022 1849 3060 cano-

197 3101 338 3154 nica
369 3097 686 3152 auctoritas
719 3095 1094 3166 monet,quod
1126 3093 1231 3159 illi,
1256 3098 1354 3165 qui
1407 3096 1656 3164 majores
1709 3099 1849 3149 sunt

1947 549 2124 602 gere;
2185 551 2288 600 ego
2339 535 2435 601 qui
2497 551 2619 592 vos,
2679 535 2828 601 quod
2893 534 3084 599 majus
3141 539 3246 600 est,
3310 550 3398 587 me
3459 535 3592 587 dili-

1947 621 2079 689 gite.
2116 622 2216 674 Nec
2244 623 2388 673 enim
2419 621 2608 673 ili'ln’nl
2643 621 2772 686 lilii.
2841 621 2935 673 llis
2995 622 3183 674 verbis
3217 623 3468 675 ostendit
3533 641 3592 678 se

1946 724 2072 760 esse
2107 716 2359 778 patrem;
2397 715 2678 779 quamiim
2715 711 2868 760 enim
2905 710 2974 761 ad
3025 709 3347 764 humanum
3383 711 3589 766 attinet

1950 813 2143 864 usum,
2180 803 2444 867 parentes
2497 797 2892 849 tliesaurizuut
2955 798 3106 860 liliis,
3164 816 3272 851 non
3339 800 3436 852 lilii
3492 820 3590 871 pa-

1947 887 2232 950 rentibus,
2269 887 2364 938 sed
2401 885 2654 948 sibimel,
2697 885 2781 937 vel
2847 885 3008 948 liliis;
3073 886 3126 938 in
3187 886 3594 957 Spiritualibus

1947 992 2077 1026 vero
2110 991 2137 1024 (ι
2170 982 2369 1026 contra
2401 974 2502 1026 lilii
2541 975 2895 1044 parentilms,
2941 992 3052 1027 non
3116 983 3381 1044 parentes
3435 978 3590 1042 liliis,

1948 1063 2045 1115 sed
2082 1062 2179 1115 lilii
2219 1064 2574 1132 parentibus,
2612 1063 2748 1132 quia
2781 1063 3105 1115 necessaria
3138 1066 3590 1119 subministrant

1947 1151 2174 1220 thuia
2234 1151 2363 1204 talis
2420 1157 2506 1204 est
2557 1170 2718 1214 usus,
2780 1153 2904 1204 ideo
2963 1152 3068 1204 hoc
3127 1153 3374 1223 dicebat,
3426 1154 3594 1224 quasi

1947 1238 2196 1292 diceret:
2230 1241 2372 1293 Cum
2409 1239 2536 1292 talis
2570 1241 2642 1292 sit
2689 1241 3047 1293 consuetudo
3107 1246 3223 1295 tam
3275 1244 3330 1295 iu
3394 1261 3594 1297 carna-

1947 1327 2126 1391 tibus,
2170 1345 2344 1398 quam
2399 1328 2454 1380 in
2534 1328 2915 1397 spiritalibus,
2974 1347 3076 1394 ego
3137 1332 3426 1384 contraria
3483 1332 3598 1402 egi,

1947 1417 2084 1486 quia
2115 1416 2193 1468 nil
2246 1418 2464 1486 accepi,
2524 1418 2620 1469 sed
2665 1419 2804 1469 alius
2865 1420 3126 1470 Erclc'sizzs
3177 1422 3479 1489 arcpoliari
3528 1420 3601 1486 (ll

1945 1508 2069 1560 Cor.
2105 1523 2177 1570 x1,
2212 1507 2284 1572 8),
2315 1512 2376 1557 ut
2408 1507 2567 1558 vobis
2601 1507 2994 1575 prnulicareui.
3052 1508 3116 1559 lit
3175 1508 3244 1559 ad
3302 1509 3404 1561 hoc
3465 1510 3596 1562 atti-

1949 1599 2044 1646 net
2077 1596 2226 1662 quod
2265 1594 2568 1661 subjungit
2602 1611 2611 1646 :
2649 1596 2752 1662 Ego
2775 1601 2961 1648 autem
2995 1597 3373 1660 libentissime,
3399 1598 3453 1650 id
3487 1603 3596 1663 est,

1949 1681 2321 1735 devotissime
2368 1681 2696 1749 impendam,
2759 1683 2812 1734 id
2874 1689 2982 1747 est,
3019 1684 3300 1753 quidquid
3357 1703 3594 1755 possum

1951 1771 2020 1822 ab
2047 1769 2159 1822 illis
2193 1769 2459 1822 Ecclesiis
2493 1771 2769 1837 accipere,
2799 1778 2859 1824 ut
2893 1774 3053 1824 vobis
3091 1774 3396 1841 praedicare
3432 1776 3592 1827 sul‘li-

1957 1858 2127 1910 ciam.
2173 1860 2231 1910 Et
2289 1859 2758 1927 5upcrimpmulur,
2821 1860 2875 1910 id
2936 1867 3044 1917 est.
3102 1862 3172 1912 ab
3215 1861 3342 1914 aliis
3432 1863 3602 1915 morti

1955 1946 2150 1998 tradar
2182 1963 2282 2015 pro
2316 1953 2504 1998 vestra
2536 1946 2739 1999 salute.
2766 1947 2878 1999 llac
2904 1947 3180 2000 cbaritate
3216 1949 3373 2001 nulla
3423 1952 3607 2017 major

1957 2034 2455 2089 UndeDominus:
2492 2035 2746 2102 Maiorem
2792 2036 3120 2088 rharitutem
3152 2040 3334 2101 (Joan.
3371 2054 3456 2098 xv,
3496 2039 3602 2105 13),

1954 2127 2061 2175 etc.
2102 2124 2348 2175 Liretrox
2392 2123 2516 2192 plus
2570 2123 2827 2191 diligens,
2889 2129 3022 2189 etc.,
3082 2140 3148 2175 ex
3207 2125 3605 2193 superioribus

1956 2210 2187 2280 pendet.
2225 2212 2451 2263 Dixerat
2483 2211 2751 2280 superius
2781 2229 2791 2264 :
2825 2212 3282 2281 Superimpenvlar
3319 2231 3330 2278 ;
3365 2219 3420 2266 et
3469 2213 3598 2268 ideo

1956 2298 2294 2368 subjunxit:
2334 2300 2477 2352 Licet
2511 2315 2616 2361 vos,
2643 2304 2772 2362 etc.,
2807 2300 3116 2369 plusquam
3151 2300 3294 2354 alios
3328 2301 3601 2368 meos,vel

1958 2387 2270 2458 plusquam
2303 2387 2459 2441 aliia
2509 2389 2728 2442 caeteris
2788 2387 3081 2457 apostolis,
3138 2389 3332 2441 minus
3392 2390 3604 2459 diligar

1960 2493 1992 2529 a
2020 2475 2181 2529 vobis
2213 2493 2387 2546 quam
2423 2494 2454 2529 a
2476 2477 2696 2530 cmtcris
2748 2477 2911 2540 meis,
2949 2477 3031 2529 vel
3060 2494 3232 2546 quam
3265 2477 3361 2530 alii
3393 2495 3425 2530 a
3456 2479 3598 2532 suis.

2029 2565 2132 2618 Scit
2159 2572 2265 2617 esto
2298 2583 2314 2617 .·
2346 2581 2440 2632 ego
2467 2582 2559 2618 vos
2588 2568 2834 2632 gravari,
2883 2572 2991 2617 etc.
3031 2583 3043 2629 ;
3098 2566 3151 2617 id
3211 2570 3298 2618 est
3360 2582 3607 2636 praisen-

1958 2653 2173 2706 tialiter
2193 2670 2368 2706 censu
2404 2671 2515 2706 non
2551 2653 2780 2722 gravavi
2819 2655 2965 2706 :Sezl
2994 2670 3117 2706 cum
3142 2670 3309 2707 essem
3367 2659 3599 2716 astutus,

1958 2746 2064 2795 etc.
2102 2758 2114 2806 ;
2152 2742 2316 2812 quasi
2347 2741 2592 2795 diceret:
2627 2742 2748 2795 Non
2785 2743 2909 2795 ideo
2943 2759 3053 2794 non
3087 2742 3302 2812 accepi,
3356 2748 3416 2795 ut
3479 2760 3603 2796 ma-

1958 2830 2046 2899 gis
2077 2832 2334 2900 accipere
2367 2829 2569 2883 vellem
2607 2848 2618 2894 ;
2653 2848 2785 2883 nam
2820 2830 2989 2883 dolus
3017 2830 3230 2883 dicitur
3262 2831 3438 2895 fraus,
3487 2831 3605 2886 sive

1961 2917 2383 2982 simulatio;ille
2417 2935 2669 2988 namque
2692 2919 2929 2971 dolosus
2952 2924 3060 2984 est,
3098 2919 3195 2988 qui
3231 2919 3383 2971 aliud
3413 2926 3604 2974 mente

1960 3007 2196 3077 cogitat,
2228 3005 2383 3059 aliud
2428 3006 2788 3060 extrinsecus
2847 3006 2983 3075 agit.
3047 3007 3208 3059 Tunc
3260 3024 3394 3076 ergo
3448 3010 3601 3078 Apo-

1958 3094 2146 3149 stolus
2176 3112 2272 3149 eos
2305 3094 2433 3148 dolo
2467 3112 2668 3165 capere
2699 3093 2885 3162 vellet,
2937 3095 2984 3148 si
3031 3100 3266 3165 propter
3322 3112 3601 3165 magnum

194 3187 488 3258 sapientia
518 3192 574 3240 et
608 3184 1176 3254 merito,praal'erendi
1208 3183 1324 3237 sint
1358 3183 1678 3252 majoribus
1700 3188 1845 3237 tem-
1879 3187 1920 3253 C
1964 3184 2160 3238 minus
2193 3184 2449 3253 accipere
2483 3183 2676 3236 nollet.

185 3294 333 3349 pore
361 3275 664 3343 ;similiter
696 3273 825 3328 iste.
862 3274 1088 3326 Tametsi
1117 3273 1264 3326 nihil
1295 3288 1436 3337 sum,
1472 3273 1671 3326 etc.lta
1689 3273 1843 3328 enim

188 3381 256 3421 se
289 3363 586 3431 humiliat,
622 3367 686 3417 ut
716 3363 938 3432 erigat;
971 3366 1026 3415 et
1059 3361 1186 3415 ideo
1218 3377 1350 3414 cum
1387 3361 1662 3415 dixisset:
1698 3362 1845 3415 Nihil

180 3471 334 3520 sum,
367 3452 674 3522 subjunxit
701 3467 713 3504 :
749 3451 922 3518 Signa
953 3458 1134 3504 tamen
1163 3449 1578 3519 Apostolz(787).
1616 3451 1681 3503 Et
1713 3455 1847 3504 nota

181 3542 332 3613 quia
363 3543 424 3594 in
455 3541 602 3595 omni
627 3541 906 3610 patientia
935 3537 1092 3592 dicit.
1121 3543 1238 3592 Hac
1262 3537 1540 3609 patientia
1571 3537 1845 3592 tolerave-

191 3633 291 3684 rat
323 3627 424 3681 ille
444 3627 791 3693 Corinthios,
825 3632 879 3680 et
910 3626 1334 3680 medicamento
1371 3625 1766 3696 prodigiorum
1793 3631 1850 3680 et

187 3718 502 3789 signorum
535 3732 732 3770 eorum
764 3721 1087 3770 correxerat
1113 3731 1369 3781 errores;
1403 3714 1570 3786 quasi
1603 3716 1846 3779 diceret;

189 3811 256 3860 In
293 3822 360 3860 eo
386 3805 538 3875 quod
572 3804 744 3859 homo
775 3803 1268 3873 sum,nihilsum;
1306 3805 1361 3858 in
1393 3821 1458 3859 eo
1506 3805 1658 3874 quod
1710 3821 1845 3874 apo-

189 3893 404 3963 stolus,
438 3893 660 3965 aliquid
694 3910 846 3948 sum.

267 3983 413 4050 Quid
439 3986 514 4037 est
544 3982 733 4036 enim?
789 3987 896 4037 etc.
932 4001 943 4047 ;
995 3981 1158 4053 quasi
1193 3981 1406 4036 diceret
1441 4000 1451 4035 :
1505 3985 1628 4036 Non
1662 3982 1849 4052 magis

192 4078 415 4128 caeteras
449 4073 722 4128 Ecclesim
753 4071 970 4143 aliquid
1023 4076 1370 4142 acceperunt
1416 4091 1449 4126 a
1514 4071 1703 4138 Petro,
1762 4071 1848 4125 vel

187 4163 446 4232 Andrea,
479 4156 670 4233 quam.
689 4179 786 4215 vos
817 4179 850 4214 a
882 4177 993 4227 me,
1029 4160 1139 4214 nisi
1174 4161 1319 4214 forte
1353 4178 1558 4229 unum,
1622 4160 1676 4214 id
1738 4165 1845 4230 est,

191 4252 493 4324 quodnon
523 4253 748 4321 gravavi
804 4266 908 4320 eos,
969 4253 1262 4321 sumptum
1319 4249 1674 4319 accipiendo.
1736 4249 1847 4303 Sed

186 4341 241 4397 si
274 4341 603 4411 hocipsum
656 4344 953 4410 peccatum
1016 4338 1142 4406 l‘uit,
1206 4338 1492 4409 ignoscite
1555 4337 1738 4402 mihi;
1791 4338 1846 4392 id

189 4434 302 4494 est,
335 4430 538 4484 donate
582 4428 723 4480 mihi
779 4427 918 4480 hanc
962 4427 1256 4497 injuriam.
1318 4425 1631 4479 Sciendum
1693 4426 1847 4480 enim

191 4519 335 4589 quia
364 4516 681 4572 stultorum
716 4521 803 4570 est
834 4532 981 4586 opus
1013 4515 1259 4585 dignum
1308 4513 1480 4568 laude
1537 4515 1846 4584 reprehen-

190 4607 373 4662 disse.
409 4604 678 4660 Ostendit
709 4620 805 4658 eos
838 4620 964 4658 esse
997 4602 1225 4657 stultos.
1288 4604 1355 4656 Et
1415 4619 1484 4656 ne
1546 4602 1624 4656 illi
1683 4608 1849 4674 puta-

190 4699 328 4749 rent
355 4694 509 4763 quod
534 4693 627 4748 ille
658 4693 716 4746 in
750 4692 1066 4764 primordio
1099 4709 1216 4746 suze
1247 4691 1694 4762 przedicationis,
1753 4691 1852 4762 qui

193 4799 317 4836 non
351 4786 665 4851 acceperat,
725 4781 1092 4851 postmodum
1156 4779 1414 4850 accipere
1472 4779 1658 4844 vellet,
1719 4779 1846 4833 ideo

190 4870 506 4940 subjunxit
540 4885 552 4922 :
588 4871 712 4924 Ecce
741 4870 931 4933 tertio,
963 4874 1096 4934 etc.;
1127 4870 1270 4939 (788)
1305 4869 1468 4937 quasi
1504 4869 1747 4922 diceret:
1770 4867 1848 4922 Ne

189 4957 417 5030 putetis
453 4975 543 5012 me
571 4957 833 5028 accipere
862 4955 1026 5023 velle,
1060 4957 1157 5026 qui
1189 4957 1471 5010 hactenus
1516 4973 1626 5010 non
1688 4973 1846 5010 acce-

190 5049 246 5118 pi
282 5067 294 5103 :
330 5052 450 5105 Non
483 5048 636 5102 enim
668 5061 856 5116 quaero
879 5062 997 5116 qua:
1033 5054 1202 5099 vestra
1232 5053 1378 5111 sunt,
1419 5051 1526 5100 etc.
1583 5045 1682 5098 llis
1725 5061 1848 5097 ver-

191 5137 282 5191 bis
314 5141 593 5208 provocat
624 5151 725 5189 eos
758 5133 828 5186 ad
861 5150 1116 5188 amorem
1149 5135 1261 5199 sui,
1297 5139 1357 5188 ut
1405 5133 1487 5187 illi
1546 5133 1849 5186 audientes

189 5241 253 5280 se
285 5243 566 5298 quaerere,
601 5222 1067 5292 diligerenteum
1104 5222 1308 5293 ;quasi
1351 5221 1567 5276 diceret
1598 5238 1608 5275 :
1671 5224 1850 5275 Pseu-

283 5459 410 5527 786)
443 5454 620 5525 Vulg.
654 5450 806 5506 nihil
837 5452 983 5527 enim
1011 5453 1196 5506 minus
1223 5453 1311 5523 fui
1338 5453 1404 5507 ab
1433 5455 1521 5506 iis.

279 5521 406 5601 787)
442 5521 1002 5601 Vulg._apostolatus.

278 5592 404 5674 788)
441 5601 506 5656 In
541 5592 748 5666 autog.
785 5607 966 5665 marg.
1000 5594 1094 5651 hic
1143 5594 1356 5671 legitur
1404 5612 1528 5668 cap.
1584 5592 1848 5663 XXVIII;

2027 3272 2283 3342 Nunquid
2313 3287 2409 3338 per
2437 3272 2679 3339 aliquem
2709 3287 2916 3330 eorum.
2941 3275 3047 3324 etc.
3085 3287 3096 3323 :
3132 3271 3297 3340 quasi
3349 3270 3564 3325 diceret
3591 3290 3601 3326 :

1955 3360 2162 3414 Nullus
2195 3376 2258 3412 ex
2293 3359 2382 3412 his
2407 3376 2553 3428 quos
2613 3359 2744 3411 misi
2799 3359 2981 3419 vobis,
3042 3357 3233 3411 dixit:
3298 3359 3601 3428 pecuniam

1956 3449 2191 3518 dignam
2255 3465 2511 3518 personas
2562 3447 2816 3515 tribuite,
2851 3447 2898 3500 si
2935 3445 3098 3500 illum
3150 3453 3448 3517 peccatum
3499 3446 3604 3502 ha-

1958 3537 2089 3589 bere
2122 3535 2296 3589 vultis
2333 3553 2342 3588 :
2387 3552 2498 3589 non
2531 3535 2791 3606 poteritis
2845 3552 2977 3589 eum
3039 3542 3308 3606 pacatum
3365 3536 3598 3600 habere,

1958 3625 2068 3678 nisi
2103 3624 2334 3688 dignam
2369 3624 2672 3694 pecuniam
2692 3624 2968 3678 dederitis
2995 3642 3007 3690 ;
3033 3630 3088 3678 et
3106 3624 3152 3678 si
3185 3624 3398 3697 aliquis
3421 3625 3599 3680 dixis-

1957 3719 2044 3768 set
2065 3712 2254 3777 Paulo,
2291 3714 2536 3782 peccavi,
2571 3719 2886 3784 torqueret.

2032 3803 2230 3871 Rogavi
2262 3803 2454 3868 Titum,
2488 3807 2595 3856 etc.
2629 3803 2831 3873 ;quasi
2866 3803 3081 3856 diceret
3110 3819 3121 3855 :
3165 3802 3286 3856 Non
3349 3804 3603 3858 circum-

1957 3891 2110 3945 venit
2141 3908 2238 3945 vos
2271 3890 2457 3959 Titus,
2493 3891 2628 3961 quia
2651 3890 2792 3944 nihil
2847 3891 3006 3945 vobis
3056 3892 3340 3961 qumsivit,
3402 3909 3602 3962 quem-

1959 3981 2272 4034 admodum
2310 3997 2411 4033 nec
2435 3997 2576 4050 ego;
2607 3980 2743 4050 quia
2768 3997 3014 4049 quorum
3051 3997 3165 4032 una
3211 3985 3294 4033 est
3355 3981 3603 4049 devotio,

1958 4069 2132 4123 etiam
2158 4086 2274 4122 una
2297 4068 2656 4121 voluntas.Et
2688 4069 2813 4121 ideo
2847 4067 3166 4134 subiunxit:
3192 4069 3379 4121 Nonne
3408 4068 3602 4122 eodem

1956 4158 2152 4227 spiritu
2186 4157 2586 4209 ambulavimus
2617 4155 2644 4206 ?
2677 4154 2732 4207 Id
2795 4159 2902 4219 est,
2937 4155 3139 4207 eadem
3211 4153 3494 4219 doctrina,
3549 4159 3599 4209 et

1958 4245 2150 4300 iisdem
2180 4245 2445 4310 vestigiis,
2480 4241 2614 4312 quia
2648 4240 2793 4294 nihil
2817 4241 3166 4310 accepimus.

2032 4333 2171 4388 Olim
2200 4333 2454 4401 putastis,
2488 4334 2594 4396 etc,
2634 4347 2645 4395 ;
2708 4327 2874 4399 quasi
2932 4328 3144 4382 diceret
3178 4345 3189 4381 :
3243 4327 3603 4384 Jamdudum

1959 4421 2226 4490 estquod
2259 4436 2357 4472 vos
2401 4417 2650 4484 putastis
2706 4416 2854 4471 nolle
2905 4433 3010 4470 nos
3071 4415 3329 4486 accipere
3389 4431 3607 4470 munus

1961 4515 2195 4582 propter
2227 4525 2459 4572 munus,
2494 4511 2549 4560 et
2599 4523 2711 4560 non
2772 4507 2918 4575 (789)
2980 4504 3264 4576 simplicis
3324 4520 3452 4558 esse
3521 4504 3607 4557 in—

1962 4597 2260 4652 tentionis.
2296 4596 2404 4650 Sed
2431 4595 2583 4649 hunc
2637 4611 2890 4648 errorem
2951 4591 3422 4665 pseudoapostoli
3465 4591 3580 4646 infe

1964 4687 2187 4754 rebant,
2220 4686 2514 4739 dicentes:
2544 4684 2672 4738 ldeo
2708 4683 2852 4737 nolit
2883 4684 3141 4753 accipere
3201 4698 3395 4750 parva,
3458 4696 3607 4750 qua-

1967 4781 2132 4829 tenus
2193 4773 2436 4845 accipiat
2496 4790 2724 4843 magna.
2792 4773 2854 4825 Et
2888 4772 2960 4824 ob
3012 4771 3117 4825 hoc
3167 4770 3469 4840 subjungit
3510 4768 3605 4824 ille

1958 4863 2402 4917 affirmationem
2433 4861 2763 4932 jurationis,
2798 4861 2996 4914 dicens
3029 4875 3038 4913 :
3075 4875 3260 4913 coram
3294 4864 3419 4923 Deo,
3450 4862 3556 4912 etc.
3587 4877 3600 4921 ;

1958 4953 2122 5024 quasi
2147 4951 2589 5013 diceretzQuod
2634 4967 2743 5003 non
2795 4949 3032 5019 accipio,
3087 4966 3200 5002 non
3261 4962 3437 4999 causa
3489 4961 3606 4999 ma-

1950 5040 2098 5109 joris
2131 5040 2298 5104 lucri,
2334 5043 2432 5094 sed
2469 5046 2666 5094 vestrze
2700 5038 2907 5092 salutis
2943 5055 2955 5103 ;
3018 5037 3135 5092 sive
3189 5041 3391 5090 vestra:
3447 5032 3606 5086 salu-

1957 5129 2032 5182 tis
2077 5131 2223 5199 (790)
2272 5127 2518 5198 rigorem
2590 5145 2727 5181 meae
2772 5125 3192 5198 prmdicationis
3247 5140 3360 5178 non
3421 5124 3606 5193 ﬂecto,

1959 5217 2095 5287 quia
2128 5215 2381 5270 multum
2415 5217 2649 5286 prodest
2679 5215 2759 5269 illi
2812 5215 2912 5285 qui
2971 5215 3326 5284 increpatur,
3384 5209 3432 5263 si
3490 5223 3606 5263 non

1960 5447 2164 5502 nullibi
2190 5450 2385 5499 autem
2419 5460 2542 5511 cap.
2579 5442 2738 5507 XXV,
2774 5443 2938 5495 XXVI
2970 5447 3025 5496 et
3065 5441 3282 5496 XXVII.

2032 5519 2178 5588 (789)
2201 5520 2405 5588 Autog.
2443 5528 2555 5588 nos.

2032 5521 2157 5588 (789
2201 5521 2405 5584 Autog.
2443 5528 2555 5566 nos.

2031 5521 2178 5666 (79Οέ
2209 5582 2680 5655 Subintelligitur
2712 5583 2857 5640 forte
2885 5599 3076 5642 causa.
