3990 6224
312 362 429 423 487

315 494 559 564 accipiat
588 491 659 545 ab
690 505 755 542 eo
786 482 1101 556 magister;
1161 493 1298 532 nam
1349 474 1491 528 dum
1559 487 1673 526 non
1732 464 1961 539 accipit,
1994 468 2047 533 Α

315 555 501 640 credit
520 596 651 636 eum
676 592 788 630 non
809 555 1077 645 pacatum
1098 566 1311 620 habere
1340 559 1648 634 posse,nisi
1671 555 1959 612 emendet.

384 670 695 741 Sequitur:
740 664 921 718 Timeo
969 659 1117 712 enim
1145 670 1215 707 ne
1242 654 1381 723 forte
1432 667 1559 706 cum
1594 661 1813 709 venero,
1846 646 1960 697 etc.

318 728 579 818 Ostendit
610 766 843 825 quoque
872 748 966 802 his
994 743 1204 807 verbis,
1230 739 1507 811 quoniam
1541 735 1730 789 adhuc
1790 728 1961 785 multi

319 852 483 907 erant
511 822 664 902 inter
684 858 783 896 eos
814 831 1113 891 incorrecti
1147 848 1159 897 ;
1200 834 1255 883 et
1307 828 1433 881 ideo
1474 824 1617 879 dixit
1659 822 1948 881 timorem,

321 942 435 1010 Quo
484 951 583 990 eos
636 928 896 989 terreret,
956 938 1027 975 ne
1076 920 1243 988 forte,
1303 931 1435 970 cum
1490 910 1726 971 veniret,
1810 907 1961 959 inve-

303 992 455 1083 njiret
506 1038 604 1076 eos
648 1016 813 1083 tales,
867 1009 1071 1083 quales
1119 1023 1235 1060 non
1279 1002 1473 1067 vellet,
1535 1000 1643 1053 hoc
1704 1000 1814 1059 est,
1872 992 1959 1046 in-

307 1110 679 1174 correctos,et
714 1103 842 1157 ideo
902 1115 1018 1154 sua;
1072 1090 1437 1150 auctoritatis
1495 1083 1960 1142 dominationem

307 1203 367 1258 in
423 1199 508 1255 eis
572 1192 883 1255 exerceret,
944 1191 998 1241 et
1052 1183 1167 1255 ipsi
1220 1179 1553 1235 invenirent
1614 1189 1748 1229 eum
1788 1169 1961 1224 talem

309 1288 541 1362 qualem
576 1299 689 1339 non
719 1279 951 1340 vellent,
982 1275 1091 1329 hoc
1121 1277 1230 1338 est,
1260 1268 1518 1342 rigidum
1580 1280 1644 1318 ac
1676 1274 1961 1316 severum.

310 1348 373 1434 In
406 1392 521 1449 quo
581 1374 728 1427 facto
786 1369 1100 1422 monentur
1157 1358 1594 1433 praedicatores,
1642 1355 1708 1405 ut
1760 1348 1807 1403 si
1850 1362 1968 1419 qua

312 1470 382 1523 de
413 1436 525 1521 sibi
557 1457 837 1530 subjectis
869 1452 1137 1527 plebibus
1170 1441 1652 1518 reprehensibilia
1698 1436 1963 1530 audiunt,

317 1556 481 1629 prius
514 1551 783 1605 timorem
814 1524 1092 1611 dirigant,
1136 1540 1200 1590 ut
1256 1532 1642 1603 corrigantur,
1706 1542 1778 1580 ne
1826 1524 1968 1577 forte

317 1614 572 1709 veniant,
603 1642 659 1692 et
691 1634 1042 1689 incorrectos
1081 1623 1440 1679 invenientes
1501 1614 1968 1672 dominationem

323 1750 441 1790 suae
470 1722 833 1784 auctoritatis
862 1719 921 1773 in
954 1715 1069 1771 illis
1104 1714 1431 1769 exerceant.

394 1816 705 1889 Sequitur:
768 1809 843 1863 Ne
904 1808 1045 1877 forte
1100 1791 1969 1895 contentiones,“aemulationes,
2003 1831 2049 1895 Β

326 1917 433 1966 etc.
466 1876 652 1970 duare
681 1876 932 1963 timeret,
987 1892 1076 1946 his
1132 1888 1322 1944 verbis
1379 1880 1799 1946 manifestavit,
1860 1876 1970 1930 sci-

328 1968 587 2060 licet,ine
636 1989 756 2042 hac
794 1999 919 2055 quae
953 1981 1280 2050 sequuntur
1308 1974 1367 2029 in
1398 1972 1515 2026 illis
1546 1968 1971 2025 invenirentur.

329 2088 436 2142 hoc
467 2085 556 2137 est
584 2072 1008 2134 contentiones,
1043 2083 1169 2139 quae
1203 2064 1477 2119 dicuntur
1509 2056 1677 2130 quasi
1710 2055 1781 2109 ab
1814 2048 1973 2108 omni

330 2169 674 2236 intentione,
706 2179 771 2217 co
804 2159 959 2232 quod
984 2158 1154 2227 juxta
1182 2149 1565 2206 intentionem
1614 2160 1804 2209 suam,
1860 2154 1976 2195 non

334 2259 527 2317 studio
581 2225 885 2309 veritatem
947 2239 1229 2306 discendi,
1274 2237 1374 2293 sed
1438 2235 1628 2307 potias
1688 2225 1978 2289 vincendi,

336 2345 556 2418 aliquid
578 2343 751 2396 homo
783 2333 1077 2391 defendat.
1142 2325 1535 2382 {Emulatioues
1575 2319 1816 2418 quippe.
1845 2317 1983 2370 sunt

337 2406 688 2491 invidentiae.
708 2425 1147 2484 Verumtamen,
1188 2416 1340 2469 sicut
1369 2412 1509 2467 dicit
1539 2411 1745 2463 beatus
1788 2406 1984 2475 Augu-

340 2525 551 2587 stinus,
585 2518 764 2573 distat
792 2514 942 2567 inter
986 2505 1417 2563 aemulationem
1475 2505 1532 2555 et
1584 2496 1981 2552 invidentiam.

342 2608 571 2670 [Emula
596 2606 653 2660 id
688 2606 794 2668 est,
853 2614 988 2653 cum
1047 2596 1221 2650 homo
1271 2591 1467 2645 dolore
1522 2588 1828 2656 torquetur
1884 2595 1986 2652 pro

343 2718 405 2757 re
435 2698 650 2767 aliqua,
697 2704 873 2762 quam
922 2685 1067 2740 alter
1125 2682 1371 2751 adeptus
1427 2681 1534 2742 est,
1596 2678 1654 2729 et
1692 2673 1813 2743 ipse
1871 2684 1986 2723 non

345 2766 708 2858 adipiscitur,
740 2782 796 2832 et
827 2769 1232 2844 hujuscemodi
1266 2771 1355 2821 est
1384 2766 1512 2837 ipsa
1541 2778 1652 2827 res,
1685 2776 1810 2831 quae
1842 2774 1985 2811 non-

347 2848 465 2933 nisi
494 2875 564 2928 ab
597 2884 710 2925 uno
744 2859 1028 2937 possideri
1062 2856 1246 2929 possit
1277 2871 1289 2907 :
1315 2849 1633 2908 invidentia
1689 2864 1819 2902 vero
1878 2848 1987 2907 est,

349 2961 581 3036 quando
608 2933 969 3028 quisvdolore
1000 2949 1306 3017 torquetur
1356 2958 1457 3013 pro
1516 2936 1753 2993 alterius
1810 2933 1989 2988 felici-

350 3021 489 3123 t‘ate,
521 3053 577 3104 et
623 3021 778 3100 dolet
820 3056 920 3112 pro
978 3035 1174 3105 aliqua
1231 3048 1309 3101 re,
1370 3044 1544 3100 quam
1604 3024 1747 3080 alter
1794 3021 1996 3092 acqui-

354 3112 535 3207 rit,et
592 3136 715 3206 ipse
771 3129 947 3184 etiam
1007 3140 1119 3178 non
1178 3119 1469 3175 desiderat
1514 3131 1661 3169 eam.
1721 3112 1987 3165 Animosi-

1326 337 1664 403 ATTONIS
1708 326 2296 397 VERCELLENSIS
2342 321 2694 386 EPISCOPI

3594 312 3743 371 488

2148 459 2424 531 Sequitur
2457 457 2567 511 :Ne
2595 460 2814 521 iterum,
2871 467 2996 506 cum
3050 463 3269 517 venero,
3323 443 3580 501 humiliet
3640 458 3747 498 me

2071 550 2207 603 Deus
2239 530 2383 614 apud
2416 561 2524 609 vos,
2583 548 2689 597 etc.
2747 539 3012 595 Ostendit
3067 536 3223 592 enim
3284 533 3344 589 in
3404 533 3512 588 hoc
3566 530 3737 597 loco,

2072 654 2203 691 cum
2238 634 2395 703 dicit,
2428 637 2480 688 et
2509 633 2723 702 lugeam
2775 629 2992 692 multos,
3052 624 3206 697 quod
3258 625 3384 694 jam
3437 617 3733 675 nonnulli

2073 723 2430 795 pmnitudine
2460 725 2697 775 correcti
2733 718 2802 772 ad
2837 721 3046 772 sancta:
3079 712 3341 768 Ecclesia:
3376 709 3741 765 societatem

2072 814 2301 866 fuerant
2330 808 2598 865 revocati.
2629 807 3042 861 Verumtamen
3077 800 3243 857 multi
3276 798 3467 855 adhuc
3518 813 3738 852 mane-

2070 901 2212 956 bant
2243 899 2570 962 incorrecti,
2595 913 2698 967 pro
2732 894 2944 966 quibus
2975 891 3219 946 timebat
3250 884 3738 950 humiliari.Quis

2070 990 2226 1044 enim
2260 992 2421 1060 pater
2451 1003 2563 1040 non
2599 985 2825 1039 laetetur
2854 982 2912 1035 in
2964 979 3189 1035 dilectis
3238 976 3395 1043 filiis,
3438 974 3525 1029 vel
3587 972 3738 1046 quis

2071 1095 2185 1133 non
2212 1077 2471 1132 tristetur
2501 1076 2572 1129 de
2594 1072 2765 1128 malis
2794 1072 2822 1127 ‘I
2853 1075 2919 1125 Et
2946 1070 3074 1124 ideo
3113 1066 3229 1123 illis
3284 1064 3497 1122 direxit
3550 1063 3741 1118 timo-

2073 1183 2218 1233 rem,
2250 1171 2315 1219 ut
2365 1163 2810 1233 corrigerentur,
2877 1175 2949 1213 ne
2999 1159 3145 1213 forte
3187 1156 3448 1226 veniens,
3513 1152 3565 1209 si
3624 1168 3738 1208 eos

2074 1254 2478 1309 inemendatos
2527 1250 2831 1316 inveniret,
2890 1246 3303 1302 humiliaretur
3362 1249 3421 1299 et
3470 1242 3736 1314 lugeret,

2075 1346 2204 1415 quia
2232 1358 2338 1398 non
2370 1348 2597 1410 egerunt
2624 1339 3023 1410 pwnitentiam,
3092 1350 3269 1406 quam
3327 1332 3377 1387 si
3442 1330 3736 1403 egissent,

2076 1432 2302 1487 veniam
2334 1428 2623 1484 consecuti
2652 1427 2920 1482 fuissent.
2969 1423 3126 1479 Facit
3174 1426 3231 1476 et
3278 1421 3558 1476 adversus
3613 1418 3739 1474 No-

2074 1520 2357 1585 vatianos,
2392 1518 2514 1589 qui,
2551 1520 2864 1587 postquam
2914 1514 2975 1567 in
3036 1508 3439 1566 fornicationis
3498 1506 3738 1562 malum

2078 1609 2314 1671 labitur,
2346 1610 2562 1677 negant
2616 1620 2748 1659 eum
2810 1619 2911 1674 per
2966 1598 3362 1673 pmnitentiam
3420 1610 3741 1669 resurgere

2079 1705 2269 1767 posse.
2304 1696 2545 1750 Frustra
2574 1707 2782 1763 nempe
2807 1688 3147 1762 paznitentia
3177 1683 3738 1758 injungeretur,nisi

2078 1784 2253 1839 veniae
2286 1784 2509 1837 fructus
2540 1784 2898 1851 sequeretur.
2951 1777 3019 1832 Et
3056 1776 3162 1832 hoc
3209 1775 3536 1845 sciendum,
3591 1773 3743 1845 quia

2081 1872 2192 1927 tria
2223 1871 2383 1936 dicit,
2412 1869 2855 1940 fornicationem,
2887 1864 3307 1920 immunditiam
3330 1869 3383 1918 et
3426 1863 3741 1934 impudici-

2083 1964 2254 2027 tiam;
2284 1960 2383 2015 sed
2416 1958 2509 2013 his
2566 1956 2839 2012 omnibus
2890 1953 3261 2027 impudicitia
3313 1957 3406 2008 est
3457 1952 3735 2018 deterior,

2085 2049 2361 2121 quoniam
2382 2045 2748 2118 impudicitia
2775 2059 2903 2099 esse
2923 2043 3137 2098 dicitur
3158 2040 3328 2113 quasi
3359 2044 3736 2096 monstruosa

2087 2137 2482 2198 immunditia.
2544 2151 2669 2205 quas
2715 2132 2906 2204 agitur
2959 2132 3018 2186 in
3075 2129 3333 2200 incertis,
3377 2127 3463 2184 vel
3518 2129 3579 2183 in
3633 2127 3740 2183 his

2089 2244 2215 2297 quae
2248 2226 2395 2279 fiunt
2424 2228 2626 2278 contra
2656 2226 2948 2291 naturam,
3003 2219 3158 2274 sicut
3209 2217 3306 2273 ille
3354 2216 3455 2289 qui
3492 2232 3740 2273 uxorem

2091 2315 2271 2387 patris
2300 2313 2541 2367 duxerat
2574 2311 2615 2381 (I
2646 2309 2765 2365 Cor.
2800 2310 2934 2380 v,i).
2971 2307 3219 2364 Pudicus
3252 2306 3492 2378 quidem
3522 2304 3747 2361 dicitur

2090 2402 2471 2468 verecundus,
2501 2398 2834 2471 impudicus
2864 2401 3059 2453 autem
3094 2394 3523 2452 inverecundus
3556 2412 3571 2461 ;
3630 2393 3745 2450 hoc

2093 2491 2308 2562 est,qui
2339 2489 2555 2545 amisso
2581 2488 2800 2560 pudore
2830 2488 3095 2541 versatur
3123 2484 3181 2560 in
3205 2482 3570 2539 detestandis
3616 2485 3745 2537 stu-

2096 2580 2232 2653 pris.
2268 2576 2647 2634 Immunditia
2676 2574 2891 2629 dicitur
2920 2572 3205 2645 quidquid
3236 2571 3598 2627 contrarium
3654 2574 3750 2626 est

2097 2668 2421 2724 munditiae.
2456 2663 2774 2719 Fornicatio
2801 2667 2996 2718 autem
3052 2661 3111 2715 in
3161 2660 3267 2715 hoc
3320 2658 3445 2715 loco
3495 2657 3597 2715 illa
3655 2660 3748 2714 in-

2100 2756 2416 2828 telligenda
2444 2759 2550 2819 est,
2583 2769 2707 2823 qum
2740 2752 2797 2806 in
2857 2767 3096 2822 corpore
3153 2750 3369 2820 agitur,
3418 2748 3747 2805 immundi-

2100 2847 2182 2902 tia
2210 2860 2342 2900 vero
2359 2843 2534 2897 etiam
2565 2838 2926 2911 illaintelligi
2960 2842 3147 2910 potest
3197 2854 3322 2909 quae
3375 2838 3574 2911 agitur
3619 2853 3750 2893 cor-

2100 2934 2256 3008 poris
2287 2928 2664 2987 delectatione
2695 2927 2781 2983 vel
2803 2927 3019 2983 mentis
3049 2926 3484 2982 deliberatione.

2170 3023 2322 3093 (CAP.
2357 3016 2556 3089 XIII.)
2602 3016 2920 3087 Sequitur:
2980 3017 3112 3070 Ecce
3165 3015 3325 3070 tertio
3377 3014 3477 3070 hoc
3528 3016 3755 3071 veniam

2101 3110 2346 3183 (791-92)
2377 3108 2453 3164 ad
2504 3121 2611 3162 vos.
2676 3103 2765 3161 Bis
2825 3108 3076 3170 venerat,
3135 3107 3191 3157 et
3248 3119 3402 3158 nunc
3458 3102 3633 3159 tertio
3690 3121 3757 3161 se

354 3187 495 3285 tates
517 3187 732 3297 quitppe
757 3220 895 3273 sunt
916 3213 1233 3268 anxietates
1258 3225 1270 3260 :
1298 3205 1575 3277 quoniam
1600 3200 1901 3256 animosus
1918 3196 2001 3251 di-
2030 3187 2073 3253 C
2109 3200 2304 3255 venire
2336 3193 2786 3269 promittit,quia
2808 3191 2977 3264 paulo
3010 3190 3279 3262 superius
3302 3207 3365 3246 se
3394 3191 3625 3247 dixerat
3655 3209 3755 3264 pa-

353 3318 504 3375 citur
534 3285 845 3371 .aniriosus,
901 3301 987 3357 vel
1047 3296 1430 3369 suspiciosus,
1482 3292 1590 3346 hoc
1636 3293 1724 3345 est
1782 3285 1991 3357 zeloty-

357 3421 485 3478 pus.
536 3397 904 3456 Dissensiones
948 3405 1079 3444 vero
1138 3390 1277 3441 sunt
1334 3380 1666 3448 divisiones,
1727 3374 1995 3445 dissidia,

355 3460 529 3565 atque
557 3484 820 3543 divortia.
854 3477 1225 3535 Detractiones
1256 3471 1492 3543 quidem
1526 3460 1995 3565 dicuntur,quasi

356 3549 1040 3642 retlractiones,quoniam
1073 3564 1165 3618 ille
1205 3563 1492 3616 detractor
1548 3562 1655 3620 est,
1703 3553 1803 3626 qui
1854 3549 1996 3605 alte-

357 3670 481 3725 rius
530 3666 745 3719 bonum
782 3657 922 3711 dicit
952 3669 1082 3709 esse
1113 3650 1356 3713 malum,
1386 3646 1472 3702 vel
1534 3650 1685 3699 certe
1718 3653 1996 3711 magnum

357 3755 497 3811 dicit
525 3763 769 3823 parvum
804 3770 819 3811 ;
853 3759 1010 3807 nam,
1043 3742 1183 3795 dum
1213 3738 1321 3792 hoc
1353 3735 1490 3807 agit,
1538 3733 1750 3788 bonam
1803 3727 2000 3783 fratris

359 3815 577 3899 famam
609 3836 917 3891 obscurare
938 3827 1253 3896 contendit,
1277 3831 1332 3880 et
1362 3822 1531 3894 quasi
1558 3838 1591 3874 ει
1637 3819 1807 3873 corde
1866 3815 2004 3871 alte-

361 3932 485 3988 rius
515 3923 780 3989 retrahit,
813 3926 1020 3975 utnon
1077 3932 1210 3971 eum
1268 3912 1441 3968 talem
1495 3910 1709 3973 credat,
1771 3904 2004 3977 qualem

361 4021 524 4095 prius
555 4011 898 4070 crediderat.
932 4004 1346 4061 Susurrationes
1376 4001 1594 4062 autem,
1654 3993 1743 4049 vel
1798 4008 2006 4047 susur—

361 4079 551 4175 renes,
584 4120 618 4159 a
646 4116 789 4157 sono
819 4096 1049 4153 aurium
1082 4093 1377 4156 dicuntur,
1433 4084 1710 4158 quoniam
1766 4079 1865 4134 ille
1916 4095 2011 4133 su-

361 4209 552 4260 surro,
578 4186 795 4259 est,qui
828 4202 941 4240 non
972 4183 1031 4237 in
1057 4182 1219 4243 facie,
1260 4177 1361 4234 sed
1401 4175 1460 4229 in
1514 4189 1652 4228 aure
1699 4166 2011 4239 loquendo,

363 4254 635 4337 detrahit.
661 4254 972 4347 Iriﬂationes
996 4285 1227 4344 quoque
1256 4266 1533 4321 dicuntur
1553 4265 1833 4347 tumores,
1877 4254 2017 4347 quia

365 4369 604 4425 inﬂatus
636 4364 849 4420 dicitur
879 4342 1046 4432 quasi
1074 4361 1351 4413 ventosus
1380 4369 1394 4419 ;
1427 4342 2015 4420 quoniam,quemad-

367 4460 605 4514 modum
633 4461 762 4509 uter
799 4430 969 4506 ven—to
1013 4444 1366 4506 extenditur,
1424 4438 1506 4491 ita
1562 4438 1620 4489 et
1680 4447 1845 4509 mens
1892 4430 2020 4499 ejus

2104 3296 2315 3345 ratum.
2353 3287 2460 3341 Sed
2492 3284 2671 3356 quaeri
2702 3286 2893 3354 potest
2917 3296 3098 3350 quare
3128 3296 3235 3335 suo
3276 3280 3550 3336 adventui
3606 3279 3757 3353 legis

2103 3375 2509 3433 testimonium
2517 3369 3086 3445 junxerit.Videlicet
3107 3369 3244 3441 quia
3258 3369 3587 3425 secundum
3609 3370 3757 3440 legis

2106 3469 2458 3538 praeceptum
2484 3460 2698 3532 aliquis
2728 3458 2838 3515 sub
2871 3459 3101 3513 duobus
3130 3462 3233 3513 aut
3260 3457 3454 3514 tribus
3503 3457 3771 3514 testibus-

2105 3554 2191 3610 vel
2216 3552 2599 3625 justiﬁcatur,
2622 3548 2709 3603 vel
2768 3547 3193 3602 condemnatur
3251 3546 3427 3617 (Deut.
3486 3563 3629 3613 xvu,
3676 3546 3754 3618 6).

2103 3645 2319 3699 Verum
2351 3639 2489 3712 quia
2516 3638 2607 3692 his
2638 3654 2735 3692 eos
2759 3635 3155 3699 admonuit,ut
3173 3634 3759 3705 corrigerentur,ideo

2110 3733 2215 3787 hoc
2245 3728 2489 3802 protulit
2509 3724 3231 3794 testimonium,quatenus
3261 3723 3310 3778 si
3344 3739 3459 3778 non
3493 3740 3556 3779 se
3577 3724 3753 3779 corri-

2110 3823 2330 3893 gerent,
2364 3816 2473 3871 sibi
2498 3816 2625 3885 jam
2659 3831 2774 3867 non
2804 3811 2957 3867 ultra
2973 3812 3331 3882 parcendum
3364 3812 3762 3885 intelligerent

2113 3908 2276 3963 Unde
2307 3909 2364 3959 et
2395 3920 2528 3958 mox
2558 3900 2904 3971 subjunxit:
2970 3899 3222 3955 Praedixi
3275 3902 3449 3969 enim,
3500 3905 3563 3956 ut
3616 3916 3763 3974 prae-

2115 3997 2252 4060 dico,
2285 3997 2392 4047 etc.
2427 3989 2696 4045 Praedixit
2722 4003 2960 4060 praesens
2991 3988 3250 4059 quidem,
3282 3993 3340 4044 et
3367 3989 3558 4044 absens
3579 3992 3653 4046 ii:
3672 3992 3768 4063 qui

2118 4089 2249 4139 ante
2259 4081 2700 4153 peccaverunt,et
2718 4079 2926 4133 caeteris
2938 4076 3219 4139 omnibus;
3242 4076 3359 4132 illis
3389 4077 3491 4149 qui
3517 4079 3770 4135 necdum

2122 4173 2192 4227 ad
2224 4172 2514 4240 integrum
2566 4183 2626 4222 se
2683 4168 3077 4234 correxerunt,
3114 4164 3205 4221 vel
3259 4170 3433 4233 certe,
3488 4167 3544 4221 si
3580 4183 3772 4224 venero

2124 4262 2343 4327 iterum,
2365 4271 2471 4310 non
2502 4270 2749 4326 parcam.
2783 4250 2974 4307 Parcit
3018 4251 3175 4306 enim
3233 4250 3553 4323 Apostolus
3607 4253 3777 4326 quasi

2128 4364 2243 4402 non
2276 4340 2869 4417 parcendo,quoniam
2901 4339 3029 4395 ideo
3062 4340 3361 4411 praemittit
3376 4340 3675 4411 timorem,
3706 4358 3777 4398 ne

2128 4437 2276 4492 forte
2301 4432 2557 4489 inveniat
2585 4430 2740 4485 unde
2771 4427 3227 4484 dominationem
3257 4436 3543 4486 exerceat.

369 4543 777 4608 amaritudine,
854 4536 940 4592 vel
1000 4530 1422 4602 indignatione,
1478 4522 1566 4577 vel
1616 4502 2023 4608 certeg'aliqua
2051 4543 2097 4606 D
2203 4522 2526 4594 Sequitur:
2559 4520 2641 4574 An
2670 4519 3101 4589 experimentum
3129 4520 3377 4589 quaeritis
3404 4519 3523 4590 eius
3571 4522 3673 4592 qui
3719 4523 3779 4576 in

370 4633 637 4699 elatione,
679 4606 847 4701 quasi
880 4619 1338 4687 vent0,inﬂatur,
1369 4609 1661 4681 Sequitur.
1694 4606 2018 4662 Seditiones.

371 4693 855 4787 Sciendum-quia
884 4707 1234 4765 distatinter
1255 4701 1625 4761 seditionem,
1670 4698 1727 4749 et
1780 4693 2019 4759 bellum,

371 4812 543 4879 atque
575 4782 931 4860 incentivum
960 4794 1177 4851 Seditio
1208 4789 1446 4860 quidem
1494 4784 1700 4838 attinet
1736 4782 1808 4837 ad
1852 4782 2020 4850 cives,

374 4872 591 4952 bellum
620 4891 693 4947 ad
723 4880 1305 4951 hostes,incentivum
1337 4890 1468 4928 vero
1499 4872 1744 4925 refertur
1787 4872 1858 4925 ad
1917 4888 2021 4942 ρυ-

377 5000 578 5055 gnam,
627 4995 755 5050 qua)
778 4972 1062 5029 excitatur
1105 4964 1349 5036 propriae
1397 4959 1588 5016 carnis
1629 4959 1852 5013 ardore.
1894 4964 2026 5015 Haec

380 5048 609 5143 quoque
638 5048 837 5120 omnia
863 5059 999 5111 licet
1026 5054 1252 5108 diversa
1298 5052 1436 5115 sint,
1486 5054 1680 5103 tamen
1726 5048 1797 5102 ad
1841 5065 2027 5105 unum

379 5137 632 5214 tend—unt
662 5153 861 5213 finem,
895 5145 1004 5197 hoc
1053 5146 1162 5205 est,
1197 5141 1265 5195 ad
1301 5137 1602 5195 charitatis
1656 5138 2024 5194 divisionem.

385 5242 748 5313 Quapropter
776 5231 915 5303 quia
934 5228 1046 5301 ipsi
1067 5229 1236 5284 divisi
1264 5228 1593 5294 tuerant,ne
1615 5229 1806 5282 denuo
1838 5231 2033 5281 essent

386 5330 516 5384 ideo
546 5326 666 5379 illis
693 5318 1005 5393 Apostolus
1033 5318 1301 5374 timorem
1333 5315 1560 5384 direxit,
1612 5320 1904 5387 quatenus
1960 5315 2031 5371 ab

392 5415 489 5471 his
523 5411 804 5468 omnibus
831 5422 894 5463 se
920 5411 1216 5463 caverent.

468 5586 718 5671 (791-92)
744 5566 919 5659 Vulg.
951 5584 1128 5649 venio.

2131 4628 2215 4667 me
2244 4611 2493 4681 loquitur
2518 4605 2810 4663 Christus?
2840 4607 2908 4661 Et
2961 4610 3051 4661 est
3106 4623 3314 4663 sensus
3350 4624 3363 4661 :
3409 4607 3775 4679 Experimen-

2130 4707 2188 4756 to
2208 4697 2385 4753 vultis
2426 4695 2669 4767 probare
2734 4694 2783 4748 si
2835 4694 3078 4766 possim,
3139 4699 3196 4748 et
3251 4694 3382 4749 ideo
3438 4712 3557 4751 non
3611 4696 3782 4753 vultis

2131 4785 2517 4856 vosmetipsos
2542 4783 2853 4855 corrigere;
2875 4782 3088 4838 Caristi
3123 4798 3377 4853 namque
3411 4783 3780 4854 loquentisin

2134 4893 2228 4932 me
2258 4873 2520 4945 quaeritis
2552 4871 3182 4943 probationem,utrum
3218 4887 3318 4942 per
3349 4888 3440 4927 me
3463 4873 3655 4943 possit
3673 4874 3780 4929 im-

2138 4965 2295 5038 plere
2326 4961 2481 5033 quod
2529 4960 2676 5021 dico.
2711 4964 2998 5030 quatenus
3029 4959 3078 5013 si
3129 4958 3477 5030 impleverit,
3513 4962 3780 5035 deinceps

2137 5051 2419 5117 timeatis,
2444 5054 2499 5105 et
2529 5048 2579 5104 si
2610 5065 2726 5102 non
2751 5046 3096 5118 impleverit,
3129 5048 3317 5101 securi
3374 5051 3683 5106 maneatis.
3723 5050 3781 5105 In

2138 5159 2205 5199 eo
2234 5156 2366 5196 vero
2390 5138 2542 5211 quod
2566 5137 2667 5203 ait,
2698 5152 2791 5209 qui
2821 5137 2879 5189 in
2905 5150 2988 5189 me
3022 5137 3280 5206 loquitur,
3313 5137 3573 5193 ostendit
3621 5153 3780 5195 suam

2139 5228 2433 5300 loquelam
2461 5232 2635 5296 atque
2667 5223 2989 5279 doctrinam
3020 5222 3233 5278 Christi
3262 5240 3411 5278 esse.

2213 5316 2491 5386 Sequitur
2517 5330 2529 5369 :
2568 5314 2672 5382 Qui
2703 5315 2759 5367 in
2791 5311 2937 5367 vobis
2964 5326 3074 5366 non
3111 5312 3575 5383 infirmatur,ete.
3609 5314 3679 5370 Et
3704 5317 3785 5370 est

2144 5419 2355 5465 sensus
2390 5400 2480 5459 :Si
2511 5402 2571 5457 in
2597 5399 2763 5458 vobis
2794 5416 2912 5456 non
2941 5398 3492 5471 inﬂrmatur,multo
3515 5402 3781 5462 minusin
