3990 6224
146 346 271 409 489

719 342 1129 405 EXPOSITIO
1174 344 1251 404 ΙΝ
1298 342 1724 409 EPISTOLAS
1770 341 2028 406 PAULI.
2071 378 2146 388 ——
2194 347 2267 406 IN
2315 347 2561 410 EPIST.
2610 348 2659 408 ll
2705 350 2807 409 AD
2852 348 3026 411 COR.

3456 352 3575 413 490

150 478 361 543 nobis,
380 480 439 541 et
464 476 523 533 in
550 476 726 537 nobis
748 479 955 548 potens
976 476 1088 533 erit
1110 476 1278 547 (793).
1322 476 1587 533 Christus
1610 474 1824 547 quippe
1850 476 1907 543 Α
1937 478 2173 548 quitur:
2207 481 2325 537 Non
2355 486 2413 535 ut
2443 497 2537 536 nos
2565 482 2783 552 probati
2808 498 3189 556 appareamus.
3224 484 3386 540 Tunc
3415 484 3571 539 enim

155 568 219 625 in
241 566 363 622 illis
384 582 502 621 non
533 568 624 620 est
642 564 1003 633 infirmatus,
1024 565 1163 636 quia
1178 565 1332 621 inter
1351 581 1450 621 eos
1472 581 1574 637 per
1599 568 1824 636 aposto-

157 658 249 712 los
280 654 472 711 multa
505 654 725 708 fecerat
773 652 963 724 signa,
1016 653 1294 724 quoniam
1348 654 1613 709 viderant
1642 669 1823 709 caecos

154 744 551 807 illuminatos,
582 740 850 814 leprosos
880 742 1217 812 mundatos,
1242 746 1352 799 etc.
1380 742 1556 809 Quasi
1578 742 1824 798 dixisset

157 831 520 907 Apostolus:
562 831 622 885 Si
650 847 768 889 non
791 834 879 886 est
901 830 1239 893 inﬁrmatus
1267 830 1532 887 Christus
1554 831 1612 885 in
1637 830 1821 896 vobis,

160 940 342 996 quare
361 937 500 994 ergo
521 936 637 976 non
654 919 893 986 timetis,
911 920 1187 990 quoniam
1207 925 1396 990 potest
1413 919 1655 991 implere
1670 920 1824 990 quod

162 1014 291 1068 dico
314 1012 342 1066 ?
369 1009 657 1079 Quoniam
687 1013 915 1080 poterat
936 1008 1007 1063 ad
1058 1007 1177 1062 haec
1214 1007 1428 1079 aliquis
1455 1009 1823 1080 respondere,

163 1118 229 1156 ac
262 1101 499 1157 dicere:
533 1097 837 1163 Quomodo
887 1112 1002 1152 non
1053 1101 1142 1150 est
1194 1096 1551 1167 infirmatus,
1586 1113 1719 1152 cum
1752 1097 1829 1152 sit

164 1187 539 1246 cruciﬁxus?
582 1184 903 1256 subjunxit,
963 1190 1141 1256 atque
1187 1186 1305 1240 ait:
1340 1187 1480 1243 Nam
1525 1188 1627 1241 etsi
1655 1188 1831 1241 cruci-

166 1281 322 1351 ﬁxus
381 1280 461 1333 est
510 1291 581 1332 ex
636 1274 960 1344 inﬁrmitate
1018 1284 1209 1331 nostra
1258 1275 1434 1345 (794),
1495 1280 1604 1331 etc.
1653 1272 1830 1339 Quasi

171 1367 402 1423 diceret
426 1381 439 1420 :
466 1365 542 1421 Ex
564 1362 901 1421 inﬁrmitate
925 1367 1137 1420 nostra:
1160 1362 1354 1419 carnis
1376 1362 1687 1418 crucifixus
1718 1366 1826 1426 est,

168 1472 410 1529 passus,
444 1456 733 1523 mortuus,
758 1456 825 1509 et
876 1451 1201 1511 ascendens
1255 1451 1315 1507 in
1374 1450 1571 1522 celos,
1602 1451 1830 1507 aditum

166 1544 335 1616 regni
367 1540 625 1605 caelestis
656 1539 948 1613 patefecit,
986 1546 1280 1609 quatenus
1325 1541 1397 1596 ab
1429 1540 1536 1597 hac
1574 1540 1691 1595 vita
1721 1540 1828 1594 mi-

170 1636 411 1707 grantes
444 1629 673 1701 absque
700 1628 821 1685 ulla
851 1628 1147 1699 dilatione,
1180 1628 1447 1699 ejusdem
1479 1628 1642 1701 regni
1665 1627 1831 1684 intel-

172 1720 491 1793 lige(796),
552 1718 891 1774 felicitatem
945 1717 1141 1772 subire
1200 1717 1446 1789 possini.
1504 1717 1664 1781 Quod
1698 1734 1828 1775 vero

172 1810 343 1875 dicit,
360 1826 435 1865 ex
477 1810 686 1864 uirtute
707 1807 827 1873 Dei,
852 1806 974 1861 sive
1015 1804 1219 1872 Patris,
1246 1806 1365 1861 sive
1389 1807 1655 1875 ejusdem
1676 1805 1825 1860 Filii.
1856 1840 1909 1908 Β

172 1898 458 1971 Sequitur
472 1915 493 1953 :
518 1901 661 1953 Nam
675 1904 731 1951 et
742 1910 842 1952 nos
864 1895 1078 1965 inﬁrmi
1090 1910 1280 1950 sumus
1303 1896 1366 1949 in
1387 1896 1504 1950 illo.
1524 1895 1655 1949 Haec
1675 1894 1830 1951 enim

179 2006 287 2046 vox
315 1984 722 2059 apostolorum
752 1988 860 2051 est,
894 1989 948 2038 et
1000 1984 1392 2055 perfectorum
1426 1985 1835 2041 tantummodo

178 2079 459 2133 virorum.
493 2074 723 2145 Inﬁrm:
783 2088 970 2143 sumus
1027 2075 1088 2129 in
1142 2074 1261 2144 illo,
1317 2073 1426 2129 hoc
1456 2078 1565 2137 est,
1595 2089 1695 2143 pro
1738 2071 1835 2127 illo

182 2181 494 2240 pressurae
528 2162 807 2235 patimur,
836 2168 895 2217 et
924 2160 1265 2233 affligimur.
1314 2162 1415 2218 Sed
1446 2164 1685 2218 vivemus
1714 2178 1837 2218 cum

181 2272 239 2311 eo
267 2271 345 2311 ex
371 2255 579 2323 virtute
611 2253 707 2307 Dei
735 2252 793 2306 in
826 2252 1000 2307 nobis.
1036 2251 1210 2317 Quasi
1242 2250 1484 2309 dixisset
1508 2269 1520 2304 :
1540 2250 1836 2307 Nosinlir-

178 2340 609 2412 mamur,apud
640 2338 928 2406 inﬁdeles,
978 2340 1118 2411 quia
1165 2356 1281 2410 quo
1325 2340 1549 2411 majora
1580 2356 1686 2395 nos
1719 2339 1834 2411 pati

186 2431 443 2495 faciunt,
476 2429 911 2487 eoinﬁrmiores
942 2432 1196 2499 putant;
1246 2428 1307 2482 in
1357 2428 1523 2484 vobis
1565 2426 1835 2497 vivimus,

186 2518 345 2593 quia.
358 2534 425 2574 eo
446 2516 710 2573 fortiores
724 2515 1075 2589 intelligitis,
1092 2533 1207 2587 quo
1227 2516 1450 2586 majora
1466 2516 1584 2588 pati
1606 2515 1833 2571 videtis.

186 2607 531 2666 Secundum
562 2605 668 2660 hoc
698 2622 828 2660 vero
860 2605 1016 2676 quod
1043 2602 1275 2676 legitur,
1310 2608 1567 2675 vivemus,
1594 2604 1725 2661 talis
1744 2609 1838 2663 est

186 2713 430 2763 sensus,
460 2695 597 2767 quia
652 2694 704 2749 si
762 2694 1199 2764 commorimur,
1232 2699 1290 2750 et
1346 2694 1837 2767 conregnabimus

188 2790 366 2860 (Rom.
400 2802 524 2852 vm,
552 2785 661 2849 17).

263 2873 586 2947 Sequitur:
632 2874 985 2945 Vosmetipsos
1022 2876 1248 2939 tentate,
1296 2877 1428 2941 etc.,
1480 2872 1588 2929 hoc
1636 2876 1743 2940 est,
1776 2871 1835 2925 in

189 2965 543 3023 alterutrum
574 2979 675 3018 vos
702 2961 1001 3026 discutite,
1051 2978 1153 3017 nec
1200 2978 1315 3017 non
1356 2965 1413 3017 et
1445 2961 1836 3017 tentationum

189 3051 457 3127 pericula
486 3055 620 3107 ante
652 3048 851 3105 oculos
884 3054 1164 3119 revocate,
1225 3054 1280 3105 et
1336 3051 1505 3121 cujus
1530 3049 1672 3105 estis
1704 3049 1835 3103 fidei

188 3147 378 3214 atque
400 3140 636 3197 virtutis
666 3139 1049 3195 considerate.
1073 3138 1224 3194 Sane
1253 3138 1557 3194 sciendum
1583 3137 1721 3208 quia
1751 3142 1839 3193 est

1933 567 2212 636 probatus
2238 576 2565 639 appareret,
2600 570 2651 625 si
2700 570 2832 626 illos
2881 571 3231 628 incorrectos
3264 571 3568 641 inveniret,

1932 655 2041 709 hoc
2073 660 2179 722 est,
2214 657 2359 713 tales
2393 661 2457 712 ut
2485 658 2543 714 in
2576 658 2658 714 eis
2688 668 2856 716 suem
2889 660 3345 717 dominationem
3379 666 3575 734 posset

1933 756 2219 807 exercere.
2251 746 2359 801 Sed
2398 745 2506 801 hoc
2541 746 2773 803 nolebat
2801 747 3116 818 Apostolus
3143 766 3157 817 ;
3186 754 3241 805 et
3272 749 3401 809 ideo
3432 749 3577 811 sub-

1930 832 2163 900 junxit:
2202 838 2301 889 Vos
2354 835 2501 905 quod
2559 838 2759 892 bonum
2816 846 2915 903 est,
2961 840 3205 908 faciatis.
3267 840 3369 893 Nos
3397 847 3582 895 autem

1938 922 2155 991 reprobi
2183 923 2355 977 simus
2384 924 2553 994 (796).
2588 925 2698 980 Sed
2733 926 2871 996 quid
2921 931 3010 982 est
3058 928 3211 998 quod
3261 926 3393 983 illos
3422 931 3584 999 optat

1937 1010 2123 1065 facere
2157 1011 2397 1079 bonum,
2432 1030 2493 1066 se
2524 1018 2718 1069 autem
2753 1015 3069 1084 reprobum
3103 1031 3231 1071 esse
3256 1018 3278 1070 Ρ
3305 1014 3583 1087 Nunquid

1944 1098 2162 1153 malum
2198 1117 2256 1154 se
2288 1100 2493 1171 optat?
2526 1101 2670 1157 Non.
2712 1102 2822 1157 Sed
2878 1104 3189 1173 reprobum
3238 1121 3299 1159 se
3330 1104 3493 1174 dicit,
3524 1104 3583 1159 id

1940 1193 2047 1253 est,
2074 1188 2377 1243 humilem.
2408 1190 2567 1244 Tunc
2588 1190 2743 1245 enim
2764 1192 3050 1262 reprobus
3072 1197 3228 1249 esset
3249 1192 3582 1263 Apostolus,

1942 1276 1995 1331 id
2012 1282 2119 1343 est,
2139 1276 2400 1344 humilis,
2416 1278 2462 1333 si
2477 1294 2577 1334 eos
2589 1280 2927 1336 emendatos
2940 1280 3242 1348 inveniret,
3257 1282 3397 1352 quia
3413 1297 3582 1338 suam

1942 1364 2404 1421 dominationem
2438 1367 2497 1421 in
2528 1367 2613 1423 eis
2646 1384 2906 1424 exercere
2936 1386 3051 1423 non
3084 1375 3300 1441 posset.
3335 1370 3497 1427 Unde
3524 1374 3584 1429 et

1943 1453 2111 1524 quasi
2146 1456 2484 1526 exponendo
2524 1455 2863 1526 subiunxit:
2920 1458 3040 1513 Non
3094 1460 3243 1513 enim
3292 1474 3584 1530 possumus

1939 1542 2160 1613 aliquid
2214 1544 2472 1599 adversus
2546 1546 2866 1605 veritatem;
2956 1544 3123 1615 quasi
3185 1544 3462 1601 dixisset:
3523 1546 3583 1601 Si

1938 1632 2328 1703 vosmetipsos
2379 1632 2762 1702 correxeritis,
2811 1638 3070 1689 nostram
3119 1633 3581 1697 dominationem

1939 1735 2201 1777 exercere
2230 1738 2344 1775 non
2376 1738 2715 1791 possumus,
2740 1722 2879 1792 quia
2900 1721 3047 1777 nihil
3070 1723 3352 1777 adversus
3373 1724 3581 1779 verita-

1938 1811 2053 1863 tem
2089 1824 2426 1880 possumus,
2458 1808 2595 1879 quia
2628 1809 2683 1863 in
2717 1810 2879 1864 vobis
2904 1816 2991 1866 est
3034 1811 3263 1866 veritas.
3299 1810 3359 1865 Si
3390 1815 3583 1877 autem

1944 1912 2045 1951 vos
2076 1913 2190 1951 non
2212 1896 2537 1967 corrigatis,
2565 1913 2881 1968 possumus
2903 1897 3181 1953 adversus
3199 1914 3299 1953 vos
3320 1899 3585 1957 domina-

1944 1984 2164 2039 tionem
2200 1988 2460 2039 nostram
2492 2000 2777 2051 exercere,
2811 1985 2950 2056 quia
2975 2002 3075 2057 pro
3099 1986 3331 2042 veritate
3355 1986 3590 2043 dimica-

1947 2089 2101 2143 mus,
2134 2089 2237 2144 pro
2268 2073 2431 2128 vobis
2464 2079 2681 2129 tamen.

2016 2162 2347 2233 Sequitur:
2410 2162 2723 2217 l-‘audemus
2781 2166 2961 2218 tamen
3018 2162 3235 2233 quando
3292 2160 3439 2232 (797)
3498 2177 3594 2218 nos

1946 2250 2166 2323 inﬁrmi
2194 2268 2401 2319 sumus,
2438 2268 2527 2307 vos
2555 2260 2735 2307 autem
2762 2260 2999 2323 potentes
3032 2254 3181 2307 estis.
3205 2252 3475 2308 Ostendit
3499 2251 3593 2307 his

1946 2340 2138 2397 verbis
2168 2340 2481 2413 Apostolus
2505 2357 2567 2397 se
2600 2342 2669 2397 de
2701 2356 2902 2396 eorum
2936 2342 3104 2401 bonis
3142 2342 3416 2413 operibus
3447 2358 3588 2412 gau-

1947 2429 2104 2496 dere,
2138 2445 2205 2485 ac
2235 2430 2283 2486 si
2317 2429 2563 2484 dixisset
2582 2448 2594 2484 :
2655 2428 2713 2483 Si
2776 2428 2998 2484 fortiter
3054 2445 3119 2483 ac
3146 2432 3410 2500 potenter
3437 2429 3592 2484 vitiis

1947 2517 2258 2587 resistatis,
2282 2535 2386 2574 nos
2408 2517 2645 2588 quidem
2662 2517 3008 2589 gaudemus,
3031 2517 3171 2588 quia
3190 2524 3329 2573 tunc
3350 2516 3588 2586 infirmi,

1949 2606 2005 2661 id
2030 2612 2135 2674 est,
2168 2604 2419 2661 humiles
2442 2622 2649 2661 sumus
2666 2624 2678 2673 ;
2695 2606 2740 2660 si
2767 2622 2897 2661 vero
2919 2622 3019 2661 vos
3042 2604 3201 2659 vitiis
3220 2621 3333 2659 non
3357 2606 3592 2662 resista-

1948 2698 2045 2763 tis,
2076 2712 2182 2752 nos
2216 2698 2479 2768 potentes
2510 2712 2738 2762 sumus,
2796 2712 2896 2750 vos
2928 2699 3122 2750 autem
3176 2695 3416 2760 infirmi,
3451 2694 3591 2766 quia

1946 2802 2123 2857 super
2151 2801 2251 2840 vos
2279 2784 2743 2839 dominationem
2777 2789 2987 2839 nostris
3027 2784 3393 2840 auctoritatis
3422 2800 3584 2845 exer—

1945 2891 2073 2931 cere
2116 2889 2452 2945 possumus.

2023 2964 2245 3020 Debent
2276 2962 2451 3017 etiam
2483 2966 2540 3016 et
2581 2978 2736 3017 nunc
2795 2961 3199 3034 praedicatores
3257 2962 3362 3017 hoc
3395 2979 3586 3036 agere,

1951 3052 2061 3106 hoc
2089 3056 2197 3117 est,
2233 3051 2281 3106 si
2313 3067 2514 3107 eorum
2549 3051 2843 3105 auditores
2894 3055 3157 3121 potentes
3188 3057 3344 3118 sunt,
3379 3053 3594 3107 debent

1956 3157 2085 3197 esse
2108 3140 2322 3194 infirmi
2353 3156 2363 3194 :
2389 3144 2445 3193 et
2470 3138 2517 3193 si
2540 3139 2837 3194 auditores
2861 3138 3098 3207 infirmi,
3126 3138 3202 3191 illi
3232 3138 3443 3193 debent
3468 3154 3596 3197 esse

185 3205 441 3288 tentatio
466 3228 849 3302 probationis,
876 3232 964 3281 est
987 3231 1043 3280 et
1062 3226 1422 3297 deceptionis
1450 3244 1462 3280 :
1506 3205 1615 3281 sed
1636 3226 1839 3297 proba-
1872 3205 1918 3272 (ἶ
1960 3234 2247 3301 potentes.
2284 3227 2594 3297 Sequitur:
2631 3232 2747 3282 Hoc
2774 3232 2829 3282 et
2874 3205 3113 3289 oramus,
3161 3226 3215 3279 id
3259 3230 3369 3292 est,
3403 3231 3468 3282 ut
3500 3243 3598 3283 vos

188 3320 373 3376 tionis
404 3336 441 3374 a
466 3317 603 3389 Deo,
636 3315 997 3387 deceptionis
1046 3331 1177 3369 vero
1228 3332 1262 3370 a
1307 3315 1559 3385 diabolo,
1594 3319 1845 3385 utraque

190 3416 393 3466 tamen
425 3408 498 3464 ab
530 3405 789 3462 homine.
822 3405 933 3460 Sed
964 3403 1063 3458 hic
1083 3404 1444 3475 probationis
1465 3402 1848 3475 intelligenda

189 3504 285 3555 est
302 3496 575 3553 tentatio.
601 3495 669 3548 Et
688 3494 799 3549 hoc
821 3492 1125 3549 sciendum
1149 3493 1287 3564 quia
1320 3493 1448 3564 ipsa
1469 3494 1695 3549 alterna
1719 3508 1848 3561 pro-

195 3587 366 3643 batio
392 3589 571 3654 atque
604 3582 893 3638 discussio
944 3580 1262 3653 plurimum
1312 3580 1485 3651 valet,
1502 3582 1674 3650 juxta
1703 3579 1847 3635 illud

194 3672 555 3741 Salomonis,
614 3672 841 3726 Ferrum
912 3672 1065 3741 ferro
1137 3671 1361 3724 acuitur
1424 3670 1612 3739 (Prov.
1671 3684 1846 3735 xxvu,

198 3764 312 3835 17).
348 3766 460 3819 etc.
492 3760 802 3832 Sequitur:
842 3765 933 3814 An
962 3774 1069 3814 non
1101 3760 1419 3827 cognoscitis
1445 3759 1575 3829 quia
1602 3757 1851 3813 Christus

202 3854 265 3907 in
294 3851 443 3908 vobis
460 3856 542 3906 est
564 3854 590 3903 .9
620 3848 798 3915 Quasi
820 3846 1036 3903 diceret
1063 3863 1075 3901 :
1106 3847 1569 3907 sitentationum
1596 3844 1853 3919 pericula

199 3946 336 4001 ante
360 3940 565 3997 oculos
582 3935 886 4005 revocetis,
908 3940 966 3991 et
984 3937 1154 4007 cujus
1170 3936 1314 3991 estis
1336 3936 1468 3991 fidei
1492 3952 1593 3993 seu
1616 3936 1852 3991 virtutis

203 4028 561 4103 agnoscatis,
598 4032 799 4082 utrum
832 4024 1100 4081 Christus
1123 4026 1179 4079 in
1211 4025 1373 4079 vobis
1406 4024 1503 4093 sit,
1532 4042 1602 4079 an
1636 4040 1774 4089 non,
1798 4028 1856 4085 et

204 4133 527 4191 agnoscere
557 4113 850 4187 potestis?
882 4117 1298 4173 Verumtamen
1343 4112 1391 4168 si
1418 4112 1527 4168 hoc
1559 4131 1673 4169 non
1707 4113 1853 4168 fece-

203 4207 361 4274 ritis,
396 4222 512 4261 non
545 4202 909 4275 agnoscetis:
946 4203 1099 4274 quod
1135 4208 1221 4256 est
1264 4202 1573 4273 reprobum
1606 4219 1766 4269 esse;
1801 4207 1857 4257 et

205 4296 340 4351 ideo
372 4294 513 4349 dicit
538 4310 550 4348 :
584 4294 705 4348 Nisi
732 4295 873 4363 forte
900 4292 1122 4362 reprobi
1148 4293 1299 4346 estis.

282 4384 599 4454 Sequitur:
632 4380 797 4452 Spero
823 4384 1011 4436 autem
1048 4380 1189 4451 quod
1234 4382 1587 4450 cognoscetis,
1614 4386 1723 4435 etc.
1762 4379 1858 4435 llis

206 4471 405 4527 verbis
436 4474 710 4542 provocat
738 4484 836 4523 eos
866 4469 936 4522 ad
969 4468 1102 4523 fidei
1134 4473 1191 4523 et
1225 4472 1437 4523 sanctae
1469 4469 1856 4524 conversatio-

1961 3318 2095 3373 sitis
2128 3317 2294 3387 (798).
2328 3315 2397 3371 Et
2427 3315 2536 3371 hoc
2565 3322 2655 3369 est
2680 3314 2837 3385 quod
2871 3312 3133 3384 sequitur
3160 3329 3173 3367 :
3215 3315 3449 3370 Vestram
3477 3330 3601 3371 con-

1955 3407 2399 3472 summationem,
2431 3402 2490 3457 id
2520 3407 2609 3457 est
2640 3402 3073 3474 perfectionem.

2031 3492 2340 3563 Sequitur:
2378 3491 2497 3547 Ideo
2526 3490 2645 3548 haec
2673 3491 2868 3546 absens
2896 3490 3096 3556 scribo,
3132 3494 3194 3544 ut
3222 3506 3331 3545 non
3354 3506 3603 3563 prxsens

1958 3583 2153 3638 durius
2181 3598 2365 3651 agam.
2401 3580 2653 3635 Incussit
2682 3579 2837 3635 enim
2868 3579 2961 3634 his
2992 3579 3181 3635 verbis
3211 3580 3504 3648 timorem,
3538 3584 3603 3639 ut
3696 3605 3703 3613 ·

1960 3671 2405 3743 corrigerentur,
2440 3685 2510 3724 ne
2542 3669 2687 3725 forte
2716 3669 2955 3724 veuiens
3001 3668 3208 3725 durius
3246 3675 3460 3742 ageret,
3492 3670 3601 3743 hoc

1960 3765 2068 3827 est,
2102 3760 2193 3815 sui
2250 3758 2613 3830 apostolatus
2670 3762 3016 3829 potestatem
3076 3758 3353 3816 severiter
3390 3760 3449 3816 in
3482 3760 3600 3818 illis

1960 3854 2269 3905 exerceret.
2304 3849 2374 3903 Et
2421 3847 2530 3903 hoc
2568 3853 2678 3914 est,
2733 3849 2886 3923 quod
2948 3850 3242 3920 sequitur:
3297 3850 3605 3908 Secundum

1958 3942 2298 4011 potestatem,
2332 3953 2493 4009 quam
2524 3940 2793 3995 Dominus
2822 3936 2969 3993 dedit
2996 3939 3138 3993 mihi
3183 3941 3242 3993 in
3268 3938 3605 4010 aediﬁcatio-

1966 4045 2111 4095 nem,
2146 4036 2195 4083 et
2223 4042 2332 4081 non
2362 4029 2422 4081 in
2452 4025 2890 4082 destructionem.
2924 4027 3065 4081 Ecce
3113 4027 3255 4081 dicit
3301 4044 3361 4082 se
3388 4028 3607 4084 habere

1964 4120 2305 4189 potestatem
2338 4118 2653 4184 acceptam.
2688 4114 2759 4167 Et
2788 4113 3029 4183 pulchre
3059 4115 3317 4186 quidem,
3351 4117 3409 4169 in
3432 4116 3606 4187 aediﬁ-

1965 4206 2266 4267 cationem,
2290 4202 2428 4272 quia
2460 4202 2864 4271 praedicatores
2881 4202 2953 4254 ad
2977 4201 3083 4256 hoc
3101 4207 3447 4273 potestatem
3462 4205 3608 4258 acci-

1969 4293 2158 4365 piunt,
2182 4295 2246 4347 ut
2268 4289 2607 4361 corrigendo
2630 4288 2871 4355 salvent,
2898 4305 3011 4345 non
3036 4294 3099 4345 ut
3119 4306 3233 4345 non
3260 4290 3601 4362 corrigendo

1970 4381 2233 4453 perdant.

2044 4469 2231 4525 Finita
2256 4467 2758 4523 commendatione
2780 4483 2896 4522 sua:
2920 4482 3201 4537 personae,
3227 4484 3403 4539 quam
3426 4486 3614 4541 cmpe-

210 4559 304 4615 nis
366 4558 758 4614 soliditatem:
820 4558 985 4629 quasi
1042 4557 1318 4612 dixisset:
1392 4558 1450 4611 Si
1509 4557 1858 4629 agnoveritis
1888 4568 1937 4633 D
1971 4565 2061 4614 rat
2086 4557 2495 4613 commendare
2517 4557 2587 4610 ab
2612 4572 2677 4610 eo
2701 4554 2825 4611 loco
2850 4556 2947 4610 ubi
2971 4557 3145 4612 finem
3169 4558 3380 4613 fecerat
3400 4559 3470 4613 de
3500 4558 3615 4613 col-

210 4648 711 4721 quemadmodum
727 4646 845 4701 dixi
862 4645 1161 4700 Christum
1177 4646 1341 4701 vobis
1360 4646 1569 4713 inesse,
1591 4663 1863 4717 agnosce-

210 4737 294 4791 tis
316 4736 495 4789 etiam
523 4736 656 4805 quia
674 4744 729 4789 et
747 4751 848 4790 nos
869 4749 983 4788 non
1002 4750 1191 4789 sumus
1213 4734 1453 4805 reprobi,
1478 4735 1587 4790 hoc
1607 4742 1717 4802 est,
1754 4735 1863 4789 du-

210 4823 393 4897 plicis
437 4822 793 4879 intentionis.
849 4826 983 4890 Quze
1039 4823 1333 4878 sententia
1362 4824 1433 4878 ad
1466 4824 1573 4879 hoc
1606 4824 1862 4896 respicit,

212 4912 377 4985 quod
412 4911 679 4982 superius
711 4912 811 4979 ait,
847 4912 983 4967 olim
1006 4914 1241 4983 putatis,
1272 4918 1383 4968 etc.

285 4999 614 5071 Sequitur:
645 5001 881 5056 Oramus
911 5008 1093 5055 autem
1136 5005 1336 5069 Deum,
1367 5005 1475 5057 etc.
1508 5001 1663 5056 More
1694 5001 1867 5058 solito

212 5087 533 5162 Apostolus
562 5094 690 5144 orat
719 5106 823 5161 pro
856 5088 1001 5157 suis,
1038 5094 1102 5145 ut
1131 5088 1277 5144 nihil
1328 5089 1465 5144 mali
1499 5089 1733 5145 faciant.
1769 5091 1869 5146 Se-

289 5287 443 5360 (793)
463 5290 677 5359 Autog.
696 5287 867 5360 etiarn
882 5285 1038 5360 nobis
1056 5288 1319 5357 potuerit,
1341 5304 1519 5360 quam
1541 5285 1872 5360 lectionem,

216 5356 307 5439 uti
339 5356 545 5439 sensu,
583 5356 711 5439 meo
734 5356 984 5439 judicio,
1030 5356 1874 5439 c’arentem,'ex._VulAg.einen;

216 5431 479 5486 dandam
505 5428 709 5484 censui
740 5445 754 5494 ;
780 5432 843 5481 ut
864 5443 1073 5500 sensus
1100 5445 1310 5500 nempe
1336 5428 1382 5483 is
1423 5430 1497 5483 sit
1526 5446 1537 5483 :
1566 5428 1675 5496 Qui
1705 5431 1761 5483 in
1788 5447 1877 5485 vo-

215 5504 308 5558 bis
338 5518 449 5557 non
480 5500 839 5569 inﬁrmatur,-
869 5498 961 5553 sed
987 5504 1175 5570 potens
1225 5498 1303 5554 est
1334 5502 1394 5554 in
1422 5500 1590 5567 vobis,
1619 5504 1669 5554 et
1696 5502 1757 5555 in
1780 5518 1877 5557 no-

221 5574 307 5630 bis
335 5578 526 5630 notem
548 5574 684 5627 erit.

290 5590 307 5629 ς
376 5590 526 5630 aiens
548 5590 684 5627 cru.

290 5590 447 5726 ($94)
478 5643 687 5703 Nostra
718 5640 781 5699 in
809 5638 986 5716 Vulg.
1019 5658 1134 5701 non
1168 5639 1409 5723 legitur.

548 5772 824 5843 ΡΑτιιοι.
871 5765 1187 5837 CXXXIV.

1974 4647 2160 4711 lectis,
2180 4647 2237 4701 in
2255 4662 2370 4716 qua
2382 4644 2884 4700 commendatione
2898 4644 3216 4716 plurimum
3234 4645 3612 4715 laboraverat,

1974 4736 2205 4791 duabus
2230 4753 2332 4807 pro
2357 4734 2572 4799 causis,
2600 4732 2707 4787 hoc
2737 4738 2847 4799 est,
2882 4738 2945 4788 ut
2975 4733 3060 4789 vel
3095 4752 3207 4789 non
3240 4736 3482 4791 minoris
3512 4754 3615 4791 au-

1977 4826 2265 4880 ctoritatis
2286 4842 2459 4895 quam
2495 4822 2681 4877 casteri
2713 4840 2775 4877 se
2806 4840 2933 4878 esse
2964 4829 3334 4889 monstraret,
3358 4826 3442 4880 vel
3465 4831 3617 4882 certe

1980 4920 2047 4970 ut
2067 4914 2287 4969 crimen
2319 4911 2655 4987 cupiditatis
2694 4913 2766 4967 ab
2793 4929 2855 4967 se
2890 4914 3266 4985 abstergeret,
3298 4932 3453 4969 nunc
3484 4930 3618 4971 vero

1982 5002 2138 5058 aliud
2172 5004 2510 5074 aggreditur
2539 5002 2648 5055 hoc
2678 5005 2786 5068 est,
2820 5002 3122 5072 subjunxit
3164 5003 3621 5059 exhortationem

1984 5094 2203 5164 pariter
2232 5096 2289 5146 et
2320 5090 2738 5146 narrationem.

2060 5287 2207 5360 (795)
2238 5286 2403 5360 Forte
2450 5285 2765 5360 legendum
2798 5291 3025 5359 integre.

2060 5356 2207 5426 (796)
2238 5356 2407 5428 Vulg.
2442 5370 2538 5409 nos
2570 5359 2753 5428 autem
2784 5363 2842 5411 ut
2877 5356 3092 5428 reprobi
3117 5361 3313 5415 simus.

2082 5428 2185 5480 797
2238 5427 2409 5496 Vulg.
2442 5427 2725 5495 quoniam.
2934 5427 2943 5428 7

2244 5498 2302 5551 Id
2335 5502 2444 5560 est,
2478 5496 2753 5577 potentes,
2774 5496 2861 5550 vel
2894 5500 3125 5577 inﬁrmi,
3159 5505 3227 5555 ut
3257 5519 3439 5577 supra
3467 5520 3640 5576 expo-

1995 5563 2329 5697 suiitjusrta
2371 5563 2890 5638 opportunitatem;
2945 5563 3033 5626 vel
3094 5563 3433 5646 legendum,
3464 5563 3645 5635 ut'vos

1995 5655 2045 5697 sc
2096 5652 2157 5695 is.

1991 5652 2157 5700 souis.

2442 5424 2725 5495 quoniam.

3262 5772 3341 5847 16
