3990 6224
442 369 554 428 491

1442 364 1777 427 AT'l‘ONlS
1822 364 2401 424 VERCELLENSIS
2449 365 2802 426 EPISCOPI

3735 371 3850 434 492

514 497 662 567 (799)
692 497 766 551 De
780 497 995 565 cxtero,
1023 494 1234 566 inquit,
1257 494 1366 548 hoc
1388 499 1494 565 est,
1521 496 1592 550 de
1613 495 1836 567 reliquo
1868 499 2082 561 autem,
2114 496 2169 561 Α
2199 495 2405 550 ctionis
2425 499 2481 549 et
2499 495 2918 552 satisfactionis
2957 502 3045 554 est
3066 497 3370 555 indicium.
3391 499 3757 572 Quapropter
3776 501 3848 558 ab

445 591 738 659 praterea,
767 588 994 656 fratres,
1026 583 1293 655 gaudete:
1327 585 1559 652 perfecti
1595 589 1760 639 estote
1779 602 1799 646 ;
1827 590 2085 640 exhorta-

443 676 606 742 mini,
635 674 746 729 hoc
777 678 885 740 est,
918 675 977 728 in
1009 673 1350 728 alterutrum
1377 688 1478 726 vos
1502 678 1735 727 monete
1759 690 1772 739 ;
1801 672 1908 727 hac
1929 673 2085 726 enim

443 761 861 830 exhortatione,
892 779 1008 833 qua
1038 776 1140 832 spe
1181 762 1511 815 futurorum
1545 757 1897 832 superantur
1925 760 2083 825 vitia,

445 850 708 908 nascitur
737 851 1028 924 perfectio,
1069 866 1138 904 ex
1181 850 1531 921 perfectione
1575 856 1770 904 autem
1803 849 2084 920 gaudium

446 941 584 1013 quia
605 957 775 997 nemo
792 940 1042 1013 gaudere
1059 943 1250 1012 potest
1266 943 1321 994 et
1333 940 1623 1011 perfectus
1641 955 1767 994 esse
1782 955 1896 993 non
1911 938 2082 1006 valet,

446 1030 559 1086 nisi
601 1029 738 1084 vitia
790 1032 1042 1100 superet.
1085 1029 1391 1100 Sequitur:
1444 1029 1604 1084 Idem
1649 1029 1845 1098 sapite.
1877 1027 2088 1099 Tangit

444 1117 599 1172 enim
626 1117 754 1183 hoc,
790 1117 931 1188 quia
960 1121 1016 1172 et
1044 1117 1102 1171 in
1133 1118 1324 1189 prima
1371 1122 1948 1185 commemoraverat,
1983 1116 2084 1171 ubi

443 1205 560 1260 ait:
631 1205 881 1271 Obsecro,
941 1209 999 1260 ut
1055 1208 1234 1276 ipsum
1291 1206 1483 1260 dicatis
1541 1207 1584 1276 (ι
1636 1205 1757 1260 Cor.
1805 1223 1842 1270 ι,
1877 1205 1984 1272 10).
2019 1205 2088 1259 Et

440 1294 549 1350 hoc
579 1298 668 1350 est
719 1295 874 1366 quod
905 1295 1000 1348 hic
1059 1295 1221 1360 dicit,
1279 1294 1423 1350 idem
1481 1296 1684 1362 sapite,
1742 1294 1798 1348 id
1832 1299 1938 1359 est,
1970 1310 2084 1348 non

438 1384 736 1439 diversum
770 1384 840 1438 de
870 1399 986 1448 me,
1017 1383 1105 1438 vel
1138 1383 1196 1438 in
1230 1399 1343 1453 me,
1379 1385 1500 1438 sive
1552 1384 1608 1437 in
1643 1383 1776 1449 ﬁde,
1808 1389 1864 1437 et
1895 1399 2084 1453 opere,

437 1472 754 1545 Sequitur:
791 1477 987 1529 Pacem
1045 1475 1256 1528 habete.
1304 1473 1685 1528 Commendat
1715 1471 1834 1527 illis
1861 1487 2084 1543 pacem,

441 1566 682 1633 propter
701 1577 802 1617 eos
821 1560 1109 1628 videlicet,
1135 1561 1229 1632 qui
1265 1562 1527 1616 fraudem
1574 1567 1630 1616 et
1661 1560 1939 1631 injuriam
1972 1561 2086 1615 fra-

442 1648 636 1705 tribus
665 1649 1025 1721 ingerebant,
1053 1654 1108 1704 et
1138 1651 1210 1704 ob
1242 1649 1350 1704 hoc
1379 1649 1449 1703 ad
1499 1648 1823 1703 inﬁdelium
1858 1648 2087 1719 judicia

444 1738 878 1810 pertrahebant,
911 1743 977 1792 ut
1003 1739 1082 1793 ait
1111 1739 1170 1792 in
1205 1738 1394 1810 prima
1421 1755 1433 1792 :
1470 1738 1571 1793 Sed
1599 1753 1688 1793 vos
1711 1739 1979 1809 injuriam
1997 1742 2083 1808 fa-

445 1829 588 1897 citis,
621 1835 672 1882 et
699 1827 972 1897 fraudatis
1002 1827 1051 1897 (I
1079 1826 1197 1882 Cor.
1258 1843 1336 1896 v1,
1394 1827 1469 1897 8),
1504 1831 1614 1882 etc.
1674 1827 1985 1898 Sequitur:
2019 1829 2086 1882 Et

443 1916 583 1971 Deus
609 1917 762 1986 pacis
804 1921 855 1971 et
901 1916 1205 1970 dilectionis
1249 1917 1356 1970 erit
1401 1915 1696 1970 vobiscum.
1749 1915 2087 1970 Terminata

440 2005 860 2071 exhortatione,
893 2004 1199 2074 subjunxit
1230 2004 1646 2060 narrationem.
1680 2005 1841 2068 Deus,
1868 2005 2082 2075 inquit,

433 2095 607 2165 pacis,
642 2098 753 2150 etc.
789 2093 942 2148 Deus
974 2093 1132 2164 pacis
1162 2093 1395 2156 dicitur,
1431 2093 1569 2164 quia
1613 2092 1738 2163 ipse
1767 2096 1855 2148 est
1883 2097 2086 2148 auctor

437 2184 620 2256 pacis,
638 2183 810 2252 juxta
831 2182 973 2236 illud
997 2182 1260 2252 ejusdem
1284 2181 1543 2253 Apostoli
1566 2199 1578 2236 :
1603 2181 1976 2253 Christuspaa:
1995 2198 2084 2237 no-

435 2274 566 2338 itra,
600 2273 696 2344 qui
723 2273 851 2342 fecit
880 2280 1114 2341 utraque
1149 2287 1323 2325 unum
1364 2270 1580 2341 (Ephes.
1633 2287 1693 2340 ii,
1725 2272 1834 2339 14).
1868 2271 1937 2324 Et
1967 2271 2080 2325 Do-

437 2360 638 2414 minus
663 2377 675 2414 :
710 2361 908 2414 Pacem
937 2357 1195 2429 relinquo
1223 2360 1392 2425 vobis,
1426 2375 1612 2430 pacem
1643 2375 1819 2414 meam
1847 2359 1913 2414 do
1935 2360 2084 2414 vobis

440 2448 625 2518 (Joan.
658 2463 774 2512 xxv,
803 2449 916 2515 27).
949 2447 1289 2502 Dilectionis
1329 2451 1498 2502 «Deus
1555 2451 1662 2513 est,
1690 2448 1855 2516 juxta
1885 2447 2030 2502 illud
2065 2463 2078 2503 :

438 2535 759 2591 Mandatum
806 2551 1008 2591 novum
1065 2535 1129 2591 do
1185 2538 1355 2602 vobis,
1424 2544 1486 2591 ut
1538 2536 1792 2608 diligatis
1846 2538 2085 2592 invicem

441 2624 626 2695 (Joan.
660 2640 780 2695 xm,
805 2624 918 2695 34),
945 2629 1079 2690 etc.;
1103 2627 1160 2680 et
1180 2625 1320 2679 item
1346 2641 1359 2680 :
1410 2627 1469 2679 In
1516 2623 1613 2679 hoc
1637 2628 1949 2692 cognoscent
1968 2641 2082 2680 om-

439 2727 556 2779 nes,
585 2713 718 2783 quia
745 2729 852 2769 mei
881 2714 1015 2768 estis
1032 2713 1320 2784 discipuli,
1347 2714 1398 2767 si
1415 2711 1766 2768 dilectionem
1783 2713 2084 2770 habueritis

442 2801 513 2857 ad
543 2802 776 2857 invicem
804 2801 989 2873 (Ibid.,
1020 2802 1132 2873 35).
1180 2805 1248 2856 Et
1287 2807 1374 2857 est
1423 2817 1668 2856 sensus:
1703 2802 1760 2856 Si
1793 2817 1994 2874 pacem
2027 2808 2084 2858 et

441 2889 812 2946 dilectionem
857 2890 1202 2955 habueritis,
1254 2895 1550 2945 auctorem
1600 2890 1758 2962 pacis
1803 2897 2081 2963 perpetuo

438 2979 840 3050 possidebitis.
873 2979 1002 3034 Haec
1033 2979 1188 3035 enim
1219 2983 1306 3035 est
1335 2995 1447 3051 pax
1475 2987 1631 3034 certa
1652 2984 1827 3051 atque
1853 2997 2078 3049 secura,

441 3082 617 3140 quam
635 3067 800 3140 impii
823 3068 1036 3124 habere
1049 3085 1162 3124 non
1179 3072 1461 3140 possunt;
1484 3068 1638 3124 unde
1655 3073 1743 3123 est
1763 3067 1906 3124 illud
1935 3087 1947 3124 :
1963 3071 2080 3126 Non

435 3166 518 3213 est
530 3174 647 3230 pax
667 3159 882 3229 impiis,
905 3158 1040 3213 dicit
1063 3159 1335 3213 Dominus
1357 3157 1505 3229 (Isai.
1532 3174 1663 3227 Lvn,
1686 3159 1799 3227 2a).
1832 3158 2075 3214 Verum-

2196 583 2476 654 Apostolo
2506 584 2772 639 osculum
2804 585 2958 656 quod
2982 587 3429 643 commendatur
3458 601 3692 661 semper
3712 607 3846 647 cum

2196 672 2496 726 additione
2527 673 2785 743 ponitur.
3299 697 3304 700 ·

2265 761 2544 830 Sequitur
2569 777 2581 814 :
2616 761 2867 816 Salutant
2894 778 2985 818 vos
3015 765 3194 819 sancti
3234 780 3436 820 omnes.
3467 766 3547 821 Ac
3578 765 3628 821 si
3659 766 3844 823 dixis-

2195 852 2283 902 set
2307 864 2319 903 :
2344 848 2465 903 Non
2493 854 2774 920 potentes,
2803 867 2917 906 non
2941 852 3255 924 principes,
3297 853 3397 908 sed
3421 849 3607 909 sancti
3639 871 3843 912 omnes

2197 935 2314 991 Hoc
2336 943 2529 992 autem
2549 939 3128 995 animadvertendum
3151 946 3258 1008 est,
3279 958 3458 1014 quare
3479 941 3597 999 illis
3619 947 3846 1000 sancto-

2197 1041 2328 1079 rum
2361 1025 2572 1080 dixerit
2603 1025 2873 1082 salutem.
2905 1026 3210 1097 Videlicet,
3259 1035 3325 1084 ut
3354 1028 3487 1086 illos
3518 1031 3590 1086 ad
3624 1031 3843 1087 bonum

2197 1113 2520 1169 sanctitatis
2552 1121 2908 1186 provocaret,
2937 1121 3229 1186 quatenus
3252 1117 3352 1188 qui
3374 1116 3792 1175 salutabantur
3811 1136 3845 1176 a

2196 1202 2414 1258 sanctis
2441 1228 2453 1268 ;
2485 1201 2571 1258 vel
2604 1208 2758 1258 certe
2793 1209 2854 1257 ut
2885 1220 2982 1259 eos
3011 1204 3284 1261 invitaret
3326 1207 3398 1262 ad
3428 1207 3678 1264 invicem
3708 1211 3843 1264 red-

2197 1292 2469 1359 dendam,
2503 1296 2792 1362 quatenus
2825 1293 2924 1363 qui
2958 1292 3368 1349 salutabantur
3388 1311 3422 1349 a
3443 1296 3667 1351 sanctis
3689 1296 3842 1353 salu-

2195 1386 2388 1435 tarent
2408 1385 2661 1435 sanctos.
2688 1382 2754 1435 Et
2799 1386 2935 1436 nota
2976 1382 3114 1453 quia
3135 1399 3250 1438 non
3275 1387 3506 1440 tantum
3539 1385 3624 1440 ait
3643 1389 3839 1452 sancti,

2197 1468 2297 1523 sed
2330 1467 2556 1522 addidit
2604 1485 2813 1539 omnes,
2875 1471 3155 1540 quoniam
3212 1478 3550 1528 sanctorum
3579 1478 3674 1529 est
3699 1474 3842 1531 velle

2197 1572 2401 1612 omnes
2431 1572 2558 1612 esse
2589 1555 2799 1612 salvos.
2833 1558 2983 1630 Ergo
3015 1559 3113 1630 qui
3148 1560 3411 1616 omnium
3440 1561 3692 1618 salutem
3725 1579 3841 1620 non

2196 1648 2376 1714 optat,
2411 1660 2471 1700 se
2500 1661 2733 1716 quoque
2757 1645 2818 1700 in
2848 1645 2958 1701 hac
3006 1646 3358 1705 salutatione
3405 1665 3522 1705 non
3571 1666 3838 1724 compre-

2196 1732 2373 1786 hendi
2405 1732 2714 1804 intelligat.

2265 1821 2578 1892 Sequitur:
2613 1824 2802 1878 Gratia
2834 1826 3058 1879 Domini
3082 1828 3259 1880 nostri
3308 1827 3434 1882 Iesu
3467 1828 3692 1899 Christi,
3723 1835 3833 1886 etc.

2201 1910 2384 1965 Finita
2414 1927 2647 1981 quoque
2696 1911 3068 1978 salutatione,
3130 1916 3435 1985 subjunxit
3488 1918 3837 1989 orationem,

2196 1999 2401 2066 Gratia,
2434 1999 2643 2070 inquit,
2676 2002 2911 2070 Domini,
2963 2007 3070 2057 etc.
3121 2001 3271 2058 Illud
3321 2021 3462 2060 sane
3508 2008 3836 2064 notandum

2193 2087 2332 2158 quia
2363 2088 2420 2142 in
2453 2088 2567 2142 fine
2597 2088 2776 2159 hujus
2805 2091 3075 2162 Epistolas
3107 2091 3352 2148 unitatis
3382 2093 3632 2150 charitas
3664 2112 3836 2152 com-

2194 2177 2524 2232 mendatur.
2562 2178 2627 2231 Et
2657 2177 2898 2249 pulchre
2929 2179 3169 2250 quidem
3201 2181 3261 2235 in
3283 2181 3417 2248 fide,
3439 2183 3576 2254 quia
3595 2201 3837 2242 summa

2194 2265 2468 2336 perfectio
2499 2265 2558 2319 in
2595 2265 2845 2321 Unitatis
2899 2267 3182 2324 Trinitate
3239 2272 3528 2328 consistit.
3562 2272 3834 2331 Charitas

2195 2370 2445 2424 namque
2485 2354 2671 2409 Patris
2729 2355 2896 2411 nobis
2953 2357 3310 2414 Salvatorem
3370 2361 3602 2430 direxit,
3634 2361 3694 2417 id
3723 2369 3832 2434 est,

2191 2441 2414 2513 Jesum,
2447 2444 2616 2514 cujus
2647 2446 2834 2516 gratia
2863 2462 3069 2502 sumus
3093 2449 3400 2521 redempti.
3423 2451 3560 2514 Qum
3582 2451 3834 2509 charitas

2193 2534 2366 2603 atque
2384 2533 2570 2604 gratia
2591 2535 2774 2588 sancti
2789 2551 3022 2608 quoque
3035 2536 3286 2609 Spiritus
3303 2541 3832 2598 communicatione

2192 2620 2362 2676 nobis
2383 2625 2664 2687 servatur,
2689 2622 2904 2695 quippe
2924 2624 3166 2681 dilectos
3184 2643 3217 2681 a
3237 2626 3405 2683 Patre
3417 2644 3484 2684 ac
3501 2628 3832 2703 redemptos

2193 2727 2226 2765 a
2249 2710 2389 2766 Filio
2412 2710 2664 2782 Spiritus
2686 2716 2924 2768 sanctus
2945 2719 3223 2786 perpetuo
3244 2720 3445 2772 tuetur
3462 2733 3532 2774 ac
3550 2718 3830 2775 defendit.

2191 2799 2349 2853 Facit
2377 2799 2550 2855 etiam
2599 2799 2694 2855 hic
2749 2800 2911 2856 locus
2963 2803 3242 2860 adversus
3300 2805 3524 2874 Arium,
3572 2807 3675 2879 qui
3705 2808 3832 2865 ideo

2189 2888 2364 2943 etiam
2387 2888 2614 2944 dicebat
2639 2889 2847 2945 Filium
2872 2890 3158 2948 minorem
3181 2893 3367 2962 Patre,
3403 2910 3470 2950 eo
3515 2897 3672 2968 quod
3706 2897 3834 2954 ubi-

2189 2992 2441 3048 cumque
2462 2979 2651 3033 Patris
2673 2983 2731 3034 et
2749 2978 2878 3033 Filii
2917 2979 3079 3036 ﬁeret
3115 2983 3354 3051 mentio,
3404 2999 3638 3056 semper
3665 2989 3836 3042 Pater

2190 3071 2637 3137 praeponeretur.
2660 3071 2758 3122 Est
2778 3067 2953 3123 etiam
2973 3071 3296 3126 notandum
3321 3071 3460 3142 quia
3481 3089 3596 3129 non
3619 3074 3838 3132 aittan-

2188 3158 2315 3210 tum
2340 3155 2664 3226 vobiscum,
2689 3157 2788 3211 sed
2808 3173 2933 3212 cum
2951 3159 3224 3227 omnibus,
3247 3160 3516 3218 videlicet
3543 3167 3611 3218 ut
3639 3168 3833 3221 osten-

434 3228 633 3303 tamen
655 3228 765 3302 etsi
788 3247 1006 3302 habent
1027 3263 1226 3318 pacem
1251 3228 1411 3313 mali,
1434 3245 1604 3317 longe
1626 3246 1864 3318 quidem
1894 3245 2075 3302 distat
2105 3228 2148 3295 C
2186 3245 2346 3299 deret
2373 3260 2548 3314 quam
2581 3243 2952 3302 dilectionem
3002 3246 3260 3316 haberet,
3307 3266 3442 3305 cum
3489 3267 3606 3307 non
3640 3253 3833 3310 solum

435 3337 508 3392 ab
539 3337 653 3393 ista
678 3352 854 3408 quam
887 3335 1172 3392 Dominus
1215 3335 1514 3405 discernit,
1555 3335 1695 3390 dum
1730 3351 1844 3390 non
1875 3335 2073 3407 talem,

438 3425 674 3500 qualem
698 3427 957 3481 mundus
978 3426 1098 3491 dat,
1122 3425 1238 3480 ait:
1263 3425 1577 3480 Mandatum
1613 3440 1816 3479 novum
1835 3425 1900 3480 do
1923 3425 2076 3480 vobis

429 3518 490 3569 ut
547 3513 795 3582 diligatis
851 3515 1087 3570 invicem
1137 3513 1313 3583 (Joan.
1369 3529 1487 3579 xiv,
1537 3513 1650 3583 27).
1685 3513 1748 3567 In
1780 3529 1846 3567 eo
1876 3513 2076 3579 etiam,

435 3603 591 3674 quod
623 3602 704 3658 ait
730 3618 743 3656 :
777 3605 918 3658 Deus
943 3604 1123 3674 pacis,
1152 3606 1286 3670 etc.,
1319 3601 1501 3657 voluit
1531 3600 1848 3669 Apostolus
1879 3602 2078 3656 subin-

437 3691 622 3764 telligi
651 3691 790 3762 quia
819 3690 867 3747 si
899 3692 1032 3746 odia
1061 3695 1118 3746 et
1147 3691 1298 3746 rixas
1323 3691 1620 3760 haberent,
1655 3695 1857 3745 auctor
1877 3690 1993 3745 odii
2020 3694 2078 3746 et

433 3786 588 3851 rixa,
624 3783 732 3838 hoc
789 3787 878 3837 est
928 3778 1214 3849 diabolus,
1268 3785 1547 3854 perpetuo
1599 3796 1697 3835 eos
1727 3780 2071 3850 possideret.

503 3873 821 3946 Sequitur:
854 3871 1111 3928 Salutate
1138 3871 1372 3924 invicem
1417 3871 1478 3924 in
1507 3869 1684 3924 osculo
1715 3875 1929 3923 sancto.
1963 3868 2072 3924 Sa-

426 3964 634 4022 lutatio
659 3977 869 4035 nempe
898 3960 1180 4016 indicium
1231 3964 1405 4031 atque
1454 3958 1672 4031 Optatio
1721 3963 1810 4013 est
1840 3956 2066 4014 salutis.

425 4055 557 4112 Haec
578 4051 853 4110 salutatio
875 4054 932 4107 et
955 4050 1064 4106 hoc
1087 4048 1355 4106 osculum
1379 4048 1459 4104 ait
1479 4051 1749 4104 sanctum
1774 4049 2064 4116 osculum,

421 4145 524 4201 sed
555 4141 794 4199 illorum
838 4139 1104 4197 osculum
1158 4138 1570 4211 corruptionis,
1622 4139 1680 4192 et
1727 4134 1895 4207 quasi
1924 4134 2065 4190 refe-

488 4307 636 4379 (796)
666 4305 769 4362 Hic
798 4305 858 4361 in
889 4309 1084 4377 autog.
1120 4318 1303 4375 marg.
1332 4299 1548 4373 legitur
1578 4314 1705 4370 cap.
1738 4296 1924 4353 XXIX.

2186 3333 2482 3402 correctis,
2516 3334 2615 3388 sed
2676 3334 2850 3390 etiam
2907 3335 3248 3393 incorrectis
3304 3339 3553 3411 gratiam
3584 3347 3832 3414 optaret.

2183 3421 2360 3485 Quasi
2381 3422 2655 3478 dixisset:
2683 3423 2744 3478 In
2769 3423 2878 3480 hoc
2903 3441 3250 3496 cognoscere
3272 3430 3519 3499 potestis
3541 3436 3834 3502 quantum

2186 3527 2289 3566 vos
2319 3511 2582 3583 diligam,
2614 3528 2748 3567 cum
2787 3529 2902 3569 non
2951 3513 3143 3570 solum
3193 3517 3487 3589 correctis,
3519 3519 3624 3574 sed
3657 3520 3832 3577 etiam

2188 3615 2292 3654 nec
2320 3599 2461 3654 dum
2493 3601 2767 3656 correctis
2797 3601 3046 3673 gratiam
3105 3607 3320 3676 Optem.
3369 3605 3501 3661 Sive
3529 3599 3662 3664 ideo
3694 3609 3834 3666 dicit

2184 3704 2310 3744 cum
2330 3688 2601 3760 omnibus,
2627 3692 2690 3743 ut
2710 3705 2826 3744 non
2849 3689 3211 3762 exciperetur
3232 3709 3426 3762 sexus,
3449 3698 3613 3767 astas,
3638 3697 3833 3753 condi-

2185 3778 2282 3848 tio,
2315 3777 2554 3850 lingua;
2587 3778 2686 3833 sed
2719 3777 2872 3834 sicut
2902 3780 3144 3852 sanguis
3181 3779 3391 3838 Christi
3425 3799 3634 3841 omnes
3667 3787 3829 3843 rede-

2183 3868 2309 3932 mit,
2369 3867 2452 3921 sic
2510 3871 2568 3921 et
2623 3883 2826 3922 omnes
2881 3866 3097 3924 Christi
3155 3869 3403 3940 gratiam
3434 3873 3825 3943 possiderent.

2178 3959 2347 4011 Amen
2376 3971 2510 4010 vero
2541 3971 2733 4011 sermo
2764 3961 2853 4012 est
2881 3957 3362 4027 conﬁrmationis,
3392 3960 3492 4032 qui
3516 3963 3828 4021 conﬁrmat

2178 4045 2395 4101 omnia.

2707 4136 2880 4204 Finis,
2913 4137 3022 4193 Deo
3058 4138 3285 4208 gratias.

408 4483 2537 4511 Μ

958 4919 1573 5013 EXPOSITIO
1631 4921 1742 5007 IN
1800 4917 2436 5008 EPISTOLAM
2494 4917 2636 5002 AD
2697 4916 3239 5006 GALATAS.

952 5233 1480 5291 ARGUMENTUM.

463 5321 920 5379 Animadvertite
950 5325 1102 5396 quod
1134 5321 1285 5380 sicut
1331 5324 1390 5379 in
1440 5323 1602 5380 novis
1649 5321 2033 5394 temporibus,

2066 5235 2114 5299 Ι)
2145 5229 2562 5302 prOphetarum
2593 5229 2768 5284 verba
2797 5229 2870 5284 ad
2902 5228 3174 5286 homines
3205 5230 3610 5303 proferuntur,
3643 5237 3817 5294 vela-

2145 5318 2301 5372 mine
2325 5320 2623 5389 teguntur.
2660 5316 2743 5371 Ibi
2777 5333 3032 5388 namque
3059 5334 3192 5373 caro
3215 5317 3516 5375 valeamen
3541 5328 3690 5391 erat,
3714 5323 3817 5381 hic

385 5425 524 5467 cum
556 5407 810 5466 Verbum
845 5413 939 5468 Dei
973 5429 1040 5469 ex
1070 5414 1255 5469 Mariae
1286 5413 1527 5485 virginis
1558 5429 1730 5468 carne
1759 5411 2034 5465 indutum
2146 5404 2341 5460 littera
2364 5423 2380 5458 :
2407 5410 2464 5460 et
2485 5406 2637 5460 sicut
2669 5405 2778 5460 sub
2810 5406 3002 5462 carnis
3023 5405 3310 5462 velamine
3347 5407 3570 5466 latebat
3593 5413 3814 5468 divini-

379 5496 2034 5575 processitinmundum,aspectus,humanitatisomnibus
2144 5494 2300 5563 tatis,
2334 5493 2415 5548 sic
2446 5498 2503 5548 et
2533 5494 2644 5550 sub
2691 5493 2978 5550 velamine
3026 5495 3232 5551 litterae
3277 5494 3485 5553 lateret
3514 5499 3813 5571 spiritalia

375 5583 638 5660 Patebat,
662 5592 966 5662 perpaucis
987 5596 1203 5660 autem,
1227 5591 1337 5646 hoc
1372 5595 1479 5660 est,
1522 5588 1891 5644 solummodo
1913 5585 2026 5641 ele-

2141 5581 2561 5653 intelligentia:
2587 5585 2644 5637 et
2664 5579 2817 5638 sicut
2838 5583 2990 5638 beati
3015 5583 3190 5655 oculi,
3215 5585 3314 5657 qui
3340 5584 3400 5640 in
3426 5602 3604 5645 carne
3625 5605 3812 5663 agno-

373 5674 491 5739 otis
523 5669 844 5739 divinitatis
900 5681 1150 5741 dabatur
1201 5678 1475 5751 cognitio,
1522 5678 1602 5732 ita
1631 5693 1764 5733 cum
1794 5673 1943 5745 legis
1973 5676 2032 5730 et
2142 5669 2382 5728 scebant
2406 5668 2586 5728 latere
2615 5669 2998 5757 divinitatem,
3035 5673 3112 5731 ita
3161 5678 3218 5734 et
3252 5671 3337 5756 illi
3382 5674 3565 5756 begti,
3598 5679 3702 5756 qui
3733 5679 3807 5745 in
