3990 6224
409 395 528 454 495

1426 388 1764 447 ATTONIS
1812 387 1858 443 V
1874 381 2395 443 ERCELLENSIS
2440 380 2791 441 EPISCOPI

3700 383 3828 444 496

412 525 587 583 etiam
617 524 756 597 quia
784 527 872 579 est
901 519 1159 594 Apostoli
1190 520 1437 575 intentio
1469 519 1529 574 in
1561 519 1668 573 hac
1702 515 1975 588 Epistola,
1996 518 2053 569 et
2078 514 2135 581 Α
2164 512 2587 567 ecclesiasticos
2609 513 2853 583 adipisci
2874 514 3093 584 gradus
3118 530 3131 580 ;
3161 513 3301 569 item
3324 514 3595 585 sunt,qui
3619 530 3826 586 neque

412 616 475 671 in
503 614 605 669 illa
628 614 703 669 ad
732 612 1048 678 Romanos,
1100 609 1476 664 manifestare
1521 607 1790 662 videlicet
1819 610 1876 659 et
1905 604 2052 676 legis

411 701 788 760 abolitionem
818 705 875 755 et
916 698 1115 772 gratia:
1147 697 1516 768 dignitatem.
1567 697 1674 751 Sed
1707 696 1765 749 in
1797 695 1903 750 hoc
1935 693 2051 747 dif-

412 794 545 859 fert,
575 791 717 864 quia
744 791 803 846 in
834 790 936 846 illa
986 786 1393 843 subtilioribus
1452 785 1638 839 utitur
1666 784 2051 854 argumentis,

416 883 558 955 quia
582 881 697 953 ipsi
729 879 1044 952 prudentes
1066 880 1266 943 erant;
1302 875 1358 929 in
1382 875 1489 928 hac
1513 890 1643 927 vero
1666 872 2055 943 apertioribus

414 971 610 1029 verbis
638 969 915 1039 loquitur,
937 964 1077 1037 quia
1104 965 1269 1020 stulti
1290 967 1491 1019 erant:
1526 970 1581 1018 et
1609 979 1724 1016 non
1756 967 1875 1015 tam
1908 962 2055 1032 (806)

418 1078 519 1119 eos
545 1058 863 1129 alloquitur
890 1054 1353 1125 docendo,quam
1389 1052 1582 1124 potius
1613 1050 2060 1121 increpando,ut

418 1164 565 1222 quos
595 1164 711 1203 non
740 1144 1029 1202 suadebat
1083 1143 1231 1198 ratio
1288 1146 1583 1197 revocaret
1620 1139 1958 1195 auctoritas.
1994 1138 2061 1193 Et

416 1251 760 1310 quanquam
790 1235 851 1290 in
881 1232 1157 1289 omnibus
1204 1231 1334 1301 ejus
1363 1228 1724 1301 Epistolis,et
1752 1226 1898 1299 legis
1929 1228 2064 1283 abo-

416 1326 567 1397 litio,
596 1328 657 1382 et
682 1323 882 1396 gratiae
913 1321 1172 1393 dignitas
1202 1318 1629 1382 manifestetur,
1659 1322 2061 1372 verumtamen

418 1414 677 1473 maxime
705 1413 768 1468 in
797 1412 891 1467 his
915 1410 1166 1466 duabus.
1193 1408 1261 1463 Et
1302 1407 1411 1462 hoc
1444 1406 1746 1461 sciendum
1779 1407 1918 1475 quia
1948 1421 2060 1460 non

418 1520 522 1561 eos
548 1499 873 1573 alloquitur
895 1496 1231 1569 Apostolus,
1255 1495 1357 1565 qui
1386 1510 1455 1549 ex
1481 1493 1927 1549 circumcisione
1945 1509 2064 1547 cre-

420 1592 714 1657 diderant,
745 1593 803 1644 et
834 1604 869 1643 a
892 1586 1159 1642 libertate
1204 1582 1402 1655 gratia:
1446 1582 1518 1637 ad
1552 1581 1694 1653 legis
1726 1581 2065 1636 servitutem

422 1679 778 1738 transierant
804 1674 1031 1747 decepti
1061 1691 1094 1729 a
1146 1672 1311 1728 falsis
1351 1670 1652 1742 apostolis,
1686 1670 1785 1740 qui
1819 1670 2064 1723 Paulum

421 1786 543 1827 non
571 1783 772 1824 verum
796 1762 1142 1835 Apostolum
1168 1777 1295 1815 esse
1326 1760 1617 1827 dicebant,
1646 1758 1897 1814 maxime
1929 1759 2068 1827 quia

2164 618 2198 654 a
2231 607 2361 667 Deo,
2396 618 2582 671 neque
2611 602 2682 655 ab
2741 601 3103 671 hominibus,
3162 619 3352 673 neque
3404 620 3508 675 per
3538 602 3826 668 homines

2165 690 2500 757 mittuntur,
2534 691 2636 745 sed
2668 707 2776 746 sua
2805 692 3048 746 veniunt
3093 692 3567 760 causa,videlicet
3582 695 3824 751 terreni

2164 777 2331 839 lucri,
2365 783 2421 831 et
2449 779 2793 839 ventris,aut
2817 779 3090 834 humanae
3110 778 3395 846 laudis,ut
3426 781 3667 837 fuerunt
3685 799 3824 839 om-

2166 883 2269 921 nes
2302 866 2431 921 falsi
2459 867 2722 938 apostoli.
2743 869 3053 939 Apostolus
3084 874 3304 937 autem,
3339 875 3403 923 ut
3429 887 3492 926 se
3523 872 3595 927 de
3624 871 3824 937 excelg

2166 956 2410 1011 lentiore
2438 958 2624 1028 gradu
2658 963 3029 1024 monstraret,
3064 958 3181 1013 ait:
3227 959 3345 1014 Non
3374 960 3443 1014 ab
3472 959 3826 1028 hominibus,

2168 1044 2277 1099 hoc
2310 1050 2539 1109 est,non
2569 1047 2641 1101 ab
2673 1046 2951 1117 apostolis
2972 1047 3276 1104 ordinatus
3308 1048 3827 1123 Apostoluszapo-

2171 1133 2353 1189 stolos
2371 1135 2585 1205 quippe
2606 1135 2958 1191 ordinabant
3004 1136 3255 1207 apostoli
3276 1138 3348 1192 ad
3372 1139 3827 1198 conﬁrmandus

2172 1223 2480 1292 Ecclesias,
2510 1224 2665 1277 sicut
2694 1228 2898 1279 contra
2917 1224 3288 1281 aemulatores
3308 1225 3457 1297 legis
3486 1227 3831 1301 dirigebant

2174 1328 2311 1365 suos
2343 1312 2413 1365 ad
2472 1312 2885 1367 destruendam
2945 1314 3119 1369 fidem
3152 1314 3438 1371 Ecclesiae.
3500 1316 3668 1374 Unde
3694 1319 3828 1391 ipse

2173 1399 2348 1454 dicit:
2382 1401 2565 1471 Neque
2588 1418 2690 1471 per
2735 1402 3028 1470 hominem,
3087 1403 3198 1459 hoc
3244 1408 3333 1460 est
3360 1421 3553 1477 neque
3583 1424 3692 1479 per
3719 1409 3827 1465 Ju-

2175 1489 2363 1544 daeum
2394 1490 2481 1545 vel
2510 1490 2964 1558 Judazos,malus
2989 1492 3294 1564 apostolus
3323 1494 3830 1555 ordinatus.Sane

2177 1577 2479 1632 sciendum
2512 1579 2648 1649 quia
2677 1580 3031 1650 quibusdam
3071 1582 3345 1638 videntur
3373 1600 3504 1641 esse
3534 1586 3829 1658 superbia

2173 1667 2347 1721 verba
2371 1685 2384 1733 ;
2415 1672 2817 1724 verumtamen
2841 1686 2954 1725 non
2978 1675 3136 1737 sunt,
3164 1673 3265 1727 sed
3289 1673 3485 1745 potius
3504 1675 3832 1732 necessita-

2174 1755 2283 1810 tis:
2320 1758 2662 1812 necessitate
2696 1776 2948 1830 namque
2979 1767 3216 1817 coactus
3246 1762 3357 1818 hoc
3386 1764 3645 1831 dicebat,
3672 1764 3832 1822 vide-

423 1859 593 1915 aliter
618 1859 815 1927 ageret
852 1848 1257 1944 Jerosolymis,
1318 1853 1375 1903 et
1400 1847 1569 1902 aliter
1606 1848 1835 1944 doceret
1864 1852 2066 1944 gentes
2099 1880 2147 1944 Β
2178 1843 2405 1944 licet-ut
2436 1847 2941 1944 pseudoapostolis
3000 1849 3195 1906 locum
3256 1868 3371 1907 non
3423 1854 3610 1944 daret,
3643 1859 3704 1909 et
3732 1854 3828 1910 sui

425 1962 599 2020 agere
625 1945 856 2008 debere,
914 1945 971 1996 et
1000 1938 1158 2010 quod
1211 1937 1399 2009 legem
1462 1937 1647 1990 caeteri
1680 1936 1785 1989 viri
1820 1934 2069 2006 apostoli

425 2038 747 2101 servarent,
776 2032 904 2102 ipse
956 2029 1302 2084 destrueret.
1360 2027 1612 2096 Egerant
1666 2024 1823 2079 enim
1853 2025 2068 2079 Galatae

423 2124 578 2182 sicut
598 2119 821 2194 ille,qui
842 2118 1125 2173 liberatus
1144 2116 1217 2170 de
1236 2130 1417 2169 manu
1438 2111 1778 2184 gladiatoris
1802 2129 1862 2167 se
1891 2114 2071 2167 tradit

420 2213 673 2272 lanistae.
706 2208 947 2266 illorum
978 2220 1234 2276 namque
1262 2202 1635 2259 simulatione
1666 2202 1944 2271 deceptus
1982 2206 2070 2257 est

419 2303 600 2360 etiam
630 2303 836 2355 Petrus
866 2292 1349 2368 apostolus,quod
1375 2289 1436 2345 in
1457 2290 1565 2346 hac
1596 2290 1857 2362 Epistola
1888 2290 2071 2345 mani-

422 2393 602 2448 festat
629 2386 908 2462 prmfatus
936 2380 1247 2456 Apostolus
1277 2380 1418 2450 (Gal.
1455 2396 1519 2447 ιι,
1552 2380 1661 2449 11).

496 2478 657 2549 (Car.
682 2476 752 2546 Ι.)
771 2474 978 2530 Paulus
996 2471 1301 2543 Apostolus.
1326 2468 1546 2540 Magnae
1573 2468 1938 2523 auctoritatis
1961 2472 2068 2533 est,

424 2564 807 2640 quodPaulus
829 2562 892 2618 in
911 2557 1495 2630 fronteEpistolarum
1510 2573 1752 2612 suarum
1776 2574 1836 2611 se
1857 2556 2071 2612 Christi

426 2653 760 2729 apostolum
818 2653 1139 2721 nuncupat.
1198 2647 1368 2716 Nam,
1407 2647 1560 2701 sicut
1589 2646 1822 2715 judices
1857 2645 2069 2700 terreni

427 2743 764 2819 principum
816 2746 874 2796 et
902 2754 1127 2809 regum,
1158 2751 1411 2807 quorum
1442 2733 1839 2790 familiaritate
1869 2735 2072 2789 fruun-

427 2840 528 2891 tur
555 2830 801 2889 nomina
824 2830 1141 2884 assumunt
1168 2824 1230 2879 in
1260 2822 1546 2895 epistolis,
1575 2827 1638 2877 ut
1667 2822 1873 2892 majori
1903 2840 2072 2879 vene-

428 2922 657 2980 ratione
681 2918 1010 2976 habeantur
1027 2920 1091 2970 et
1112 2914 1305 2984 majus
1327 2910 1675 2982 obsequium
1696 2910 1815 2966 illis
1844 2911 2071 2983 impen-

425 3008 717 3076 datur,sic
744 3011 802 3064 et
828 3002 1047 3061 Paulus
1096 3000 1312 3058 Christi
1341 3017 1403 3056 se
1427 2999 1770 3072 Apostolum
1802 3000 2071 3056 nomina-

424 3101 529 3168 vit,
559 3103 626 3155 ut
652 3099 827 3169 cujus
871 3098 1027 3151 esset
1053 3089 1418 3148 auctoritatis
1459 3090 1982 3157 demonstraretur,
2014 3095 2073 3146 et

424 3187 637 3261 majori
661 3184 1033 3242 veneratione
1060 3180 1394 3246 haberetur,
1436 3184 1493 3233 et
1520 3194 1726 3233 omnes
1755 3178 2065 3235 Christiani

419 3278 486 3335 in
513 3246 705 3333 fronte
731 3271 1119 3346 Epistolarum
1144 3284 1387 3324 suarum
1409 3271 1785 3323 terrerentur.
1804 3267 1951 3323 Hinc
1981 3272 2070 3324 est
2100 3246 2143 3312 (ἶ

419 3366 580 3440 quod
609 3365 671 3421 in
728 3360 1017 3436 principio
1076 3355 1345 3430 Epistula:
1400 3357 1473 3412 ad
1528 3356 1800 3412 Haabreos
1856 3373 1973 3411 non
2007 3372 2068 3412 se

421 3453 754 3528 apostolum
810 3450 1095 3514 nominat,
1156 3463 1291 3501 cum
1348 3447 1409 3503 in
1465 3446 1744 3501 omnibus
1788 3444 2067 3518 Epistolis

422 3545 535 3601 hoc
592 3542 798 3607 faciat;
857 3538 999 3611 quia
1054 3536 1115 3591 in
1172 3534 1554 3606 sequentibus
1611 3534 1910 3589 Christum
1942 3550 2066 3589 ma-

425 3648 611 3707 gnum
636 3646 768 3686 esse
796 3626 1131 3700 pontificem
1186 3628 1243 3679 et
1284 3622 1613 3694 apostolum
1660 3623 2067 3693 descripturus

412 3726 573 3778 erat.
592 3718 881 3790 Apostolus
900 3714 1058 3771 enim
1077 3713 1290 3780 Greece,
1318 3712 1521 3767 Latine
1537 3714 1763 3777 missus,
1786 3712 2068 3767 Hebraice

424 3809 643 3865 dicitur
667 3806 820 3875 sitas,
850 3803 946 3858 cui
974 3801 1151 3858 etiam
1195 3816 1403 3855 nomen
1435 3817 1470 3855 a
1500 3799 1779 3855 mittendo
1808 3800 2068 3872 imponi-

430 3895 870 3955 tur.Scieudum
886 3895 1082 3948 autem
1110 3888 1249 3960 quia
1275 3889 1491 3944 Hebraei
1521 3888 1816 3960 apostolos
1845 3894 1904 3944 et
1934 3906 2065 3961 pro-

431 3988 643 4063 phetas
670 3999 801 4041 esse
822 3982 1047 4048 dicunt,
1073 3979 1144 4033 ad
1166 3994 1314 4050 quos
1332 3978 1573 4033 verbum
1596 3977 1898 4033 missionis
1926 3979 2068 4033 diri-

428 4079 608 4153 είωτ,
638 4075 794 4133 sicut
821 4071 932 4128 fuit
982 4069 1230 4141 Moyses,
1279 4066 1372 4121 cui
1402 4066 1627 4121 dictum
1675 4071 1800 4121 est:
1842 4068 1989 4134 Veni,
2017 4073 2068 4123 et

425 4170 646 4224 etiam
673 4173 729 4221 te
755 4160 944 4231 (Exod.
977 4176 1065 4223 ιιι,
1098 4159 1208 4227 10),
1244 4160 1351 4211 etc.
1380 4173 1394 4210 :
1427 4159 1485 4209 et
1512 4156 1637 4225 ipse
1666 4154 1784 4209 ait:
1820 4155 2067 4220 Obsecro,

426 4256 674 4324 Dandae,
714 4253 873 4308 mitte
923 4247 1117 4319 (Exod.
1151 4262 1227 4311 Iv,
1287 4244 1397 4313 13),
1454 4248 1606 4309 etc.;
1665 4246 1724 4297 et
1777 4243 1931 4297 sicut
1960 4244 2071 4297 fuit

425 4346 633 4411 Isaias,
663 4342 763 4415 qui
794 4340 915 4397 ait:
965 4342 1098 4395 Ecce
1137 4349 1234 4403 ego
1287 4334 1449 4386 mitte
1476 4346 1565 4386 me
1620 4332 1746 4401 (Isa.
1780 4347 1856 4399 vx,
1888 4332 1941 4399 8)
1967 4349 1981 4395 ;
2013 4335 2070 4385 et

425 4433 618 4491 ceteri
645 4429 973 4504 prephetaa:
1000 4429 1154 4480 recte
1171 4420 1346 4477 etiam
1370 4419 1625 4474 Joannes
1646 4418 1908 4488 Baptista
1931 4435 2068 4489 apo-

425 4522 615 4581 stolus
642 4525 702 4576 et
728 4517 1012 4592 propheta
1064 4511 1298 4577 dicitur,
1359 4507 1500 4577 quia
1545 4506 1615 4560 de
1654 4504 1752 4559 illo
1782 4506 2063 4575 scriptum

425 4617 552 4670 est:
586 4611 710 4665 Fuit
735 4609 896 4662 homo
924 4606 1123 4657 missus
1150 4616 1184 4652 a
1216 4600 1322 4653 Deo
1352 4596 1527 4663 (Joan.
1560 4610 1599 4661 ι,
1629 4594 1731 4662 6.).

2179 1934 2541 2003 apostolatus
2572 1938 2978 1993 auctoritatem
3013 1946 3382 1996 monstraret.
3426 1942 3652 2007 Quibus
3685 1943 3832 1999 facit

2179 2022 2456 2077 adversus
2488 2025 2711 2096 cos,qui
2743 2042 2875 2082 eum
2927 2045 3045 2083 non
3072 2046 3201 2084 esse
3244 2047 3447 2086 verum
3472 2031 3831 2103 Apostolum

2180 2110 2529 2177 dicebant,et
2550 2113 2600 2168 ei
2624 2119 2856 2170 ceeteros
2880 2116 3175 2187 apostolos
3198 2118 3832 2189 praeferebantNerum

2182 2216 2254 2254 ne
2285 2201 2616 2257 defensores
2647 2202 2791 2275 legis
2844 2204 3126 2262 haberent
3171 2205 3362 2262 locum
3397 2207 3651 2275 dicendi,
3684 2208 3835 2280 quia

2182 2306 2297 2344 non
2326 2294 2415 2345 est
2442 2307 2613 2345 verus
2643 2294 2977 2362 Apostolus,
3002 2296 3282 2365 quoniam
3312 2295 3690 2369 aliter,quam
3723 2297 3831 2355 Pe-

2180 2383 2327 2447 trus,
2358 2382 2415 2432 et
2446 2378 2650 2450 reliqui
2710 2382 2897 2446 docet,
2923 2382 3003 2437 ait
3032 2383 3157 2454 ipse
3181 2401 3196 2438 :
3249 2385 3366 2440 Noa
3388 2385 3458 2440 ab
3486 2385 3830 2455 hominibus,

2180 2472 2288 2521 etc.
2315 2484 2328 2531 ;
2364 2484 2431 2522 ac
2462 2467 2513 2522 si
2543 2468 2818 2526 dixisset:
2874 2471 2952 2525 ab
2994 2470 3094 2527 illo
3151 2472 3327 2529 didici
3360 2474 3764 2547 Evangelinm,
3797 2494 3833 2532 a

2181 2571 2296 2626 quo
2325 2560 2383 2610 et
2439 2556 2665 2625 Petrus,
2698 2563 2756 2613 et
2811 2558 3060 2630 reliqui;
3105 2565 3164 2616 et
3219 2562 3349 2617 ideo
3398 2579 3515 2618 non
3545 2580 3682 2620 sum
3712 2564 3830 2621 illis

2180 2644 2435 2699 inferior.
2470 2646 2569 2700 Est
2595 2648 2770 2701 etiam
2828 2649 3150 2705 notandum
3205 2667 3387 2721 quare
3414 2652 3612 2708 dicat:
3644 2653 3831 2724 Neque

2174 2749 2281 2804 per
2308 2732 2603 2789 hominem.
2635 2735 2909 2808 Nunquid
2944 2743 3119 2809 negat
3147 2738 3443 2795 Christum
3472 2740 3783 2798 hominem
3802 2742 3831 2798 ?

2181 2823 2328 2893 Non,
2359 2822 2730 2894 inquam,sed
2761 2842 2974 2896 purum
3006 2826 3304 2883 hominem
3332 2835 3547 2901 negat;
3578 2832 3828 2888 sivene-

2179 2917 2279 2983 gat
2306 2912 2623 2981 hominem,
2657 2913 2798 2985 quia
2825 2915 2933 2969 etsi
2964 2913 3139 2971 homo
3169 2921 3314 2983 erat,
3347 2921 3414 2972 ut
3442 2918 3599 2975 Deus
3626 2923 3830 2977 tamen

2180 3006 2467 3075 praecepta
2491 3002 2685 3057 dabat.

2249 3090 2558 3162 Sequitur:
2609 3092 2710 3146 Sed
2738 3107 2841 3159 per
2891 3094 3077 3148 Iesum
3128 3094 3426 3166 Christum,
3476 3101 3588 3166 etc,
3621 3099 3830 3157 Scien-

2178 3180 2321 3233 dum
2352 3178 2492 3249 quia
2546 3179 2857 3251 Apostolus
2911 3180 2970 3235 in
3023 3181 3133 3237 hoc
3183 3181 3309 3238 loco
3338 3184 3485 3250 Arii,
3516 3187 3829 3244 Παπίοὴεὶ

2177 3271 2354 3338 atque
2384 3267 2613 3322 Photini
2658 3268 2873 3339 pariter
2916 3270 3171 3325 destruit
3222 3287 3470 3328 errores.
3501 3273 3615 3330 Ubi
3646 3276 3829 3332 etiam

2175 3355 2521 3420 notandum,
2554 3355 2691 3427 quia
2722 3373 2753 3411 a
2783 3360 2950 3412 Patre
2979 3358 3193 3413 dicitur
3220 3362 3560 3433 resuscitari
3584 3365 3706 3420 Act.
3742 3381 3830 3433 ιιι,

2178 3444 2286 3514 15),
2321 3443 2473 3498 sicut
2517 3449 2574 3499 et
2629 3444 2689 3503 in
2740 3444 2980 3500 Actibus
3035 3448 3434 3518 apostolorum
3479 3450 3742 3524 legitur;
3773 3459 3833 3510 et

2176 3538 2374 3589 tamen
2397 3550 2432 3589 a
2461 3549 2523 3588 se
2552 3534 2889 3589 resuscitari
2920 3540 3212 3591 narratur.
3245 3537 3429 3609 Cujus
3478 3542 3829 3613 quaestionis

2177 3627 2337 3695 patet
2370 3623 2677 3694 expositio.

2244 3711 2557 3782 Sequitur:
2586 3713 2652 3767 Et
2680 3714 2779 3783 qui
2802 3729 3015 3769 mecum
3041 3724 3167 3770 sunt
3194 3718 3405 3786 fratre:
3432 3734 3642 3776 omnes.
3676 3722 3829 3779 Sane

2178 3802 2522 3866 notandum,
2555 3800 2695 3870 quia
2722 3817 2857 3855 cum
2886 3801 2947 3857 in
2975 3802 3203 3859 ceteris
3230 3805 3493 3877 epistolis
3523 3825 3687 3866 nunc
3717 3812 3830 3868 So-

2177 3895 2401 3959 stenen,
2433 3906 2590 3944 nunc
2632 3889 2969 3961 Sylvanum,
3014 3908 3439 3966 nonnunquam
3467 3912 3605 3954 vero
3628 3899 3828 3957 Timo-

2176 3979 2381 4032 theum
2394 3977 2507 4032 sibi
2527 3979 2933 4051 conjungat,in
2955 3980 3065 4036 hac
3086 3998 3320 4054 quoque
3331 3984 3598 4056 Epistula
3619 4005 3830 4046 omnes

2178 4067 2386 4120 fratres
2416 4066 2528 4121 sibi
2558 4067 2762 4122 sociat.
2780 4069 2943 4133 Quod
2972 4070 3105 4125 ideo
3135 4071 3271 4143 egit,
3297 4073 3439 4144 quia
3464 4078 3661 4147 major
3688 4083 3832 4136 tunc

2179 4155 2495 4210 auctoritas
2525 4157 2854 4212 necessaria
2883 4163 3027 4223 erat,
3058 4166 3350 4231 quatenus
3372 4163 3523 4220 dum
3554 4168 3833 4224 omnium

2177 4242 2425 4297 fratrum
2454 4243 2862 4300 salutationem
2897 4245 3167 4302 audirent
3204 4265 3408 4306 omnes
3448 4242 3742 4312 adversus
3771 4271 3834 4313 se

2178 4330 2518 4387 sollicitatos
2565 4336 2624 4387 et
2668 4338 2994 4390 commotos
3012 4335 3423 4408 intelligerent,
3456 4343 3517 4394 et
3564 4341 3835 4400 immane

2178 4418 2406 4475 facinus
2438 4437 2499 4475 se
2528 4422 2897 4478 commisisse
2924 4431 3326 4496 agnoscerent,
3356 4432 3415 4483 et
3443 4429 3514 4483 ad
3548 4433 3832 4489 emenda-

2176 4509 2396 4564 tionem
2427 4511 2838 4581 confugerent;
2894 4513 3175 4584 quoniam
3208 4515 3464 4572 multum
3493 4518 3658 4576 valet
3686 4537 3831 4578 con-

2099 4606 2148 4671 D
2177 4612 2389 4653 sensus
2418 4598 2807 4669 plurimorum
2839 4602 2911 4656 ad
2940 4602 3349 4675 corrigendum
3378 4605 3617 4665 facinus
3647 4610 3833 4667 maio-

495 4699 776 4772 Soquitur
799 4712 815 4752 :
836 4696 952 4751 Non
972 4692 1040 4746 ab
1058 4684 1409 4743 homimibus.
1430 4680 1741 4772 Sciendum
1763 4687 1851 4736 est
1870 4687 2064 4740 autem
2175 4702 2305 4740 rum
2333 4704 2345 4740 :
2380 4703 2515 4740 nam
2547 4704 2662 4757 quo
2692 4688 2944 4760 quisque
2974 4706 3009 4744 a
3052 4691 3321 4762 pluribus
3352 4694 3833 4765 reprehenditur,

422 4790 566 4865 quia
590 4769 846 4861 gnatum.
872 4786 1014 4839 sunt
1042 4790 1256 4849 genera
1283 4769 1703 4865 apostolorum.
1735 4775 1881 4865 Sunt
1905 4774 2062 4865 enim
2173 4790 2240 4828 eo
2270 4791 2331 4828 se
2362 4778 2417 4865 et
2448 4775 2683 4845 gravius
2739 4776 3057 4848 deliquisse
3116 4781 3434 4851 cognoscit,
3485 4787 3545 4838 et
3592 4784 3834 4843 facilius

420 4858 523 4954 qui
552 4858 743 4949 neque
770 4874 844 4929 ab
872 4865 1237 4954 hominibus,
1258 4874 1449 4929 neque
1466 4874 1580 4954 per
1605 4858 1903 4954 hominem
1934 4864 2065 4920 mit.

418 4947 758 5030 {nutum—sed
788 4978 823 5016 a
852 4954 1146 5025 Deo,sicut
1173 4948 1484 5019 Moyses,et
1512 4947 1802 5019 prophetae
1833 4966 2057 5020 omnes,

2173 4862 2539 4917 emendatur.

2244 4951 2557 5022 Sequitur:
2591 4954 2844 5007 Ecclesiis
2876 4953 3139 5012 Galatia.
3164 4955 3500 5015 Notandum
3532 4961 3685 5033 quia
3713 4980 3831 5021 non

417 5063 479 5114 et
507 5050 791 5127 apostoli;
824 5048 966 5101 item
1024 5042 1181 5104 sunt,
1217 5035 1327 5127 qui
1383 5035 1699 5127 mittuntur
1726 5054 1760 5094 a
1793 5040 1924 5107 Deo,
1956 5043 2059 5098 sed
2170 5039 2311 5094 dicit
2341 5039 2735 5105 Ecclesiae,sed
2784 5042 3078 5113 Ecclesiis,
3136 5049 3200 5098 ut
3241 5046 3581 5104 ostenderet
3610 5067 3680 5107 se
3711 5069 3829 5109 nos

416 5161 523 5217 per
546 5124 843 5202 homines,
874 5136 942 5186 ut
967 5128 1182 5217 Josue;
1213 5124 1355 5217 item
1384 5128 1542 5189 sunt,
1574 5126 1687 5217 qui
1710 5144 1821 5182 non
1852 5145 1886 5183 a
1920 5131 2055 5195 Deo,

415 5214 519 5287 sed
552 5243 655 5299 per
683 5221 980 5278 hominem
1008 5216 1155 5286 (807)
1178 5214 1582 5284 mittuntur,ut
1608 5214 1868 5286 illi,quos
1896 5218 2055 5274 vide-

416 5332 553 5372 mus
581 5315 643 5368 in
670 5308 948 5374 Ecclesia,
969 5305 1122 5361 datis
1144 5302 1485 5359 muneribus
1505 5304 1577 5358 ob
1599 5303 1754 5376 vulgi
1778 5306 2051 5378 favorem,

484 5543 632 5613 (806)
662 5543 872 5613 Autog.
902 5549 1113 5613 nolani.

2169 5130 2368 5183 minus
2395 5128 2559 5184 urbis
2572 5128 2851 5201 plebi,sed
2866 5130 3048 5185 totius
3066 5131 3377 5202 provincia
3387 5134 3829 5197 habitatoribus

2164 5218 2492 5289 scripsisse.
2524 5217 2671 5272 Nota
2727 5219 2865 5289 quia
2894 5218 3025 5274 illas
3064 5219 3352 5277 Ecclesiae
3380 5223 3546 5296 dicit,
3579 5243 3739 5299 quas
3764 5230 3829 5284 in

2163 5307 2545 5378 sequentibus
2577 5307 2754 5362 variis
2792 5307 3090 5364 erroribus
3118 5314 3279 5365 notat
3307 5311 3631 5386 deceptas:
3669 5317 3832 5374 unde

2164 5543 2360 5618 mento
2390 5538 2990 5618 scripta_leguntur_,et
3030 5558 3100 5597 ex
3126 5541 3243 5597 divi
3272 5543 3620 5618 Hieronymi
3652 5548 3828 5609 Com-

662 5606 871 5699 Verha,
894 5622 1023 5699 ωε..
1053 5612 1347 5699 Ιδθφίηεπι,
1372 5606 1439 5699 i1}
1469 5606 1755 5690 superiori
1767 5608 2050 5699 margine
2160 5606 2579 5667 mentarioru’m
2609 5606 2722 5669 lib:
2745 5630 2763 5667 ι
2792 5612 2957 5675 initio
2986 5618 3255 5691 excerpta
3279 5606 3565 5699 videntur

410 5678 651 5773 podicis,
680 5678 883 5743 eodem
921 5683 1277 5747 charactere,
1336 5678 1439 5735 sed
1472 5678 1670 5738 minus
1696 5679 1863 5755 nigro
1892 5678 2047 5742 a'tra-
