3990 6224
176 335 289 400 501

783 336 1201 401 EXPOSITIO
1243 335 1323 398 IN
1370 333 1801 400 EPISTOLAS
1845 335 2102 402 PAULI.
2146 372 2224 384 —
2270 338 2351 401 IN
2395 338 2643 401 EPIST.
2690 338 2795 400 AD
2840 334 3016 399 (ΞΑΕὲ

3485 334 3603 399 502

245 472 402 546 (826)
433 469 583 529 Modo
613 471 767 526 enim
799 472 1137 538 hominibus,
1167 474 1276 527 etc.
1311 471 1645 527 Notandum
1685 472 1840 527 enim
1872 472 1921 539 Α
1957 472 2203 529 Multum
2220 473 2455 544 quidem
2472 471 2883 545 potuitGalatis
2899 472 3019 528 haec
3035 470 3601 543 prodessenarratio’

176 564 322 636 quia
351 568 465 617 Deo
498 560 701 617 nullus
741 562 989 615 suadere
1019 565 1228 631 potest,
1264 561 1541 631 quoniam
1572 561 1837 616 omnium

174 652 410 711 occulta
430 651 699 707 cordium
720 649 961 704 illisunt
983 648 1322 713 manifesta;
1346 648 1686 705 hominibus
1707 667 1837 705 vero

174 742 432 797 suadere
465 743 681 811 potest.
718 738 822 793 Hic
848 744 1042 793 tamen
1075 743 1227 793 recte
1246 738 1587 794 hominibus
1609 740 1836 809 suadet,

175 832 316 902 quia
348 829 503 900 (827)
536 829 620 883 ita
647 826 989 883 hominibus
1020 826 1230 899 placet,
1265 832 1328 881 ut
1360 844 1457 883 eos
1478 829 1549 882 ad
1594 828 1692 883 Dei
1718 844 1842 898 per-

174 919 376 975 trahat
402 917 752 974 servitutem
785 934 798 979 ;
833 916 931 971 ille
956 932 1089 972 vero
1120 933 1234 971 non
1266 921 1419 972 recte
1452 917 1679 983 suadet,
1739 917 1837 987 qui

175 1007 256 1063 ita
287 1006 643 1062 hominibus
673 1004 885 1077 placet,
921 1008 986 1059 ut
1034 1005 1212 1059 finem
1262 1003 1530 1075 placendi
1582 1006 1637 1059 in
1694 1006 1839 1075 ipsis

175 1096 527 1151 constituat.
563 1093 817 1165 Denique
850 1109 964 1148 non
999 1097 1276 1165 putemus
1298 1093 1645 1165 Apostolum
1670 1094 1726 1148 in
1746 1094 1837 1148 his

175 1186 393 1242 docere
422 1184 684 1239 humana
704 1183 932 1253 judicia
960 1198 1088 1237 esse
1119 1183 1575 1237 contemnenda:
1603 1183 1758 1253 quod
1788 1182 1836 1238 si

175 1276 412 1345 ageret,
443 1272 558 1328 sibi
589 1270 912 1327 contrarius
942 1275 1116 1336 esset,
1178 1270 1458 1341 quoniam
1514 1270 1652 1326 alibi
1714 1272 1793 1325 ait
1821 1288 1833 1326 :

176 1361 430 1420 Scientes
478 1369 655 1415 autem
710 1362 967 1415 timorem
1019 1360 1120 1414 Dei
1170 1360 1481 1415 hominibus
1537 1360 1835 1415 suademus

173 1452 252 1521 (II
291 1448 416 1505 Cor.
450 1465 504 1511 v,
540 1450 662 1519 11);
694 1453 751 1503 et
780 1449 995 1503 iterum
1021 1464 1033 1502 :
1068 1450 1199 1505 Sine
1225 1449 1524 1519 oﬂensione
1554 1453 1716 1505 estote
1744 1451 1836 1504 Ju-

171 1538 311 1596 daei:
341 1538 681 1608 etgcntibus
712 1540 759 1607 (Ι
788 1538 907 1593 Cor.
956 1555 1011 1604 x,
1061 1538 1174 1605 32),
1229 1542 1337 1592 etc.
1392 1537 1584 1592 Monet
1632 1543 1697 1592 ut
1750 1538 1834 1593 sic

171 1628 435 1701 quisque
465 1626 812 1682 hominibus
842 1625 1088 1697 placeat,
1124 1630 1190 1681 ut
1216 1626 1332 1681 Deo
1366 1643 1477 1681 non
1502 1626 1830 1697 displiceat,

171 1716 441 1788 alioquin
471 1713 582 1771 soli
604 1714 721 1771 Deo
743 1713 973 1786 placere
992 1715 1269 1770 studeant
1289 1740 1302 1781 ;
1322 1715 1458 1785 quia
1476 1714 1647 1785 longe
1669 1714 1829 1770 aliud

170 1810 265 1900 est
292 1804 640 1900 hominibus
685 1808 742 1858 et
798 1808 936 1900 Deo,
977 1808 1035 1859 et
1082 1803 1264 1900 aliud,
1308 1803 1450 1900 solis
1490 1803 1831 1900 hominibus
1860 1836 1909 1900 Β

171 1892 432 1965 placere.
466 1892 632 1948 Modo
662 1908 795 1947 vero
828 1891 985 1957 dicit,
1020 1892 1159 1963 quia
1179 1892 1474 1963 quondam
1514 1891 1831 1962 placuerat.

180 1981 353 2037 Unde
381 1980 697 2053 subjungit
727 1998 740 2036 :
769 1980 830 2036 Si
855 1980 1163 2036 hominibus
1187 1981 1483 2051 placerem,
1508 1981 1564 2035 id
1587 1986 1697 2045 est,
1728 1981 1831 2036 Ju-

178 2072 345 2139 daeis,
379 2071 803 2128 Christiservus
832 2084 943 2123 non
968 2085 1174 2137 essem;
1206 2070 1345 2140 quia
1365 2069 1465 2140 qui
1487 2068 1607 2123 illis
1622 2068 1832 2140 placet,

176 2159 411 2216 Christo
432 2158 727 2230 displicet.
756 2161 888 2214 Hinc
908 2162 997 2213 est
1018 2158 1286 2214 intentio.
1308 2160 1576 2213 Attamen
1590 2174 1832 2230 genera-

178 2250 316 2305 liter
342 2247 776 2321 potestrneferri
806 2247 880 2302 ad
908 2263 1133 2315 omnes,
1166 2247 1445 2317 quoniam
1478 2247 1581 2317 qui
1613 2264 1715 2317 pro
1732 2246 1834 2301 ali-

176 2354 304 2410 qua
332 2353 398 2393 re
425 2336 648 2407 injuste
676 2335 1014 2391 hominibus
1046 2335 1253 2407 placet,
1286 2336 1401 2391 Deo
1435 2335 1723 2407 displicet.

256 2425 412 2497 (828)
444 2424 734 2495 Sequitur.
766 2424 963 2480 Notum
989 2426 1134 2480 vobis
1161 2427 1326 2496 facio,
1355 2427 1587 2495 fratres,
1647 2426 1832 2479 Evan-

174 2516 420 2586 gelium,
447 2517 557 2568 etc.
578 2512 947 2583 Jamjamque
964 2514 1221 2570 ostendit
1241 2529 1419 2585 quare
1442 2530 1503 2569 se
1521 2513 1834 2584 Apostolus

175 2605 405 2660 factum
442 2618 557 2657 non
590 2602 663 2656 ab
694 2601 1055 2667 hominibus,
1089 2617 1278 2673 neque
1300 2618 1402 2673 per
1424 2602 1723 2657 hominem
1747 2603 1834 2657 di-

173 2692 350 2761 xerit,
384 2692 488 2749 sed
522 2707 626 2763 per
652 2690 858 2747 Jesum
891 2690 1216 2757 Christum,
1276 2707 1410 2747 cum
1458 2691 1576 2746 ait:
1636 2692 1837 2746 Notum

177 2782 333 2838 vobis
384 2782 553 2851 facio,
586 2784 701 2835 etc.
730 2798 743 2847 ;
778 2796 843 2835 ac
875 2780 924 2835 si
958 2779 1210 2835 diceret:
1271 2780 1328 2833 Si
1390 2780 1674 2852 ignoratis
1720 2796 1836 2850 quo

181 2868 335 2939 (829)
366 2867 677 2923 didicerim
710 2866 1112 2938 Evangelium,
1146 2882 1252 2939 ego
1280 2868 1444 2922 vobis
1476 2872 1679 2924 notum
1710 2883 1838 2923 esse

176 2956 334 3023 volo,
367 2958 497 3026 quia
525 2970 638 3010 non
666 2962 745 3011 est
769 2956 1074 3012 secundum
1103 2957 1401 3022 hominem,
1442 2961 1553 3012 etc.
1614 2958 1837 3021 Quibus

178 3045 381 3101 verbis
409 3061 525 3101 non
548 3048 725 3115 negat
743 3042 1058 3115 Apostolus
1079 3043 1373 3100 Christum
1401 3044 1721 3114 hominem,
1736 3046 1836 3100 sed

184 3137 369 3205 negat
396 3149 529 3189 eum
562 3149 780 3205 purum
812 3132 1108 3189 hominem
1145 3150 1158 3188 :
1190 3133 1331 3204 quia
1351 3133 1484 3204 plus
1504 3139 1625 3189 erat
1661 3151 1837 3204 quam

1953 562 2323 633 multumque
2355 563 2411 616 in
2441 579 2507 618 ea
2537 562 2645 633 ipsi
2681 565 2992 633 potuerunt
3018 562 3314 632 proficere,
3339 563 3479 617 dum
3502 578 3601 617 au-

1948 651 2183 707 dierunt
2206 652 2343 722 quia
2365 651 2462 723 qui
2478 652 2668 723 quond
2680 668 2770 706 am
2795 651 2984 705 fuerat
2998 651 3142 720 legis
3156 651 3407 707 carnalis
3422 668 3597 708 aemu-

1947 740 2114 807 lator,
2148 746 2205 796 et
2231 759 2344 796 non
2377 742 2641 813 quilibet,
2666 742 2767 795 sed
2792 758 2979 795 saevus
3002 742 3151 810 (832)
3176 740 3437 795 fidelium
3461 758 3595 811 per-

1948 836 2199 895 secutor,
2214 832 2340 901 jam
2364 846 2678 886 conversus
2697 830 3286 900 Evangeliiexistebat
3326 830 3601 898 praedica-

1946 924 2124 986 cator,
2157 920 2215 973 in
2234 937 2349 990 quo
2377 925 2434 974 et
2459 919 2541 973 illi
2572 920 2760 991 magis
2782 918 3059 973 admirari
3086 923 3368 989 poterant.
3396 919 3457 975 In
3481 919 3588 975 hac

1946 1023 2081 1062 vero
2113 1009 2441 1063 narratione
2472 1010 2704 1079 pondus
2731 1009 3061 1073 verborum,
3096 1013 3153 1063 et
3174 1009 3429 1080 gravitas
3451 1025 3589 1064 con-

1948 1096 2260 1151 sideranda
2290 1102 2396 1152 est.
2430 1096 2691 1161 Audistis,
2716 1097 2906 1167 inquit
2936 1097 3107 1167 (833),
3128 1100 3591 1153 conversationem

1944 1200 2141 1247 meam,
2173 1201 2289 1239 non
2320 1186 2589 1255 gratiam,
2622 1185 2949 1255 aliquando,
3001 1201 3114 1239 non
3166 1202 3346 1251 nunc,
3396 1188 3453 1240 in
3500 1188 3595 1241 Ju-

1945 1274 2174 1339 daismo,
2201 1290 2313 1327 non
2344 1274 2399 1326 in
2435 1273 2558 1343 lege
2587 1274 2678 1327 Dei
2702 1291 2713 1339 ;
2738 1276 2999 1344 quoniam
3014 1290 3180 1343 supra
3200 1275 3441 1342 modum,
3475 1292 3590 1331 non

1944 1367 2264 1432 utcunque,
2298 1362 2595 1416 Ecclesium
2635 1362 2735 1416 Dei
2766 1361 2930 1427 dicit,
2967 1366 3029 1415 ut
3069 1378 3185 1416 non
3244 1364 3591 1419 credebatur

1944 1450 2114 1520 (834),
2150 1466 2262 1504 non
2295 1450 2532 1515 Christi,
2568 1454 2633 1504 ut
2656 1450 2775 1518 jam
2809 1450 3148 1521 putabatur,
3168 1450 3306 1522 quia
3325 1451 3426 1523 qui
3450 1457 3590 1509 tunc

1944 1537 2557 1609 despiciebatur,nunc
2578 1543 2727 1593 Deus
2745 1538 3587 1610 creditur(835),e.tpugnabam,

1941 1627 2051 1682 hoc
2082 1633 2190 1693 est,
2236 1632 2298 1681 ut
2324 1644 2510 1682 saevus
2540 1632 2839 1699 grassator
2869 1627 3266 1682 devastabam.

2011 1718 2075 1770 Et
2100 1718 2459 1786 proﬁciebam
2486 1719 2544 1770 in
2574 1716 2876 1771 Judaismo.
2908 1717 3055 1770 Nota
3083 1716 3221 1786 quia
3260 1717 3589 1788 profectum

1943 1822 2057 1860 non
2082 1805 2196 1876 legi
2216 1805 2422 1883 divinae
2442 1804 2699 1863 ascribit.
2722 1805 2821 1859 sed
2843 1805 3171 1859 Judaismo.
3192 1804 3368 1875 Supra
3386 1807 3588 1861 multo:

1942 1894 2106 1964 dixit,
2140 1911 2253 1950 non
2284 1909 2511 1959 omnes,
2543 1898 2594 1949 et
2618 1903 2937 1959 castaneas,
2971 1910 3086 1948 non
3116 1909 3306 1959 senes,
3332 1900 3395 1949 ut
3417 1899 3473 1950 et
3494 1911 3587 1951 ze-

1940 1982 2087 2047 lum,
2120 1999 2292 2052 quem
2326 1982 2577 2037 habebat
2610 1982 2668 2036 in
2702 1983 2848 2053 lege,
2882 1986 3250 2049 monstraret,
3286 1985 3586 2052 etjactan-

1943 2072 2084 2127 tiam
2116 2071 2450 2127 declinaret.
2486 2072 2763 2141 Sequitur
2793 2088 2806 2125 :
2864 2070 3244 2126 Abundantius
3297 2073 3587 2127 wmutator

1940 2164 2227 2226 exsistens,
2257 2165 2367 2215 etc.
2404 2162 2463 2214 In
2496 2159 2605 2215 hoc
2648 2160 2806 2215 enim
2836 2161 3022 2230 major
3051 2176 3178 2214 esse
3210 2164 3432 2230 poterat
3482 2162 3582 2216 ad-

1944 2250 2212 2316 miratio;
2248 2250 2387 2320 quia
2418 2249 2517 2319 qui
2542 2248 3206 2303 abundantiuscarnalis
3227 2249 3393 2321 legis,
3418 2259 3580 2322 etpa-

1941 2343 2225 2395 ternarum
2243 2339 2614 2393 tradilionum
2630 2337 2951 2407 aemulator,
2971 2341 3029 2392 et
3050 2354 3235 2393 saevus
3251 2345 3589 2409 persecutor

1945 2428 2153 2492 fuerat,
2185 2443 2502 2482 conversus
2532 2426 2719 2481 factus
2750 2433 2841 2481 est
2886 2424 3183 2496 Evangelii
3221 2426 3586 2497 praedicator.

1944 2522 2053 2573 Per
2081 2518 2238 2588 quod
2270 2515 2451 2571 voluit
2480 2516 2785 2571 ostendere
2807 2514 3027 2570 Galatis
3047 2531 3220 2569 suum
3243 2530 3442 2571 verum
3460 2532 3590 2574 esse

1946 2604 2341 2677 Evangelium,
2376 2608 2666 2675 quatenus
2699 2602 3088 2675 intelligerent
3116 2604 3268 2674 quod
3302 2604 3373 2658 de
3428 2608 3592 2661 tanto

1943 2695 2270 2762 Judaismo,
2302 2699 2360 2749 et
2390 2692 2534 2764 legis
2555 2692 2696 2762 zelo,
2716 2709 2829 2747 non
2851 2692 2977 2747 suis
2999 2692 3249 2763 meritis,
3273 2692 3386 2747 nisi
3407 2694 3597 2764 gratia

1947 2785 2144 2839 divina
2172 2782 2385 2837 mutari
2419 2781 2726 2853 potuisset.

2019 2872 2299 2943 Sequitur
2332 2890 2343 2926 :
2379 2871 2512 2926 Cum
2542 2878 2721 2926 autem
2749 2870 2960 2939 placuit
3011 2871 3065 2924 ei
3092 2871 3187 2941 qui
3213 2885 3299 2925 me
3345 2886 3594 2942 segrega-

1945 2964 2043 3031 vit,
2078 2967 2187 3017 etc.
2204 2961 2555 3031 Segregatus
2572 2958 2788 3031 legitur
2800 2975 2915 3013 non
2939 2957 3131 3013 solum
3152 2958 3269 3024 hic,
3296 2960 3395 3014 sed
3416 2960 3593 3016 etiam

1952 3052 2011 3106 in
2046 3048 2302 3122 Epistola
2331 3049 2401 3103 ad
2437 3048 2730 3103 Romanos
2763 3048 2936 3115 (Rom.
2972 3064 3009 3113 ι,
3058 3047 3129 3117 1).
3192 3047 3260 3101 Et
3303 3048 3592 3106 Jeremias

1950 3140 2185 3211 agnitus
2212 3143 2302 3193 est
2332 3138 2390 3192 in
2444 3142 2606 3192 utero
2637 3138 2764 3205 (Jer.
2829 3153 2866 3202 ι,
2918 3137 2996 3201 5).
3031 3136 3100 3189 Et
3128 3136 3199 3189 de
3231 3137 3496 3207 Domino,
3529 3143 3595 3194 ut

190 3201 396 3289 hoino,
429 3220 538 3277 hoc
557 3201 647 3277 est
668 3201 824 3276 Deus
845 3225 902 3277 et
921 3220 1117 3277 homo.
1143 3201 1392 3277 Intentio
1419 3201 1838 3294 namque-Apo-
1869 3201 1912 3267 (ἶ
1951 3201 2189 3300 quidam
2222 3227 2447 3294 dicunt,
2479 3201 2765 3295 scriptum
2798 3201 2886 3277 eet
2918 3223 3026 3277 :De
3045 3224 3439 3278 ventrematris
3455 3201 3594 3282 mea

184 3309 322 3366 stoli
355 3310 476 3365 haec
506 3314 644 3365 est:
674 3310 978 3365 ostendere
1007 3309 1278 3365 videlicet
1306 3310 1525 3366 Galatia
1547 3313 1700 3382 quod
1722 3330 1838 3367 non

182 3399 258 3455 ab
276 3398 559 3470 apostolis
576 3397 847 3453 didicerit
867 3397 1270 3469 Evangelium,
1294 3400 1397 3454 sed
1422 3400 1610 3454 abillo
1634 3401 1841 3456 didice-

180 3488 279 3555 rit,
312 3505 346 3543 a
373 3504 487 3558 quo
512 3492 569 3543 et
596 3491 825 3557 Petrus,
861 3492 973 3542 etc.
1009 3488 1122 3543 Iste
1136 3504 1274 3558 ergo
1297 3488 1345 3542 si
1370 3490 1440 3542 ab
1466 3489 1702 3543 homine
1723 3505 1836 3544 nou

183 3576 438 3647 accepit,
473 3593 507 3631 a
536 3593 649 3646 quo
680 3575 897 3631 Galatae
924 3582 1305 3647 acceperunt:
1333 3577 1598 3648 nunquid
1627 3595 1742 3633 non
1766 3580 1838 3633 ab

180 3665 451 3731 homine,
479 3666 708 3736 quando
738 3666 888 3736 (830)
921 3682 955 3719 a
983 3664 1163 3719 Paulo
1184 3666 1210 3719 ?
1259 3666 1534 3737 Nunquid
1586 3684 1700 3721 non
1744 3672 1841 3721 Ec-

184 3755 367 3811 clesia
397 3754 469 3809 ab
498 3753 857 3819 hominibus,
882 3770 1013 3808 cum
1032 3754 1103 3808 ab
1122 3754 1400 3825 apostolis
1421 3754 1642 3826 accepit
1663 3756 1840 3810 Evan-

182 3842 404 3917 gelium
428 3843 457 3897 ?
483 3842 630 3909 Non,
662 3841 925 3914 inquam,
960 3843 1097 3913 quia
1128 3843 1208 3897 dii
1252 3847 1447 3910 erant;
1494 3844 1647 3899 unde
1695 3844 1837 3899 scri-

184 3938 354 4005 ptum
386 3935 477 3987 est
508 3948 521 3987 ε
555 3932 669 3999 Ego
697 3932 849 3998 Dixi,
876 3930 957 3985 dii
987 3933 1114 3986 estis
1146 3932 1323 4002 (Psat.
1359 3949 1543 4001 LXXXI,
1603 3934 1680 4003 6),
1726 3938 1835 3989 etc.

188 4020 536 4092 Quicunque
565 4019 821 4091 Spiritus
847 4019 947 4074 Dei
979 4019 1175 4089 habet,
1204 4020 1421 4076 dicitur
1450 4021 1624 4077 Deus.
1674 4025 1836 4078 Reve-

188 4112 607 4167 tationemvero
626 4108 809 4173 illam,
835 4125 962 4180 quae
984 4109 1138 4164 facta
1154 4109 1319 4164 estin
1342 4109 1454 4177 via,
1480 4127 1611 4165 cum
1637 4126 1836 4183 perge-

186 4202 276 4254 ret
304 4198 666 4253 Damascum
699 4196 839 4266 (Act.
868 4213 946 4262 IX,
976 4198 1050 4263 2).

258 4286 409 4357 (831)
435 4286 717 4356 Sequitur
740 4300 753 4338 :
777 4284 1023 4340 Audistis
1039 4288 1503 4341 conversationem
1524 4292 1836 4355 meam,etc.
1856 4292 1881 4301 ‘

186 4443 459 4516 nihilque
490 4461 699 4500 sonare
731 4444 890 4499 aliud
918 4461 1094 4516 quam
1125 4445 1463 4500 Galatarum
1523 4448 1838 4519 regionem,

185 4541 444 4598 quorum
479 4522 584 4577 ἀπὸ
611 4526 709 4575 τοῦ
726 4520 994 4596 γάλακτος
1018 4542 1049 4578 a
1072 4524 1835 4651 lacteducitureti'mologia.

257 4596 413 4651 (826)
443 4595 548 4649 Hic
580 4595 637 4649 in
672 4600 866 4651 autog.
903 4611 1089 4651 marg.
1122 4595 1334 4651 legitur
1355 4613 1480 4651 can.
1559 4598 1624 4651 ll.
1870 4570 1916 4633 Β

257 4596 413 4669 (828)
443 4595 548 4669 }_1ic
580 4595 637 4649 in
672 4595 866 4665 autog.
903 4611 1089 4667 marg.
1122 4595 1480 4669 legiturcap.
1530 4595 1624 4669 lll.

281 4666 415 4738 82?)
447 4666 715 4738 Fortasse
741 4669 857 4738 qui,
891 4672 958 4722 ut
986 4666 1057 4721 ex
1085 4666 1457 4737 sequentium
1502 4668 1799 4724 relatione.

284 4736 417 4811 828)
449 4736 512 4811 l_n
540 4736 955 4809 autogfmarg,
990 4738 1083 4793 hic
1112 4736 1327 4809 legitur
1355 4755 1480 4811 cap.
1516 4739 1605 4794 IV.

256 4806 419 4949 £829)
453 4806 716 4864 Fortasse
745 4826 779 4864 a
807 4806 1051 4891 quoivs!
1086 4806 1373 4880 quomodo.

280 4878 396 4933 830
449 4879 512 4933 In
544 4883 737 4949 autog.
773 4897 856 4935 sic
888 4880 1103 4949 legitur
1134 4881 1295 4949 qﬁda.

280 4878 416 4953 830)
449 4879 512 4933 In
544 4883 737 4951 autog.
773 4878 856 4935 sic
888 4878 1107 4953 legitur
1134 4881 1295 4951 quda.

277 4951 413 5017 831)
446 4954 509 5004 In
542 4955 740 5023 autog.
778 4951 972 5023 marg:
999 4951 1211 5023 legitur
1240 4968 1366 5019 cap.
1398 4952 1464 5008 V.

277 4958 413 5017 831)
446 4958 509 5004 In
542 4958 740 5023 autog.
778 4968 965 5023 marg.
999 4958 1211 5023 legitur
1240 4968 1366 5019 cap.
1398 4958 1464 5008 V.

252 4958 409 5095 €832)
456 5022 670 5095 Autog.
728 5038 925 5092 servos,
977 5023 1155 5094 quod,
1210 5028 1489 5094 tanquam
1544 5024 1835 5091 mendam,

184 5094 631 5150 emendandum
662 5095 884 5149 censui.

252 5165 409 5233 (833)
443 5165 505 5220 In
538 5163 759 5231 codice,
792 5164 1007 5233 inquid.

253 5236 407 5307 (834)
444 5236 505 5292 In
540 5236 740 5307 codice
762 5236 1040 5291 credatur.
1064 5238 1172 5292 Sed
1188 5238 1619 5293 emendandum
1641 5236 1841 5292 censui

184 5305 447 5363 exitextu
470 5308 604 5381 idivi
638 5305 1009 5381 Hieronymi,
1028 5325 1061 5363 a
1089 5326 1204 5381 quo
1236 5309 1329 5364 hic
1351 5310 1700 5380 desumptus
1722 5312 1837 5364 est:

184 5326 253 5362 ex
284 5326 447 5363 texnu
483 5326 604 5361 mvn
639 5326 996 5433 nieronzmi,
1028 5326 1061 5363 a
1089 5326 1204 5381 quo
1236 5326 1329 5364 me
1351 5326 1700 5380 desumptus
1722 5326 1837 5364 est:

182 5395 282 5451 nec
311 5383 419 5449 ait,
454 5379 765 5435 Ecclesium
808 5379 845 5433 ε
886 5380 1030 5445 risti,
1064 5390 1123 5435 ut
1180 5385 1310 5437 tunc
1363 5381 1623 5451 putabat:
1684 5395 1838 5451 quem

184 5450 805 5532 ducebatfoutemptui,
835 5450 1471 5532 quempersequebatur:
1506 5452 1597 5532 sed
1613 5456 1674 5505 ut
1696 5452 1844 5532 hunc

184 5524 376 5592 credit,
408 5522 722 5592 Ecclesium
755 5522 868 5576 Dei.
904 5522 1133 5579 Scilicet
1178 5522 1392 5581 auctor
1440 5530 1658 5592 noster,
1710 5523 1841 5576 divo

184 5589 576 5674 Hieronymo,
605 5591 777 5674 cujus
799 5598 911 5674 .est
939 5595 1171 5674 Icitatus
1222 5601 1449 5674 textus,_
1484 5589 1839 5674 inhaerendo,

183 5667 262 5725 ait
295 5686 311 5727 :
349 5663 687 5725 Ecclesiam
723 5663 817 5717 Dei
846 5663 1001 5736 dicit,
1032 5672 1096 5725 ut
1127 5687 1241 5727 non
1264 5663 1630 5735 credebatur,
1650 5664 1842 5737 qualis

1949 3320 2117 3387 (836),
2152 3320 2262 3371 etc.
2298 3316 2397 3369 Est
2425 3319 2482 3367 et
2512 3317 2711 3365 uterus
2733 3314 2789 3365 et
2804 3314 3001 3364 venter
3018 3309 3209 3364 malus
3233 3327 3245 3363 :
3272 3312 3427 3365 unde
3449 3313 3591 3367 scri-

1950 3413 2115 3477 ptum
2150 3409 2237 3459 est
2270 3420 2281 3456 :
2314 3405 2375 3456 In
2426 3399 2812 3471 iniquitatibus
2840 3402 3127 3467 conceptus
3146 3414 3269 3451 sum
3321 3400 3491 3468 (Psat.
3526 3417 3591 3467 1.,

1948 3498 2025 3562 7),
2059 3498 2166 3547 etc.
2203 3493 2268 3545 Et
2296 3490 2508 3544 iterum
2542 3506 2555 3541 :
2587 3489 2832 3543 Alienati
2860 3494 2989 3541 sunt
3021 3493 3327 3554 peccatores
3348 3488 3415 3541 ab
3444 3496 3595 3545 utero

1949 3584 2117 3653 (857).
2153 3578 2487 3651 Segregatio
2518 3594 2654 3648 ergo
2685 3582 2743 3631 et
2772 3576 2831 3630 in
2864 3575 3015 3631 bono
3041 3579 3099 3630 et
3129 3575 3186 3629 in
3220 3574 3375 3631 malo
3422 3576 3592 3648 poni-

1948 3678 2063 3727 tur.
2100 3673 2464 3741 Quapropter
2494 3667 2564 3721 de
2587 3670 2749 3721 utero
2767 3664 2973 3720 matris
2996 3669 3383 3737 segregantur
3402 3682 3436 3720 a
3456 3670 3590 3732 Deo,

1948 3762 2047 3833 qui
2082 3778 2115 3815 a
2139 3757 2462 3815 carnalium
2496 3761 2805 3828 parentum
2867 3755 3351 3810 consuetudinem
3397 3755 3596 3811 divina

1949 3850 2135 3923 gratia
2167 3846 2621 3912 subtrahuntur,
2658 3851 2723 3899 ut
2753 3844 2848 3899 hic
2877 3844 3211 3916 Apostolus.
3243 3844 3371 3900 Sive
3392 3860 3592 3917 segre-

1948 3943 2146 4009 gatum
2181 3954 2243 3991 se
2272 3936 2413 3990 dicit
2446 3934 2810 4006 praescientia
2839 3933 2963 3999 Dei,
2994 3933 3134 4004 quia
3160 3950 3276 3990 non
3298 3932 3487 3989 solum
3522 3933 3593 3989 de

1951 4026 2241 4095 utero,sed
2260 4030 2393 4080 ante
2407 4023 2612 4078 mundi
2627 4022 3105 4077 constitutionem
3123 4026 3463 4093 segregatus
3480 4026 3589 4077 est.

1949 4118 2093 4187 Ergo
2126 4114 2280 4185 quod
2313 4111 2600 4183 praescivit
2630 4111 2781 4164 Deus
2816 4111 3100 4179 futurum,
3134 4115 3275 4163 tunc
3307 4108 3590 4179 implevit,

1949 4206 2082 4260 cum
2114 4204 2163 4258 ei
2198 4200 2458 4273 pergenti
2498 4200 2847 4252 Damascum
2896 4198 2953 4249 in
2996 4196 3089 4251 via
3118 4196 3390 4266 apparuit
3418 4196 3590 4265 (838).

1949 4296 2095 4349 Item
2128 4293 2320 4363 potest
2350 4293 2407 4343 et
2436 4288 2620 4342 maler
2649 4299 2947 4356 synagoga
2976 4282 3244 4355 intelligi,
3276 4300 3400 4353 quas
3457 4299 3594 4340 eum

1950 4468 2157 4523 nempe
2172 4451 2242 4505 ab
2258 4445 2730 4523 ipso?aulo,cuAm
2744 4460 2870 4523 eam
2883 4443 3599 4523 (persequeb.atur,non_cre

1948 4514 2473 4587 deba‘turEcclesia,
2499 4535 2624 4589 quae
2647 4516 2858 4572 Christi
2878 4514 3105 4570 tantum
3120 4514 3191 4569 ab
3206 4514 3333 4585 ipso
3349 4514 3594 4586 putaba-

1948 4602 2057 4651 tur.

2022 4667 2172 4737 (835)
2204 4662 2659 4736 Expungendam
2688 4658 2886 4737 censui
2922 4656 3125 4730 partio.
3150 4728 3161 4737 _
3182 4672 3312 4722 non,
3346 4671 3475 4727 quas
3501 4655 3594 4737 “in

1950 4727 2050 4793 cod
2067 4781 2076 4791 .
2096 4727 2612 4805 uestro-perperam
2634 4727 3266 4805 verbum_eipugnabam
3297 4727 3591 4805 praecedit.

2020 4754 2293 4792 (LIIOSII‘O
2348 4754 2612 4805 erpcram
2634 4754 2873 4786 vernum
2888 4754 3266 4801 expugnuuam
3298 4754 3589 4800 prmcuuu.

2018 4810 2171 4879 (83(3)
2201 4754 2351 4863 Psal).
2383 4824 2518 4861 χχι..
2550 4806 2631 4883 tl.
2659 4804 2843 4883 Divus
2874 4802 3263 4883 hieronymus
3298 4800 3418 4883 :.De
3434 4808 3589 4883 utero

1949 4873 2344 4945 matrissuae;
2379 4894 2529 4948 saepe
2562 4876 2619 4929 in
2652 4880 2844 4931 textus
2876 4874 3118 4929 lectione
3150 4873 3219 4927 ab
3233 4873 3377 4928 eoin
3391 4877 3592 4929 nostro

1950 4953 2075 5008 cod.
2109 4951 2416 5006 diversitas
2446 4948 2663 5018 aliquo.

2023 5024 2172 5147 (837)
2201 5021 2356 5077 Psal.
2393 5038 2524 5086 LVII,
2544 5012 2616 5083 ’4,
2648 5018 2826 5099 Divus
2882 5015 3292 5088 Hieronymus,
3322 5012 3476 5098 .loco
3525 5013 3594 5068 ab

2023 5110 2123 5147 ero-
2180 5094 2296 5147 egit
2324 5111 2359 5147 a
2388 5092 2571 5147 vulva.
2597 5094 2660 5143 ut
2690 5106 2748 5143 1n
2780 5087 2950 5147 Vulg.
2985 5092 3185 5142 nostra
3216 5087 3288 5142 ab
3319 5101 3446 5147 IDSO
3467 5100 3594 5139 cor-

1951 5086 2123 5164 utero,
2156 5086 2296 5164 legit
2324 5111 2359 5147 a
2388 5092 2571 5164 vulva,
2597 5094 2660 5164 ut
2690 5090 2748 5143 in
2780 5087 2950 5164 Vulg.
2985 5086 3185 5164 nostra
3216 5087 3288 5164 ab
3319 5086 3446 5164 ipso
3467 5100 3596 5164 cor-

1950 5154 2746 5234 recla'habeturSaepissime
2775 5154 3155 5213 animadverti
3181 5154 3455 5228 poterunt
3474 5154 3596 5209 haec

1949 5236 2305 5292 differentiis.

2020 5308 2165 5379 (838)
2182 5306 2488 5379 (Adnotare
2514 5302 2608 5357 hic
2632 5302 2791 5357 lubet
2808 5304 3076 5379 A_t_to_nem
3100 5303 3387 5379 nostrum,
3414 5293 3517 5367 qui
3537 5294 3598 5379 in

1949 5366 2349 5457 hac_Epistola
2373 5390 2573 5457 usque.
2600 5390 2753 5457 nunc
2780 5370 3054 5457 religiose
3080 5369 3208 5451 'divi

1951 5436 2196 5519 vestigia
2228 5436 2602 5519 secutus‘est,
2636 5436 3019 5519 noluissevhic
3041 5436 3452 5519 ejusopinioni
3474 5436 3597 5519 suf:

1952 5508 2187 5591 fragavri,
2217 5517 2319 5591 ubi
2353 5515 2453 5579 ait,
2502 5508 2607 5591 ll‘OC
2640 5530 2706 5567 ex
2742 5514 2836 5566 Dei
2861 5508 3602 5591 prmscientia'evenire,.ut

1952 5576 2125 5662 quam
2149 5576 2501 5659 s'citjustum
2527 5584 2811 5649 futurum,
2838 5576 3003 5662 prius
3023 5582 3431 5662 diligat,quam
3446 5576 3597 5662 orgia:-

1953 5651 2050 5719 tur
2075 5678 2143 5717 ex
2165 5651 2325 5717 utero
2351 5677 2363 5715 :
2388 5661 2445 5713 et
2467 5671 2641 5727 quem
2666 5651 3049 5726 peccatorem,
3073 5651 3260 5709 oderit
3279 5653 3593 5717 antequam
