3990 6224
369 365 494 434 503

1375 369 1731 436 'A'PTONIS
1775 367 2363 438 VERCEELENSIS
2409 367 2764 438 EPIS'COP‘I

3668 354 3820 436 sos

372 501 780 582 imperfectum
812 504 1034 580 genuit.
1067 504 1172 573 Qui
1202 510 1341 562 tunc
1369 506 1442 562 de
1471 512 1634 563 utero
1665 508 1873 565 matris
1924 511 2020 564 est”
2041 512 2094 577 Α
2124 513 2241 565 tres
2268 526 2454 565 annos
2481 513 2665 580 vocat,
2701 507 2965 565 ascendit
2992 505 3422 580 Jerosolymam
3455 497 3654 565 videre
3684 497 3800 566 Pe-

379 601 740 670 segregatus,
765 609 900 651 cum
931 594 1481 666 aJudaismo,cujus
1500 596 2027 665 fuerataamulator,

378 689 470 742 est
493 690 798 757 separatus
830 686 1002 755 (839).

450 775 728 846 Sequitur
759 791 772 829 :
809 776 874 831 Ut
906 774 1171 829 reuelaret
1201 773 1409 828 Filium
1436 789 1601 830 suum
1629 777 1690 830 in
1717 791 1822 831 me.
1865 775 2028 840 Quod

384 867 577 919 autem
608 863 770 930 dicit,
791 865 856 918 in
883 878 988 928 me,
1025 865 1088 916 ut
1106 861 1373 916 nonnulli
1391 862 1594 918 volunt
1615 864 1725 918 hoc
1745 871 1831 919 est
1850 864 1993 917 mihi
2009 879 2030 924 ,ο

383 956 452 1007 ut
479 951 599 1018 alii,
630 965 728 1023 per
755 965 858 1006 me.
891 948 1020 1005 Sive
1051 949 1190 1020 quia
1220 950 1396 1005 homo
1425 952 1655 1022 sapacis
1684 957 1772 1006 est
1806 956 2030 1006 naturae

386 1040 460 1095 ad
484 1040 633 1096 hanc
657 1039 1030 1095 traditionem
1056 1037 1781 1111 intelligendam,attamen
1811 1039 1950 1095 latet
1971 1039 2030 1095 in

385 1145 453 1183 eo
483 1129 638 1198 quod
669 1128 842 1182 habet
885 1144 898 1193 ;
928 1128 976 1182 si
1008 1143 1144 1182 vero
1175 1127 1376 1182 divina
1405 1127 1781 1184 miseratione
1797 1129 1847 1183 ei
1871 1128 2026 1200 quod

389 1215 681 1272 occultum
713 1220 802 1270 est
832 1214 1257 1283 manifestatur,
1294 1221 1361 1271 ut
1383 1232 1510 1287 quae
1542 1221 1682 1271 sunt
1699 1215 2029 1272 Deiintelli-

389 1309 510 1378 gat,
541 1303 722 1359 Filius
752 1303 854 1360 Dei
885 1303 936 1359 ei
959 1302 1264 1360 reveletur.
1287 1305 1451 1369 Quod
1474 1310 1531 1361 et
1557 1305 1730 1361 Paulo
1755 1306 2039 1362 accidisse

391 1396 773 1449 monstratur.

462 1480 743 1554 Sequitur
774 1496 786 1533 :
822 1479 1088 1536 Continuo
1109 1495 1217 1536 non
1237 1483 1489 1552 acquievi
1507 1483 1666 1537 carni
1685 1491 1738 1539 et
1752 1485 2032 1554 sanguini.

394 1570 504 1626 Per
531 1585 766 1624 carnem
797 1572 854 1623 et
883 1570 1229 1640 sangulnem
1259 1569 1526 1626 nonnulli
1549 1571 1843 1643 apostolos
1873 1571 2043 1627 intel-

398 1657 613 1729 ligunt.
647 1657 811 1712 Unde
853 1656 1244 1729 Porphyrius:
1307 1658 1678 1715 Illuminatus
1729 1660 2042 1732 Apostolus

401 1747 553 1819 (840)
583 1746 933 1818 dedignatus
961 1750 1053 1801 est
1082 1745 1330 1802 transire
1360 1748 1432 1802 ad
1456 1747 1744 1816 homines,
1768 1753 1834 1804 ut
1853 1750 1926 1803 ab
1957 1748 2041 1804 eis

2139 602 2318 654 trum.

2211 687 2322 741 Sed
2356 687 2502 742 forte
2533 687 2682 742 dicit
2705 685 2958 758 aliquis:
2995 686 3142 753 Quid
3173 685 3321 741 mihi
3380 685 3621 757 prodest
3669 686 3799 744 haec

2141 773 2460 846 apostolica
2489 775 2768 846 narratio,
2792 791 2911 847 qua
2932 775 3048 830 isse
3072 778 3129 830 et
3149 773 3371 830 redisse
3393 789 3455 830 se
3470 775 3658 830 dicit?
3678 778 3800 833 Sed

2144 879 2214 919 ne
2242 878 2445 919 vacare
2475 863 2761 928 videatur,
2795 863 2851 917 id
2885 863 3040 933 cogit
3087 877 3196 918 nos
3228 851 3572 935 mysterium
3629 881 3803 936 quee-

2143 967 2287 1009 rere.
2313 953 2455 1008 Cum
2476 952 2534 1007 in
2561 953 2942 1023 sequentibus
2964 951 3172 1023 (Galat.
3209 969 3282 1020 IV,
3305 951 3498 1021 24-26)
3524 965 3628 1023 per
3654 956 3805 1010 Ara-

2142 1041 2324 1111 biam,
2355 1047 2412 1097 et
2444 1046 2700 1097 montem
2723 1041 2885 1108 Sina,
2917 1046 2975 1096 et
3003 1040 3354 1108 Jerusalem,
3386 1041 3571 1097 Vetus
3593 1042 3807 1099 Testa-

2145 1134 2410 1184 mentum
2435 1130 2876 1201 interpretetur;
2900 1145 3037 1201 ergo
3057 1128 3428 1186 illuminatus
3447 1130 3797 1202 Apostolus,

2145 1227 2466 1288 agnoscens
2497 1217 2794 1273 Christum
2825 1230 2928 1290 per
2948 1217 3380 1288 revelationem,
3405 1218 3552 1274 abiit
3572 1219 3633 1274 in
3655 1221 3805 1275 Ara-

2148 1305 2303 1361 biam
2336 1307 2488 1377 (qua:
2517 1305 2940 1378 interpretatur
2967 1306 3217 1373 humilis,
3252 1307 3375 1363 sive
3395 1301 3665 1375 occidua),
3687 1308 3804 1366 hoc

2147 1399 2255 1465 est,
2289 1408 2555 1451 reversus
2585 1399 2674 1450 est
2703 1396 2774 1450 ad
2808 1395 3016 1468 Legem
3050 1398 3109 1452 et
3138 1396 3597 1468 Prophetas,qui
3620 1397 3678 1452 in
3698 1399 3804 1454 de-

2151 1484 2298 1539 fectu
2323 1487 2508 1550 erant,
2537 1483 3226 1557 quatenus‘investig'aret
3246 1483 3298 1540 si
3319 1483 3474 1539 stibi
3499 1481 3800 1542 Christum

2151 1570 2489 1644 praedictum
2506 1575 2863 1644 agnosceret.
2898 1571 3113 1644 Agnitc'
3127 1571 3230 1638 ibi,
3251 1572 3506 1642 Christo,
3530 1575 3819 1632 reversus

2151 1664 2239 1714 est
2271 1660 2616 1714 Damascum
2667 1660 2821 1730 (quas
2877 1658 3293 1731 interpretatur
3335 1662 3562 1732 sanguis
3607 1663 3814 1734 populi

2150 1746 2236 1802 vel
2267 1748 2463 1818 osculi)
2489 1746 2672 1818 (341);
2704 1747 2814 1802 hoc
2845 1751 2952 1814 est,
2985 1759 3252 1804 rever-sus
3283 1751 3374 1804 est
3402 1749 3473 1804 ad
3503 1750 3802 1822 passionis

395 1834 622 1905 aliquid
651 1834 917 1890 disceret.
951 1835 1060 1890 Sed
1115 1834 1257 1890 dicit
1285 1835 1671 1910 Hieronymus
1704 1854 1717 1892 :
1775 1837 1931 1893 absit
1974 1841 2041 1893 ut
2070 1875 2124 1944 Β
2154 1834 2516 1936 mysterium.
2542 1835 2960 1891 Corrob'or‘atus
2993 1840 3211 1907 autem,
3237 1835 3402 1908 petiit
3421 1836 3614 1893 locum
3639 1837 3820 1910 pacis

393 1923 654 1989 Petrum,
687 1926 754 1977 ut
782 1923 1096 1990 Andream,
1157 1928 1260 1978 aut
1307 1928 1568 1992 caeteros,
1627 1925 1896 1982 homines
1944 1927 2038 1981 di-

395 2027 548 2081 cam,
578 2011 717 2082 quia
746 2011 825 2066 dii
857 2015 1042 2066 erant.
1073 2013 1182 2067 Sed
1215 2013 1287 2067 de
1318 2012 1435 2068 illis
1457 2012 1677 2069 dictum
1701 2015 1876 2070 estde
1909 2015 2038 2086 qui-

395 2101 509 2156 bus
542 2099 826 2171 scriptum
861 2105 950 2156 est
981 2115 994 2154 :
1027 2098 1150 2155 Non
1174 2102 1518 2172 permanebit
1542 2105 1768 2174 spiritus
1797 2120 1950 2159 meus
1979 2107 2041 2159 in

396 2189 636 2258 homine,
667 2192 777 2244 etc.
814 2188 961 2259 (Gen.
994 2206 1072 2255 vi,
1105 2191 1181 2262 3),
1215 2196 1270 2245 et
1295 2191 1474 2246 item:
1537 2194 1600 2247 Et
1650 2207 1777 2248 caro
1819 2199 1872 2249 et
1916 2207 2040 2248 san-

395 2280 520 2350 guis
546 2292 659 2333 non
682 2277 945 2332 revelavit
971 2279 1076 2332 tibi
1127 2278 1333 2349 (Matth.
1367 2296 1482 2350 xvr,
1517 2281 1626 2348 17).
1661 2282 1730 2335 Et
1781 2289 1869 2337 est
1915 2297 2045 2337 sen-

399 2382 545 2424 sus:
579 2368 697 2423 Non
725 2368 978 2437 acquievi
1005 2369 1164 2424 carni
1195 2375 1246 2421 et
1271 2370 1562 2438 sanguini,
1613 2369 1721 2423 hoc
1765 2374 1872 2436 est,
1923 2385 2040 2425 non

399 2454 662 2511 censenti
693 2454 1051 2521 carnalibus,
1074 2468 1178 2510 nec
1196 2455 1331 2510 misi
1358 2457 1706 2528 margaritas
1724 2473 1885 2512 meas
1909 2463 2044 2514 ante

399 2558 626 2615 porcos,
659 2546 768 2598 etc.
803 2543 1011 2613 (Matth.
1039 2559 1136 2609 vn,
1166 2544 1242 2614 6).
1276 2543 1440 2600 Unde
1471 2545 1682 2601 melius
1707 2546 1957 2602 habetur
1983 2547 2042 2603 in

401 2631 621 2700 Graec,
652 2629 710 2684 id
739 2635 830 2685 est
856 2629 1089 2686 contuli.
1115 2631 1184 2685 Et
1210 2635 1300 2686 est
1348 2648 1558 2688 sensus
1583 2649 1596 2687 :
1629 2635 1746 2689 Non
1792 2635 2047 2706 acquievi

399 2719 560 2775 carni
589 2721 648 2774 et
671 2720 958 2789 sanguini,
990 2719 1099 2774 hoc
1127 2724 1237 2786 est,
1273 2737 1390 2776 non
1447 2721 1783 2778 carnalibus
1823 2722 2043 2795 aliquid

401 2805 642 2873 contuli,
677 2807 818 2878 quia
847 2823 962 2862 non
979 2823 1070 2862 me
1093 2809 1326 2876 sociavi,
1355 2810 1600 2882 sedipsa
1620 2825 1749 2866 mea
1769 2811 2044 2883 pradica-

399 2897 558 2952 tione
586 2895 658 2950 ad
693 2895 868 2949 fidem
899 2895 1130 2950 trahere
1160 2898 1377 2952 curavi.
1411 2899 1478 2952 Et
1504 2899 1644 2968 quia
1673 2904 1897 2970 poterat
1913 2900 2044 2971 quis

403 2982 594 3040 dicere
619 2999 634 3037 :
673 2987 734 3037 Si
763 2987 905 3038 tunc
936 3001 1074 3054 non,
1105 2985 1448 3056 acquieviin
1480 2991 1700 3058 postea,
1728 2987 1856 3044 ideo
1871 2992 2044 3045 conti-

401 3088 512 3128 nuo
533 3073 900 3145 jungendqm
933 3077 1023 3128 est
1052 3073 1474 3145 superioribus.
1509 3074 1654 3131 Nam
1686 3076 1734 3131 si
1764 3093 1866 3148 per
1915 3095 2044 3133 car-

403 3175 537 3216 nem
567 3163 627 3216 et
656 3161 1002 3233 sanguinem
1036 3162 1285 3234 apostoli
1318 3168 1513 3220 essent
1539 3164 1900 3236 intelligendi
1924 3167 2044 3222 fru-

2151 1927 2208 1980 et
2235 1922 2502 1980 visionis.

2223 2011 2372 2084 (842)
2403 2011 2681 2083 Sequitur
2711 2026 2725 2065 :
2759 2007 2966 2068 Deinde
2989 2021 3112 2084 post
3139 2020 3312 2070 anno:
3341 2018 3469 2080 tres,
3518 2019 3622 2071 etc.
3678 2015 3800 2072 No-

2153 2101 2396 2156 tandum
2430 2100 2567 2171 quia
2595 2097 2736 2156 dicit
2764 2115 2830 2156 se
2855 2101 3277 2174 Jerosolymam
3308 2103 3675 2170 venissemus
3729 2110 3801 2161 ut

2151 2190 2398 2245 disceret
2427 2187 2821 2262 Evangelium,
2856 2192 3010 2261 quod
3043 2197 3146 2262 pe‘r
3175 2196 3294 2247 tres
3355 2199 3536 2248 annos
3582 2193 3801 2265 pradi-

2152 2279 2320 2346 cavit,
2342 2279 2442 2333 sed
2477 2282 2540 2333 ut
2569 2278 2787 2334 videret
2819 2279 3071 2334 Petrum.
3107 2279 3341 2336 Petrum
3375 2281 3571 2336 autem
3603 2281 3800 2338 videre

2153 2384 2269 2422 non
2299 2365 2569 2421 vanitatis
2599 2381 2777 2422 causa
2805 2368 2982 2434 venit,
3035 2368 3144 2423 hoc
3199 2373 3288 2423 est
3345 2369 3494 2440 (843)
3544 2369 3594 2424 si
3643 2375 3797 2426 esset

2151 2443 2368 2522 calvus,
2403 2471 2474 2509 an
2509 2455 2773 2524 crinitus,
2807 2470 3021 2522 macer,
3055 2473 3127 2511 an
3152 2456 3517 2530 pinguis,sed
3543 2457 3793 2526 spiritali

2152 2543 2491 2610 intentione,
2510 2543 2798 2611 videlicet,
2822 2543 3158 2617 utprincipi
3175 2545 3577 2618 apostolorum
3610 2549 3796 2604 defor-

2153 2635 2240 2688 ret
2268 2632 2570 2687 honorem.

2224 2719 2538 2791 Sequitur:
2571 2721 2638 2774 Et
2662 2721 2844 2775 mansi
2887 2719 3035 2792 apud
3059 2733 3187 2776 eum
3223 2721 3416 2777 diebus
3448 2724 3794 2794 quindecim.

2153 2807 2401 2864 Multum
2432 2807 2583 2862 valet
2611 2804 2681 2863 ad
2715 2808 2842 2879 ejus
2865 2807 3269 2865 intentionem.
3304 2810 3566 2867 Studiosi
3596 2827 3802 2869 nume-

2153 2912 2351 2953 rerum
2365 2896 2568 2951 dicunt
2589 2893 2744 2951 hunc
2767 2907 3079 2952 numerum
3103 2903 3399 2955 sacratum
3423 2909 3574 2968 esse,
3599 2906 3660 2956 et
3681 2900 3800 2973 ple-

2154 3001 2290 3042 nam
2331 2985 2635 3041 scientiam
2666 3001 2732 3040 ac
2763 2983 3080 3057 perfectam
3113 2987 3418 3057 designare
3446 2988 3798 3044 doctrinam.

2154 3074 2494 3138 Quindecim
2515 3079 2655 3130 sunt
2674 3073 3036 3146 psalmorum
3061 3075 3230 3147 (844),
3254 3076 3804 3147 quinti-ibula'tione

2154 3162 2452 3229 inchoent,
2485 3163 2881 3234 pertingentss
2901 3163 2971 3218 ad
2996 3163 3143 3219 atria
3163 3163 3374 3219 domus
3397 3163 3652 3231 Domini,
3674 3181 3804 3238 quas

401 3249 865 3306 strasubderst:
895 3253 1080 3321 Neque
1105 3253 1235 3306 veni
1259 3253 1677 3324 Jerosolymam,
1708 3257 1818 3310 etc.
1842 3258 2043 3311 Atten-
2075 3249 2124 3317 C‘
2155 3251 2330 3306 etiam
2363 3250 2696 3322 quindecim
2753 3249 2928 3306 habet
2955 3251 3196 3322 gradus.
3223 3250 3581 3308 Soiemnitss
3618 3253 3802 3309 etiam

401 3338 658 3394 dandum
692 3343 782 3394 est
812 3343 1008 3395 autem
1041 3339 1181 3412 quia
1210 3346 1331 3395 haec
1361 3340 1617 3397 narratio
1639 3344 1933 3399 contraria
1961 3344 2044 3399 vi-

401 3427 574 3483 detur
604 3426 770 3482 Lucas
802 3427 1149 3484 narrationi.
1183 3429 1379 3484 Refert
1407 3429 1564 3486 enim
1595 3431 1728 3501 (Act.
1763 3448 1838 3496 ix,
1867 3434 1924 3500 5,
1976 3434 2047 3487 26

399 3517 536 3586 seq.)
567 3516 708 3588 quia
737 3520 1053 3588 postquam
1084 3516 1456 3574 illuminatus
1477 3519 1830 3575 fiduciaiiter
1849 3521 1965 3594 egit
1985 3522 2044 3577 in

401 3603 712 3672 Damasco,
749 3620 1020 3661 reversus
1050 3607 1139 3661 est
1165 3605 1223 3660 in
1255 3606 1603 3676 Jerusalem,
1629 3613 1687 3664 et
1705 3611 1970 3666 tentabat
1987 3626 2050 3666 se

403 3691 710 3762 discipulis
735 3693 1002 3764 jungere,
1036 3698 1094 3748 et
1123 3698 1330 3750 caetera
1358 3711 1484 3768 quae
1515 3697 1588 3752 de
1618 3713 1684 3753 eo
1715 3697 1795 3753 ibi
1844 3697 2048 3772 legun-

403 3783 521 3835 tur.
554 3779 772 3835 Verum
804 3796 876 3836 ne
905 3783 1266 3838 contrarium
1297 3784 1578 3856 videatur,
1611 3786 1736 3840 fieri
1755 3789 1943 3858 potu-it
1964 3792 2048 3856 ut,

406 3883 542 3923 cum
565 3867 934 3925 illuminatus
948 3870 1047 3925 ina
1063 3870 1310 3928 Dmasco
1323 3873 1672 3930 fiducialiter
1692 3876 2054 3945 egisset,orta

408 3957 690 4012 adversus
711 3973 845 4012 eum
863 3959 1282 4029 persecutione.
1308 3977 1573 4018 reversus
1596 3963 1803 4018 fuisset
1821 3965 2054 4020 Jerusa«

405 4045 543 4116 lem,
577 4061 691 4101 non
721 4049 784 4100 ut
812 4048 1029 4102 videret
1060 4049 1374 4120 apostolos,
1410 4052 1511 4107 sed
1543 4057 1608 4106 ut
1631 4051 1839 4108 vitaret
1862 4053 2054 4109 inimi-

406 4151 608 4191 corum
642 4135 950 4206 impetum,
985 4138 1153 4208 quasi
1186 4140 1256 4194 ad
1291 4140 1465 4195 aliam
1495 4142 1841 4213 confugiens
1863 4142 2054 4198 civita-

407 4229 546 4280 tem.
569 4224 850 4295 Sive,orta
872 4228 1296 4298 persecutione,
1321 4229 1659 4301 relinquens
1678 4231 2053 4298 Damascum,

405 4313 548 4369 abiit
577 4314 634 4368 in
668 4315 984 4383 Arabiam;
1019 4318 1122 4372 sed
1153 4335 1288 4374 cum
1343 4319 1421 4374 ibi
1474 4319 1620 4374 nihil
1668 4320 1913 4390 dignum
1962 4321 2052 4375 sui

406 4403 768 4473 apostolatus
799 4406 1018 4477 egisset
1047 4407 1308 4479 (propter
1338 4409 1490 4478 quod
1523 4412 1582 4462 et
1610 4407 1794 4462 Lucas
1817 4425 2057 4464 nari-are

405 4491 649 4560 omisit),
683 4495 946 4550 reversus
979 4493 1055 4550 sit
1077 4494 1455 4550 Damascum.
1489 4494 1651 4557 Quod
1686 4500 1882 4550 autem
1907 4496 2054 4551 nihil

405 4578 648 4653 dignum
682 4581 740 4637 in
773 4583 988 4639 Arabia
1012 4583 1152 4654 egit,
1187 4599 1301 4637 non
1336 4581 1584 4678 pigritiae
1609 4581 1739 4648 fuit,
1765 4583 1864 4638 sed
1907 4583 2052 4640 divi-
2085 4613 2130 4678 Β

407 4687 492 4725 me
507 4669 986 4741 dispensationis,
1015 4671 1168 4742 quod
1193 4669 1532 4742 prohibitus
1552 4673 2054 4741 est,quemadmo-

408 4759 550 4814 dum
581 4775 716 4814 cum
767 4759 940 4816 vellet
994 4774 1232 4831 pergere
1292 4757 1490 4813 Asiam
1541 4759 1678 4825 (Act.
1735 4776 1848 4827 XVI,
1887 4762 1942 4827 6,
1974 4764 2050 4834 7).

409 4845 626 4903 Deinde
649 4848 854 4906 multis
876 4847 1086 4903 diebus
1109 4844 1358 4917 peractis
1380 4845 1440 4899 in
1464 4845 1768 4914 Damasco,
1793 4865 1938 4920 quos
1960 4850 2054 4908 hic

409 4991 606 5062 peccet
634 4989 811 5061 (quod
836 4993 1030 5043 tamen
1063 4983 1314 5062 theologi
1345 4986 1783 5062 Augustinianae
1814 4996 2054 5062 senten-

408 5056 499 5115 ῐὶω
531 5056 988 5136 consentaneum
1021 5056 1311 5136 probant),
1345 5075 1416 5136 ne
1447 5056 1694 5136 scilicet
1741 5061 1829 5136 vel
1870 5065 2046 5120 mini-

408 5145 576 5186 mum
603 5147 638 5185 a
666 5130 782 5184 divi
812 5126 1147 5200 Augustini,
1167 5143 1342 5198 quam
1360 5128 1419 5183 in
1439 5131 1898 5200 praecedentibus
1922 5137 2051 5200 Epi-

409 5202 578 5257 stolis
608 5200 846 5256 omnino
878 5196 1318 5267 ainplexus’est,
1341 5196 1630 5258 sententia
1652 5204 1874 5261 descire
1894 5196 2050 5263 vide-

409 5278 595 5328 retur.

481 5340 631 5418 (839)
647 5339 1226 5418 Autogzconfugerat
1249 5342 1546 5418 fnmulator
1572 5352 1622 5418 et
1639 5355 1940 5418 separatus.

481 5353 631 5408 (8:59)
664 5353 1009 5462 numq-icon]
1023 5353 1226 5411 ugerat
1249 5353 1546 5399 mmulator
1572 5353 1622 5399 et
1639 5355 1940 5418 separatus.

447 5407 824 5491 “(841))D‘ivus
849 5480 862 5491 ‘
897 5423 1230 5491 i‘eronym‘us
1250 5412 1356 5491 hoc
1379 5415 1709 5491 esemplum
1728 5419 2046 5482 adducens,

410 5480 495 5560 ait
524 5495 535 5531 :
574 5483 697 5560 Post
717 5480 1103 5560 revelationem
1125 5483 1338 5560 Christi
1363 5501 1376 5560 ς
1413 5480 1659 5560 fortasse
1689 5488 2003 5560 legendum
2032 5480 2045 5546 ἐ

409 5550 759 5620 illuminatus
787 5551 1087 5620 Apostolus,
1127 5557 1197 5609 ob
1229 5556 1636 5612 revelationem
1696 5550 1930 5616 Christi.
1985 5561 2047 5616 In

410 5618 623 5698 codnice‘
638 5618 1043 5698 compendiose
1073 5624 1285 5698 legitur
1310 5628 1455 5698 Apis.
1480 5628 1710 5684 Videsis
1740 5630 1937 5686 lector.

478 5687 628 5761 (841)
659 5687 833 5749 Divus
865 5687 1280 5769 Hieronymus:
1315 5687 1562 5754 reversus
1590 5703 1664 5755 est
1691 5701 2041 5773 Damascum,

2155 3339 2440 3397 Dominis
2472 3339 2674 3411 quinto
2705 3337 2932 3394 decimo
2962 3340 3055 3396 die
3086 3340 3322 3396 inchoat
3347 3341 3540 3412 (Exod.
3563 3343 3800 3412 xm“).

2155 3429 2225 3484 Et
2255 3428 2374 3500 regi
2408 3427 2661 3484 Ezechias
2694 3427 3028 3499 quindecim
3061 3429 3213 3484 aucti
3265 3433 3406 3485 sunt
3453 3429 3593 3484 anni
3644 3431 3798 3501 (Issi.

2155 3532 2390 3582 xxxvui,
2423 3517 2500 3575 5).
2533 3516 2756 3580 Quibus
2785 3516 3069 3589 exemplis
3098 3521 3364 3573 sacratus
3413 3522 3799 3575 monstratur.

2156 3605 2305 3678 Ergo
2336 3604 2445 3660 hoc
2456 3605 2964 3674 numerodierum,
2989 3605 3207 3677 quibus
3227 3606 3447 3662 mansit
3462 3607 3617 3679 apud
3639 3607 3803 3679 prin-

2158 3695 2344 3766 cipem
2373 3693 2711 3767 Apostolus,
2744 3695 3000 3766 perlecta
3046 3694 3235 3766 ipsius
3281 3699 3649 3751 monstratur
3693 3697 3804 3752 do-

2158 3783 2364 3838 ctrina.

2231 3875 2448 3926 Verum
2479 3887 2553 3927 ne
2579 3871 2798 3927 diceret
2828 3870 3042 3942 aliquis
3093 3871 3250 3942 quia,
3281 3871 3329 3927 si
3364 3886 3480 3927 non
3524 3869 3736 3928 didicit
3772 3885 3805 3928 a

2162 3960 2350 4029 Petro,
2383 3959 2587 4014 didicit
2617 3964 2814 4014 tamen
2847 3960 2918 4015 ab
2951 3959 3104 4028 aliis,
3133 3959 3260 4015 ideo
3312 3973 3448 4015 mox
3494 3961 3802 4030 adjunxit:

2160 4049 2348 4104 Alium
2376 4049 2744 4118 apostolorum
2771 4049 2887 4104 vidi
2914 4049 3210 4104 neminem.
3242 4049 3316 4103 At
3341 4065 3477 4104 vero
3509 4061 3625 4105 non
3672 4049 3808 4122 quia

2162 4135 2522 4207 contemptui
2553 4153 2651 4192 eos
2682 4136 2909 4200 habuit,
2934 4136 3176 4193 minime
3196 4136 3360 4202 vidit,
3385 4138 3488 4194 sed“
3509 4139 3649 4209 quia
3669 4153 3808 4194 cau-

2163 4242 2229 4280 sa
2257 4225 2688 4297 evangelizandi
2714 4227 2841 4296 jam
2875 4225 3121 4297 dispersi
3153 4231 3341 4280 erant.
3375 4230 3564 4281 Causa
3605 4232 3805 4283 autem

2163 4313 2396 4368 videndi
2426 4314 2709 4369 Jacobum
2731 4314 2852 4369 huc
2864 4313 2994 4382 fuit,
3019 4313 3157 4386 quia
3177 4314 3258 4369 abi
3275 4310 3552 4387 Apostol‘o
3569 4315 3809 4373 ordina-

2163 4406 2259 4458 tus
2290 4408 2414 4458 erat
2443 4403 2756 4474 episcopus
2807 4403 3208 4475 Jerosolymis.
3258 4407 3513 4460 Fratrem
3563 4407 3806 4474 Domini,

2164 4508 2278 4547 non
2311 4493 2636 4547 secundum
2668 4491 2970 4548 haereticos
2993 4491 3179 4546 filium
3203 4491 3420 4565 Joseph
3445 4495 3579 4564 pust
3599 4489 3808 4551 natum

2165 4581 2473 4636 Dominum
2505 4596 2572 4635 ex
2603 4580 2807 4646 Maria,
2839 4578 2926 4635 xei
2958 4589 3028 4636 ex
3076 4579 3260 4637 altera
3312 4587 3491 4638 uxore
3536 4584 3809 4656 genitum

2165 4669 2486 4742 intelligere
2516 4662 2817 4734 debemus,
2851 4667 2953 4725 sed
2985 4686 3144 4726 more
3183 4669 3622 4741 Scripturarum
3680 4689 3814 4728 con-

2164 4757 2511 4829 sanguinem
2542 4756 2730 4828 ipsius
2767 4757 3022 4814 Domini.
3057 4758 3126 4814 Et
3158 4758 3346 4814 ceteri
3366 4757 3674 4832 discipuli,
3697 4760 3814 4817 fra-

2161 4851 2280 4902 tres
2310 4844 2534 4901 Domini
2569 4845 2736 4916 (845).
2771 4846 2934 4901 Unde
2963 4845 3125 4918 ipse;
3165 4849 3265 4915 Ite,
3319 4845 3487 4903 dicite
3531 4850 3816 4919 fratribus

2161 4989 2260 5064 hoc
2287 4988 2478 5064 es_t,_ad
2496 4989 2830 5064 sanguinem
2853 4992 2908 5064 et
2932 4989 3242 5064 passionem
3293 4989 3527 5064 Christi.
3552 4991 3821 5064 credunt

2162 5059 2345 5132 aliqui
2370 5061 2543 5130 juxta
2589 5059 2747 5132 hanc
2802 5059 3006 5132 urbem
3062 5060 3199 5116 Abel
3232 5063 3264 5115 α
3295 5059 3473 5132 fratre
3509 5063 3810 5132 occisum,

2162 5130 2342 5202 quare
2373 5147 2440 5186 ex
2471 5131 2756 5204 sanguine
2776 5130 2916 5204 Abel
2939 5130 3064 5188 loco
3088 5138 3299 5187 nomen
3326 5131 3682 5204 impositum
3704 5130 3816 5192 ua;

2161 5201 2425 5259 muscum
2463 5219 2474 5256 :
2504 5201 2659 5273 quod
2691 5203 2749 5257 in
2782 5201 3018 5256 Hebrao
3050 5203 3368 5260 Dam-sacb
3404 5201 3648 5262 saccum
3672 5217 3817 5264 san-

2161 5274 2373 5348 guinis
2389 5273 2760 5348 r_el'erat.Quae
2789 5277 2985 5348 tamen
3001 5275 3094 5348 rei
3116 5275 3278 5348 fides,
3303 5277 3801 5348 ceterividerint.

2229 5345 2471 5418 (842)19
2504 5349 2699 5416 autog.
2734 5351 2917 5418 marg.
2952 5343 3048 5418 hic
3078 5343 3588 5418 legitur_cap.r_YI.

2231 5411 2412 5485 (8423)
2446 5411 2984 5494 interpretationem
3016 5411 3167 5472 hanc
3197 5434 3232 5472 a
3259 5411 3420 5472 divo-
3448 5411 3808 5494 Hieronymo

2159 5486 2490 5557 desumpsit
2519 5486 2720 5542 auctor
2748 5490 2964 5541 noster.

2232 5556 2389 5628 (841s)
2410 5558 2780 5613 Desideratur
2816 5557 3087 5623 carmina,
3140 5558 3294 5628 quod
3342 5559 3698 5617 vocabulum
3744 5561 3805 5618 in

2159 5626 2288 5710 divi
2301 5627 2637 5710 ﬁiegopymi
2655 5626 3172 5710 interpretatione
3193 5630 3438 5701 prastat.

2232 5699 2378 5770 )845)
2410 5699 2791 5772 Subintellige
2817 5699 3194 5772 opponantur.
