3990 6224
199 346 314 411 508

799 342 1218 410 EXPOSITIO
1262 346 1343 410 IN
1385 346 1812 411 EPISTOLAS
1860 349 2115 414 PAULI.
2160 383 2236 396 -—
2276 352 2355 412 IN
2403 348 2651 415 EPIST.
2698 352 2801 413 AD
2848 352 3020 415 GAL.

3506 348 3622 413 506

197 486 339 540 nisi:
363 480 515 553 (846)
542 497 556 549 ;
589 484 649 537 et
674 497 689 536 :
724 482 972 539 Narrabo
994 496 1188 537 nomen
1210 484 1483 553 fratribus
1502 486 1639 540 meis
1670 485 1848 555 (Psat.
1885 491 1935 553 Α
1965 484 2124 539 nisse
2139 484 2578 557 Jerosolymam,
2603 485 2796 541 studio
2817 484 3047 565 videndi
3070 485 3331 542 Petrum.
3354 484 3456 541 Hic
3487 501 3623 542 vero

197 589 313 641 xxi,
346 574 417 627 23
444 597 458 638 ;
482 571 661 627 Hebr.
686 588 750 637 ιι,
784 573 891 641 1‘2).
922 572 1033 627 Sed
1066 573 1211 627 forte
1244 573 1371 627 ideo
1402 573 1510 628 iste
1544 574 1719 629 frater
1752 579 1857 630 Do-

201 662 346 720 mini
406 660 747 734 specialiter
800 660 1036 727 dicitur,
1097 662 1234 733 quia
1294 667 1412 717 tam
1474 664 1586 717 fuit
1644 666 1860 720 sancti-

201 753 365 820 tatis,
400 751 677 821 tantique
709 752 887 805 etiam
922 752 1197 819 rumoris,
1232 756 1297 807 ut
1344 755 1609 808 certatim
1645 755 1863 825 quique

201 841 502 898 ﬁmbriam
536 838 871 895 vestimenti
903 842 1031 910 ejus
1089 846 1327 913 tangere
1386 848 1657 897 curarent
1690 844 1859 913 (8'17).

202 932 316 988 Iste
340 932 639 1002 projeclus
669 930 741 984 de
766 930 944 1001 pinna
966 930 1166 1001 templi
1196 932 1424 985 occisus
1452 938 1537 986 est
1562 950 1593 986 a
1613 933 1859 987 Judaeis:

202 1020 291 1075 cui
326 1018 619 1075 successit
651 1019 909 1087 Simeon,
947 1020 1045 1090 qui
1081 1020 1255 1075 etiam
1314 1038 1414 1092 pro
1472 1021 1719 1076 Domino
1752 1022 1863 1075 fuit

199 1108 523 1162 cruciﬁxus
554 1107 626 1160 ab
655 1105 740 1161 eis
773 1106 953 1175 (848).

277 1197 416 1264 Quae
448 1197 634 1249 autem
659 1195 830 1249 scribo
859 1196 1030 1260 vobis,
1065 1201 1170 1250 ste.
1206 1196 1322 1251 Hoc
1347 1197 1504 1251 enim
1538 1198 1691 1268 quod
1726 1197 1865 1251 dicit

205 1289 337 1338 tam
369 1283 443 1337 ad
478 1283 773 1354 superiora
803 1300 983 1356 quam
1016 1285 1087 1339 ad
1118 1285 1393 1339 inferiora
1426 1292 1479 1339 et
1510 1287 1707 1340 omnia
1736 1303 1861 1356 qua:

210 1372 427 1427 scribit
455 1372 649 1426 referri
683 1376 891 1443 potest.
919 1373 1149 1428 Sienim
1197 1373 1545 1445 simpliciter
1574 1375 1861 1439 attendas,

209 1461 336 1515 bis
366 1461 543 1515 verba
560 1461 800 1530 jurandi
832 1463 982 1531 (849)
1012 1468 1173 1529 sunt,
1231 1468 1293 1517 ut
1352 1464 1549 1518 omnia
1578 1480 1711 1518 vera
1738 1480 1864 1518 esse

208 1549 487 1605 ostendat
513 1562 639 1620 quis
672 1551 916 1606 dixerat.
943 1551 1064 1608 Non
1099 1551 1255 1606 enim
1291 1552 1701 1618 mentiebatur,
1726 1552 1865 1624 quia

209 1652 329 1692 non
359 1642 490 1692 erat
517 1637 781 1694 ofﬁcium
810 1638 971 1695 illius
1024 1641 1365 1695 mentiendi.
1416 1642 1525 1697 Sed
1558 1642 1863 1697 sciendum

210 1726 354 1797 quia
375 1742 491 1781 non
518 1726 742 1798 appetit
766 1728 1076 1799 Apostolus
1091 1730 1492 1799 juramentum
1519 1731 1685 1800 quasi
1709 1746 1867 1785 sum-

210 1824 377 1869 mum
419 1815 680 1883 bonum;
714 1832 819 1871 nec
849 1818 1024 1872 etiam
1057 1819 1195 1873 facit
1223 1824 1425 1874 contra
1466 1817 1607 1873 illud
1642 1818 1865 1874 Domini

213 1908 571 1975 preceptum
605 1904 895 1961 dicentis:
935 1907 1019 1961 Sit
1067 1911 1249 1963 autem
1306 1924 1482 1963 sermo
1514 1917 1721 1963 vester:
1776 1912 1867 1964 Est

211 1998 310 2062 est,
341 2007 455 2046 non
479 2000 592 2048 non
625 1994 836 2064 (Matth.
895 2013 950 2065 ν,
981 1996 1110 2065 37):
1147 1996 1287 2068 quia
1343 2012 1522 2051 causa
1576 1996 1867 2051 tarditatis

212 2097 459 2135 suorum
492 2083 835 2138 auditorum
868 2084 977 2140 hoc
995 2086 1207 2156 agitur.
1233 2086 1287 2139 Si
1311 2102 1446 2141 vero
1472 2085 1651 2141 altius
1683 2085 1869 2158 inspi-

214 2170 357 2234 cias,
393 2170 535 2225 talis
565 2176 656 2226 est
685 2188 915 2241 sensus,
951 2175 1120 2245 quasi
1182 2173 1439 2229 diceret:
1503 2175 1713 2229 Omnia
1743 2192 1869 2245 quae

215 2257 413 2313 scribo
434 2258 630 2314 divino
653 2265 967 2332 conspectu
980 2262 1474 2334 dignasunt,quia
1496 2263 1874 2333 omniajusta

220 2351 283 2401 et
311 2361 451 2401 vera
481 2352 637 2403 sunt.
678 2351 837 2413 Quod
870 2350 995 2421 ipse
1054 2352 1389 2407 manifestat
1444 2353 1709 2416 dicendo,
1743 2352 1874 2422 quia

222 2449 346 2491 non
374 2439 632 2504 mentior,
664 2440 935 2511 quoniam
969 2441 1248 2513 scriptum
1280 2447 1404 2497 est:
1460 2442 1628 2497 Oculi
1656 2441 1876 2495 Domini

220 2526 586 2597 snperjustas
605 2528 770 2595 (Ptol.
802 2545 1002 2595 xxxm,
1038 2530 1141 2597 16;
1176 2531 1415 2585 obtutus
1446 2531 1573 2599 ejus
1617 2530 1873 2585 excludi-

218 2618 325 2668 tur
353 2630 387 2669 a
419 2614 837 2685 peccatoribus.

292 2704 502 2758 Deinde
522 2705 667 2771 veni,
695 2710 805 2761 etc.
838 2706 1007 2762 Venit
1038 2723 1173 2780 ergo
1199 2709 1256 2762 in
1289 2714 1482 2779 partes
1514 2710 1709 2779 Syriae;
1756 2714 1873 2763 stu-

218 2792 317 2847 dio
377 2793 663 2848 fundandi
722 2796 1029 2867 Ecclesiae,
1089 2797 1228 2867 quia
1282 2798 1652 2853 illuminatus
1689 2798 1875 2852 noluit

218 2881 445 2936 otiosus
483 2884 823 2939 consistere.
859 2886 1021 2956 Syria
1051 2886 1269 2941 etenim
1332 2886 1750 2959 interpretatur
1776 2904 1875 2941 ea:-

217 2968 387 3035 celsa,
422 2970 541 3026 sive
571 2972 843 3028 sublimis.
873 2974 1043 3029 Venit
1072 2990 1207 3046 ergo
1240 2975 1297 3029 in
1334 2982 1526 3047 partes
1578 2976 1777 3049 Syriaa,
1811 2981 1876 3030 ut

224 3058 393 3114 illam
425 3075 552 3131 quae
581 3066 705 3116 erat
734 3062 958 3133 dejecta
988 3079 1096 3118 sua
1153 3065 1562 3135 praedicatione
1610 3066 1877 3120 redderet

220 3147 533 3219 excelsam,
566 3154 623 3205 et
653 3167 781 3221 quae
812 3151 1054 3207 humilis
1082 3153 1418 3208 sublimem.
1454 3154 1653 3210 Cilicia
1678 3159 1872 3210 autem

220 3235 1021 3311 interpretatursumpta,sive
1044 3245 1255 3297 vacatio
1278 3243 1671 3299 lamentabilis.
1705 3244 1876 3299 Venit
1906 3225 1949 3291 C

219 3323 407 3397 igitur
435 3326 497 3381 in
518 3326 803 3399 Ciliciam,
837 3334 901 3383 ut
953 3347 1060 3386 sua
1090 3331 1497 3402 praedicatione
1528 3348 1654 3387 eam
1707 3348 1878 3388 assu-

223 3418 432 3483 meret,
465 3432 593 3486 quae
620 3419 948 3489 assumptio
979 3420 1106 3474 esse
1142 3437 1254 3474 non
1291 3425 1481 3491 potest
1540 3422 1763 3493 absque
1795 3420 1877 3477 la-

227 3504 592 3561 mentatione
622 3506 1025 3576 paenitudinis.
1061 3510 1227 3564 Eram
1258 3513 1451 3564 autem
1490 3514 1732 3578 ignotus,
1766 3516 1875 3566 etc.

226 3592 423 3647 Notus
451 3593 602 3648 enim
632 3600 756 3650 erat
786 3596 930 3651 facie
952 3596 1227 3653 Ecclesiis
1247 3598 1444 3669 Syrias,
1478 3603 1529 3652 et
1559 3598 1789 3666 Ciliciae,
1824 3604 1879 3654 et

225 3680 481 3751 Arabia,
508 3683 643 3754 quia
663 3685 909 3755 gentiles
928 3692 1114 3751 erant,
1139 3692 1195 3741 et
1220 3688 1345 3758 ipse
1366 3687 1623 3742 ofﬁcium
1671 3689 1880 3759 praedi-

223 3768 479 3826 cationis
502 3771 569 3826 in:
582 3774 857 3843 gentibus
881 3776 1481 3847 acceperat.Ecclesiis
1496 3794 1628 3833 vero
1644 3778 1877 3845 Judaeze,

224 3864 341 3914 nOn
364 3859 512 3915 facie
543 3860 739 3930 notus,
764 3863 868 3918 sed
891 3880 1147 3931 rumore,
1180 3866 1335 3921 sicut
1369 3868 1495 3939 ipse
1528 3867 1707 3922 dicit:
1743 3869 1879 3923 Tan-

224 3952 345 4003 tum
372 3954 563 4005 autem
593 3950 849 4007 auditum
906 3952 1174 4009 habebant
1237 3954 1375 4025 (Gal.
1412 3974 1449 4022 ι,
1482 3957 1593 4025 23).
1642 3957 1710 4011 Et
1741 3963 1882 4012 nota

227 4037 367 4107 quia
397 4036 675 4093 Esclesiis
696 4039 993 4111 dicit,ideo
1024 4041 1163 4113 quia
1194 4060 1305 4099 non
1343 4044 1533 4099 solum
1567 4045 1625 4099 in
1656 4049 1880 4101 Jeroso-

220 4125 397 4198 lymis
419 4132 589 4182 erant
620 4129 941 4197 credentes,
975 4132 1076 4187 sed
1110 4132 1167 4186 in
1201 4133 1427 4188 caeteris
1456 4133 1620 4202 locis,
1648 4136 1789 4190 adeo
1814 4141 1880 4191 ut

224 4212 517 4272 Ecclesiae
552 4218 826 4285 facerent,
858 4224 914 4274 et
941 4220 1217 4292 gentibus
1249 4221 1472 4276 nollent
1506 4225 1804 4296 conjungi.

297 4306 371 4360 er
394 4306 457 4360 in
485 4322 575 4363 me
603 4308 1356 4381 glbriﬂc’abaat(850)Deum.
1383 4310 1531 4374 Quid
1547 4312 1702 4366 velut
1725 4316 1880 4384 Apo-

223 4394 410 4450 stolus
443 4395 536 4451 bis
567 4395 764 4452 verbis
780 4399 1127 4454 ostendere?
1148 4397 1279 4453 Vult
1311 4398 1687 4455 manifestare
1710 4419 1878 4456 suam

223 4482 577 4552 doctrinam,
610 4490 669 4541 et
702 4504 765 4541 se
792 4494 993 4543 verum
1027 4504 1154 4543 esse
1176 4487 1524 4559 Apostolum
1554 4508 1565 4555 ;
1597 4491 1876 4561 quoniam

1974 574 2116 628 dicit
2146 590 2207 628 se
2240 580 2370 645 post
2400 576 2840 645 quatuordecim
2867 592 3051 630 annos
3073 576 3302 631 venisse
3329 575 3624 647 Jerosoly-

1970 678 2150 727 mam,
2189 679 2365 719 causa
2395 665 2729 719 conferendi
2766 665 3160 736 Evangelium.
3199 666 3308 720 Sed
3344 671 3466 719 orte
3500 682 3622 720 mo-

1973 754 2139 804 vetur
2170 750 2403 822 aliquis,
2439 770 2619 823 quare
2666 761 2797 825 post
2850 760 2933 808 tot
2989 754 3284 809 curricula
3333 771 3623 809 annorum

1972 840 2247 893 venisset.
2269 842 2373 893 Sed
2404 841 2551 895 hanc
2573 844 2885 896 motionem
2910 844 3031 913 ipse
3052 842 3381 907 solvit,cum
3398 844 3617 897 subdit:

1972 928 2273 981 Secundum
2297 932 2877 986 rerehztionem.Tunc
2900 932 3055 986 enim
3081 932 3402 995 descendit,
3436 949 3622 1003 quan-

1973 1017 2046 1069 do
2078 1018 2126 1070 ei
2165 1018 2350 1071 fuerat
2384 1020 2721 1081 revelatum,
2758 1021 2810 1073 id
2847 1026 2954 1083 est,
2980 1022 3212 1091 quando
3258 1021 3620 1093 expediebat,

1974 1107 2082 1159 Sed
2112 1123 2293 1175 quare
2317 1109 2499 1161 fuerat
2524 1108 2837 1163 revelatum
2871 1110 2919 1161 ei
2945 1109 2971 1161 ?
3006 1110 3134 1163 ideo
3158 1110 3294 1180 quia
3328 1110 3623 1164 altercatio

1973 1197 2030 1248 et
2060 1194 2349 1249 dissensio
2383 1198 2500 1264 iam
2536 1203 2661 1251 orta
2690 1200 2876 1251 fuerat
2908 1199 2963 1251 in
2990 1198 3282 1253 Ecclesiis.
3309 1199 3438 1253 Jam
3464 1198 3619 1253 enim

1974 1282 2188 1336 Galatae
2215 1285 2282 1337 ad
2319 1287 2655 1338 servitutem
2693 1285 2837 1356 legis
2871 1288 3257 1353 transicranf;
3293 1294 3349 1341 et
3374 1287 3502 1341 ideo
3534 1302 3623 1341 re-

1974 1371 2228 1425 velatum
2265 1372 2365 1438 illi,
2392 1380 2680 1443 quatenus
2703 1373 2933 1428 collatio
2962 1375 3250 1443 Evangelii
3280 1392 3461 1429 unum
3496 1392 3624 1430 esse

1975 1474 2148 1513 suum
2180 1466 2237 1514 et
2270 1466 2609 1515 cmterorum
2644 1462 3040 1532 apostolorum
3076 1464 3427 1526 ostenderet,
3450 1469 3503 1517 et
3526 1478 3624 1517 eos

1974 1565 2009 1601 a
2038 1550 2313 1603 servitute
2346 1550 2489 1619 legis
2518 1557 2827 1605 revocaret.
2870 1551 2933 1604 Et
2957 1556 3089 1606 nota
3133 1551 3271 1621 quia
3302 1552 3623 1606 Barnabam

1975 1640 2031 1691 et
2060 1638 2255 1691 Titum
2292 1638 2402 1693 sibi
2434 1640 2633 1705 sociat,
2669 1645 2733 1694 ut
2764 1640 2820 1693 in
2854 1657 2949 1695 ore
2981 1641 3256 1705 duorum,
3316 1638 3403 1694 vel
3444 1640 3622 1693 trium

1976 1726 2213 1780 testium
2243 1732 2422 1782 staret
2454 1746 2624 1783 omne
2655 1730 2917 1783 verbum.
2972 1730 3121 1785 istos
3181 1730 3381 1800 utique
3426 1745 3623 1783 secum

1976 1830 2276 1870 assumere
2310 1816 2508 1885 voluit,
2546 1822 2607 1871 ut
2640 1819 2687 1871 si
2724 1818 2919 1889 aliqua
2952 1824 3079 1872 orta
3101 1819 3311 1872 fuisset
3359 1818 3621 1889 quaastio,

1978 1903 2217 1958 haberet
2246 1909 2443 1971 testes,
2473 1905 2687 1977 quibus
2720 1923 2929 1961 sensus
2959 1912 3014 1960 et
3045 1906 3361 1961 sententias
3396 1922 3512 1961 suae
3544 1906 3627 1960 in-

1978 1993 2256 2047 tentionis
2290 1995 2687 2049 manit'estaret
2720 1997 2885 2065 (851).
2920 1997 2987 2050 Et
3045 1996 3439 2050 animadverte
3489 1995 3626 2065 quia

1980 2096 2093 2137 non
2119 2083 2279 2152 dicit,
2314 2084 2497 2137 Didici
2528 2084 2903 2155 Evangelium
2934 2086 3003 2139 ab
3031 2084 3273 2150 illis,sed
3298 2085 3530 2149 contuli,
3562 2088 3628 2138 ut

1982 2172 2312 2226 ostenderet
2344 2190 2403 2227 se
2436 2190 2547 2227 non
2583 2174 2825 2227 minoris
2858 2174 3244 2228 auctoritatis.
3298 2173 3445 2227 Nam
3488 2189 3624 2227 con-

1982 2260 2151 2326 ferre,
2166 2261 2476 2332 aequalium
2494 2267 2581 2316 est
2598 2280 2609 2329 ;
2628 2263 2849 2317 discere
2864 2279 3016 2330 vero,
3034 2264 3346 2319 minorum.
3373 2263 3625 2317 Searsum

1982 2357 2192 2419 autem,
2227 2357 2360 2415 etc.,
2414 2352 2481 2406 ad
2545 2351 2843 2423 superiora
2903 2352 3170 2417 refertur,
3225 2351 3321 2405 ubi
3355 2349 3623 2405 dixerat:

1987 2439 2222 2494 Contuli.
2258 2441 2363 2495 Sed
2396 2442 2539 2495 forte
2599 2440 2748 2496 dicet
2805 2440 3053 2513 aliquis:
3101 2443 3286 2506 Quare
3317 2439 3629 2495 seorsum?

1985 2530 2267 2585 Mentitus
2300 2531 2487 2584 fuerat
2519 2529 2577 2584 in
2612 2530 2878 2601 publico;
2908 2530 3136 2585 volebat
3190 2545 3388 2585 verum
3439 2528 3629 2583 dicere

1983 2635 2249 2673 seorsum
2273 2620 2299 2672 ἶ)
2331 2620 2441 2673 Sed
2476 2636 2586 2673 non
2622 2625 2710 2674 est
2741 2619 2838 2673 ita.
2874 2619 2995 2674 Non
3031 2618 3184 2674 enim
3234 2617 3626 2673 ministerium

1984 2706 2145 2762 illius
2178 2708 2410 2761 mentiri
2440 2727 2451 2774 ;
2489 2709 2644 2762 unde
2675 2709 2851 2762 etiam
2886 2725 2945 2763 se
2976 2708 3325 2779 magistrum
3365 2707 3625 2775 gentium

1984 2797 2125 2851 dicit
2153 2813 2280 2851 esse
2314 2798 2371 2851 in
2402 2798 2514 2852 fide
2542 2802 2597 2851 et
2627 2798 2863 2851 veritate
2920 2799 2963 2867 (I
3022 2799 3151 2851 Tim.
3190 2814 3248 2865 ιι,
3280 2798 3311 2847 7
3339 2814 3351 2863 ;
3385 2795 3431 2851 II
3465 2796 3626 2851 Tim..

1982 2901 2081 2949 νιι,
2114 2888 2221 2957 11).
2255 2886 2364 2941 Sed
2400 2888 2553 2957 quod
2587 2886 2934 2957 profundius
2964 2891 3019 2941 et
3051 2885 3328 2941 subtilius
3366 2885 3629 2939 dicturus

1983 2979 2105 3029 erat
2136 2976 2291 3045 quod
2327 2975 2409 3029 illi
2442 2992 2645 3047 capere
2678 2994 2790 3029 non
2824 2981 3106 3046 poterant,
3166 2976 3383 3047 quibus
3441 2975 3631 3029 fuerat

1983 3063 2216 3135 publice
2250 3064 2497 3130 locutus,
2533 3070 2596 3119 ut
2650 3065 2837 3119 illud:
2896 3070 3017 3121 Non
3070 3067 3230 3135 potui
3280 3065 3429 3119 vobis
3482 3064 3635 3134 loqui

1985 3155 2150 3225 quasi
2179 3154 2584 3225 spin’tualibus.
2619 3156 2644 3209 I
2674 3155 2793 3207 Cor.
2830 3170 2911 3217 ιιι,
2948 3153 3019 3223 1),
3053 3158 3194 3221 etc.;
3254 3151 3468 3205 idcirco
3500 3167 3631 3205 cum

1987 3242 2118 3297 istis
2152 3258 2416 3296 seorsum
2454 3240 2718 3307 contulit,
2753 3241 2890 3311 quia
2946 3256 3149 3310 capere
3207 3244 3492 3311 poterant.
3526 3240 3633 3294 Sed

1990 3331 2129 3402 quid
2154 3330 2265 3385 fuit.
2291 3329 2434 3383 illud
2456 3330 2803 3400 profundius
2822 3328 2849 3382 ‘I
2871 3328 3113 3382 Abolitio
3140 3327 3282 3398 legis
3304 3331 3360 3380 et
3382 3325 3635 3398 dignitas

1988 3421 2209 3489 gratim.

2060 3509 2135 3563 Ne
2164 3507 2309 3581 forte
2336 3508 2395 3560 in
2426 3520 2663 3561 vacuum
2716 3519 3015 3568 currerem,
3077 3508 3185 3559 etc.
3246 3504 3449 3559 Certus
3480 3504 3636 3559 enim

1990 3601 2114 3651 erat
2139 3594 2447 3667 Apostolus
2479 3611 2539 3649 se
2572 3611 2686 3649 non
2720 3595 2777 3649 in
2808 3609 3055 3648 vacuum
3081 3609 3347 3659 currere;
3374 3592 3471 3647 sed
3506 3607 3635 3664 pro-

1990 3689 2118 3756 pter
2133 3684 2299 3752 alios,
2316 3685 2414 3755 qui
2432 3683 2838 3749 erantincerti,
2864 3682 3238 3755 Evangelium
3258 3681 3515 3739 conferre
3536 3698 3638 3736 vo-

1988 3774 2120 3839 luit,
2146 3778 2207 3827 ut
2229 3774 2369 3829 certi
2394 3774 2774 3828 redderentur
2802 3773 2852 3829 ei
2885 3790 3001 3828 non
3036 3773 3094 3827 in
3126 3789 3371 3828 vacuum
3404 3786 3639 3827 currere

1991 3863 2137 3935 (852)
2168 3868 2269 3918 aut
2298 3862 2645 3918 cucurrisse.

2059 3953 2168 4008 Sed
2198 3968 2369 4023 neque
2406 3953 2575 4015 Titus,
2610 3958 2717 4007 etc.
2753 3952 2911 4007 Talis
2943 3957 3032 4007 est
3063 3952 3329 4017 intentio,
3363 3953 3531 4023 quasi
3554 3951 3637 4005 di-

1991 4045 2183 4096 ceret:
2215 4041 2275 4095 Si
2309 4058 2415 4095 nos
2447 4041 2735 4111 compulsi
2770 4057 2883 4095 non
2919 4040 3065 4111 (853)
3098 4056 3325 4108 sumus,
3386 4040 3482 4109 qui
3514 4055 3639 4093 era-

1992 4147 2121 4185 mus
2145 4130 2199 4183 in
2226 4128 2457 4200 egregia
2488 4128 2719 4182 civitate
2751 4129 2901 4182 inter
2932 4128 3227 4198 apostolos
3258 4131 3314 4180 et
3345 4125 3641 4180 aemulato-

1991 4234 2083 4272 res
2110 4217 2275 4287 legis,
2306 4222 2361 4271 et
2393 4216 2544 4269 inter
2568 4232 2665 4270 eos
2689 4216 2787 4287 qui
2811 4221 3077 4270 nostrum
3102 4214 3452 4285 sanguinem
3476 4214 3642 4268 sitie-

1991 4308 2150 4373 bant,
2174 4311 2239 4360 ut
2260 4304 2776 4360 circumcideretur
2801 4304 2967 4358 Titus
2993 4320 3004 4358 :
3032 4320 3209 4373 quare
3224 4319 3385 4372 vos,o
3409 4301 3639 4372 Galatae,

1989 4412 2121 4450 cum
2150 4394 2369 4448 nullius
2384 4391 2718 4448 violentiam
2740 4391 3132 4447 sustulissetis
3150 4391 3639 4461 (85-i),alibertatc

1989 4484 2189 4555 gratia:
2221 4484 2291 4538 ad
2326 4483 2661 4537 servitutem
2726 4482 2869 4553 legis
2926 4480 3235 4535 transitis?
3262 4478 3369 4535 .Sed
3417 4481 3643 4551 propter

224 4572 729 4645 ipsinéqu‘aquam
757 4575 934 4631 Deum
963 4576 1359 4649 gloriﬁcarent
1380 4576 1437 4630 in
1461 4576 1877 4648 ipso,quorum
1908 4593 1956 4659 Ι)
1990 4572 2433 4628 subintroductos
2453 4572 2622 4641 falsos
2652 4576 2879 4642 fratres.
2916 4568 3113 4625 Falsos
3149 4571 3359 4659 fratres
3391 4567 3647 4659 appellat

222 4667 570 4732 persecutor
596 4665 923 4732 exstiterat,
958 4666 1072 4720 nisi
1133 4682 1239 4721 suo
1265 4665 1488 4735 judicio
1546 4666 1878 4723 doctrinam

226 4748 393 4825 illius
421 4766 615 4807 veram
648 4769 775 4809 esse
803 4760 1248 4826 cognoscerent.

297 4838 615 4921 (851)(ΟΔΡ.
640 4840 738 4915 ΙΙ.)
800 4842 1004 4899 Deinde
1055 4848 1176 4914 p’ost
1231 4859 1404 4898 annos
1447 4842 1877 4916 quatuordecim,

215 4931 330 4984 etc.
356 4926 597 4985 Dixerat
627 4932 786 4987 enim
819 4932 1094 5004 superius
1125 4948 1188 4989 se
1220 4937 1355 5004 post
1386 4947 1575 4989 annos
1626 4938 1747 4989 tres
1777 4948 1877 4987 ve-

218 5258 270 5307 εἰ
285 5172 441 5307 ἓιίιῖδ)
485 5174 656 5237 Joan.
693 5182 900 5254 13,17,
933 5182 1037 5240 ubi
1069 5198 1185 5240 non
1218 5187 1314 5254 ite,
1364 5183 1546 5249 dicite,
1580 5182 1681 5237 sed
1713 5180 1864 5254 vade,

290 5322 449 5407 (.847)
471 5322 666 5394 Hujus
687 5323 767 5379 rei
792 5325 1175 5383 auctor-divus
1188 5327 1597 5402 Hieronymus,
1631 5324 1690 5378 in
1720 5322 1871 5381 hanc

219 5394 433 5540 E13338)
464 5456 600 5541 Vid.
633 5465 851 5538 Joseph
880 5468 1078 5541 Antiq.
1113 5470 1248 5529 Jud,
1280 5473 1379 5529 lib,
1414 5490 1505 5541 χχ,
1538 5488 1586 5527 ο,
1629 5474 1689 5528 16

305 5540 437 5609 849)
468 5540 746 5595 Fortasse
766 5541 1036 5609 jurantis.

305 5542 414 5595 849
468 5542 746 5595 Fortasse
766 5542 1036 5609 jurantis.

280 5542 437 5757 5858;
467 5612 650 5681 Vulg.
682 5610 1079 5694 clariﬁcabant.

302 5686 404 5743 85ι
467 5688 691 5752 Autog.
723 5685 1079 5754 mamfestabc

302 5683 435 5754 85ι)
467 5688 691 5752 Autog.
723 5683 1134 5754 manifestabat.

418 5541 437 5758 ἔ

1990 4661 2142 4727 illos,
2177 4662 2277 4732 qui
2313 4662 2393 4716 ita
2422 4660 2809 4724 crediderant,
2844 4664 2966 4715 uta
2990 4658 3210 4713 carnali
3241 4656 3644 4713 observatione

1992 4767 2107 4805 non
2141 4753 2498 4816 recederent,
2522 4767 2669 4821 quos
2693 4750 2868 4805 etiam
2896 4749 2952 4803 in
2978 4747 3360 4818 sequentibus
3380 4745 3643 4819 explora-

1992 4846 2150 4895 tores
2184 4840 2465 4895 nominat.
2502 4839 2897 4912 Exploratoris
2930 4854 3183 4910 namque
3213 4842 3321 4905 est,
3381 4836 3539 4893 aliud
3583 4836 3643 4893 in

1991 4927 2137 4984 facie
2159 4930 2536 5000 praetendere,
2569 4933 2627 4984 et
2650 4926 2809 4984 aliud
2840 4932 3033 4983 mente
3086 4926 3362 4999 cogitare.
3385 4926 3643 4982 Liberta-

2064 5126 2209 5197 (852)
2238 5126 2428 5183 Verba
2476 5125 2634 5182 sed

2685 5141 2930 5194 currere,
2978 5125 3038 5179 in
3069 5123 3187 5179 imo
3215 5122 3640 5196 marginecod.

1991 5195 2229 5273 19899!”
2240 5216 2287 5273 :-

2060 5266 2209 5340 (853)
2240 5267 2448 5347 Partic.
2508 5284 2646 5347 no_n_
2676 5266 3033 5347 addidimus,
3071 5284 3270 5347 Aquam
3326 5270 3382 5321 et
3429 5281 3643 5347 sensus

1994 5338 2119 5412 ipse
2149 5338 2406 5394 auctoris
2465 5340 2672 5407 nostri,
2732 5344 2788 5394 et
2844 5338 3148 5409 sequentia
3202 5353 3509 5409 exposcere
3557 5338 3644 5390 vi-

1992 5413 2224 5465 dentur.

2062 5480 2210 5551 (854)
2241 5478 2463 5551 ῐιιίοοὸ.
2496 5478 2709 5551 legitur
2739 5482 3081 5535 intulistisse.
3116 5478 3275 5545 Quod
3310 5478 3641 5551 intulisselis

1992 5546 2206 5606 referre
2238 5550 2481 5604 videtur.
2516 5546 2658 5621 Cum
2693 5556 2886 5605 autem
2947 5551 3280 5621 passionem
3327 5546 3639 5615 violentiae,

1996 5639 2109 5677 non
2143 5621 2427 5677 actionem
2462 5619 2782 5690 exprimere
2838 5619 3088 5676 voluisse
3145 5622 3410 5677 videatur
3438 5621 3643 5674 auctor

1998 5696 2232 5764 noster;
2264 5692 2391 5751 ideo
2425 5692 2573 5748 hanc
2600 5690 2905 5751 lectionem
2940 5692 3189 5762 pratuli.
