3990 6224
325 338 442 400 507

1341 343 1676 408 ATTONlS
1718 343 2308 410 VERCELLENSIS
2351 344 2706 410 EPISCOPI

3610 343 3733 412 508

327 482 448 536 tem
483 496 649 537 suam
683 480 825 538 dicit
856 498 954 538 eos
985 480 1282 553 explorare
1301 481 1446 538 velle
1472 501 1485 548 ;
1519 483 1800 554 quoniam
1827 481 1977 539 vole-
2004 479 2060 547 Α
2083 484 2188 554 pit,
2210 483 2308 538 sed
2333 481 2728 538 indifferenter
2746 496 2947 538 omnes
2977 479 3050 537 ad
3105 475 3356 554 gratiam
3386 475 3736 543 salvationis

338 568 483 625 bant
513 587 823 642 agnoscere
853 577 1049 627 utrum
1075 570 1325 626 carnalis
1355 572 1501 643 legis
1531 579 1850 629 servatores
1879 591 1972 630 es-

338 665 486 713 sent.
523 661 588 713 Et
619 676 798 729 quare
830 661 1199 716 manifestat:
1235 663 1296 717 Ut
1319 678 1418 716 nos
1449 664 1504 716 in
1535 665 1851 718 servitutem
1886 680 1971 718 re-

332 747 594 818 digerent,
623 749 674 801 id
701 754 806 810 est.
830 750 1075 804 excitata
1098 751 1517 820 persecutione,
1552 768 1658 806 nos
1689 753 1758 806 ad
1793 753 1972 806 servi-

335 841 518 891 tutem
552 836 698 908 legis
731 838 1041 892 traherent.
1067 839 1274 906 Quibus
1304 855 1474 908 neque
1505 842 1651 910 (855)
1682 842 1752 894 ad
1781 842 1975 896 horam

334 927 613 980 cessimus.
657 927 887 980 Duobus
919 927 1106 980 modis
1139 928 1247 980 iste
1280 927 1441 983 locus
1472 928 1702 1000 legitur.
1731 931 1790 983 In
1825 931 1974 985 veris

337 1031 594 1085 namque
623 1015 832 1069 Graecis
877 1015 1306 1086 exemplaribus
1369 1018 1652 1074 habetur:
1703 1035 1874 1090 neque
1904 1020 1978 1074 ad

337 1102 564 1157 horam:
598 1103 652 1155 in
686 1103 1041 1172 quibusdam
1105 1105 1362 1162 Latinis:
1426 1108 1630 1175 Quibus
1681 1107 1757 1162 ad
1787 1109 1977 1162 horam

333 1193 612 1245 cessimus.
647 1193 752 1246 Sed
787 1193 830 1245 si
867 1195 1189 1248 secundum
1242 1195 1469 1250 ercos
1516 1196 1696 1267 legas,
1729 1196 1860 1251 talis
1889 1200 1979 1251 est

337 1282 1016 1350 sensus,quasidiceret:
1051 1283 1094 1337 0
1125 1300 1246 1350 vos,
1281 1284 1513 1351 Galatae,
1550 1285 1597 1340 si
1631 1303 1736 1340 nos
1768 1285 1976 1340 cessis-

336 1385 536 1423 semus
557 1371 702 1439 (856)
738 1376 802 1424 ut
823 1371 989 1426 Titus
1013 1371 1849 1443 circumcideretur,haberetis
1877 1391 1978 1429 vos

333 1457 697 1513 occasionem
731 1459 961 1513 dicendi
990 1476 1001 1514 :
1032 1461 1323 1530 Apostole,
1358 1478 1537 1532 quare
1594 1464 1751 1534 cogis
1810 1480 1916 1518 nos
1947 1479 1980 1517 a

336 1547 804 1611 circumcisione,
827 1552 884 1602 et
909 1549 1128 1604 caeteris
1161 1551 1662 1607 observationibus
1693 1553 1976 1621 recedere,

335 1653 468 1690 cum
485 1640 546 1690 tu
565 1643 732 1691 tuum
749 1636 1026 1692 dilectum
1042 1655 1075 1693 a
1088 1638 1530 1696 circumcisione
1544 1641 1851 1711 prohibere
1863 1657 1978 1696 non

335 1725 624 1796 potuisti?
652 1726 719 1780 Et
742 1742 922 1796 quare
943 1743 1057 1781 non
1081 1728 1374 1793 cessisset,
1399 1729 1702 1785 subdendo
1735 1730 1976 1785 manife-

337 1818 474 1916 stat.
503 1815 564 1870 Ut
586 1815 781 1870 veritas
811 1816 1099 1886 Evangelii
1123 1821 1342 1871 maneat
1373 1818 1525 1888 apud
1580 1835 1689 1874 vos.
1750 1818 1804 1872 Si
1849 1835 1980 1873 vero
2009 1852 2057 1916 B

336 1902 496 1974 legas
509 1903 830 1958 secundum
851 1905 1512 1974 Latinos,cessimus,non
1532 1907 1978 1979 intelligendum

335 1995 424 2046 est
454 1992 523 2046 de
556 1991 1020 2058 circumcisione,
1048 1995 1147 2048 sed
1173 1994 1242 2049 de
1261 1995 1661 2065 persecutione
1680 2013 1806 2067 quae
1830 1997 1982 2052 facta

335 2084 423 2134 est
454 2080 524 2135 ab
555 2080 860 2136 Antiochia
879 2081 1261 2154 Jerosolymis
1291 2100 1468 2155 super
1499 2085 1608 2140 hac
1639 2087 1976 2156 quaestione.

331 2170 536 2224 Fertur
564 2170 721 2224 enim
745 2171 1166 2227 Antiochenses
1188 2173 1404 2227 dixisse
1430 2172 1640 2228 salvari
1673 2191 1786 2229 non
1811 2190 1981 2245 posse

332 2259 553 2329 absque
573 2257 720 2331 legis
743 2259 1163 2315 observatione.
1194 2261 1259 2315 Et
1278 2261 1408 2317 ideo
1428 2263 1702 2319 cessisset
1731 2266 1981 2334 Aposto-

332 2349 446 2414 lus,
481 2353 546 2403 ut
575 2365 679 2420 pro
711 2366 770 2403 re
802 2353 960 2404 certa
983 2354 1042 2404 et
1072 2351 1402 2406 necessaria
1460 2353 1812 2420 mitteretur,
1845 2371 1983 2425 qua-

331 2442 504 2493 tenus
534 2437 657 2492 haec
688 2437 834 2492 ratio
867 2439 1158 2507 majorum
1182 2439 1407 2507 judicio
1448 2441 1783 2496 ﬁrmaretur
1812 2443 1979 2513 (857).

332 2528 403 2582 Et
423 2525 549 2579 ideo
580 2525 776 2590 cessit,
812 2531 875 2580 ut
903 2527 1115 2581 veritas
1176 2528 1467 2600 Evangelii
1525 2534 1787 2584 maneret
1826 2531 1979 2601 apud

334 2613 592 2669 Galatas.
627 2614 786 2678 Quod
821 2615 867 2668 si
901 2615 972 2669 de
1003 2615 1446 2672 circumcisione
1494 2617 1814 2688 intelligas,
1849 2618 1982 2674 talis

333 2707 423 2758 est
453 2718 664 2758 sensus
689 2719 702 2757 :
738 2702 1036 2757 Cessimus
1067 2704 1139 2758 ad
1165 2703 1365 2759 horam
1387 2704 1984 2761 utcircumcideretur

336 2789 525 2856 Titus,
559 2805 675 2843 non
707 2793 902 2844 tamen
933 2806 1000 2845 ea
1031 2791 1372 2859 intentione,
1407 2810 1524 2864 qua
1553 2793 1637 2848 illi
1694 2793 1979 2862 volebant,

337 2879 437 2933 sed
469 2876 896 2950 proclamantes
929 2879 1437 2936 circumcisionem
1481 2882 1627 2937 nihil
1675 2882 1881 2938 valere.
1916 2884 1984 2938 Et

340 2967 472 3020 ideo
502 2966 810 3033 cessimus,
837 2967 1249 3038 quiainstabat
1270 2970 1614 3040 periculum,
1639 2972 1985 3027 imminebat

343 3071 502 3109 mors
528 3072 541 3119 ;
568 3059 626 3110 et
646 3056 694 3111 si
724 3072 827 3110 nos
851 3057 1136 3112 interfecti
1162 3074 1348 3114 essem
1359 3060 1667 3127 us,veritas
1689 3061 1981 3134 Evangelii

343 3160 458 3198 non
490 3149 750 3199 maneret
772 3146 924 3216 apud
948 3145 1385 3218 illos,quoniam
1407 3166 1519 3204 non
1543 3154 1696 3205 esset
1713 3151 1810 3221 qui
1831 3168 1981 3205 nun-

2081 577 2268 628 vocat.
2301 576 2367 626 Et
2397 572 2524 627 ideo
2553 588 2675 628 mea
2702 571 2851 627 nihil
2881 573 3124 639 interest,
3181 571 3292 626 hoc
3323 574 3432 638 est,
3463 587 3597 626 mea
3627 587 3734 627 au-

2084 661 2326 717 ctoritas
2358 666 2532 732 atque
2563 660 2827 716 doctrina
2856 677 2971 716 non
3003 659 3186 716 distat
3212 660 3286 715 ab
3310 659 3570 728 illorum,
3591 661 3736 732 quia

2084 767 2239 806 unus
2271 754 2360 804 est
2391 750 2697 822 magister,
2721 749 2820 821 qui
2842 765 2934 804 me
2961 753 3019 804 et
3035 748 3166 804 illos
3187 749 3404 804 docuit.
3422 748 3736 806 Verumta-

2085 855 2217 894 men
2253 855 2369 893 non
2400 855 2493 894 me
2522 838 2638 894 illis
2669 839 2932 910 praefero,
2962 855 3074 893 non
3135 837 3497 910 reprehendo
3527 838 3740 909 quales

2085 928 2302 983 fuerint
2327 946 2339 994 ;
2375 928 2514 998 quia
2536 929 2671 982 Deus
2691 943 2981 998 personam
3000 927 3240 983 hominis
3263 942 3373 982 non
3387 929 3606 998 accipit,
3629 944 3741 985 nec

2086 1017 2379 1087 praeterita
2393 1017 2642 1087 judicat,
2666 1033 2772 1070 nec
2791 1014 3040 1071 attendit
3061 1013 3254 1087 qualis
3268 1015 3519 1088 quisque
3537 1015 3738 1082 fuerit,

2089 1107 2187 1162 sed
2219 1105 2409 1176 qualis
2427 1106 2670 1171 sit.Quis
2688 1105 2842 1160 enim
2867 1104 3165 1160 accusabit
3181 1120 3356 1176 quem
3376 1104 3500 1176 ipse
3516 1103 3736 1177 elegit?

2084 1198 2197 1250 Aut
2228 1195 2361 1267 quis
2380 1194 2791 1250 condemnabit
2821 1211 2968 1265 quos
3003 1194 3128 1265 ipse
3164 1193 3506 1266 justiﬁcat?
3549 1195 3732 1265 (Rom.

2087 1302 2210 1350 vm,
2244 1285 2334 1352 33,
2365 1284 2480 1354 34.)
2511 1287 2930 1338 Verumtamen
2961 1281 3062 1354 qui
3093 1281 3225 1338 illos
3255 1281 3488 1350 idiotas,
3519 1286 3577 1337 et
3606 1281 3742 1338 sine

2086 1371 2233 1444 legis
2265 1372 2452 1443 gloria
2476 1371 2665 1443 potuit
2693 1373 2895 1427 doctos
2924 1376 2980 1426 et
3007 1370 3294 1442 gloriosos
3309 1370 3517 1436 facere,
3541 1370 3743 1441 potuit

2088 1466 2145 1516 et
2177 1477 2268 1515 me
2299 1461 2571 1532 peritum,
2606 1465 2662 1515 et
2691 1461 2750 1516 in
2783 1459 2906 1531 lege
2925 1459 3267 1531 gloriosum,
3290 1459 3492 1514 eodem
3521 1458 3739 1530 spiritu

2090 1549 2333 1621 replere,
2359 1553 2423 1604 ut
2445 1549 2596 1604 sicut
2623 1549 2704 1602 fui
2728 1547 3022 1620 gloriosus
3051 1546 3111 1602 in
3145 1547 3293 1619 lege,
3325 1547 3438 1602 sim
3464 1546 3596 1602 etin
3626 1546 3738 1602 hac

2089 1646 2273 1711 parte.
2306 1640 2455 1694 Sunt
2481 1638 2579 1709 qui
2604 1636 2947 1710 intelligunt
2970 1653 3086 1692 non
3110 1636 3180 1692 de
3204 1634 3484 1707 apostolis
3506 1634 3761 1712 dictum"

2090 1726 2292 1799 quales
2325 1727 2559 1794 fuerint,
2593 1727 2693 1782 sed
2727 1726 2798 1781 de
2829 1725 2943 1796 his,
2999 1725 3103 1796 qui
3155 1725 3309 1796 apud
3368 1740 3469 1781 eos
3508 1723 3652 1781 olari
3682 1727 3746 1780 et

2091 1832 2316 1888 magna:
2342 1819 2508 1871 erant
2538 1814 2922 1880 auctoritatis,
2962 1813 3330 1869 mmulatores
3358 1817 3557 1869 tamen
3590 1812 3742 1886 legis

2088 1905 2400 1961 existentes
2426 1908 2518 1971 ;et
2539 1903 2666 1959 ideo
2687 1903 2845 1958 dicat
2875 1901 3022 1958 nihil
3048 1919 3173 1956 mea
3204 1904 3455 1973 interest,
3489 1901 3595 1958 hoc
3625 1906 3740 1973 est,

2091 2011 2206 2049 non
2230 1993 2376 2048 mihi
2408 2009 2559 2048 cura)
2591 1996 2680 2048 est
2704 1990 2908 2063 quales
2938 1991 3173 2060 fuerint,
3206 1990 3347 2061 quia
3394 2007 3550 2046 nunc
3579 1989 3740 2047 male

2095 2081 2380 2138 sentiunt.

2167 2171 2481 2241 Sequitur:
2506 2169 2642 2225 Mihi
2668 2173 2857 2225 autem
2883 2171 2979 2241 qui
3006 2169 3344 2225 videbantur
3357 2184 3468 2224 esse
3495 2168 3747 2240 aliquid;

2090 2262 2236 2316 nihil
2256 2260 2620 2328 contulerunt,
2650 2258 2759 2314 hoc
2789 2261 2900 2328 est,
2927 2259 3026 2330 qui
3061 2273 3284 2330 magnae
3342 2261 3508 2314 erant
3537 2261 3742 2313 aucto-

2091 2347 2455 2419 ritatis,nihil
2474 2348 2773 2403 insinuare
2785 2350 3400 2419 potuerunt.Attamen
3414 2346 3746 2402 notandum
3761 2402 3764 2404 γ

2093 2437 2232 2510 quia
2262 2454 2441 2508 supra
2470 2436 2615 2491 dixit
2643 2454 2656 2491 :
2694 2437 2956 2506 Contulit,
2979 2441 3036 2491 et
3064 2451 3220 2491 nunc
3241 2435 3384 2491 dicit
3407 2452 3421 2490 :
3443 2435 3599 2491 Nihil
3622 2450 3750 2492 con-

2093 2528 2355 2584 tulerunt.
2390 2525 2528 2581 Vult
2555 2525 2699 2581 forte
2726 2525 2820 2582 his
2847 2523 3038 2580 verbis
3093 2523 3401 2580 ostendere
3431 2540 3495 2580 se
3542 2522 3750 2595 aliqua

2093 2633 2306 2689 magna
2337 2614 2453 2670 illis
2476 2613 2816 2685 contulisse,
2835 2630 2963 2685 quae
2985 2618 3204 2685 egerat,
3235 2611 3324 2668 vel
3353 2613 3655 2683 docuerat,
3687 2616 3751 2668 et

2092 2705 2206 2777 ipsi
2238 2721 2306 2760 ea
2326 2703 2676 2775 ignorabant
2701 2721 2714 2771 ;
2739 2702 2871 2759 illos
2888 2706 3084 2758 autem
3113 2701 3262 2758 nihil
3282 2701 3396 2756 sibi
3423 2701 3750 2758 contulisse

2092 2794 2250 2866 quod
2282 2809 2418 2848 eum
2453 2791 2677 2847 lateret.

2162 2882 2266 2939 Sed
2293 2889 2489 2937 contra
2519 2882 2666 2952 (859)
2696 2897 2820 2935 cum
2857 2879 3118 2936 vidissent
3173 2879 3315 2951 quod
3366 2879 3640 2936 creditum
3669 2886 3754 2940 est

2090 2972 2233 3027 mihi
2259 2967 2653 3042 Evangelium,
2686 2975 2795 3025 etc.
2826 2973 3229 3042 Cognoverunt
3265 2968 3424 3025 enim
3479 2967 3753 3046 Apostoli

2093 3061 2246 3132 quod
2273 3076 2426 3115 unus
2452 3059 2728 3129 idemque
2749 3063 2904 3114 esset
2931 3057 3213 3114 Dominus
3232 3062 3289 3112 et
3305 3057 3611 3131 magister,
3643 3057 3756 3128 qui

2097 3149 2251 3217 illos,
2279 3154 2336 3204 et
2366 3146 2616 3203 Paulum
2650 3147 2870 3213 docuit,
2903 3152 2961 3202 et
3016 3147 3171 3217 quod
3230 3146 3301 3202 ab
3348 3145 3447 3202 illo
3477 3145 3760 3202 didicerit

341 3232 531 3288 tiaret.
558 3232 704 3288 Dicit
723 3234 876 3290 enim
902 3235 1104 3290 beatus
1135 3236 1522 3309 Hieronymus
1547 3256 1560 3293 :
1594 3239 1710 3294 Ista
1735 3220 1985 3308 conjun-
2017 3220 2059 3285 C
2099 3238 2320 3293 Paulus
2349 3235 2747 3308 Evangelium,
2798 3253 2832 3291 a
2860 3252 2975 3307 quo
3005 3241 3062 3290 et
3092 3235 3294 3291 Petrus
3320 3252 3335 3290 :
3367 3239 3425 3291 et
3474 3234 3609 3290 ideo
3633 3251 3757 3290 non

345 3322 480 3387 ctio,
512 3339 642 3394 quae
667 3328 756 3378 est
787 3332 988 3390 autem,
1021 3326 1319 3396 superflua
1373 3331 1461 3382 est
1492 3328 1672 3399 (858);
1708 3329 1986 3399 quoniam

345 3426 459 3466 non
475 3411 649 3466 habet
671 3412 824 3482 quod
847 3412 898 3466 ei
924 3414 1292 3484 respondeat,
1316 3414 1399 3470 vel
1423 3417 1575 3486 quod
1601 3433 1727 3470 eam
1751 3415 1988 3472 conclu-

347 3499 482 3567 dat;
517 3500 717 3556 etideo
738 3500 819 3555 ita
840 3500 1154 3573 legendum
1178 3507 1264 3557 est
1290 3521 1302 3558 :
1333 3503 1435 3558 Sed
1462 3520 1638 3574 neque
1673 3507 1846 3574 Titus,
1874 3510 1986 3560 etc.

345 3593 577 3660 Propter
592 3590 1051 3654 subintroductos,
1084 3591 1299 3662 inquit,
1334 3593 1503 3662 falsos
1530 3596 1755 3663 fratres.
1789 3593 1992 3649 Osten-

348 3676 434 3730 dit
460 3677 616 3730 enim
639 3676 730 3732 his
762 3679 972 3743 verbis,
997 3696 1030 3732 a
1051 3680 1265 3750 quibus
1298 3681 1640 3752 compulsus
1671 3683 1860 3737 fuerat
1881 3681 1990 3736 cir-

351 3764 666 3819 cunmcidi.

422 3853 699 3924 Sequitur
725 3871 737 3908 :
772 3855 850 3909 Ab
881 3855 966 3910 his
993 3864 1196 3923 autem,
1245 3875 1337 3929 qui
1395 3859 1723 3914 videbantur
1751 3875 1863 3914 esse
1888 3861 1996 3914 ali-

354 3942 506 4013 quid,
531 3947 640 3998 etc.
678 3942 816 3997 Tale
845 3950 953 4010 est,
987 3945 1138 4000 sicut
1167 3947 1308 4002 dicit
1365 3947 1774 4020 Hieronymus,
1825 3947 1997 4019 quasi

355 4031 634 4086 dixisset:
695 4032 1042 4105 Quanquam
1074 4039 1283 4091 Petrus
1311 4035 1564 4092 Jacobus
1594 4041 1652 4092 et
1676 4037 1934 4091 Joannes
1963 4054 1997 4091 a

355 4119 600 4176 Domino
623 4120 838 4176 fuerint
857 4125 1167 4196 assumpti,
1193 4129 1250 4180 et
1270 4124 1652 4181 clariﬁcatum
1683 4141 1819 4180 eum
1847 4126 2000 4180 vide-

356 4210 494 4274 rint,
528 4215 586 4265 et
616 4226 792 4280 super
820 4211 950 4267 illos
1009 4212 1392 4269 fundamenta
1447 4213 1712 4270 Ecclesiae
1753 4214 1996 4285 jacerit;

359 4299 501 4354 mihi
534 4303 730 4354 tamen
763 4300 907 4356 nihil
941 4302 1203 4370 interest,
1263 4303 1402 4375 quia
1433 4319 1549 4357 non
1590 4303 1873 4358 adversus
1903 4320 2002 4359 eos

360 4387 589 4460 loquor,
621 4389 721 4462 qui
753 4390 1064 4446 Dominum
1095 4392 1154 4446 in
1188 4408 1360 4446 carne
1391 4391 1630 4444 fuerunt
1659 4392 1864 4455 secuti,
1899 4392 2000 4446 sed

358 4478 635 4534 adversus
669 4495 786 4544 eos,
823 4479 922 4551 qui
955 4479 1140 4553 legem
1173 4479 1372 4553 gratiae
1403 4479 1736 4549 praeferunt.
1760 4479 1886 4534 Non
1909 4480 2004 4533 de-

2097 3331 2253 3384 esset
2281 3326 2515 3397 dispar:
2550 3329 2951 3380 verumtamen
2983 3324 3180 3379 divina
3209 3328 3404 3380 actum
3437 3328 3598 3380 esset
3628 3324 3757 3380 dis-

2101 3414 2463 3488 pensatione,
2497 3417 2561 3468 ut
2579 3414 2694 3469 duo
2715 3417 2946 3469 essent:
2977 3430 3132 3469 unus
3159 3429 3366 3469 eorum
3398 3413 3459 3468 in
3490 3412 3760 3468 circum-

2101 3505 2341 3570 cisione,
2377 3503 2524 3558 alter
2553 3504 2610 3557 in
2639 3503 2941 3574 praeputio,
2975 3519 3048 3558 ne
3093 3503 3340 3558 tarditas
3398 3502 3564 3558 fieret
3592 3501 3758 3558 ﬁdei.

2100 3594 2246 3649 Nam
2275 3593 2321 3648 si
2346 3597 2549 3664 gentes
2572 3596 2849 3662 provectae
2873 3591 3076 3652 aetatis.
3101 3591 3270 3663 signo
3293 3606 3409 3646 non
3431 3590 3760 3661 profuturae

2102 3681 2568 3738 circumcisionis
2582 3680 2948 3736 cruciarentu
2957 3683 3065 3744 r,et
3081 3695 3116 3734 a
3130 3678 3278 3733 cibis
3293 3676 3593 3733 consuetis
3615 3693 3760 3748 pro-

2103 3771 2465 3837 hiberentur,
2500 3769 2571 3823 ad
2605 3769 2778 3823 ﬁdem
2809 3767 3006 3823 venire
3034 3767 3428 3824 tardarentur.
3463 3766 3764 3822 Similiter

2103 3859 2311 3928 Judaei,
2345 3858 2394 3913 si
2426 3875 2461 3913 a
2489 3856 2932 3914 circumcisione
2963 3860 3022 3912 et
3049 3854 3292 3927 antiqua
3340 3854 3582 3910 Patrum
3615 3871 3762 3911 con-

2107 3947 2439 4013 suetudine,
2472 3963 2574 4018 per
2599 3963 2777 4018 quam
2805 3961 2867 4001 se
2896 3945 3182 4017 gloriosos
3203 3944 3510 4014 jactabant
3539 3949 3600 3999 et
3627 3960 3766 4016 qua

2108 4036 2223 4091 illis
2247 4035 2413 4105 quasi
2433 4035 2690 4089 secunda
2712 4038 2837 4090 erat
2859 4032 3568 4104 natura,prohiberentur,
3601 4038 3767 4090 certe

2107 4124 2341 4181 credere
2357 4123 2827 4179 tardarentur.Et
2848 4122 2978 4178 ideo
3002 4122 3205 4177 Petrus
3223 4119 3476 4194 speciale
3491 4121 3766 4178 ofﬁcium

2109 4211 2542 4284 praedicationis
2572 4211 2631 4266 in
2657 4210 3126 4279 circumcisione,
3150 4209 3368 4266 Paulus
3389 4225 3523 4266 vero
3547 4210 3769 4282 accipit

2111 4302 2171 4356 in
2193 4299 2496 4371 praeputio,
2517 4304 2812 4372 quatenus
2841 4299 3178 4372 quicunque
3206 4315 3276 4354 ex
3303 4298 3526 4354 Judaais
3554 4299 3767 4355 crede-

2111 4393 2262 4456 rent,
2296 4387 2577 4444 haberent
2605 4389 2842 4443 Petrum
2899 4389 3046 4460 (860)
3105 4403 3281 4459 quem
3330 4392 3765 4459 sequerentur;

2113 4477 2384 4534 similiter
2413 4481 2470 4532 et
2498 4477 2800 4532 credentes
2831 4491 2900 4532 ex
2927 4476 3224 4548 gentibus,
3247 4475 3520 4532 Paulum.
3544 4481 3630 4532 Ac
3664 4493 3768 4549 per

360 4567 528 4622 traho
549 4569 1023 4638 praecessoribus,
1047 4585 1236 4640 neque
1258 4582 1468 4622 accuso
1496 4567 1770 4636 majores,
1803 4568 1901 4621 sed
1934 4568 2001 4622 ﬁ-
2033 4586 2080 4652 D
2111 4568 2221 4623 hoc
2239 4582 2417 4638 super
2443 4566 2605 4621 varia
2625 4565 3024 4622 observatione
3045 4582 3162 4622 non
3191 4564 3412 4638 dispar,
3443 4565 3546 4621 sed
3574 4581 3766 4622 unum

361 4655 668 4711 ducialiter
688 4655 816 4712 dico
840 4656 978 4728 quia
1000 4657 1140 4712 Deus
1162 4670 1458 4726 personam
1477 4654 1716 4707 hominis
1734 4668 1844 4708 non
1867 4657 2006 4711 acci-

429 4817 577 4890 (855)
598 4816 849 4872 Verbum
884 4833 1056 4890 neque
1086 4811 1535 4890 supraverburn
1560 4810 1883 4890 ad,_eodem
1915 4819 2004 4871 ta-

359 4881 494 4943 men
525 4881 818 4944 caractere
832 4881 1089 4964 positum
1121 4881 1452 4964 inspicitur.
1471 4881 1778 4964 Videbitur
1794 4902 1894 4964 per
1914 4903 2001 4964 ea,

362 4977 489 5032 quae
521 4955 861 5032 sequentur,
896 4957 1493 5032 auctoremgnostrurn
1516 4955 2003 5032 pluribuslectiol

363 5025 556 5099 nibus,
589 5025 961 5102 potissimum
997 5026 1220 5081 scilicet
1249 5031 1304 5080 et
1336 5025 1556 5102 Latina
1593 5028 2002 5102 veteri,_quam

364 5097 621 5158 italicarn
653 5106 880 5166 vocant,
915 5104 971 5151 et
1001 5115 1088 5159 ea,
1124 5113 1250 5166 qua
1283 5114 1350 5151 ex
1380 5097 1593 5154 Graecis
1623 5097 1917 5156 codicibus
1947 5107 2004 5158 et

364 5175 588 5229 Latinis
619 5171 826 5233 verior,
859 5174 914 5222 et
944 5168 1394 5240 Hieronymiana
1449 5168 1794 5240 appellatur,
1829 5190 2002 5228 usum

364 5245 546 5300 fuisse
573 5261 584 5297 :
622 5243 754 5296 huic
785 5245 979 5293 autem
1014 5239 1205 5310 potius
1237 5257 1297 5295 se
1318 5239 1811 5298 accommodasse.

437 5314 584 5385 (856)
633 5313 779 5366 Loco
828 5311 966 5363 certi
992 5325 1231 5365 essemus
1260 5311 1570 5383 legendum
1603 5313 1802 5369 censui
1837 5331 1848 5369 :
1893 5330 2003 5370 ces-

364 5389 637 5440 sissemus.
674 5386 738 5434 ut
769 5396 985 5453 paucos
1018 5387 1149 5452 post
1176 5400 1398 5452 versus,
1433 5385 1531 5438 ubi
1563 5385 1714 5440 idem
1739 5386 2004 5453 verbum,

368 5455 692 5527 eademde
721 5451 1029 5527 occasione
1051 5456 1347 5524 repetitur,
1381 5471 1623 5526 arguere
1655 5460 1759 5511 est.

440 5522 588 5592 (857)
617 5521 794 5597 Divus
830 5521 1206 5597 Hieronymus
1263 5521 1341 5582 in'
1379 5521 1531 5581 hanc
1587 5527 1792 5597 Epist.,
1827 5542 1859 5580 a
1889 5543 2004 5597 quo

371 5595 681 5667 desumpta
711 5592 829 5667 haec
850 5592 1266 5667 interpretatio.
1300 5599 1601 5653 itahabet:
1629 5592 1734 5652 λιιι
1749 5600 1801 5652 si
1819 5592 2006 5652 Latini

371 5663 703 5734 exemplaris
732 5665 901 5720 alicui
929 5663 1065 5737 ﬁdes
1088 5670 1284 5744 placet,
1343 5668 1642 5725 secundum
1670 5671 2005 5742 superiorem

2111 4660 2267 4712 esset
2287 4653 2686 4725 Evangelium.

2110 4831 2332 4871 sensum
2361 4814 2611 4884 accipere
2638 4813 2911 4883 debemus,
2943 4817 3004 4869 ut
3051 4814 3121 4870 ad
3175 4814 3367 4869 horam
3423 4816 3618 4880 cessio,
3653 4831 3766 4872 non

2110 4884 2537 4943 circumcidendi
2561 4885 2693 4957 Titi,
2747 4886 2847 4941 sed
2907 4884 3076 4941 eundi
3128 4885 3527 4957 Jerosolymam
3567 4887 3764 4957 fuerit.

2114 4961 2226 5028 Quo
2255 4957 2462 5012 scilicet
2518 4955 2725 5028 idcirco
2773 4957 3102 5026 subjectioni
3157 4955 3418 5028 cesserint
3445 4955 3672 5013 Paulus
3715 4961 3768 5012 et

2111 5027 2400 5084 Barnabas
2429 5027 3030 5100 eundiJerosolymam,
3058 5028 3324 5084 seditione
3351 5027 3416 5083 ob
3447 5029 3622 5099 legem
3654 5029 3764 5084 An-

2110 5101 2330 5157 tiochiae
2358 5100 2646 5165 concitata,
2680 5103 2740 5153 ut
2762 5115 2860 5169 per
2888 5100 3196 5170 Epistolam
3226 5101 3628 5170 apostolorum,
3661 5115 3766 5156 sua

2111 5172 2382 5228 sententia
2413 5169 2751 5240 ﬁrmaretur,
2781 5174 2832 5226 et
2861 5169 3106 5244 maneret
3129 5169 3279 5244 apud
3336 5170 3564 5244 Galatas
3587 5173 3767 5243 Evan-

2111 5244 2246 5314 gelii
2283 5243 2504 5308 veritas,
2529 5258 2651 5315 quae
2675 5257 2784 5296 non
2814 5249 2947 5315 esset
2973 5243 3032 5297 in
3065 5242 3274 5315 littera,
3301 5242 3395 5296 sed
3425 5245 3485 5298 in
3513 5242 3762 5315 spiritui;

2112 5312 2228 5370 non
2258 5315 2318 5369 in
2346 5312 2565 5387 carnali
2589 5328 2774 5387 sensu,
2803 5312 2894 5387 sed
2925 5314 2985 5368 in
3039 5312 3423 5387 intelligentia
3449 5312 3762 5387 spirituali,

2112 5403 2209 5441 nec
2236 5387 2294 5438 in
2322 5383 2619 5456 manifesto
2636 5383 2945 5456 ,Judaismo,
2977 5387 3072 5440 sed
3101 5386 3163 5440 in
3191 5385 3417 5441 occulto.

2186 5456 2336 5527 (858)
2369 5453 2546 5527 Divus
2579 5453 2903 5527 Hieron,_in
2929 5453 3080 5511 hanc
3134 5456 3323 5527 Epist.
3382 5473 3446 5526 ιι,
3497 5455 3554 5526 3,
3607 5455 3661 5527 4,
3701 5455 3758 5523 5,

2114 5524 2254 5582 edit.
2283 5524 2554 5594 Vallars.,
2586 5531 2730 5580 tom.
2762 5524 2863 5579 VII
2892 5529 3107 5583 colum.
3137 5524 3263 5584 401.

2205 5596 2332 5669 859)
2362 5595 2533 5669 Vulg.
2562 5597 2656 5652 sed
2681 5605 2926 5669 econtra.

2207 5667 2332 5741 860)
2358 5667 2570 5741 Autog.
2598 5668 2888 5742 praevium.
