3990 6224
200 347 325 409 M3
828 336 1239 398 EXPOSITIO
1285 336 1362 396 ΙΝ
1412 334 1832 397 EPISTULAS
1875 333 2133 395 PAULI.
2167 368 2242 378 -—
2288 337 2363 396 ΙΝ
2416 338 2661 398 EPIST.
2712 340 2813 398 AD
2864 342 3032 401 GAL.
3509 349 3624 408 514

210 492 405 535 carne.
440 472 731 529 Malorum
762 486 1017 539 namque
1043 485 1172 524 esse
1230 468 1289 523 in
1347 483 1518 523 carne
1539 471 1647 535 est;
1695 467 1867 521 bono-
1896 468 1951 535 Α
1982 467 2134 520 enim
2170 468 2362 523 adhuc
2395 471 2572 524 tcneri
2605 476 2850 535 erant,et
2880 472 3111 538 lacte,et
3141 492 3252 530 non
3288 477 3472 533 solido
3515 497 3624 533 nu-

213 583 346 623 rum
378 580 513 619 vero
545 560 739 615 vivere
771 559 827 613 in
851 575 1042 613 carne.
1078 558 1145 612 Et
1194 558 1345 629 quod
1382 556 1667 612 malorum
1702 558 1774 612 sit
1808 556 1866 611 in
1978 555 2303 611 triebantur
2332 559 2479 614 cibo.
2515 560 2581 613 Et
2612 561 2737 615 ideo
2767 562 2941 617 dicit:
2995 566 3127 631 Quis
3158 581 3245 620 vos
3288 568 3579 633 fascinavit
3603 574 3628 624 γ

212 671 386 711 carne
418 668 568 717 esse,
596 650 749 705 idem
770 646 1085 717 Apostolus
1119 663 1129 701 :
1164 648 1255 712 Hi,
1285 649 1381 718 qui
1412 648 1470 700 in
1515 663 1679 701 carne
1718 650 1865 712 sunt,
1977 646 2055 697 Ac
2086 645 2135 699 si
2159 646 2374 702 diceret
2398 666 2409 702 :
2436 648 2661 703 Parvuli
2686 651 2871 705 adhuc
2894 657 2950 706 et
2980 656 3161 709 teneri
3196 656 3477 721 fuistis;et
3500 659 3628 715 ideo

214 746 322 800 Deo
347 742 572 811 placere
602 754 712 791 non
742 738 964 806 possunt
993 736 1173 803 (Rom.
1215 752 1335 799 vm,
1359 738 1411 803 8)
1448 752 1461 801 ;
1494 739 1549 788 et
1592 735 1756 788 bonis
1787 733 1869 786 di-
1980 734 2125 788 forte
2183 737 2563 792 i'ascinatione
2620 740 2791 793 nociti
2848 743 3006 796 estis.
3065 745 3368 801 Fascinum
3433 764 3625 804 autem

210 834 419 889 cebat:
460 830 556 884 Vos
589 835 774 882 autem
802 841 909 880 non
935 827 1062 879 estis
1085 825 1144 879 in
1172 839 1358 892 carne,
1408 823 1501 878 sed
1558 825 1617 877 in
1672 825 1871 893 spiritu
1980 826 2177 876 utrum
2212 825 2397 880 valeat
2426 830 2747 881 secundum
2796 830 2947 895 vulgi
3008 836 3472 902 aestimationem,
3529 840 3607 894 De

210 922 403 993 (Ibid.,
434 920 509 989 9).
550 918 661 971 Iste
683 932 835 979 vero,
862 916 960 983 qui
996 914 1050 967 in
1081 930 1252 967 carne
1286 930 1400 967 non
1431 918 1571 979 erat,
1608 914 1663 966 in
1699 927 1871 965 carne
1982 912 2163 966 solius
2194 922 2282 969 est
2313 920 2777 971 nosseAttamen
2807 936 2917 972 non
2952 926 3041 974 est
3071 923 3629 1000 «liftidendumquod

210 1011 446 1066 vivebat
481 1032 494 1073 ;
529 1005 669 1077 quia
699 1004 895 1060 anima
918 1001 1154 1056 illiusin
1177 1001 1429 1055 claustro
1459 1002 1651 1055 carnis
1681 1000 1870 1055 consi-
1982 1003 2101 1054 sint
2123 1004 2387 1071 quazdam
2420 1005 2748 1058 dannonum
2774 1024 2986 1073 genera
3017 1010 3085 1062 ad
3120 1010 3225 1065 hoc
3252 1015 3509 1073 oflicium
3530 1021 3629 1075 de-

211 1100 413 1156 stebat
440 1113 455 1161 ;
483 1095 583 1150 sed
618 1099 815 1148 tamen
840 1096 1032 1146 mente
1056 1090 1170 1145 Deo
1217 1088 1525 1149 militabat.
1592 1095 1654 1144 ut
1702 1089 1825 1159 ipse
1858 1104 1869 1143 :
1985 1094 2187 1159 putata
2217 1092 2372 1160 (nam
2406 1092 2631 1146 diversa
2662 1100 2799 1146 sunt
2830 1112 3029 1149 eorum
3052 1106 3285 1170 genera)
3310 1105 3407 1174 qui
3428 1122 3633 1176 parvos

216 1189 432 1245 Nostra
460 1192 643 1239 autem
668 1181 1007 1237 conversatio
1032 1179 1299 1250 (Philipp.
1332 1196 1414 1245 Ill,
1474 1180 1586 1246 20),
1640 1182 1746 1233 etc.
1813 1177 1877 1232 Et
1986 1194 2220 1248 corpore
2250 1186 2307 1233 et
2330 1186 2523 1234 mente
2555 1183 2921 1235 conturbent.

224 1281 296 1331 ut
326 1273 652 1330 ostenderet
680 1269 779 1325 ubi
797 1269 1035 1337 viveret,
1059 1268 1290 1323 subdit:
1320 1268 1381 1322 In
1412 1265 1544 1337 ﬁde,
1596 1272 1705 1321 etc.
1743 1290 1757 1332 ;
1817 1264 1874 1354 id
2058 1267 2331 1336 Sequitur
2364 1285 2375 1322 :
2404 1270 2539 1324 Ante
2562 1286 2795 1340 quorum
2824 1274 3002 1327 oculos
3036 1274 3281 1332 Christus
3310 1282 3461 1338 Iesus
3484 1299 3633 1354 prae-

227 1370 341 1429 est,
364 1363 425 1416 in
478 1360 643 1416 bonis
694 1356 1057 1431 spiritalibus
1104 1361 1279 1427 atque
1338 1354 1679 1427 perpetuis;
1741 1353 1879 1443 quia
1985 1360 2221 1425 scriptus
2250 1366 2340 1411 est.
2378 1357 2501 1412 Non
2528 1375 2700 1427 parva
2744 1358 2872 1415 laus
2930 1368 3017 1416 est
3066 1366 3425 1439 Galatarum,
3482 1353 3633 1443 quod

221 1453 384 1508 Deus
409 1466 526 1505 non
558 1445 897 1518 temporalia
927 1446 1029 1500 sed
1061 1449 1340 1516 perpetua
1395 1444 1519 1499 suis
1565 1442 1876 1515 promittit,
1988 1444 2251 1500 Christus
2284 1452 2415 1500 ante
2440 1446 2637 1501 oculos
2663 1464 2864 1502 eorum
2890 1450 3104 1505 dicitur
3126 1442 3636 1528 preescriptusmoc

224 1545 291 1596 ut
314 1541 377 1594 in
408 1537 612 1602 illis,in
645 1536 858 1607 quibus
884 1550 1041 1589 nunc
1072 1537 1273 1605 regnat
1304 1550 1405 1604 per
1439 1532 1877 1604 gratiam,post-
1990 1540 2097 1597 est,
2128 1536 2577 1605 praenuntiatus,
2609 1538 2887 1605 quoniam
2921 1538 3029 1608 ipsi
3082 1544 3342 1599 studiose
3396 1546 3637 1618 legendo

225 1630 472 1684 modum
506 1624 813 1697 apertius:
846 1628 901 1678 et
958 1623 1015 1676 in
1066 1622 1280 1692 quibus
1338 1638 1492 1676 nunc
1540 1638 1643 1693 per
1691 1636 1878 1692 spem,
1992 1624 2215 1678 Veteris
2246 1623 3638 1698 TestamentiScripturas,agnoveruntChristum

225 1716 609 1789 postmodum
643 1730 746 1785 per
768 1728 909 1767 rem.
1994 1729 2108 1766 non
2141 1712 2329 1766 solum
2352 1715 2938 1783 cruciligendum,sed
2965 1724 3021 1770 et
3080 1722 3277 1777 omnia
3321 1740 3448 1793 quae
3505 1743 3642 1799 erga

303 1806 370 1861 Et
399 1804 600 1859 volens
630 1802 937 1857 ostendere
967 1801 1025 1854 in
1057 1800 1227 1870 cujus
1258 1800 1448 1855 solum
1484 1800 1594 1853 ﬁde
1647 1798 1883 1863 viveret,
1918 1836 1963 1898 Β
1994 1817 2129 1855 eum
2161 1807 2324 1871 gesta
2356 1808 2496 1856 sunt
2530 1819 2701 1872 passu
2716 1806 3018 1876 πωπω-ες)
3047 1813 3179 1862 ante
3213 1813 3479 1867 omnium
3506 1798 3641 1870 ocu-

234 1894 541 1964 subjunxit
575 1910 587 1946 :
615 1893 722 1959 Qui
752 1890 946 1945 ditarit
972 1906 1078 1953 me,
1102 1894 1211 1943 etc.
1266 1888 1529 1943 Miranda
1583 1893 1638 1941 ut
1686 1888 1885 1942 ineffa-

232 1985 369 2041 bilis
398 1989 487 2039 est
515 1982 639 2037 hac
672 1978 902 2035 dilectio
934 1995 947 2034 :
982 1983 1045 2033 ut
1074 1983 1224 2033 Deus
1256 1994 1357 2049 pro
1390 1978 1643 2047 homine,
1668 1981 1891 2032 creator

233 2092 336 2147 pro
372 2077 641 2128 creatura
673 2073 1013 2124 moreretur.
1042 2068 1110 2122 Et
1138 2067 1197 2121 in
1223 2084 1309 2137 eo,
1343 2067 1499 2138 quod
1532 2066 1672 2121 dicit
1704 2083 1716 2119 :
1775 2070 1891 2121 tra-

230 2164 392 2229 didit,
427 2167 560 2230 etc.,
590 2158 848 2214 ostendit
876 2174 939 2213 se
989 2173 1117 2211 esse
1176 2160 1562 2227 peccatorem,
1597 2156 1889 2226 quomodo

232 2252 510 2307 Christus
540 2264 642 2321 pro
674 2244 1075 2318 peccatoribus
1099 2249 1366 2299 mortuus
1397 2243 1676 2299 est.Unde
1701 2244 1890 2298 Domi-

235 2356 354 2394 nus
388 2355 403 2391 :
436 2339 553 2392 Non
582 2337 705 2391 veni
734 2350 924 2389 vocare
954 2334 1121 2394 iustos
1154 2337 1347 2399 (Marc.
1384 2349 1443 2401 ιι,
1480 2333 1543 2386 17
1579 2351 1591 2399 ;
1643 2333 1771 2386 Luc.
1830 2350 1886 2399 v,

239 2430 355 2494 32;
390 2428 578 2481 Matth.
608 2442 681 2490 Ix,
705 2425 813 2494 13),
845 2428 953 2477 etc.
982 2440 994 2488 ;
1031 2422 1249 2477 frustra
1306 2422 1460 2476 enim
1524 2422 1779 2475 traderet
1828 2437 1889 2476 se

242 2532 351 2589 pro
374 2516 563 2585 justo,
597 2512 705 2569 nisi
737 2515 1003 2584 peccator
1032 2516 1204 2577 esset,
1254 2514 1312 2564 et
1360 2508 1495 2580 quia
1552 2509 1793 2564 tradidit
1830 2526 1891 2565 se

238 2606 442 2677 ipsum
470 2619 573 2674 pro
603 2618 712 2672 me,
746 2618 858 2655 non
888 2601 1088 2671 abjicio
1108 2600 1348 2667 gratiam
1369 2600 1733 2654 Dei.Duobus
1766 2616 1891 2655 mos

239 2696 334 2751 dis
366 2692 500 2765 quis
530 2691 731 2761 abjicit
762 2707 774 2743 :
812 2694 912 2744 aut
940 2694 1094 2744 certe
1122 2704 1256 2743 cum
1289 2706 1322 2743 a
1369 2687 1637 2743 libertate
1693 2689 1890 2759 gratiae

241 2784 459 2839 transit
490 2781 562 2837 ad
594 2780 934 2836 servitutem
964 2776 1239 2849 legis,aut
1268 2794 1422 2842 cum,
1475 2783 1745 2848 percepta
1801 2794 1890 2833 re-

244 2870 529 2928 missione
560 2873 926 2941 peccatorum
951 2882 1053 2937 per
1100 2870 1531 2921 sacramentum
1592 2867 1891 2937 baptismi,

244 2961 469 3017 eisdem
503 2957 659 3012 vitiis
690 2955 1045 3011 sordidatur.
1072 2954 1135 3009 Si
1161 2956 1310 3009 enim
1337 2970 1435 3025 per
1464 2954 1635 3025 legem
1670 2955 1897 3025 justitia

244 3055 390 3116 etc.;
424 3046 593 3118 quasi
622 3046 841 3100 diceret
871 3060 883 3098 :
916 3044 973 3097 Si
1009 3059 1110 3115 per
1136 3042 1325 3114 legem
1358 3043 1892 3113 essetjustiﬁcatio,

247 3138 432 3211 gratis
461 3136 728 3191 Christus
755 3132 1439 3203 moreretur.Assumpsit
1470 3132 1626 3187 enim
1648 3134 1895 3203 Aposto-

1996 1890 2084 1945 los
2116 1891 2488 1962 praescriptus
2519 1892 2734 1946 dicitur
2755 1893 3172 1965 Jesus,quibus
3203 1906 3337 1954 nota
3357 1908 3443 1955 est
3464 1906 3643 1961 series

2001 1978 2220 2033 Veteris
2251 1980 2627 2034 Testamenti.
2664 1980 2975 2036 Sciendum
3009 1986 3148 2053 quia
3172 1987 3226 2039 in
3286 1990 3641 2058 quibusdam

1999 2068 2429 2138 exemplaribus
2482 2068 2715 2139 legitur,
2758 2074 3135 2141 proscriptus;
3202 2077 3348 2147 (889)
3401 2081 3644 2148 proscri-

1999 2161 2133 2226 ptus
2164 2156 2319 2210 enim
2352 2156 2567 2210 dicitur
2587 2157 2873 2213 alienatus
2905 2160 3023 2215 sive
3053 2163 3331 2233 dejectus.
3368 2167 3454 2221 llli
3487 2170 3642 2225 enim

2001 2246 2215 2315 quibus
2238 2245 2427 2316 placet
2449 2245 2635 2315 legere
2661 2250 2998 2319 proscriptus
3028 2251 3108 2305 sic
3142 2253 3645 2326 intelligunt:Ante

2000 2333 2199 2388 oculos
2230 2350 2429 2387 eorum
2460 2336 2823 2405 proscriptus
2839 2342 2927 2392 est
2952 2340 3288 2411 Jesus,quia
3319 2360 3351 2396 a
3380 2343 3645 2401 libertate

2000 2422 2195 2493 gratiae
2230 2423 2659 2489 recedentes,ad
2694 2424 2837 2495 legis
2885 2428 3243 2483 transierunt
3285 2434 3643 2489 servitutem.

2000 2511 2215 2566 Verum
2240 2517 2524 2581 quantum
2548 2512 2618 2566 ad
2639 2514 3049 2583 proprietatem
3071 2517 3277 2572 attinet
3306 2519 3644 2577 Galatarum

2002 2599 2159 2670 prior
2184 2616 2393 2653 sensus
2417 2600 2604 2670 magis
2634 2602 2982 2657 conveniens
3012 2606 3266 2675 est,quia
3284 2625 3397 2663 non
3430 2611 3645 2680 studio,
3704 2662 3711 2669 .

2002 2688 2100 2743 sed
2133 2688 2483 2759 ignorantia,
2520 2696 2923 2759 peccaverunt.
2960 2692 3103 2763 Ergo
3131 2696 3361 2764 quoties
3391 2697 3647 2769 aliquem

2003 2777 2197 2831 studio
2220 2794 2456 2847 peccare
2477 2778 2853 2846 videmus,uti
2875 2780 2981 2835 hoc
3004 2784 3287 2839 versiculo
3310 2803 3646 2857 possumus.

2076 2868 2385 2938 Sequitur:
2420 2872 2536 2921 Hoc
2554 2870 2732 2923 solum
2764 2872 2878 2926 volo
2910 2890 2943 2925 α
3000 2874 3145 2927 vobis
3201 2876 3427 2939 discere,
3485 2884 3595 2932 etc.
3632 2896 3647 2943 ;

2005 2974 2070 3013 ac
2100 2958 2149 3011 si
2181 2956 2425 3011 diceret:
2462 2962 2537 3011 De
2560 2957 2760 3013 multis
2784 2959 3128 3033 interrogari
3190 2966 3488 3033 poteratis,
3550 2983 3652 3037 per

2006 3063 2132 3117 quae
2164 3046 2511 3117 cogeremini
2545 3047 2791 3117 gratiam
2823 3048 2936 3119 legi
2961 3052 3226 3119 praeferre
3251 3055 3373 3117 ;sed
3405 3055 3543 3123 quia
3567 3056 3652 3109 in-

2008 3140 2272 3190 sensatos
2303 3150 2402 3188 vos
2432 3134 2570 3199 dixi,
2596 3151 2710 3189 non
2742 3134 2945 3203 multa,
2981 3154 3165 3207 neque
3198 3142 3504 3210 profunda.
3542 3143 3651 3197 Sed

375 3226 523 3281 hanc
552 3222 905 3296 particulam
935 3220 1280 3293 syllogismi,
1310 3192 1402 3275 cui
1434 3192 1767 3277 addendum
1808 3226 1898 3277 est
1926 3192 1968 3258 Ο
2009 3224 2163 3279 unde
2193 3224 2511 3293 interrogat
2543 3192 2568 3274 ε’
2589 3224 2670 3275 Ex
2699 3192 2970 3293 operibus,
3004 3192 3214 3295 inquit:

246 3315 677 3379 membrum,ut
695 3312 984 3382 perfectus
1014 3310 1422 3377 reddatur,hoc
1464 3310 1674 3365 modo:
1730 3311 1897 3366 Chri-

245 3410 376 3461 stus
408 3421 525 3459 non
554 3407 643 3457 est
672 3400 855 3473 gratis
914 3403 1180 3453 mortuus
1215 3416 1227 3465 ;
1277 3398 1573 3453 conclusio
1604 3416 1735 3454 vero
1768 3398 1900 3453 talis

245 3500 340 3551 est
372 3511 385 3549 :
416 3498 524 3547 Per
546 3490 841 3562 justitiam
871 3488 1017 3560 legis
1063 3505 1176 3543 non
1220 3487 1648 3558 justificabitur
1705 3487 1897 3544 homo.

324 3584 473 3654 (876)
503 3583 652 3653 (CAP.
686 3579 809 3649 IlI.)
863 3577 1175 3648 Sequitur:
1238 3579 1284 3634 0
1342 3578 1620 3632 insensati
1673 3576 1899 3633 Galatae.

248 3672 497 3731 Duabus
527 3687 628 3742 pro
657 3670 834 3724 rebus
854 3670 1018 3722 vocat
1047 3682 1144 3721 eos
1176 3666 1506 3721 insensatos
1534 3682 1547 3719 :
1580 3665 1663 3720 vel
1715 3665 1851 3737 quia
1872 3682 1905 3721 a

250 3763 467 3837 spiritu
500 3760 569 3815 ad
601 3773 835 3814 carnem
868 3755 1177 3821 redierant,
1210 3754 1298 3810 vel
1324 3759 1476 3810 certe
1498 3758 1661 3809 notat
1706 3772 1806 3811 eos
1836 3772 1905 3811 ex

250 3851 489 3927 propria
520 3847 801 3919 qualitate
846 3845 1348 3917 provincia3(877).
1392 3844 1711 3915 Sequitur:
1772 3848 1907 3914 Quis

252 3961 343 4000 vos
372 3937 704 4013 [ascinavit‘l
732 3935 879 3990 Nota
900 3932 1164 4004 quianon
1193 3932 1512 4004 alloquitur
1540 3949 1638 3989 eos
1660 3935 1902 4005 profun-

252 4032 520 4087 diorihus
552 4024 939 4099 argumentis,
973 4026 1037 4077 ut
1058 4022 1370 4093 Romanos,
1396 4023 1495 4078 sed
1530 4023 1722 4093 potius
1780 4023 1901 4079 vul-

247 4122 375 4193 gari
409 4112 815 4173 fascinationis
846 4112 1043 4177 verbo,
1078 4115 1140 4165 ut
1173 4110 1407 4165 stultos.
1440 4110 1557 4165 Hoc
1589 4112 1743 4166 enim
1776 4129 1903 4167 ver-

247 4202 779 4265 buminveniturin
795 4201 1113 4272 Scripturis
1145 4198 1377 4267 divinis;
1411 4200 1467 4254 in
1499 4200 1646 4255 libro
1670 4216 1902 4273 quoque

249 4298 353 4370 qui
384 4295 685 4368 Sapientia
710 4290 1034 4347 Salomonis
1057 4288 1288 4355 dicitur,
1323 4288 1607 4359 scriptum
1638 4295 1761 4345 est:
1793 4292 1901 4345 Fa-

246 4388 484 4443 δείηαίἰο
533 4382 868 4452 nugacitatis
917 4380 1169 4436 obscurat
1231 4380 1368 4433 bona
1425 4377 1574 4449 (Sep.
1652 4395 1727 4443 iv,
1813 4379 1897 4449 12)

248 4474 438 4546 Vulgo
461 4473 681 4545 quippe
702 4469 990 4525 fascinum
1017 4467 1231 4523 dicitur
1252 4480 1490 4522 noscere
1517 4466 1897 4538 parvulis,qui

2008 3312 2334 3383 accepistis?
2387 3317 2492 3366 etc.
2529 3311 2841 3366 Sciendum
2874 3330 3009 3367 vero
3041 3316 3179 3383 quia
3218 3317 3274 3370 in
3337 3318 3655 3388 primordio

2010 3400 2274 3456 Ecclesiae
2314 3404 2436 3454 erat
2492 3401 2849 3455 consuetudo
2900 3408 2966 3456 ut
3024 3404 3319 3460 credentes
3382 3406 3655 3477 baptizati

2011 3489 2376 3562 apertissime
2408 3488 2641 3558 aliquod
2678 3489 2895 3543 donum
2929 3490 3182 3563 Spiritus
3207 3494 3393 3549 sancti
3425 3496 3655 3567 accipe-

2012 3584 2159 3645 rent,
2197 3594 2297 3650 per
2349 3578 2503 3649 quod
2556 3584 3025 3635 monstrarentur
3079 3584 3330 3653 gratiam
3391 3584 3655 3653 ejusdem

2008 3669 2262 3741 Spiritus
2288 3668 2470 3722 sancti
2504 3668 2559 3722 in
2586 3668 2934 3739 baptismate
2992 3673 3303 3744 accepisse,
3360 3674 3513 3729 sicut
3573 3674 3657 3729 illi

2011 3757 2317 3813 duodecim
2351 3774 2599 3827 quorum
2634 3759 2848 3814 mentio
2884 3760 2948 3813 tit
2978 3760 3036 3815 in
3066 3762 3310 3818 Actibus
3368 3764 3659 3835 apostolo-

2011 3864 2141 3902 rum
2170 3863 2182 3902 :
2209 3849 2333 3901 Αιίὶ
2360 3864 2596 3917 namque
2624 3848 2831 3917 linguis
2856 3850 3349 3919 toquebantur,alii
3370 3854 3663 3925 prapheta-

2014 3938 2145 3992 bant
2174 3937 2310 4006 (Act.
2344 3954 2456 4003 xxx,
2489 3940 2523 3989 ti
2578 3939 2652 4005 7),
2708 3942 2815 3992 etc.
2871 3942 3116 3993 Docente
3170 3958 3424 4011 namque
3483 3942 3658 3997 Paulo

2011 4031 2351 4097 acceperant
2380 4024 2648 4079 similiter
2667 4025 2877 4079 Galate:
2902 4026 3305 4095 hujuscemodi
3325 4030 3509 4084 sancti
3533 4031 3660 4101 Spi-

2011 4114 2158 4169 ritus
2190 4114 2433 4168 dona.Et
2464 4114 2590 4166 ideo
2624 4114 3055 4183 interrogantur
3112 4122 3306 4169 utrum
3352 4133 3419 4170 ex
3470 4118 3657 4188 operi-

2009 4204 2122 4258 bus
2156 4202 2300 4272 legis
2330 4218 2403 4255 an
2426 4216 2492 4253 ex
2523 4200 2725 4254 auditu
2759 4202 3204 4271 iidei,Spiritum
3254 4209 3523 4259 sanctum
3574 4222 3661 4261 ac-

2010 4291 2284 4363 ceperint.
2317 4291 2395 4344 Ac
2426 4288 2473 4341 si
2506 4288 2719 4343 diceret
2745 4306 2757 4343 :
2793 4290 2850 4344 Si
2874 4290 3127 4360 Spiritus
3157 4296 3395 4346 sanctus
3428 4311 3495 4348 ex
3526 4310 3656 4365 ope-

2009 4378 2172 4435 ribus
2206 4377 2350 4450 legis
2383 4378 2642 4442 daretur,
2676 4393 2790 4432 non
2815 4382 2939 4432 erat
2994 4394 3361 4449 consequens
3420 4384 3483 4435 ut
3532 4382 3662 4438 aliis

2008 4470 2268 4537 daretur,
2304 4466 2416 4522 nisi
2448 4466 2813 4521 circumcisis
2846 4484 2859 4533 ;
2895 4483 2994 4521 vos
3026 4483 3163 4539 ergo
3194 4469 3417 4538 qui,me
3449 4471 3661 4528 docen-

248 4564 449 4619 adhuc
478 4562 658 4618 rectis
682 4559 984 4632 gressibus
1022 4557 1288 4613 incedere
1341 4560 1639 4626 nequeunt
1671 4572 1683 4621 ;
1748 4556 1901 4613 unde
1930 4561 1976 4626 D
2008 4556 2505 4623 te,credidistis,et
2532 4554 2819 4625 Spiritum
2853 4561 3121 4611 sanctum
3155 4558 3487 4627 accepistis,
3539 4576 3661 4614 ma-

251 4650 540 4722 Virgilius
573 4668 584 4704 :

480 4782 662 4832 Nescio
691 4782 814 4845 quis
843 4784 1074 4841 teneros,
1103 4782 1203 4828 etc.
1243 4778 1373 4840 (878)

254 4921 389 4973 Haec
417 4921 612 4972 autem
664 4915 866 4988 opinio
896 4914 1237 4969 versabatur
1286 4927 1422 4983 erga
1478 4911 1711 4969 Galatas
1745 4929 1758 4967 ί
1792 4913 1903 4984 ipsi

326 5043 477 5114 (876)
511 5043 571 5114 In
595 5044 802 5113 Autog.
838 5055 1022 5114 marg.
1046 5037 1152 5114 hic
1182 5036 1292 5108 leg.
1324 5052 1450 5114 cap.

329 5107 479 5185 (877)
510 5113 638 5168 Vid.
673 5107 801 5183 quae
834 5112 904 5167 de
959 5107 1177 5165 Galatia
1237 5107 1604 5180 proloquitur
1647 5110 1777 5164 Atto
1835 5110 1907 5165 ad

252 5185 490 5240 initium
526 5185 705 5255 hujus
739 5186 841 5254 Ep.

322 5258 474 5327 (878)
508 5253 737 5327 Ecclog.
762 5253 817 5323 3,
850 5270 903 5308 v.
940 5253 1079 5327 103;

346 5320 534 5377 Nescio
565 5320 937 5390 quis'teneros
965 5322 1154 5371 oculus
1182 5321 1312 5370 mihi
1343 5320 1569 5369 fascinat
1602 5333 1787 5383 agnos.

252 5398 593 5471 Exemplum
630 5392 1466 5471 tranpositionissyllabarum.
1501 5392 1909 5471 frequentissi-

253 5486 361 5524 mae
394 5461 450 5525 iii
476 5476 678 5527 nostro
706 5461 838 5524 co-d.
874 5468 983 5522 iste
1013 5470 1102 5519 est
1132 5461 1347 5533 textus,
1372 5462 1471 5518 ubi
1528 5461 1653 5519 loCo
1708 5473 1911 5519 teneros

251 5540 470 5611 legitur
495 5548 737 5597 termes.

321 5604 600 5686 (78,79)Divi
630 5608 1346 5686 Jeronymi_textus_supra
1376 5604 1757 5686 cit.editi.onis
1782 5604 1911 5659 Val-

248 5676 511 5769 lartian'a
543 5686 727 5744 habet
751 5676 1115 5757 pr'oscriptus.
1149 5678 1215 5736 1n
1243 5676 1749 5749 interpretatione
1806 5693 1909 5734 au-

2011 4651 2216 4702 nentes
2248 4644 2433 4699 adhuc
2465 4644 2522 4697 in
2556 4645 2856 4715 praeputio,
2882 4662 3060 4716 quare
3090 4646 3162 4700 ad
3193 4646 3383 4702 carnis
3414 4648 3660 4704 circum-

2012 4735 2292 4790 cisionem
2326 4733 2623 4787 transistis
2643 4732 2669 4785 ?

2086 4824 2363 4894 Sequitur
2396 4839 2407 4878 :
2443 4823 2531 4877 Sic
2564 4822 2719 4877 stulti
2758 4826 2904 4891 estis,
2966 4830 3075 4879 etc.
3139 4825 3204 4880 Et
3261 4829 3349 4880 est
3404 4843 3614 4884 sensus
3650 4844 3662 4882 :

2016 4914 2301 4985 Egregius
2332 4912 2471 4965 ordo
2503 4916 2591 4965 est
2625 4928 2657 4965 a
2683 4912 3010 4969 minoribus
3032 4914 3103 4968 ad
3138 4915 3360 4984 majora
3388 4932 3666 4972 conscen-

2016 5043 2132 5111 tem
2158 5036 2335 5105 hujus
2367 5039 2555 5111 textus
2590 5036 2928 5111 immediate
2960 5040 3009 5093 ei
3070 5040 3373 5111 supposita
3434 5055 3665 5109 semper

2016 5108 2193 5162 habet
2218 5108 2690 5175 prwscriptus£ui
2724 5110 3075 5164 dissensioni
3097 5108 3247 5164 recte
3267 5108 3665 5166 adnotandum

2018 5179 2247 5262 censuit
2278 5176 2629 5262 Vall‘artius:
2669 5179 2919 5262 placeret
2941 5181 3247 5262 .Martiano
3277 5182 3394 5262 legi.
3416 5185 3664 5262 praescri-

2012 5246 2746 5321 ptus.quemadmodum'et
2778 5252 2831 5304 in
2866 5252 3125 5306 subnexa
3155 5246 3511 5321 expositione
3535 5253 3663 5308 llie-

2020 5316 2573 5394 ronymusprzel'ert,
2606 5326 2662 5371 et
2692 5320 2750 5373 in
2783 5322 3023 5394 suisille
3055 5316 3352 5377 codicibus
3386 5340 3447 5379 se
3469 5325 3558 5394 ait
3579 5326 3665 5379 in-

2017 5386 2266 5445 venisse.
2314 5386 2505 5464 Nostri
2540 5402 2570 5439 e
2598 5392 3012 5464 contrariohic
3054 5394 3401 5464 impressam
3464 5393 3667 5450 lectio-

2021 5460 2474 5536 nemasserunt,
2510 5471 2635 5536 quae
2670 5475 2771 5513 nec
2804 5478 2863 5515 re
2894 5463 3023 5536 ipsa
3042 5460 3313 5518 dissentit
3344 5464 3415 5518 ab
3471 5465 3668 5536 Hiero-

2022 5531 2298 5611 εγωίαρθ
2330 5531 2679 5611 δοθεὶρυοηθν
2715 5546 2817 5583 τιθο
2842 5548 2874 5611 {1
2904 5531 3305 5611 Grecofeetuz
3327 5533 3668 5611 προεγράφη·

2019 5595 2312 5732 Vtictorius
2343 5595 2620 5654 continuo
2644 5604 2974 5676 proscriptos
3006 5604 3163 5679 legit.
3194 5595 3381 5678 Vulg:
3411 5595 3668 5679 prescri-

2020 5691 2054 5732 υ
2083 5687 2168 5729 us.

2019 5687 2168 5753 pius.
