3990 6224
185 316 305 379 517

790 306 1211 368 EXPOSI'I‘IO
1256 308 1331 368 IN
1379 304 1807 370 EPISTOLAS
1856 308 2116 371 PAULI.
2159 307 2346 369 -ΙΝ
2395 307 2643 368 EPIST.
2689 308 2790 366 AD
2840 307 3014 367 GAL.

3488 308 3610 369 5I8

190 448 303 515 Qui
335 447 441 502 hoc
470 442 563 499 vel
596 442 739 497 illud
763 439 985 506 fecerit,
1019 444 1205 494 marte
1238 440 1521 496 moriatur
1543 442 1719 514 (889);
1753 446 1845 496 et:
1879 446 1934 511 Α
1964 442 2118 497 citur
2138 441 2334 511 hoc,et
2353 441 2485 507 alio,
2510 442 3192 514 illud,quemadmodum
3211 440 3608 497 aliterdicitur

196 539 306 607 Qui
334 534 532 591 coierit
556 548 687 587 cum
732 529 982 584 masculo
1013 544 1219 583 sommo
1242 530 1501 599 femineo,
1534 539 1705 586 morte
1733 546 1851 585 mo-

191 630 383 682 riatur
411 622 584 695 (890).
626 620 697 674 Et
744 622 885 672 sunt
922 616 1136 671 iterum
1168 618 1267 689 qui
1291 619 1717 688 justiﬁcantur,
1752 619 1851 673 sed

194 714 356 787 apud
391 712 603 778 Deum,
628 707 685 761 id
708 712 818 770 est,
848 704 933 759 illi
958 705 1081 776 qui,
1107 706 1399 761 credendo
1422 708 1481 761 in
1505 706 1855 772 illum,nihil

197 802 362 859 aliud
397 798 711 869 requirunt
743 798 951 864 praeter
978 794 1195 864 ipsum.
1232 796 1299 848 Et
1327 794 1525 850 volens
1555 795 1858 850 ostendere

197 891 337 965 quis
368 891 525 944 esset
545 886 750 956 justus
772 882 927 953 apud
954 881 1504 951 Deum,subjunxit:
1539 886 1857 953 Manifesta-

198 988 322 1036 tum
352 976 500 1048 (891)
532 979 635 1043 est,
680 976 787 1026 etc.
822 974 942 1024 Hoc
966 969 1181 1024 etenim
1217 970 1273 1024 in
1328 972 1598 1027 Habacuc
1649 972 1861 1042 legitur

201 1067 434 1139 (Hahae.
463 1063 567 1135 ii);
626 1060 729 1116 sed
762 1058 821 1113 in
875 1058 1233 1129 quibusdam
1292 1060 1720 1131 exemplaribus
1767 1075 1857 1114 se-

204 1155 479 1212 cundum
502 1146 881 1221 Septuaginta
902 1147 1224 1201 invenitur:
1248 1162 1317 1202 ea:
1338 1148 1443 1216 ﬁde
1473 1164 1622 1209 mea;
1646 1148 1862 1219 Aquila

210 1259 356 1299 vero
386 1243 503 1313 ejus
533 1239 687 1305 dicit,
712 1236 1085 1303 subauditur,
1116 1236 1212 1291 Dei
1234 1236 1398 1307 (892).
1434 1237 1495 1291 In
1519 1254 1584 1292 eo
1608 1254 1863 1308 namque

215 1332 377 1404 quod
426 1329 601 1385 dicit:
634 1328 715 1381 Ex
743 1325 847 1396 ﬁde
876 1326 1009 1379 vivit
1046 1326 1250 1395 justus,
1304 1326 1556 1380 ostendit
1597 1328 1735 1398 quia
1766 1326 1861 1381 ille

203 1423 417 1493 justus
446 1418 545 1489 qui
577 1417 725 1488 (893)
756 1431 873 1470 non
904 1414 1081 1469 habet
1111 1414 1306 1481 ﬁdem,
1333 1431 1447 1469 non
1474 1414 1632 1485 vivit,
1658 1432 1860 1486 quem-

214 1508 540 1566 admodum
566 1504 825 1560 Paulus:
876 1503 1001 1573 ipse
1041 1518 1294 1573 namque
1317 1504 1517 1574 justus
1551 1508 1691 1573 erat,
1727 1504 1866 1575 quia

213 1599 347 1656 sine
366 1594 610 1669 querela
638 1591 865 1647 vivebat
886 1590 945 1645 in
970 1591 1092 1661 lege
1116 1608 1129 1658 ;
1156 1591 1255 1646 sed
1280 1596 1475 1647 tamen
1498 1610 1613 1648 non
1643 1593 1869 1648 vivebat

216 1704 287 1744 ex
344 1686 482 1751 ﬁde,
507 1683 650 1755 quia
667 1698 783 1737 non
831 1680 1083 1735 habebat
1104 1679 1269 1735 illum
1293 1682 1392 1751 qui
1424 1682 1597 1755 dixit:
1622 1684 1728 1753 Ego
1746 1698 1868 1736 sum

213 1779 337 1832 vita
364 1776 545 1843 (Joan.
576 1788 694 1826 xxv.
726 1771 803 1839 6).
838 1768 923 1823 lta
951 1773 1145 1823 autem
1175 1768 1390 1824 dicitur
1412 1788 1423 1825 :
1447 1773 1629 1826 Justus
1667 1787 1735 1825 ea:
1764 1770 1867 1839 ﬁde

194 1868 379 1932 ‘vivit,
414 1859 917 1935 quemadmodum
942 1858 1054 1912 dici
1087 1862 1312 1929 potest:
1339 1858 1567 1923 Castus,
1592 1860 1869 1931 prudens,

224 1960 585 2025 temperans,
620 1965 689 2005 ex
720 1949 832 2003 ﬁde
860 1948 1015 2013 vivit,
1050 1963 1185 2001 nam
1217 1953 1408 2019 potest
1438 1950 1571 2019 quis
1604 1950 1715 2003 ista
1746 1966 1874 2003 om-

223 2044 327 2100 nia
375 2041 593 2097 habere
624 2039 752 2094 sine
812 2036 944 2092 ﬁde.
977 2040 1177 2091 Potest
1232 2041 1287 2091 et
1344 2037 1510 2093 aliter
1557 2038 1873 2109 distingui:

226 2135 414 2189 Justus
443 2145 515 2186 ex
541 2128 645 2200 ﬁde
674 2129 847 2189 vivit;
878 2125 935 2179 id
966 2130 1073 2191 est,
1106 2125 1203 2180 ille
1242 2126 1343 2196 qui
1373 2143 1441 2181 ex
1490 2128 1602 2181 fide
1633 2135 1740 2199 est,
1782 2127 1880 2183 ille

222 2222 387 2277 vivit.

307 2337 423 2391 Lex
453 2343 634 2389 autem
660 2349 769 2387 non
798 2336 875 2389 est
902 2347 971 2387 ea:
999 2332 1122 2400 ﬁde.
1178 2331 1514 2387 Notandum
1556 2333 1709 2387 enim
1745 2333 1883 2404 quia

236 2427 421 2482 homo
439 2438 542 2495 per
553 2422 718 2476 ﬁdem
741 2419 1027 2493 spiritalia
1040 2420 1191 2476 bona
1208 2421 1881 2493 praestolatur,quoniam

234 2513 387 2569 ﬁdes
418 2510 647 2567 illarum
680 2527 870 2566 rerum
902 2514 991 2566 est
1020 2526 1149 2581 qua:
1179 2527 1293 2565 non
1336 2512 1607 2567 videntur
1631 2538 1645 2580 ς
1669 2511 1729 2565 in
1760 2511 1885 2584 lege

230 2617 371 2657 vero
406 2617 522 2656 non
572 2604 659 2656 est
707 2600 871 2670 fides,
922 2600 1060 2671 quia
1114 2600 1241 2655 suis
1281 2602 1773 2669 observatoribus,
1798 2600 1885 2656 vel

234 2687 735 2761 contemporibus,
770 2689 925 2759 quod
956 2687 1181 2756 tribuit,
1207 2690 1522 2761 temporale
1545 2695 1634 2745 est
1664 2695 1721 2745 et
1750 2689 1885 2745 visi-

235 2779 373 2836 bile.
396 2779 546 2834 Nam
579 2777 625 2832 si
652 2793 881 2849 pcnnam
913 2776 1087 2831 infert
1117 2777 1888 2851 contemptoribus,visibilis

234 2873 361 2935 est;
396 2867 446 2923 si
476 2882 610 2922 vero
642 2865 1112 2922 observatoribus
1142 2868 1384 2933 donum,
1435 2868 1752 2940 temporale
1780 2873 1886 2924 est.

309 2992 413 3049 Sed
443 2992 620 3064 (894):
669 2992 775 3059 Qui
800 2992 1000 3062 fecerit
1031 3007 1156 3047 eam
1207 2991 1377 3063 (895),
1430 2998 1539 3048 etc.
1572 2994 1720 3048 Nota
1750 2993 1890 3064 quia

241 3100 378 3140 cum
413 3082 655 3137 dixisset
684 3097 823 3147 eam,
856 3081 1179 3151 subjunxit,
1231 3098 1346 3137 non
1396 3084 1454 3136 in
1501 3098 1643 3148 eam,
1692 3083 1791 3137 sed
1832 3085 1892 3137 in

1966 530 2166 601 lingua
2190 531 2544 596 membrum,
2570 533 2723 603 quod
2751 538 3013 587 movetur
3040 532 3097 586 in
3124 532 3335 602 capite,
3367 537 3421 585 et
3443 531 3611 585 aliter

1967 618 2162 686 lingua
2194 622 2411 683 Graeca,
2449 621 2701 687 Hebraea,
2727 625 2783 674 et
2812 621 2965 674 sicut
2997 620 3163 675 aliter
3186 638 3393 675 manus
3427 637 3609 675 mem-

1968 707 2139 762 brum
2173 708 2453 779 corporis,
2487 714 2543 762 et
2602 709 2769 762 aliter
2799 710 3058 780 scriptio,
3112 716 3173 763 ut
3226 710 3271 763 si
3324 709 3610 764 dixerim:

1967 796 2121 850 AtI‘er
2152 814 2389 851 manum
2427 803 2608 863 tuam,
2644 797 2759 851 vel:
2797 798 2877 851 Da
2910 799 3049 851 mihi
3088 815 3325 852 manum
3356 804 3537 853 tuam.

2043 889 2106 938 Et
2127 885 2264 954 quia
2286 886 2497 939 durum
2529 886 2829 940 videbatur
2844 888 2995 957 quod
3017 887 3260 951 dixerat,
3285 888 3483 941 volens
3508 888 3614 942 hoc

1972 974 2304 1028 testimonio
2336 976 2703 1037 confirmare,
2729 976 3029 1044 subjunxit
3057 993 3067 1029 :
3095 975 3411 1030 Malediclus
3442 979 3618 1030 omnis

1970 1065 2152 1134 (Deut.
2186 1080 2300 1125 xxx,
2353 1064 2465 1128 23),
2501 1068 2608 1116 etc.
2645 1064 2791 1115 Nota
2824 1064 2959 1132 quia
3011 1080 3121 1118 non
3156 1064 3327 1118 dicit:
3374 1066 3617 1131 Quilibet

1972 1154 2087 1216 iste,
2121 1151 2207 1205 vel
2241 1152 2350 1216 ille,
2383 1167 2483 1204 nec
2514 1150 2688 1205 etiam
2735 1151 3017 1215 absolute,
3055 1153 3153 1207 sed
3207 1156 3385 1207 omnis
3409 1170 3427 1211 .’
3464 1154 3617 1207 unde

1977 1240 2116 1294 dicit
2147 1238 2540 1310 Augustinus:
2576 1240 2841 1293 Etiamne
2884 1240 3224 1294 Christum?
3248 1242 3397 1310 (897)
3432 1242 3617 1295 Etiam

1973 1344 2235 1399 prorsus,
2270 1327 2409 1397 qnia
2457 1328 2653 1391 omnis,
2694 1326 2837 1380 Dicit
2868 1328 3039 1381 etiam
3078 1329 3236 1397 ipse:
3272 1329 3313 1383 Ο
3342 1329 3616 1393 haeretici,

1976 1434 2091 1471 non
2106 1416 2303 1470 minus
2322 1415 2583 1487 praevidit
2599 1416 2819 1487 Moyses
2843 1418 3079 1469 sanctos
3095 1416 3151 1469 in
3176 1433 3343 1471 cruce
3369 1418 3619 1483 futuros,

1976 1506 2076 1560 sed
2112 1506 2254 1559 bene
2285 1504 2545 1575 praevidit
2584 1504 2883 1558 haireticos
2912 1503 3123 1558 Christi
3153 1510 3399 1559 mortem
3445 1522 3620 1576 nega-

1977 1598 2177 1657 turos;
2213 1594 2381 1662 quasi
2432 1593 2682 1647 diceret:
2717 1594 2759 1645 0
2793 1592 3071 1657 haeretici,
3108 1609 3289 1663 quare
3322 1592 3624 1659 laboratis,

1978 1697 2157 1752 quare
2187 1681 2477 1735 conanimi
2510 1696 2643 1734 eum
2675 1697 2884 1751 negare
2911 1680 3303 1751 maledictum,
3328 1700 3501 1753 quem
3528 1700 3624 1736 nc-

1941 1821 1945 1824 .
1980 1788 2089 1841 que
2122 1770 2346 1841 Moyses
2380 1770 2717 1839 praeviderat
2742 1770 3093 1823 moriturum
3117 1770 3143 1822 ?
3176 1770 3235 1823 In
3270 1772 3625 1839 quibusdam

1984 1858 2747 1930 exemplaribusinvenitur:
2767 1859 3079 1913 Malediclus
3121 1862 3298 1913 omnis
3322 1862 3424 1913 Deo
3452 1864 3621 1927 (898).

1986 1949 2099 2003 Nec
2131 1948 2237 2001 hoc
2260 1952 2347 2001 est
2377 1946 3047 2016 contrarium,quoniam
3075 1948 3185 2001 nisi
3210 1950 3355 2002 mori
3393 1949 3627 2003 habuis-

1987 2044 2075 2092 set
2106 2038 2251 2105 (899)
2284 2042 2540 2106 peccata,
2570 2041 2621 2088 et
2662 2039 2906 2089 mortem
2941 2041 3219 2102 nostram,
3258 2053 3625 2107 nequaquam

1990 2125 2194 2179 Filium
2228 2140 2400 2177 suum
2435 2122 2739 2177 direxisset
2772 2130 3018 2178 mortem
3045 2130 3302 2179 nostram
3337 2126 3631 2195 suscipere

1991 2218 2054 2267 ut
2106 2230 2210 2267 nos
2242 2230 2273 2266 a
2304 2212 2496 2266 debito
2547 2213 2754 2266 mortis
2801 2211 3094 2267 liberaret.
3130 2215 3288 2279 Quod
3324 2231 3455 2269 vero
3488 2214 3631 2268 dicit

1991 2304 2187 2371 omnis,
2221 2300 2570 2356 subauditur
2626 2303 2886 2365 moriens,
2939 2303 3031 2371 qui
3080 2302 3296 2372 pendet.
3347 2304 3635 2357 Confitere

1993 2406 2148 2463 ergo,
2183 2407 2215 2445 o
2246 2389 2529 2456 haeretica,
2565 2388 2941 2443 maledictum
2970 2407 2981 2455 ;
3007 2391 3143 2461 quia
3165 2390 3211 2444 si
3246 2407 3424 2461 negas
3456 2390 3634 2445 male-

1994 2481 2419 2550 dicium,negas
2435 2484 2755 2533 mortuum.
2776 2478 3037 2549 thuare
3062 2478 3438 2534 maledictum
3463 2481 3633 2551 (900),

1995 2570 2233 2625 subdit:
2271 2570 2334 2625 Ut
2365 2568 2421 2621 in
2467 2568 2721 2635 gentibus
2766 2567 3067 2622 benedictio
3116 2569 3361 2637 Abrahw,
3394 2574 3505 2624 etc.
3534 2587 3546 2632 ;
3580 2569 3638 2623 id

1995 2665 2104 2730 est,
2137 2664 2197 2713 ut
2258 2662 2457 2729 gentes
2515 2656 2801 2711 credendo
2860 2655 2918 2710 in
2978 2658 3258 2727 praeputio
3321 2674 3420 2728 per
3465 2658 3638 2712 [idem

1996 2748 2213 2805 Christi
2248 2746 2746 2801 benedicerentur.
2787 2746 2849 2800 Ut
2894 2746 3347 2815 pollicitationem
3378 2746 3639 2816 Spiritus,

1998 2843 2130 2905 etc.,
2165 2837 2221 2890 id
2254 2840 2361 2901 est,
2382 2840 2441 2889 ut
2462 2835 2613 2905 quod
2641 2834 2723 2887 illi
2748 2834 3055 2887 servabant
3082 2851 3182 2904 per
3214 2836 3507 2898 timorem,
3533 2836 3643 2889 hoc

2000 2944 2105 2982 nos
2138 2942 2237 2997 per
2263 2923 2395 2978 ﬁdei
2430 2939 2707 2977 amorem.
2743 2921 2979 2992 Spiritus
3009 2923 3168 2988 dicit,
3204 2923 3343 2994 quia
3372 2922 3483 2977 ista
3512 2939 3641 2994 gra-

2000 3016 2079 3070 tia
2113 3012 2520 3086 promissionis
2554 3028 2653 3082 per
2682 3010 2877 3081 ipsum
2906 3012 3055 3064 facta
3082 3018 3189 3065 est.

2073 3105 2218 3173 (901)
2252 3101 2546 3172 Sequitur.
2582 3100 2798 3153 Fratres
2826 3099 3149 3166 (secundum
3176 3099 3449 3153 hominem
3479 3100 3642 3170 dico).

246 3172 384 3240 illis,
421 3176 483 3225 ut
510 3170 783 3226 ostendat
831 3170 1018 3242 legem
1052 3170 1301 3241 positam
1336 3188 1436 3243 pro
1471 3171 1793 3242 prteeeptis.
1820 3170 1888 3225 Et
1919 3172 1961 3238 C
2002 3170 2117 3248 Ho'c
2148 3198 2257 3256 est,
2292 3170 2404 3244 ηδη
2466 3190 2788 3241 secundum
2823 3188 3027 3254 Deum,
3088 3204 3273 3256 neque
3323 3189 3646 3243 secundum

242 3263 391 3319 bene
415 3260 557 3315 dicit
586 3260 726 3314 vivet
756 3259 895 3329 quia
923 3260 1322 3315 observatores
1372 3259 1517 3331 legis
1561 3260 1893 3332 protelatio-

241 3364 380 3405 nem
414 3345 778 3401 observando
810 3345 1139 3417 percipiunt
1166 3346 1312 3401 vitai.

322 3462 475 3533 (896)
504 3460 569 3515 Et
598 3460 736 3531 quia
765 3460 1007 3527 dixerat,
1034 3462 1306 3533 superius
1326 3477 1425 3517 eos
1456 3465 1564 3518 sub
1590 3462 1896 3518 maledicto

250 3550 407 3623 legis
436 3565 584 3615 esse,
615 3547 813 3603 volens
845 3550 1147 3605 ostendere
1170 3567 1285 3622 quo
1310 3551 1456 3606 eruti
1475 3552 1743 3617 fuissent,
1770 3551 1902 3606 sub-

247 3639 489 3714 junxit:
543 3637 787 3694 Christus
834 3653 929 3693 nos
978 3638 1229 3706 redemit,
1264 3645 1372 3695 etc.
1402 3659 1415 3708 ;
1448 3640 1617 3712 quasi
1649 3641 1898 3695 diceret:

250 3731 390 3786 Jam
424 3727 564 3799 quia
594 3727 665 3781 ad
694 3725 1021 3781 libertatem
1063 3729 1377 3795 transistis,
1409 3729 1576 3800 quasi
1610 3731 1801 3784 denuo
1832 3729 1900 3784 ad

258 3816 604 3874 servitutem
627 3814 877 3870 transire
899 3815 1193 3871 voluistis?
1215 3817 1287 3872 Ut
1307 3819 1637 3875 ostenderet
1656 3818 1908 3889 qualiter

257 3904 571 3976 redempti,
605 3903 946 3973 subjunxit:
974 3908 1167 3960 Factus
1207 3922 1306 3976 pro
1335 3907 1489 3963 nobis
1532 3907 1905 3963 maledictum.

256 3994 593 4051 Notandum
628 3993 768 4064 quia
783 4008 849 4047 eo
881 3994 1052 4049 modo
1075 3994 1288 4050 dicitur
1304 3996 1911 4067 maledictum,quem-

259 4084 584 4140 admodum
602 4081 1151 4154 diciturpeccatum,
1173 4085 1272 4139 sed
1292 4084 1404 4140 alio
1420 4088 1591 4142 modo
1606 4090 1910 4158 peccatum

257 4172 390 4245 ipsa
419 4171 813 4242 transgressio
863 4172 954 4226 cui
986 4173 1231 4228 debetur
1278 4191 1467 4245 poena,
1514 4179 1571 4230 et
1600 4174 1713 4230 alio
1740 4175 1912 4229 modo

263 4261 481 4319 dicitur
512 4263 816 4332 peccatum
842 4277 1021 4327 mors,
1054 4262 1111 4317 id
1142 4266 1250 4329 est,
1283 4280 1453 4335 poena
1481 4263 1721 4335 peccati.
1754 4265 1823 4319 Et
1853 4263 1914 4318 in

260 4351 370 4407 hoc
401 4349 735 4405 ostenditur
763 4349 904 4421 quia
923 4351 1403 4424 transgrediendo
1427 4368 1755 4424 peccamus,
1790 4368 1913 4407 mo-

263 4440 468 4497 riendo
498 4454 632 4497 vero
656 4455 772 4495 non
805 4454 1153 4512 peccamus:
1188 4441 1270 4497 ita
1298 4441 1455 4498 enim
1480 4440 1592 4497 alio
1624 4442 1797 4497 modo
1830 4440 1918 4496 di-

1940 4544 1988 4608 D

341 4636 494 4707 (889)
520 4635 588 4710 _In_
625 4636 804 4693 Exod.
855 4640 913 4692 et
968 4637 1144 4694 Levit.
1179 4637 1397 4710 pluries
1442 4654 1620 4710 quam
1658 4640 1723 4693 ut
1749 4634 1918 4692 citari

267 4706 475 4764 teXtus
505 4706 724 4763 debeat.

346 4778 500 4851 (890)
534 4778 701 4852 Lavit.
749 4795 846 4845 xx,
897 4780 984 4835 13.
1035 4780 1205 4852 Vulg.
1239 4780 1452 4836 habet:
1488 4780 1591 4849 Qui
1620 4781 1919 4837 dormierit

264 4867 397 4908 cum
426 4850 666 4906 masculo
694 4854 843 4905 coitu
869 4852 1135 4920 femineo.

359 4921 494 5063 891)
522 4919 692 4993 Vulg.
723 4919 1105 4993 manifestum.

360 4994 471 5048 892
552 4992 907 5049 Consulatur
962 4994 1019 5047 in
1080 4994 1105 5048 ἒ

360 4992 494 5050 892)
552 4992 907 5049 Consulatur
962 4994 1019 5047 in
1080 4994 1239 5049 hunc
1287 4998 1511 5050 textum
1559 4992 1825 5050 Vallartii
1858 4992 1919 5047 in

262 5063 420 5121 hanc
451 5063 634 5136 Epist.
680 5081 858 5137 super
888 5064 1005 5137 divi,
1024 5064 1357 5137 Hieronymi
1381 5065 1805 5137 commentaria
1826 5065 1923 5122 ad-

265 5135 682 5209 notatio,_pag.
711 5135 838 5201 431,
868 5136 1012 5209 tomi
1042 5136 1142 5191 VII
1173 5135 1276 5208 0p.
1312 5138 1426 5192 divi
1458 5135 1812 5209 Hieronymi.

340 5205 765 5282 (893)_Ver_bum
789 5208 885 5277 qui
904 5205 1238 5282 addendum
1260 5225 1469 5282 sensus
1490 5205 1919 5282 gratia'censui.

341 5278 687 5352 (894)Levit.
719 5279 955 5352 unus,
978 5280 1247 5335 custodite
1280 5280 1423 5351 leges
1453 5278 1619 5352 m'eas,
1652 5282 1813 5350 atque
1822 5279 1922 5348 ju-

264 5350 438 5415 dicio,
464 5365 595 5421 quae
622 5349 843 5421 faciens
871 5350 1051 5414 homo,
1085 5354 1226 5407 vivet
1256 5355 1315 5406 in
1337 5349 1440 5408 eis.

338 5421 483 5494 (895)
514 5422 692 5493 Vulg.
725 5421 820 5494 qui
849 5421 1038 5494 fecerit
1060 5439 1145 5477 ea.
1180 5425 1248 5478 Et
1274 5425 1357 5478 ita
1386 5423 1619 5478 divinus
1650 5422 1926 5491 Hierony-

267 5492 423 5559 mus.
455 5492 514 5552 et
544 5492 923 5564 Augustinus
948 5492 1007 5547 in
1039 5494 1188 5550 hanc
1219 5495 1559 5566 Epistolam.

355 5569 485 5638 896)
521 5568 587 5622 In
621 5569 1050 5638 autongarg.
1093 5565 1188 5638 hic
1215 5565 1325 5638 leg.
1360 5566 1475 5619 XII.

355 5569 463 5623 896
521 5568 587 5622 In
621 5569 827 5633 autog.
862 5579 990 5618 mar
1039 5607 1050 5622 .
1093 5568 1188 5620 hic
1215 5568 1325 5638 leg.
1360 5568 1475 5619 XII.

330 5568 485 5731 ἔδω)
518 5640 587 5698 ln
621 5636 783 5694 hanc
810 5581 1125 5708 Epistoﬁam
1156 5637 1409 5712 Operum
1429 5640 1551 5695 tom
1577 5638 1697 5709 .III,
1728 5632 1924 5708 p.954.

2004 3281 2363 3337 reconditam
2396 3276 2764 3347 sapientiam,
2801 3280 2900 3328 aut
2950 3274 3200 3329 solidum
3247 3276 3381 3342 cibi,
3416 3278 3515 3331 sed
3560 3293 3649 3332 se-

2006 3370 2264 3425 cundum
2298 3365 2749 3421 teneritudinem
2778 3363 2936 3417 illius
2964 3363 3064 3434 qui
3097 3370 3333 3435 propter
3362 3366 3651 3421 stomachi

2009 3456 2407 3512 infirmitatem
2438 3453 2583 3507 lacte
2619 3458 2673 3507 et
2704 3469 2829 3507 rore
2862 3452 3122 3523 pascitur
3152 3453 3321 3523 (902).

2081 3544 2389 3615 Sequitur:
2454 3545 2645 3597 Tamen
2688 3542 2925 3597 hominis
2972 3542 3116 3613 (903)
3168 3543 3547 3611 conﬁrmatum
3577 3548 3654 3600 te-

2011 3637 2333 3689 stamentum
2364 3648 2523 3687 nemo
2551 3634 2786 3703 spernit,
2823 3636 2928 3686 etc.
2954 3632 3263 3687 Terrenam
3285 3634 3478 3704 posuit
3500 3634 3660 3689 simi-

2013 3724 2344 3792 litudinem,
2380 3726 2435 3776 et
2484 3722 2633 3788 ideo,
2686 3726 2748 3775 ut
2782 3719 3047 3776 nonnulli
3097 3722 3281 3787 aiunt,
3326 3723 3657 3795 prazmisit:

2013 3811 2323 3868 Secundum
2353 3811 2625 3865 hominem
2674 3810 2811 3865 dico.
2846 3810 3008 3865 Unde
3051 3811 3191 3865 dicit
3238 3811 3659 3884 Hieronymus:

2017 3903 2084 3957 Et
2115 3904 2350 3973 propter
2379 3900 2507 3966 hoc,
2544 3899 2683 3969 quia
2724 3899 2809 3952 illi
2839 3899 3039 3953 dicunt
3071 3900 3237 3969 (904),
3272 3902 3554 3971 praemisit
3581 3917 3662 3954 se-

2018 3990 2259 4047 cundum
2284 3990 2594 4048 hominem;
2618 3986 2868 4041 maxime
2890 3992 3083 4041 tamen
3114 3994 3349 4058 propter
3371 3989 3477 4042 hoc
3509 3990 3666 4058 quod

2020 4079 2160 4136 dicit
2187 4078 2246 4131 in
2281 4076 2685 4147 sequentibus,
2719 4077 2775 4128 in
2825 4077 3171 4139 seminibus;
3212 4080 3393 4130 totum
3428 4076 3664 4147 quippe,

2020 4166 2215 4238 inquit
2242 4166 2409 4235 (905).
2470 4162 2650 4217 Vetus
2681 4167 2736 4216 et
2786 4178 2999 4215 novum
3050 4162 3490 4217 Testamentum
3540 4180 3668 4235 per-

2023 4254 2239 4329 agravi,
2270 4258 2326 4309 et
2374 4267 2561 4323 neque
2610 4252 2668 4305 in
2701 4251 2851 4305 bono
2911 4266 3095 4321 neque
3127 4250 3183 4303 in
3234 4250 3385 4305 malo
3444 4253 3671 4307 semina

2024 4343 2329 4418 pluraliter
2358 4341 2548 4415 posita
2606 4339 2844 4407 inveni;
2896 4339 3035 4409 sive,
3085 4340 3224 4409 quia
3271 4356 3384 4393 non
3434 4344 3670 4410 pactum

2026 4435 2196 4507 (906),
2229 4433 2330 4488 sed
2393 4433 2814 4487 testamentum
2862 4428 3078 4500 posuit.
3113 4432 3257 4483 Nam
3290 4428 3533 4483 verbum
3561 4432 3671 4484 He-

2097 4632 2253 4704 (898)
2273 4629 2417 4704 Vide
2449 4629 2507 4704 i_n
2537 4628 2689 4685 hanc
2706 4644 2828 4684 rem
2859 4627 3057 4684 divum
3080 4627 3413 4699 Hieronym.
3436 4625 3496 4681 in
3520 4641 3674 4682 com-

2028 4702 2420 4773 ment,hujus
2450 4702 2553 4772 Ep.

2100 4769 2247 4845 (889)
2283 4769 2637 4828 Desiderater
2667 4772 2810 4827 forte
2841 4771 2935 4827 hic
2967 4769 3251 4842 particula
3280 4769 3496 4840 aliqua,
3532 4773 3674 4842 puta

2029 4848 2112 4915 ob,
2147 4852 2213 4901 ut
2241 4862 2453 4901 sensus
2482 4845 2772 4915 perfectus
2800 4845 3023 4915 evadat.

2101 4909 2249 4988 (900)
2306 4909 2514 4985 Verba,
2566 4917 2761 4987 quia...
2832 4913 3211 4984 maledictum,
3273 4914 3331 4968 in
3391 4909 3675 4985 superiori

2031 5006 2215 5058 marg.
2250 4988 2375 5043 cod.
2410 4987 2701 5058 leguntur.

2104 5007 2157 5045 ar
2204 5032 2215 5043 .
2250 5006 2375 5043 con.
2410 5006 2701 5058 leguntur.

2104 5006 2249 5129 (951)
2286 5061 2347 5112 In
2380 5064 2574 5129 autog.
2610 5074 2796 5128 marg.
2834 5056 2926 5111 hic
2958 5056 3068 5128 leg.
3102 5074 3228 5126 cap.
3264 5056 3411 5129 XIII.

2102 5132 2252 5253 (902)
2282 5129 2459 5207 Divus
2491 5128 2753 5211 Hierons
2776 5146 2809 5183 a
2829 5146 2941 5198 quo
2973 5129 3281 5197 desumpto
3311 5128 3425 5180 huic
3449 5141 3679 5197 compa-

2102 5208 2202 5253 tio.
2259 5205 2404 5253 ectio
2438 5198 2795 5253 Vallartiana
2826 5200 3020 5253 habet.
3051 5200 3218 5253 lacteo
3251 5214 3391 5252 rore.

2034 5198 2202 5265 ratio,
2234 5198 2404 5254 lectio
2438 5198 2795 5254 Vallartiana
2826 5200 3020 5265 habet,
3051 5200 3218 5253 lacteo
3251 5214 3391 5252 rore.

2104 5273 2250 5343 (903)
2282 5273 2466 5343 alatos
2495 5272 2692 5343 amnis-

2104 5337 2254 5409 (904)
2293 5339 2403 5409 Illi,
2436 5337 2673 5406 Scilicet,
2717 5340 2814 5409 qui
2850 5344 3058 5409 putant
3096 5339 3293 5391 divum
3336 5337 3577 5392 Paulum
3609 5339 3680 5393 de

2034 5408 2381 5469 teetamento
2397 5408 2653 5464 hominis
2665 5408 2900 5465 diiisse:
2919 5410 3223 5464 Secundum
3239 5409 3512 5463 hominem
3540 5410 3678 5465 dico.

2106 5483 2257 5553 (905)
2284 5480 2406 5553 Non
2440 5482 2613 5535 verba
2643 5482 2902 5552 quidem,
2937 5481 3036 5534 sed
3070 5482 3359 5535 sententia
3393 5480 3506 5533 divi
3548 5481 3680 5536 Hie-

2037 5550 2265 5623 ronymi
2290 5550 2564 5623 refertur.

2109 5618 2256 5703 (906)
2288 5622 2394 5682 Per
2422 5636 2678 5685 errorem
2716 5621 2812 5683 hic
2839 5620 3053 5697 ﬁctum,
3086 5621 3137 5678 ei
3187 5618 3361 5693 paulo
3411 5619 3565 5679 intra
3591 5623 3682 5698 fa.
