3990 6224
387 355 508 413 519

1406 348 1748 409 ATTONIS
1796 345 2382 408 VEHCELLENSIS
2425 343 2776 408 EPISCOPI

3673 347 3805 408 520

394 487 614 540 braaum
647 485 798 556 quod
833 483 1047 537 dicitur
1079 481 1252 535 berith
1285 496 1397 534 non
1418 480 1836 551 (907)hominis
1861 483 2032 534 testa-
2061 480 2117 545 Α
2147 493 2456 545 annorum,
2481 476 2683 548 genuit
2709 475 2924 546 Joseph
2959 475 3145 546 (911);
3177 473 3495 536 centesimo
3523 489 3658 532 vero
3689 477 3802 534 tri-

396 583 682 643 mentum,
715 573 813 627 sed
864 577 1096 642 pactum
1152 570 1297 639 (908)
1349 575 1535 624 sonat.
1585 568 1790 624 Nullus
1821 569 2035 623 etenim

389 663 673 733 interpres
705 659 872 715 aliter
903 657 1219 715 transtulit.
1248 657 1462 712 Verum
1487 657 1624 729 quia
1646 675 1759 712 non
1798 658 2037 728 profun-

389 752 674 813 dioribus,
709 749 808 804 sed
844 749 1010 820 quasi
1042 746 1382 817 vulgaribus
1414 764 1510 800 eos
1559 747 1747 801 verbis
1780 745 2033 816 alleque-

390 841 584 906 batur,
607 840 732 893 ideo
758 837 1036 909 prmmisit
1057 835 1354 890 secundum
1376 837 1666 888 hominem.
1687 836 1835 889 Sane
1856 835 2038 888 scien-

394 931 535 983 dum
589 927 746 998 quia,
781 926 1035 996 quandiu
1089 925 1262 978 homo
1306 924 1444 977 vivit
1483 941 1614 978 cum
1662 929 2034 989 testamento,

389 1021 583 1088 potest
613 1015 804 1085 sperni
855 1019 1028 1082 atque
1085 1013 1419 1082 corrumpi;
1477 1013 1524 1066 si
1566 1029 1696 1066 vero
1731 1012 2034 1076 moriatur,

392 1121 507 1158 non
541 1101 834 1173 corrumpi
879 1117 1065 1172 neque
1097 1101 1313 1156 mutari
1346 1099 1516 1156 valet.

460 1191 605 1263 (909)
638 1190 946 1262 Sequitur:
999 1189 1237 1245 Abrahae
1265 1189 1428 1245 dicta
1464 1197 1590 1244 sunt
1629 1191 2036 1260 promissiones,

385 1286 492 1337 etc.
513 1278 824 1335 Sciendum
860 1278 998 1350 quia
1021 1280 1174 1349 quod
1196 1295 1353 1333 mors
1374 1279 1495 1348 agit
1517 1279 1573 1332 in
1597 1278 2038 1332 conﬁrmatione

386 1368 745 1434 testamenti,
777 1367 885 1422 hoc
909 1366 1397 1438 agitinviolabilis
1419 1367 1514 1421 Dei
1545 1366 1874 1436 promissio,
1901 1365 2038 1437 quia

388 1458 437 1513 si
466 1457 608 1511 illud
638 1455 936 1526 corrumpi
971 1471 1084 1510 non
1119 1461 1328 1524 potest,
1362 1455 1472 1510 hoc
1511 1455 1682 1510 verbo
1715 1455 1898 1510 multo
1930 1455 2036 1510 mi-

389 1563 521 1601 nus.
557 1545 687 1600 Sive
719 1544 856 1616 quia
879 1548 1062 1598 morte
1093 1543 1350 1599 hominis
1383 1548 1798 1599 testamentum
1832 1543 2040 1598 conﬁr-

390 1639 604 1696 matur,
640 1637 828 1705 potest
859 1632 941 1687 sic
996 1632 1262 1704 intelligi,
1297 1637 1360 1686 ut
1403 1638 1585 1688 morte
1642 1633 1862 1690 Domini
1897 1632 2037 1687 Jesu

390 1721 643 1793 impleta:
678 1723 795 1776 sint
820 1720 1239 1792 promissiones
1271 1726 1444 1791 atque
1476 1723 1846 1776 conﬁrmatae.
1889 1719 2034 1775 Illud

389 1816 585 1866 autem
615 1810 939 1874 sciendum,
974 1808 1111 1880 quia
1150 1826 1282 1870 cum
1321 1811 1704 1878 promtssiones
1738 1809 2039 1880 pluraliter

390 1899 684 1972 posuisset
722 1913 920 1952 semen
963 1913 1094 1951 vero
1129 1895 1508 1967 singulariter
1566 1899 1760 1968 posuit
1801 1898 2035 1965 idcirco,

389 1988 526 2058 quia
552 2003 664 2041 non
697 1985 998 2056 aequaliter
1029 1984 1109 2038 illi
1145 1985 1241 2057 qui
1277 1985 1621 2057 spiritaliter
1672 1987 1874 2040 vivunt
1903 2003 2034 2041 cum

387 2076 480 2131 his
495 2076 592 2147 qui
609 2074 871 2130 carnales
896 2080 1035 2129 sunt
1068 2074 1502 2129 benedicentur.
1524 2075 1666 2129 Nam
1683 2075 2038 2146 quicumque

386 2163 508 2219 vult
527 2163 786 2218 benedici
808 2179 1042 2218 necesse
1060 2168 1147 2218 est
1163 2167 1224 2216 ut
1245 2163 1475 2218 Christo
1495 2165 1620 2233 conj
1635 2182 1662 2215 υτ
1676 2164 2040 2234 ngatur.0m-

388 2270 491 2308 nes
507 2253 664 2307 enim
679 2252 825 2322 justi
843 2250 920 2305 illi
947 2252 1472 2323 conjunguntur,et
1486 2268 1709 2307 ommes
1727 2253 1883 2308 illius
1899 2259 2038 2308 sunt

391 2342 677 2404 membra,
697 2356 948 2411 quorum
972 2339 1148 2394 etiam
1177 2341 1299 2411 ipse
1321 2345 1410 2395 est
1425 2344 1480 2396 et
1501 2346 1694 2411 caput.
1724 2341 1868 2396 Nam
1894 2342 2040 2398 solet

389 2428 696 2502 Apostolus
728 2432 903 2498 caput
933 2433 989 2482 et
1021 2429 1283 2482 membra
1307 2445 1490 2484 unum
1525 2446 1784 2484 asserere
1805 2448 2036 2502 corpus.

460 2519 567 2572 Hoc
598 2518 776 2570 autem
824 2516 947 2570 dico
997 2520 1372 2572 testamentum
1414 2518 1803 2587 conﬁrmatum
1849 2536 1882 2573 a
1911 2520 2035 2574 Deo.

391 2608 461 2662 Et
485 2610 574 2661 est
607 2621 817 2659 sensus
843 2604 869 2657 ’ἶ
900 2604 1037 2660 Illas
1061 2605 1480 2676 promissiones
1502 2622 1632 2676 quae
1655 2607 1722 2660 ad
1746 2608 2036 2662 Abraham

392 2696 553 2750 facta:
585 2696 745 2758 sunt,
779 2693 1215 2748 Testamentum
1249 2695 1377 2749 dico
1408 2712 1440 2748 a
1470 2694 1584 2749 Deo
1606 2697 2034 2752 conﬁrmatum.

393 2785 836 2838 Testamentum
879 2798 1136 2851 namque
1196 2781 1451 2837 hominis
1501 2785 1910 2840 confirmatum
1945 2786 2038 2840 Dei

392 2869 884 2943 promissionibus
917 2869 1287 2924 assimilavit.

461 2958 774 3029 Sequitur:
809 2959 942 3026 Quae
966 2962 1085 3028 post
1138 2958 1563 3030 quadringentos
1589 2965 1638 3016 et
1667 2964 1897 3031 triginta
1935 2980 2035 3016 an-

391 3063 509 3102 nos.
545 3047 655 3102 Sed
690 3063 722 3101 a
752 3046 954 3118 paucis
982 3052 1070 3102 est
1099 3047 1396 3103 inventum
1423 3051 1586 3120 (910).
1619 3050 2036 3106 Verumtamen

394 3135 701 3192 sciendum
729 3136 867 3204 quia
898 3134 1063 3190 facile
1095 3140 1285 3206 potest
1311 3137 1545 3208 agnosci
1577 3137 1906 3194 boc‘modo.
1943 3140 2036 3194 Se-

2149 565 2370 639 gesimo
2391 583 2462 620 an
2473 565 2672 635 no,qui
2699 564 2809 618 fuit
2821 564 3160 635 trigesimus
3174 581 3365 622 nonus
3381 564 3531 633 (912)
3550 566 3800 637 Joseph,

2149 655 2450 725 ingressus
2491 659 2580 710 est
2617 653 2675 708 in
2715 654 3045 724 Egyptum.
3097 652 3200 712 His
3239 653 3518 710 omnibus
3544 655 3800 726 junctis,

2147 746 2300 798 ﬁunt
2330 743 2565 798 ducenti
2596 743 2951 813 quindecim.
2976 741 3238 802 Totidem
3269 742 3444 800 etiam
3475 743 3648 800 annis
3673 761 3806 802 mo-

2149 833 2254 888 rati
2290 837 2428 887 sunt
2458 831 2558 885 ﬁlii
2594 831 2765 888 Israel
2797 830 2854 884 in
2886 831 3129 902 IEgypto
3153 847 3165 885 :
3190 831 3344 904 quod
3370 831 3798 902 pnobarietiam

2148 922 2253 977 hoc
2284 922 2476 986 modo,
2513 925 2718 991 potest.
2742 919 2882 974 Post
2902 920 3234 989 ingressum
3257 936 3512 992 namque
3527 921 3712 979 Jacub
3735 922 3797 978 in

2145 1012 2455 1081 [Egyptum
2488 1009 2626 1064 vixit
2655 1008 2870 1078 Joseph
2902 1025 3086 1064 annos
3115 1008 3561 1081 septuagintaet
3583 1026 3792 1066 unum.

2149 1102 2294 1172 (913)
2329 1101 2484 1154 Inter
2531 1102 2775 1152 mortem
2810 1113 3063 1168 namque
3091 1096 3308 1168 Joseph
3339 1097 3610 1170 et-Moysi
3645 1099 3795 1156 nati-

2147 1188 2381 1244 vitatem
2416 1189 2652 1242 fuerunt
2695 1187 2829 1240 anni
2879 1185 3180 1257 sexaginta
3235 1190 3294 1244 et
3325 1191 3584 1257 quatuor
3612 1188 3793 1260 (91.4);

2149 1278 2376 1348 Moyses
2407 1281 2602 1331 autem
2631 1273 3039 1347 octogenariae
3059 1279 3205 1339 erat,
3238 1275 3796 1347 quandonamoni

2148 1365 2420 1438 apparuit
2443 1367 2564 1420 :bis
2589 1363 3105 1434 omnibusjunetis
3126 1364 3276 1420 ﬁunt
3296 1364 3532 1422 ducenti
3551 1365 3796 1438 quinde-

2148 1456 2260 1509 cim
2296 1472 2308 1509 :
2343 1471 2409 1510 ac
2441 1471 2542 1525 per
2565 1453 2673 1510 hoc
2705 1469 2841 1509 vera
2891 1467 3020 1510 esse
3067 1457 3435 1509 monstratur
3463 1453 3798 1526 apostolica

2147 1543 2455 1608 sententia,
2490 1559 2608 1613 qua
2647 1541 2740 1598 lex
2787 1545 2920 1613 post
2967 1541 3798 1615 quadringentosettriginta

2148 1648 2332 1687 annos
2366 1633 2516 1686 facta
2545 1631 2779 1685 dicitur.
2811 1630 2940 1686 .Sed
2973 1628 3130 1698 huic,
3163 1629 3508 1700 narrationi,
3537 1645 3661 1701 qua
3687 1630 3794 1688 filii

2149 1719 2322 1776 Israel
2356 1720 2563 1775 morati
2595 1720 2875 1774 dicuntur
2892 1719 3061 1774 annis
3083 1717 3793 1789 ducentisquindeoimin

2146 1813 2411 1882 Egypto,
2443 1810 2672 1864 videtur
2722 1807 2864 1864 illud
2905 1808 3283 1873 contrarium,
3318 1808 3475 1879 quod
3510 1809 3793 1868 Donum

2149 1899 2230 1952 ait
2259 1897 2586 1953 Abraham:
2647 1898 2790 1952 Scito
2835 1911 3184 1962 praenoscens
3239 1898 3372 1967 quia
3425 1899 3793 1973 peregrinum

2149 1988 2252 2042 erit
2285 2002 2467 2041 semen
2499 1990 2654 2042 tuum
2707 1987 2765 2040 in
2795 1995 2944 2040 terra
2998 2001 3110 2044 non
3136 2001 3258 2050 sua,
3305 1993 3356 2042 et
3383 1987 3794 2056 afﬂigantur:

2147 2077 2310 2130 annis
2340 2075 2752 2146 quadringentis
2783 2075 2937 2145 (Gen.
2968 2091 3061 2141 xv,
3098 2074 3204 2144 13).
3237 2074 3401 2137 Quod
3431 2078 3616 2132 autem
3649 2091 3796 2146 que.-

2149 2164 2474 2236 «lringentis
2505 2163 2676 2218 annis
2711 2162 3081 2234 peregrinum
3131 2177 3259 2224 esse
3289 2161 3522 2229 dicitur,
3553 2179 3674 2222 non
3701 2169 3797 2224 est

2147 2253 2526 2319 contrarium,
2561 2252 2607 2306 si
2640 2256 2696 2305 et
2724 2251 2883 2306 illam
2916 2250 3210 2323 intelligas
3241 2251 3794 2323 peregrinationem,

2149 2357 2264 2412 qua
2284 2342 2341 2396 in
2375 2346 2528 2396 terra
2557 2339 2852 2405 Chanaan,
2897 2339 3248 2411 peregrinati
3281 2345 3440 2412 sunt,
3472 2339 3613 2413 quia
3639 2345 3799 2398 terra

2149 2429 2419 2484 Chanaan
2446 2445 2561 2483 non
2584 2427 2815 2483 illorum
2842 2427 2970 2494 fuit,
2995 2426 3107 2482 nisi
3132 2433 3442 2501 postquam
3464 2446 3592 2490 eam
3617 2429 3798 2488 Josue

2149 2518 2429 2573 sortiente
2463 2522 2812 2589 acceperunt
2847 2520 3044 2590 (Iosue
3082 2518 3226 2590 xm).
3275 2516 3422 2573 Illud
3455 2518 3633 2574 etiam
3680 2536 3796 2580 non

2148 2611 2237 2661 est
2269 2607 2646 2677 contrarium,
2698 2606 2852 2677 quod
2899 2604 3132 2677 legitur,
3182 2607 3437 2677 afﬂigant
3473 2622 3602 2663 eum
3631 2610 3797 2682 annis

2148 2696 2582 2768 quadringentis,
2616 2695 2754 2767 quia
2801 2712 2902 2767 per
2951 2695 3314 2768 hyperbaton
3363 2697 3550 2770 accipi
3581 2704 3797 2772 potest,

2147 2793 2210 2843 ut
2242 2788 2318 2842 sit
2348 2802 2558 2841 sensus
2583 2803 2595 2840 :
2621 2785 2997 2856 Peregrinum
3023 2783 3130 2839 erit
3151 2801 3348 2840 semen
3372 2790 3540 2844 tuum
3564 2787 3621 2842 in
3641 2793 3800 2854 terra

2148 2894 2260 2932 non
2281 2893 2388 2931 sua
2403 2869 2572 2930 annis
2587 2873 3113 2945 quadringentis,et
3126 2874 3388 2948 afﬂigant
3402 2892 3535 2932 eum
3555 2876 3802 2946 (subau-

2147 2966 2328 3031 ditur,
2363 2964 2420 3018 in
2449 2969 2705 3018 extrema
2730 2967 2894 3034 parte
2915 2963 3244 3032 annorum).
3270 2963 3432 3026 Quod
3454 2963 3630 3019 etiam
3651 2966 3804 3020 Scri-

2147 3059 2321 3125 ptura
2347 3051 2700 3118 manifestat,
2737 3067 2863 3121 quae
2895 3051 3040 3105 dicit
3068 3052 3205 3122 quia
3237 3052 3496 3122 quandiu
3529 3052 3671 3108 vixit
3697 3053 3800 3110 Jo-

2144 3141 2402 3212 seph,,et
2431 3138 2514 3194 illi
2547 3140 2646 3211 qui
2679 3144 2964 3194 noverunt
2992 3156 3126 3196 eum
3149 3156 3262 3196 non
3288 3145 3430 3197 sunt
3459 3141 3661 3196 afﬂicti
3694 3141 3801 3197 ﬁlii

391 3227 698 3297 ptuaginta
719 3240 974 3295 namque
991 3229 1048 3278 et
1069 3224 1327 3295 quinque
1349 3231 1472 3281 erat
1493 3243 1779 3281 annorum
1797 3229 2032 3296 Abram,
2066 3213 2108 3278 C
2148 3230 2323 3286 Israel
2355 3230 2545 3298 (Exod.
2581 3247 2618 3298 ι,
2637 3230 2693 3299 7)
2721 3245 2732 3282 :
2767 3231 2942 3284 refert
2970 3229 3146 3284 eitam
3178 3231 3316 3300 quia
3346 3230 3592 3302 Moyses,
3612 3231 3714 3302 qui
3740 3231 3799 3287 in

391 3313 882 3385 quandojubente
905 3318 1018 3368 Deo
1040 3329 1312 3384 egressus
1329 3319 1417 3370 est
1444 3316 1514 3369 de
1536 3314 1612 3369 Ur
1633 3315 2035 3371 Chaldaeorum
2147 3320 2432 3392 principio
2465 3318 2798 3373 afﬁictionis
2839 3323 3012 3372 natus
3041 3323 3148 3380 est,
3180 3318 3476 3390 octoginta
3505 3335 3799 3376 annorum

389 3401 540 3473 (Gen.
574 3420 672 3466 χι,
708 3403 737 3456 4
765 3419 776 3456 :
831 3407 962 3473 post
1016 3402 1136 3456 hmo
1184 3403 1458 3458 vicesimo
1489 3404 1695 3474 quinto
1727 3421 1900 3473 anno,
1933 3407 2034 3477 qui
2145 3415 2265 3465 erat
2299 3408 2532 3478 quando
2563 3407 2833 3479 apparuit
2856 3407 3140 3462 Pharaoni
3173 3407 3360 3478 (Exod.
3381 3424 3479 3473 vn,
3507 3408 3587 3479 7).
3621 3407 3798 3465 Vide-

387 3491 776 3561 fuitejusdem
798 3491 1406 3562 centesimus,accepit
1427 3497 1587 3547 Isaac
1620 3494 1772 3563 (Gen.
1808 3496 2030 3566 xx1,5);
2145 3503 2241 3552 tur
2269 3502 2327 3552 et
2365 3495 2508 3552 i1lud
2552 3496 2936 3552 nihilominus
2965 3496 3346 3566 contrarium,
3377 3497 3532 3568 quod
3565 3497 3797 3571 Moyses

388 3579 548 3636 Isaac
579 3597 730 3646 vero,
763 3597 894 3633 cum
947 3586 1102 3635 esset
1142 3581 1442 3652 sexaginta
1492 3599 1800 3650 annorum,
1835 3584 2037 3655 genuit
2145 3589 2260 3644 ait:
2294 3589 2424 3643 Fuit
2472 3590 2652 3640 autem
2709 3587 2920 3640 mansio
2967 3586 3221 3655 ﬁliorum
3249 3586 3442 3652 Israel,
3471 3602 3582 3658 qua
3628 3603 3794 3644 nm-

385 3667 562 3722 Jacob
594 3666 744 3738 (Gen.
776 3685 903 3733 xxv,
934 3670 1027 3736 26)
1052 3685 1064 3722 :
1089 3669 1543 3738 quibusjunctis
1565 3670 1713 3725 ﬁunt
1744 3673 2035 3744 octoginta

390 3755 687 3827 quinque:
720 3755 898 3810 Jacob
914 3772 1066 3822 vero,
1090 3773 1222 3811 cum
1256 3763 1409 3812 esset
1426 3760 1743 3831 nonaginta
1773 3765 1830 3815 et
1857 3762 2032 3817 unius

387 3885 556 3948 ctum,
589 3879 822 3955 legitur.
855 3883 958 3955 Ast
1002 3898 1106 3955 nec
1153 3882 1364 3950 ﬁctum,
1411 3899 1516 3938 nec
1544 3887 1770 3954 factum,
1805 3885 1903 3939 sed
1933 3903 2031 3955 pa-

387 3957 553 4027 ctum,
588 3952 1038 4027 utrobiquelegi
1072 3954 1279 4027 debere
1311 3955 1517 4027 probat
1544 3952 1668 4008 divi
1701 3952 2032 4027 Hieronymi

389 4023 794 4096 interpretatio
826 4024 883 4078 in
903 4024 1056 4078 hunc
1083 4025 1207 4079 locu
1221 4023 1428 4096 m,_ubi
1459 4026 1764 4080 Hebrmum
1790 4023 2031 4084 verbum

391 4097 591 4162 berith,
622 4103 862 4166 pactum,
899 4113 1010 4150 non
1043 4099 1425 4152 testamentum
1455 4113 1662 4152 sonare
1695 4098 1924 4152 asserit.

459 4185 608 4256 (907)
638 4184 845 4256 Partic.
898 4185 1247 4256 negativam,
1298 4202 1424 4256 qua:
1456 4185 1672 4248 deerat,
1731 4191 1792 4240 ut
1833 4187 2033 4242 sensui

386 4260 444 4310 et
473 4255 605 4310 divo
636 4255 1396 4327 Hieronymo’satisfacia’m,
1429 4257 1762 4311 addendum
1797 4274 1942 4312 reor.

457 4345 606 4414 (908)
635 4347 842 4418 Autog.
864 4348 1091 4416 factum.
1118 4351 1349 4402 Pactum
1380 4345 1689 4417 legendum
1709 4362 1778 4400 ex
1794 4347 1887 4401 his
1909 4363 2034 4418 qua:

388 4415 545 4471 dicta
573 4415 845 4472 sunerius
866 4415 1037 4472 'sunt.

458 4486 607 4612 (90,9)
641 4486 700 4611 Itn
733 4494 927 4560 autog.
969 4505 1154 4560 marg.
1197 4488 1292 4544 hic
1347 4486 1597 4558 legitur:
1649 4487 1939 4542 Dominica
1969 4489 2036 4544 13

460 4575 484 4611 s
582 4574 646 4612 en
681 4599 692 4612 .

429 4566 509 4612 ost
539 4563 692 4612 Pent.

387 4576 812 4699 Ροξςᾷὧῗηὸἶνυε
844 4630 1230 4702 Hieronymus
1261 4628 1331 4682 de
1363 4627 1474 4681 hac
1497 4643 1783 4682 annorum
1817 4645 2036 4701 suppu-

387 4702 608 4756 tatione
639 4702 756 4756 ita:
816 4702 932 4756 Non
963 4701 1111 4757 enim
1169 4715 1358 4771 parva,
1396 4713 1482 4771 res
1536 4701 1634 4765 est,
1695 4708 1744 4754 et
1773 4717 1807 4754 a
1845 4704 2040 4758 multis

385 4773 640 4841 quaesita,
673 4775 854 4827 nescio
885 4790 957 4826 an
991 4775 1058 4827 ab
1088 4769 1280 4840 aliquo
1311 4770 1381 4822 sit
1408 4769 1646 4823 inventa.

457 4859 604 4931 (911)
643 4864 715 4915 Ut
745 4865 902 4932 patet
932 4877 999 4914 ex
1025 4861 1166 4932 Gen.
1202 4872 1380 4921 XLVII,
1414 4855 1466 4909 9.
1492 4856 1711 4932 _Josepb
1746 4861 1900 4932 enim
1933 4864 2038 4917 tri-

387 4927 678 5002 geSimum
703 4927 922 4986 annum
955 4931 1181 5000 agebat,
1216 4944 1347 4981 cum
1373 4927 1533 5002 stetit
1561 4927 1754 5002 coram
1788 4931 2034 4990 Pharao-

388 5000 482 5070 ne;
506 5004 644 5057 Fen.
678 5020 788 5065 xm,
813 5003 897 5055 46.
932 5002 1061 5054 Jam
1097 5004 1320 5070 septem
1354 5000 1489 5053 anni
1523 5001 1805 5058 ubertatis
1835 5011 1891 5058 et
1921 5007 2036 5062 duo

387 5074 561 5128 famis
592 5071 1150 5144 (Egyptiacmgelapsi
1173 5076 1356 5136 erant,
1382 5087 1514 5125 cum
1537 5072 1711 5128 Jacob
1734 5091 1867 5129 cum
1901 5077 2037 5133 ﬁliis

388 5145 447 5199 in
478 5142 789 5216 .Egyptum
827 5142 1081 5196 venisset
1110 5160 1122 5208 ;
1174 5144 1314 5197 Gen.
1347 5160 1472 5219 x_Lv.
1504 5145 1538 5219 t5
1569 5149 1625 5198 et
1659 5147 1742 5219 11.
1778 5147 2034 5219 Trigesi-

388 5214 806 5270 mum_nonum
829 5229 965 5287 ergo
996 5230 1215 5268 annum
1266 5216 1471 5285 agebat
1497 5214 1734 5287 Joseph,
1769 5214 1910 5272 cuni
1935 5220 2031 5274 Ja-

387 5287 493 5340 cob
527 5287 598 5340 ad
631 5301 766 5339 eum
798 5285 976 5350 venit,
1017 5292 1072 5341 et
1101 5301 1160 5339 se
1206 5287 1611 5360 centissimum
1638 5285 2034 5360 'trigesimum

388 5373 608 5430 annum
644 5371 814 5430 agere
845 5372 1038 5411 coram
1071 5373 1203 5430 rege
1247 5357 1439 5412 aiebat
1487 5359 1586 5413 cit.
1618 5357 1946 5430 capixwu,
1976 5362 2031 5416 9.

388 5373 608 5411 annum
644 5373 814 5480 agere
845 5373 1038 5411 coram
1071 5373 1203 5430 rege
1247 5373 1439 5412 aiebat
1487 5373 1586 5413 cit.
1618 5375 1743 5430 cap.
1777 5377 1946 5425 XLVII,
1976 5373 2031 5416 9.

385 5427 444 5502 Si
475 5428 687 5502 subtra
728 5432 900 5502 antur
930 5445 962 5482 a
986 5435 1219 5483 centum
1241 5429 1484 5502 triginta
1512 5431 1680 5484 annis
1705 5430 1882 5486 Jacob
1898 5438 2034 5489 aeta-

386 5499 466 5553 tis
494 5498 709 5568 Joseph
744 5498 982 5574 triginta
1015 5517 1216 5574 novem
1251 5498 1412 5574 anni,
1439 5502 1814 5574 nonagesimo
1845 5504 2034 5574 primo

386 5585 496 5628 suo
528 5587 682 5626 anno
713 5572 1008 5627 constabit
1031 5572 1210 5626 Jacob
1239 5572 1517 5644 genuisse
1545 5572 1784 5644 Joseph.

457 5661 605 5750 (912)
633 5661 782 5723 Loco
812 5675 986 5723 nonus
1008 5660 1066 5722 in
1091 5661 1219 5719 cod.
1251 5659 1826 5738 legiturnatus,quod
1842 5679 2038 5722 emen-

2141 3679 2330 3732 serunl
2363 3677 2420 3730 in
2446 3673 3248 3748 zEgypto,quadringentorum
3267 3674 3497 3746 triginta
3520 3691 3796 3733 annorum

2145 3766 2313 3835 (915),
2336 3771 2444 3820 etc.
2469 3763 2577 3819 Sed
2604 3780 2718 3819 non
2739 3768 2829 3818 est
2847 3763 3228 3831 contrarium,
3251 3764 3390 3834 quia
3407 3779 3513 3834 per
3531 3767 3792 3836 tropum,

2143 3887 2403 3942 dandum
2436 3891 2563 3940 tum
2613 3903 2843 3952 sensus,
2896 3891 3022 3940 tum
3081 3887 3517 3959 supputationis
3561 3887 3795 3960 veritas,

2144 3965 2270 4013 tum
2302 3975 2429 4030 quae
2461 3963 2783 4027 sequuntur
2817 3974 3072 4030 suasere.

2217 4028 2362 4101 (913)
2392 4028 2531 4083 Gen.
2565 4046 2617 4094 L,
2644 4030 2711 4083 22
2736 4035 2792 4084 et
2809 4030 2898 4098 ‘25,
2919 4029 3018 4084 ubi
3043 4029 3260 4101 legitur
3282 4033 3584 4088 mortuum
3612 4030 3797 4090 fuisse

2145 4100 2361 4170 Joseph
2395 4102 2710 4155 centesimo
2733 4101 2956 4156 decimo
2979 4100 3130 4156 anno
3162 4101 3347 4156 aetatis
3378 4117 3502 4156 sua:
3525 4119 3540 4169 ;
3560 4101 3612 4156 si
3639 4101 3799 4159 enim

2148 4171 2857 4246 subtrahantur_triginta
2905 4189 3109 4227 novem
3166 4172 3301 4246 anni
3335 4173 3522 4228 aetatis
3551 4171 3797 4246 Joseph,

2147 4259 2294 4313 quos
2317 4244 2441 4312 jam
2475 4241 2822 4318 expleverat,
2855 4250 2913 4299 ut
2945 4260 3122 4314 supra
3153 4243 3374 4298 dictum
3397 4248 3507 4318 est,
3535 4260 3672 4299 cum
3697 4241 3798 4318 in.

2145 4319 2231 4368 ter
2262 4318 2333 4368 ad
2377 4330 2511 4398 eum
2570 4315 2745 4398 veniit,
2787 4320 3136 4398 supererunt
3191 4316 3566 4398 septuaginta
3617 4315 3801 4398 supra

2143 4402 2385 4454 annum,
2419 4384 2492 4440 ad
2523 4384 2929 4458 complenda—m
2969 4391 3195 4444 etatem
3223 4384 3379 4462 pejus,
3405 4384 3670 4444 'centum
3694 4384 3798 4446 de-

2146 4473 2267 4511 cem
2300 4471 2609 4511 annorum.

2221 4527 2365 4598 (914)
2401 4529 2460 4581 In
2494 4529 2621 4582 cod.
2670 4526 2884 4599 legitur
2916 4545 2983 4582 LX
3015 4534 3070 4584 et
3099 4546 3174 4595 v1,
3209 4530 3362 4600 quod
3395 4533 3594 4584 tamen
3629 4545 3800 4586 sexa-

2069 4584 2113 4648 D
2149 4584 2311 4671 ginta
2334 4584 2700 4680 .Iquatuprex
2728 4584 3146 4680 supputatione
3161 4584 3446 4680 'setquenti
3479 4584 3799 4680 legendum

2149 4669 2368 4726 censui.
2405 4669 2635 4726 Scilicet
2652 4669 2966 4738 tacillimus
2981 4688 3142 4726 error
3163 4669 3276 4726 fuit
3302 4671 3427 4733 loco
3461 4669 3802 4740 inscribere

2149 4759 2226 4825 γι..
2251 4741 2631 4825 Septuaginta
2649 4742 2825 4825 igitur
2847 4760 3024 4814 supra
3055 4759 3277 4825 annum
3295 4743 3486 4823 astatis
3503 4740 3696 4825 {osph
3717 4745 3798 4804 .ab

2151 4813 2401 4885 adventu
2432 4811 2638 4885 patris,
2653 4821 2876 4884 partem
2922 4811 3360 4885 supputationis
3399 4811 3797 4872 certissimam

2191 4882 2750 4956 raebenthctoginta
2767 4885 2955 4940 aztatis
2977 4882 3180 4956 Moysi,
3197 4901 3330 4944 cum
3349 4886 3582 4956 Moyses
3597 4902 3800 4949 conatu

2195 4955 2448 5029 haraone
2470 4955 2650 5029 stetit,
2683 4962 3048 5027 asseruntur,
3077 4955 3256 5014 Exod.
3295 4973 3392 5024 vn,
3422 4955 3487 5029 τε
3517 4974 3650 5029 qua
3681 4958 3798 5014 duo

2149 5028 2340 5098 spatia
2370 5025 2653 5081 circulum
2703 5025 3065 5101 componunt
3094 5033 3330 5084 centum
3362 5025 3800 5101 quinquaginta

2141 5115 2326 5170 supra
2343 5114 2525 5152 unum
2549 5115 2791 5154 annum.
2813 5099 3183 5156 Probandum
3201 5099 3799 5171 remaneret’spa‘tium

2148 5172 2446 5251 sexaginta
2470 5174 2721 5296 quatuor
2750 5187 3060 5253 annorum,
3095 5171 3248 5242 quod
3282 5176 3621 5252 superesset
3641 5187 3799 5230 mor-

2148 5247 2261 5296 tem
2297 5247 2448 5295 inter
2513 5241 2713 5296 osenhi
2745 5250 2802 5296 et
2846 5247 3203 5296 natmtatem
3236 5243 3441 5296 MOVSI.
3487 5247 3552 5296 et
3579 5243 3656 5296 da
3681 5258 3798 5296 auo

2146 5247 2261 5296 tem
2295 5241 2448 5314 inter
2475 5241 2713 5312 Josephi
2745 5250 2802 5297 et
2846 5241 3205 5314 nativitatem
3236 5241 3441 5314 Moysi,
3487 5243 3656 5314 etde
3681 5258 3798 5314 quo

2146 5318 2232 5367 tot
2256 5313 2565 5385 (opiniones
2596 5320 2738 5384 quot
2766 5315 2975 5385 capita.
3009 5314 3151 5369 Vide
3179 5313 3501 5385 Josephum
3529 5313 3800 5371 Flavium

2147 5384 2328 5454 antiq.
2360 5384 2496 5437 Jud.
2525 5400 2650 5454 cap.
2685 5402 2807 5439 xm.
2842 5384 2982 5440 Mihi
3016 5390 3169 5440 certe
3198 5384 3417 5440 arridet
3440 5401 3647 5442 eorum
3673 5385 3800 5454 opi-

2147 5401 2328 5454 antiq.
2360 5401 2496 5437 JUG.
2525 5401 2650 5454 08p.
2685 5402 2807 5439 XIII.
2842 5401 2982 5440 MlDl
3016 5401 3169 5440 certe
3198 5401 3417 5440 arridet
3440 5401 3647 5442 eorum
3775 5414 3800 5426 "

2147 5454 2242 5508 nio
2274 5454 2373 5524 qui
2406 5454 2636 5527 longius
2667 5458 2898 5527 tempus
2931 5462 3264 5523 assumunt,
3297 5457 3384 5514 uti
3416 5457 3580 5512 mirae
3609 5401 3802 5514 Jux-

2147 5541 2338 5599 oru‘m_
2351 5525 2821 5599 mpltiplicationi
2853 5527 2995 5584 satis
3023 5527 3238 5599 aptius.

2223 5596 2364 5667 (915)
2397 5596 2575 5670 Exod.
2607 5613 2712 5668 xu,
2742 5599 2827 5670 40,
2857 5600 2956 5654 ubi
2989 5596 3116 5655 tum
3140 5601 3312 5670 juxta
3333 5597 3643 5670 Hebraeum
3673 5604 3797 5670 tex-

2150 5671 2301 5742 tum,
2323 5670 2450 5724 tum
2479 5667 2881 5751 Septuaginta,
2911 5675 3040 5732 tum
3061 5667 3232 5752 juite
3252 5669 3513 5732 codicem
3535 5669 3798 5757 sagari-
