3990 6224
360 357 477 416 523

1377 351 1710 411 ATTONIS
1757 349 2338 410 VERCELLENSIS
2386 347 2737 408 EPISCOPI

3644 346 3769 403 524

435 484 714 556 Sequitur
746 501 758 538 :
793 484 974 554 Itaque
1004 483 1094 538 lea:
1117 481 1437 552 paedagoyus
1493 485 1676 537 noster
1713 483 1838 551 fuit.
1887 483 2002 534 Poe-
2033 484 2087 546 Α
2117 485 2206 535 est
2235 480 2386 550 quod
2419 479 2588 534 nobis
2619 477 3015 533 necessarium
3048 479 3138 531 est
3168 473 3226 530 in
3258 475 3366 530 hac
3394 475 3536 542 vita,
3591 478 3768 548 quasi

363 572 599 644 dagogus
629 569 774 641 (922)
807 571 1068 625 Graecum
1102 571 1344 622 verbum
1376 574 1465 623 est
1496 571 1889 640 compositum
1941 585 2008 622 ex

368 660 617 725 duobus,
651 657 918 714 videlicet
956 675 1020 713 eo
1071 658 1224 728 quod
1271 673 1480 727 pueros
1504 661 1656 730 agat.
1691 655 2012 726 Restringit

367 763 620 818 namque
650 746 1041 803 lascivientem
1074 752 1394 812 aetatem,ut
1425 763 1568 817 puer
1590 750 1660 800 ab
1685 746 1778 800 his
1798 763 1858 801 se
1881 745 2009 816 qui-

369 836 711 906 buscunque
731 835 1021 890 abstineat
1043 851 1169 905 quae
1187 834 1557 904 cupit,donec
1589 833 1658 888 ad
1694 834 2005 904 perfectam

369 930 596 981 atatem
625 925 938 996 perveniat.
972 924 1337 995 Quapropter
1367 923 1512 978 bene
1558 923 1647 978 lex
1697 924 2008 995 padagogo

368 1012 748 1076 assimilatur,
781 1012 918 1082 quia
947 1011 1075 1067 ideo
1108 1012 1246 1067 data
1275 1016 1381 1077 est,
1417 1018 1480 1066 ut
1512 1011 1697 1066 malos
1728 1012 2007 1082 restinge-

367 1099 846 1171 ret,lascivientes
877 1100 1151 1168 frenaret,
1182 1101 1364 1156 donec
1391 1101 1724 1156 veniremus
1755 1101 1827 1155 ad
1849 1100 2008 1155 Chri-

368 1195 548 1245 stum.
583 1193 652 1242 Et
679 1189 788 1244 hoc
819 1195 908 1244 est
937 1190 1092 1260 quod
1121 1189 1284 1256 dicit,
1317 1193 1376 1244 in
1407 1190 1638 1257 Christo,
1688 1190 1744 1244 id
1796 1196 1902 1260 est,
1937 1191 2006 1244 ad

365 1276 759 1342 Christum,ut
788 1293 854 1332 ex
887 1278 999 1332 fide
1029 1278 2012 1348 ejusjustilicaremur.Adveniente

368 1382 622 1437 namque
642 1365 897 1434 Christo,
929 1367 1262 1421 recedentes
1296 1384 1328 1420 a
1358 1367 1690 1437 padagogo,
1725 1367 1796 1421 ad
1837 1365 2010 1421 liber-

367 1459 549 1509 tatem
577 1453 958 1509 transivimus
988 1454 1204 1526 gratiae.
1236 1455 1303 1508 Et
1351 1454 1457 1509 hoc
1507 1459 1596 1510 est
1629 1455 1783 1526 quod
1816 1453 2008 1525 sequi-

367 1546 467 1597 tur
497 1558 510 1597 :
545 1543 609 1597 At
639 1542 734 1597 ubi
763 1543 908 1597 venit
938 1543 1088 1612 ﬁdes,
1115 1549 1225 1599 etc.

442 1630 716 1701 Sequitur
748 1647 761 1687 :
794 1633 988 1686 Omnes
1033 1633 1184 1687 enim
1231 1633 1358 1686 estis
1398 1630 1514 1700 ﬁlii
1542 1633 1657 1702 Dei,
1686 1635 1796 1686 etc.
1831 1633 1898 1686 Et
1928 1635 2017 1687 est

373 1734 585 1774 sensus
614 1735 627 1772 :
661 1718 704 1773 Ο
736 1718 1025 1787 (ΞαΙαὶω,εί
1051 1721 1283 1790 nos,qui
1316 1719 1425 1775 sub
1459 1721 1768 1792 paedagogo
1794 1721 2014 1775 fuimus

373 1807 556 1862 donec
585 1807 882 1862 adveniret
910 1807 1194 1871 Christus,
1229 1807 1326 1863 illo
1359 1809 1718 1879 adveniente,
1743 1809 2011 1864 receden-

371 1899 460 1951 tes
491 1912 525 1950 a
553 1895 1250 1968 paedagogo,credidimus
1278 1895 1334 1950 in
1369 1896 1680 1952 Dominum
1709 1897 1936 1961 Jesum,
1962 1903 2018 1951 et

371 2000 475 2055 per
505 1984 674 2040 fidem
706 1985 834 2054 ejus
856 1985 1186 2054 justiﬁcati,
1234 1985 1334 2038 ﬁlii
1391 1985 1525 2041 facti
1571 2003 1801 2054 sumus,
1835 2002 2017 2057 quare

373 2089 495 2140 vos,
526 2073 626 2144 qui
660 2073 716 2127 in
749 2073 1029 2146 praeputio
1060 2074 1383 2142 credentes,
1417 2091 1622 2130 omnes
1654 2073 1756 2129 ﬁlii
1787 2075 1888 2129 Dei
1932 2076 2014 2129 fa-

374 2163 449 2217 cti
480 2162 640 2230 estis,
672 2163 782 2219 sub
816 2163 1128 2234 paedagogo
1160 2179 1287 2218 esse
1317 2162 1537 2218 vultis?

447 2253 595 2324 (923)
620 2251 900 2322 Sequitur
933 2268 945 2306 :
983 2252 1299 2322 Quicunque
1327 2253 1477 2306 enim
1506 2254 1566 2306 in
1599 2252 1811 2308 Christo
1839 2253 2015 2324 bapti-

373 2343 487 2397 καιιὶ
518 2341 668 2410 estis,
703 2345 834 2405 etc.,
869 2339 1038 2410 quasi
1071 2339 1284 2396 diceret
1315 2356 1327 2394 :
1361 2341 1428 2394 Et
1460 2340 1507 2394 si
1537 2357 1659 2408 vos,
1702 2357 1733 2396 ο
1782 2341 2013 2412 Galatas,

373 2445 478 2502 per
506 2428 753 2501 gratiam
786 2428 971 2483 sancti
1001 2426 1339 2498 Spiritus,et
1384 2445 1599 2500 aquam
1645 2428 2017 2500 baptismatis

373 2518 561 2574 renati
595 2519 870 2573 Christum
899 2507 1180 2584 induiitis,
1206 2533 1385 2588 quare
1429 2535 1463 2572 a
1507 2517 1772 2573 libertate
1819 2517 2015 2589 gratia:

370 2607 444 2663 ad
474 2607 622 2679 legis
651 2607 990 2661 servitutem
1021 2606 1272 2661 transire
1305 2605 1520 2662 vultis?
1550 2607 1773 2672 Quibus
1823 2607 2014 2661 verbis

369 2695 628 2751 ostendit
655 2691 968 2765 Apostolus
991 2694 1146 2764 quod
1168 2693 1434 2749 Christus
1456 2695 1720 2749 omnium
1753 2693 2013 2748 fidelium

369 2783 448 2839 sit
493 2783 930 2848 indumentum,
963 2787 1020 2838 et
1049 2798 1165 2836 non
1207 2781 1396 2836 solum
1429 2782 1542 2849 hic,
1576 2783 1675 2838 sed
1707 2783 1882 2837 etiam
1917 2782 2014 2838 ubi

369 2871 452 2927 ait
497 2887 510 2927 ε
561 2870 872 2926 Induimini
927 2871 1223 2925 Dominum
1274 2873 1458 2926 Iesum
1512 2871 1782 2926 Christum
1840 2873 2012 2943 (Rom.

369 2961 630 3031 xm,14).
663 2958 804 3015 Vult
833 2959 1010 3015 etiam
1059 2959 1372 3030 Apostolus
1421 2959 1665 3015 latenter
1711 2961 2015 3016 ostendere

375 3048 514 3122 quia
545 3049 596 3105 si
635 3047 719 3102 illi
765 3048 866 3119 qui
909 3048 1279 3120 baptizantur
1319 3047 1613 3103 Christum
1663 3049 2012 3122 induuntur,

372 3136 459 3192 illi
489 3151 626 3210 ergo
657 3135 758 3209 qui
788 3152 900 3192 non
928 3135 1302 3193 bantizantur
1349 3135 1645 3192 Christum
1686 3153 1800 3192 non
1848 3136 2015 3193 indui

371 3231 690 3284 merentur.

442 3317 631 3380 Quare
660 3314 762 3387 qui
793 3314 852 3370 in
882 3314 1110 3369 Christo
1162 3314 1534 3386 bsptizantur
1581 3315 1874 3371 Christum
1925 3315 2012 3371 in-

371 3406 553 3462 duant
582 3403 788 3476 aperit,
821 3418 955 3459 cum
988 3403 1295 3474 subjungit
1325 3421 1337 3458 :
1370 3403 1487 3459 Non
1514 3408 1595 3459 est
1622 3403 1867 3474 Iudaeus,
1913 3420 2014 3460 ne-

369 3510 473 3565 que
503 3496 748 3550 Graecus.
771 3492 1040 3548 Ostendit
1068 3491 1222 3546 enim
1255 3492 1408 3563 quod
1445 3509 1556 3548 non
1594 3493 1783 3564 magis
1807 3492 2015 3548 habeat

369 3581 760 3638 circumcisus
791 3597 969 3652 quam
1002 3579 1406 3652 praeputiatus,
1442 3585 1670 3636 tantum
1717 3581 1766 3637 si
1818 3582 2014 3637 credat

371 3670 432 3724 in
461 3669 760 3724 Christum
792 3674 849 3723 et
878 3668 1222 3740 baptizetur.
1255 3668 1398 3723 Hinc
1429 3674 1517 3724 est
1547 3669 1702 3740 quod
1730 3668 1866 3724 alibi
1899 3669 2007 3724 ait:

368 3759 552 3830 Neque
578 3758 945 3826 circumcisio,
991 3772 1163 3828 neque
1205 3759 1543 3828 praeputium
1589 3757 1803 3828 aliquid
1848 3759 2009 3827 valet,

370 3851 480 3902 etc.
507 3846 554 3918 (Ι
582 3845 702 3902 Cor.
732 3861 837 3911 vn,
869 3846 977 3914 19).

445 3935 723 4008 Sequitur
767 3951 780 3990 :
812 3935 928 3990 Non
975 3938 1052 3989 est
1078 3949 1286 4004 servus,
1317 3951 1488 4005 neque
1539 3933 1718 3995 liber;
1749 3933 2015 3988 videlicet

372 4025 514 4100 quia
537 4041 654 4081 non
686 4024 1099 4079 discernuntur
1125 4023 1476 4090 conditione,
1508 4022 1609 4078 sed
1640 4021 1775 4076 fidei
1809 4021 2014 4077 merito

373 4121 548 4187 atque
579 4111 970 4169 ratione.Hinc
985 4117 1074 4168 est
1093 4112 1247 4184 quod
1279 4127 1430 4184 saepe
1451 4111 1636 4184 magis
1666 4110 1888 4182 aliquid
1910 4111 2013 4167 ha-

371 4207 472 4262 bet
499 4219 702 4260 servus
731 4217 908 4272 quam
941 4200 1235 4256 dominus.
1269 4200 1544 4272 Sequitur
1573 4218 1585 4255 :
1618 4204 1738 4258 Non
1767 4202 1844 4254 est
1889 4217 2012 4256 ma-

369 4291 580 4362 sculus,
610 4305 785 4361 neque
813 4288 1046 4362 femina.
1079 4289 1392 4345 Sciendum
1423 4290 1565 4360 quia
1608 4288 1908 4344 masculus
1958 4295 2012 4345 et

371 4381 591 4438 femina
620 4379 1034 4435 discernuntur
1061 4393 1200 4433 sexu
1233 4380 1407 4448 atque
1439 4375 1768 4447 fragilitate,
1788 4392 2014 4432 verum-

369 4474 568 4527 tamen
599 4485 714 4523 non
744 4466 1084 4522 dividuntur
1114 4466 1172 4520 in
1202 4465 1336 4530 fide,
1369 4463 1508 4535 quia
1540 4463 1684 4518 ﬁdes
1713 4463 2011 4520 interioris

366 4557 627 4614 hominis
656 4560 765 4626 est,
798 4559 854 4610 et
884 4555 963 4610 ibi
991 4559 1082 4610 est
1111 4553 1278 4617 fides,
1311 4551 1410 4607 ubi
1445 4550 1646 4640 nullus
1682 4554 1772 4640 est
1816 4568 2009 4609 sexus.
2042 4575 2088 4640 Ι)

368 4647 515 4702 Hinc
543 4650 633 4701 est
660 4645 814 4717 quod
843 4660 994 4715 saepe
1023 4642 1131 4697 viri
1161 4640 1479 4696 trahuntur
1507 4639 1578 4693 ad
1611 4638 1859 4694 salutem
1911 4657 2011 4712 per

368 4733 662 4801 mulieres,
694 4736 751 4788 et
778 4737 1016 4787 econtra
1067 4727 1342 4783 mulieres
1373 4743 1476 4797 per
1499 4725 1654 4782 viros
1687 4743 1700 4781 :
1736 4729 1888 4798 quod
1922 4729 2005 4787 la-

367 4821 486 4877 tius
515 4821 575 4876 in
607 4819 867 4892 Epistola
906 4819 978 4873 ad
1010 4814 1341 4871 Corinthios
1371 4815 1754 4885 docet'(!bid.,
1791 4818 1895 4885 14).

439 4912 801 4983 QuaprOpter
829 4905 1010 4978 quaeri
1030 4906 1220 4975 potest
1265 4917 1447 4973 quare
1494 4903 1648 4958 dicat
1678 4906 1826 4976 (924)
1856 4909 2010 4978 quod

369 5016 558 5072 neque
584 4999 822 5055 Judaaus
853 5009 1044 5064 neque
1075 4991 1306 5046 Graecus
1337 4993 1414 5047 sit
1443 4992 1662 5048 divisus
1683 4993 1742 5047 in
1760 4995 2008 5065 Christo,

369 5095 500 5159 etc.,
533 5103 669 5142 eum
700 5090 820 5139 tam
855 5083 981 5153 ipse
1011 5096 1188 5151 quam
1220 5085 1275 5135 et
1304 5081 1495 5136 caeteri
1527 5082 1772 5154 apostoli
1793 5085 2012 5154 specia-

367 5177 447 5232 lia
477 5175 700 5230 monita
738 5168 1002 5226 dederint
1027 5169 1238 5224 Judaeis
1294 5173 1349 5224 et
1395 5171 1690 5242 gentibus,
1732 5173 1912 5228 servis
1943 5190 2010 5228 ac

368 5263 646 5320 dominis.
682 5259 792 5315 Sed
823 5257 932 5312 hoc
964 5274 1078 5312 non
1109 5262 1196 5312 est
1225 5259 1606 5328 contrarium,
1661 5259 1800 5330 quia
1846 5260 2006 5317 aliud

437 5403 585 5475 (922)
617 5401 848 5459 Scilicet
873 5394 1220 5473 Παῖδάγωγος
1279 5419 1314 5458 a
1341 5405 1458 5470 παῖ,
1493 5419 1658 5473 puer,
1681 5406 1738 5458 et
1760 5401 2003 5476 ἀγωγος,

364 5476 585 5625 dat???)
614 5546 681 5625 _1_n
713 5547 907 5625 autog.
943 5558 1128 5625 marg,
1158 5543 1252 5600 hic
1279 5543 1494 5625 legitur
1523 5560 1649 5625 cap.
1682 5543 1821 5600 XVI.

436 5559 585 5618 (925)
620 5559 681 5601 1n
713 5559 846 5601 auio
896 5585 907 5597 .
943 5559 1128 5614 marg.
1158 5559 1252 5600 mc
1279 5559 1494 5624 legitur
1523 5560 1649 5625 cap.
1682 5559 1821 5600 Ᾱνι.

436 5618 583 5710 (924)
614 5618 819 5690 Verba,
851 5559 1253 5696 guapmpter...
1284 5616 1448 5685 dicat,
1482 5632 1537 5671 in
1589 5631 1707 5686 ima
1757 5632 1859 5682 ora
1906 5631 2004 5692 cos

2119 573 2176 622 in
2208 569 2318 634 via,
2351 574 2407 622 et
2435 567 2589 622 aliud
2624 571 2713 622 est
2746 565 2916 621 nobis
2946 564 3366 630 necessarium,
3394 563 3464 618 ad
3488 565 3646 635 quod
3675 563 3769 621 vel

2120 674 2220 727 per
2250 658 2403 727 quod
2435 655 2738 710 veniamus
2772 655 2843 708 ad
2876 669 3142 724 regnum.
3171 653 3231 706 In
3255 653 3364 707 hac
3391 668 3626 724 quoque
3647 653 3772 709 vita

2120 745 2458 800 necessariae
2499 750 2640 799 sunt
2669 742 3067 811 discretiones,
3117 745 3173 796 et
3228 741 3440 796 idcirco
3489 741 3771 813 specialia

2119 835 2402 889 dederunt
2434 839 2735 905 praecepta,
2773 848 2841 886 ne
2874 847 3084 887 nomen
3115 829 3465 896 Christi,aut
3494 830 3766 900 Caasaris,

2119 923 2381 977 doctrina
2411 922 2934 991 blasphemaretur.
2989 919 3136 973 Hinc
3173 923 3262 974 est
3291 919 3445 989 quod
3477 919 3770 974 Dominus

2119 1013 2200 1066 ait
2245 1011 2409 1066 Petro
2453 1029 2464 1065 :
2511 1011 2584 1066 Ne
2631 1013 2816 1064 autem
2863 1007 3303 1063 scandalizemus
3356 1023 3464 1073 eos,
3513 1007 3648 1063 vade
3693 1007 3770 1062 ad

2121 1117 2291 1168 mare,
2340 1105 2450 1154 etc.
2503 1099 2705 1170 (Matth.
2748 1116 2886 1167 xvn,
2917 1099 3030 1167 26),
3063 1102 3120 1152 et
3147 1097 3286 1151 item
3322 1113 3335 1152 :
3371 1095 3596 1152 Reddite
3642 1111 3775 1168 qua:

2119 1193 2246 1242 sunt
2297 1189 2525 1243 Cwsaris
2571 1189 2789 1244 Caesari
2835 1185 3040 1256 (Matth.
3093 1201 3232 1253 χχιι,
3287 1186 3388 1250 21;
3438 1185 3604 1240 Marc.
3662 1201 3770 1254 XII,

2124 1283 2217 1344 17;
2251 1279 2378 1331 Luc.
2411 1294 2504 1345 xx,
2537 1277 2656 1346 ‘25);
2691 1281 2747 1330 et
2775 1280 2984 1330 Petrus
3014 1291 3026 1328 :
3061 1273 3293 1342 Subditi,
3337 1273 3551 1345 inquit,
3584 1282 3772 1340 estote,

2122 1372 2231 1420 etc.
2284 1367 2328 1435 (I
2367 1371 2515 1420 Petr.
2552 1384 2610 1432 ιι,
2648 1367 2765 1434 18);
2797 1369 2854 1419 et
2884 1363 3036 1418 idem
3087 1361 3302 1417 Paulus
3354 1380 3366 1417 :
3419 1361 3628 1433 Omnis,
3681 1362 3771 1418 in-

2123 1455 2270 1525 quit,
2301 1457 2489 1508 anima
2519 1453 2868 1524 potestatibus
2888 1451 3302 1506 sublimioribus
3319 1450 3539 1507 subdita
3551 1451 3645 1520 sit,
3659 1457 3772 1508 etc.

2124 1544 2296 1612 (Rom.
2329 1560 2454 1610 xm,
2487 1544 2563 1609 1.)
2593 1543 2779 1608 Quare
2826 1539 2988 1594 nulla
3037 1540 3115 1594 sit
3162 1539 3369 1595 divisio
3415 1539 3474 1594 in
3515 1539 3773 1612 Christo,

2124 1631 2398 1696 ostendit,
2451 1631 2591 1684 dum
2636 1629 2986 1700 subjungit:
3024 1628 3217 1683 Omnes
3265 1630 3414 1683 enim
3455 1644 3547 1684 vos
3593 1646 3774 1684 unum

2123 1721 2252 1774 estis
2282 1722 2341 1774 in
2371 1719 2624 1782 Christo;
2671 1717 2780 1773 hoc
2828 1721 2935 1786 est,
2987 1733 3173 1772 unum
3220 1733 3455 1788 corpus,
3489 1718 3771 1788 quoniam

2124 1813 2313 1863 mater
2342 1807 2597 1863 Ecclesia
2627 1823 2831 1862 omnes
2860 1806 2919 1860 in
2953 1822 3131 1861 unam
3168 1806 3319 1877 parit
3348 1806 3678 1862 infantiam.

2197 1898 2344 1967 (925)
2374 1897 2648 1968 Sequitur
2682 1914 2694 1951 :
2729 1895 2789 1950 Si
2809 1904 2999 1951 autem
3029 1911 3118 1949 vos
3151 1894 3373 1964 Christi,
3406 1899 3515 1950 etc.
3564 1896 3634 1950 Et
3682 1901 3773 1952 est

2126 2002 2336 2041 sensus
2371 2003 2382 2039 :
2415 1986 2469 2040 Si
2505 2002 2627 2052 vos,
2659 2002 2689 2039 0
2721 1984 2955 2050 Galatae,
2985 1983 3085 2053 qui
3118 1983 3174 2038 in
3208 1984 3488 2056 praeputio
3519 1985 3774 2040 credidi-

2126 2074 2252 2144 stis,
2281 2073 2552 2144 baptizati
2575 2073 2868 2129 Christum
2903 2072 3200 2141 induistis,
3222 2077 3279 2128 et
3309 2072 3413 2128 filii
3441 2073 3563 2143 ejus
3583 2074 3770 2130 estis:

2124 2179 2248 2232 ergo
2292 2163 2518 2217 Abrahae
2563 2178 2741 2217 semen
2793 2163 2957 2223 estis;
3007 2161 3145 2233 quia
3173 2166 3230 2217 et
3258 2161 3384 2233 ipse
3427 2179 3495 2218 ex
3521 2161 3773 2218 Abraha

2126 2251 2369 2306 semine.
2393 2251 2734 2322 Quicunque
2766 2251 2919 2305 enim
2955 2254 3226 2322 suscepto
3250 2250 3592 2324 evangelica
3623 2268 3774 2323 pra:-

2127 2339 2434 2395 dicationis
2465 2341 2687 2395 semine
2718 2339 2775 2394 in
2809 2339 3106 2394 Christum
3132 2341 3554 2406 credunt,dum
3579 2342 3775 2414 bapti-

2124 2430 2235 2484 zati
2267 2428 2561 2484 Christum
2595 2429 2866 2495 induunt,
2896 2429 3023 2499 ejus
3055 2429 3309 2500 profecto
3339 2434 3397 2484 et
3423 2429 3672 2485 Abrahae
3704 2430 3774 2484 fi-

2124 2518 2207 2584 lii,
2242 2518 2350 2572 hoc
2381 2526 2488 2583 est,
2522 2534 2719 2572 semen
2751 2518 2823 2572 de
2853 2517 3076 2573 semine
3105 2517 3460 2573 efficiuntur.
3495 2517 3640 2574 Illud
3665 2535 3773 2575 au-

2124 2611 2242 2662 tem
2274 2606 2599 2674 sciendum,
2636 2606 2773 2677 quia
2802 2605 3070 2662 Christus
3090 2607 3318 2678 quoties
3349 2607 3530 2663 Filius
3556 2607 3774 2665 dicitur

2121 2694 2384 2760 Abrahae,
2417 2695 2732 2750 carnaliter
2757 2693 3173 2768 intelligendus
3203 2701 3317 2764 est;
3353 2697 3583 2768 quoties
3632 2715 3769 2755 vero

2125 2782 2358 2850 Galatae,
2391 2783 2477 2837 vel
2510 2782 2696 2838 caeteri
2731 2783 2976 2856 gentiles
3006 2784 3307 2839 credentes
3357 2784 3461 2839 filii
3510 2786 3637 2856 ejus
3677 2788 3767 2842 di-

2124 2875 2357 2937 cuntur,
2392 2887 2508 2925 non
2540 2871 2870 2937 carnaliter,
2899 2872 2999 2927 sed
3032 2871 3643 2947 spiritaliterintelligi
3673 2875 3772 2932 de-

2125 2959 2282 3014 bent.
2337 2959 2483 3015 Illud
2533 2961 2708 3016 etiam
2754 2963 3100 3027 notandum,
3137 2960 3276 3032 quia
3322 2963 3770 3034 promissiones,

2125 3063 2259 3102 cum
2289 3047 2358 3102 ad
2384 3047 2679 3103 Christum
2704 3048 2866 3104 facta:
2888 3049 3182 3116 dicuntur,
3213 3049 3518 3121 pluraliter
3539 3067 3773 3123 ponun-

2123 3137 2251 3203 tur;
2286 3135 2441 3190 unde
2473 3151 2651 3207 supra
2683 3152 2695 3191 :
2729 3136 2959 3192 Abrahae
2988 3138 3146 3193 dictae
3173 3143 3322 3205 sunt,
3353 3143 3640 3206 etc.;cum
3662 3157 3774 3197 au-

2046 3211 2089 3277 C
2128 3228 2246 3279 tem
2277 3225 2349 3279 ad
2381 3225 2605 3296 fideles,
2634 3225 3013 3298 singulariter
3041 3227 3354 3299 promissio
3402 3228 3663 3300 ponitur.
3707 3230 3778 3285 Et

2122 3311 2366 3384 pulchre
2396 3313 2632 3385 quidem
2666 3332 2699 3370 a
2731 3314 2941 3387 plurali
2975 3332 3220 3372 numero
3249 3317 3536 3374 transitur
3555 3319 3629 3374 ad
3653 3319 3776 3374 sin-

2121 3401 2406 3474 gularem,
2441 3403 2581 3475 quia
2626 3401 3055 3460 ecclesiasticus
3105 3403 3357 3477 populus
3407 3420 3478 3460 ex
3525 3406 3775 3464 diversis

2121 3490 2418 3563 gentibus,
2451 3492 2688 3548 sexibus
2721 3497 2896 3564 atque
2926 3493 3195 3550 aetatibus
3222 3493 3500 3550 collectus
3524 3499 3634 3552 est.

2193 3579 2338 3650 (9'26)
2371 3578 2531 3651 (Cap.
2577 3579 2998 3652 lV.)Sequitur
3048 3599 3060 3636 :
3112 3583 3242 3638 Dico
3288 3586 3476 3639 autem
3503 3604 3524 3640 :
3558 3591 3771 3656 quanto

2120 3670 2354 3738 tempore
2385 3667 2562 3724 hwres
2589 3669 2852 3740 parvulus
2879 3673 2979 3736 est,
3013 3674 3122 3725 etc.
3157 3675 3288 3726 Haec
3316 3671 3641 3729 similitudo
3666 3691 3770 3730 no-

2121 3756 2353 3812 tissima
2375 3773 2502 3813 esse
2524 3762 2748 3828 poterat
2769 3756 3125 3824 Galatis,nec
3145 3776 3260 3815 non
3284 3764 3342 3816 et
3361 3761 3775 3819 omnibus.Pa-

2119 3849 2208 3901 ter
2235 3844 2562 3916 enim,eum
2593 3845 2681 3900 vel
2713 3845 2772 3900 in
2805 3847 3189 3919 longinquam
3217 3849 3513 3921 regionem
3537 3851 3772 3923 proﬁci-

2123 3931 2490 4000 scitur,unde
2509 3931 2597 3986 vel
2621 3933 3091 4004 credendum,vel
3107 3939 3256 3991 certe
3269 3953 3384 3992 non
3416 3952 3544 3994 esse
3563 3943 3774 3994 ventu-

2123 4023 2386 4087 rum,aut
2405 4024 2718 4087 certe,cum
2740 4037 2899 4078 mors
2921 4022 2970 4078 ei
2994 4024 3352 4097 appropriat,
3370 4025 3559 4081 filium
3593 4044 3774 4083 suum

2121 4107 2416 4162 tutoribus
2433 4112 2610 4180 atque
2627 4103 2920 4166 actoribus
2938 4112 3332 4178 committit,et
3347 4117 3581 4186 tempus
3593 4116 3777 4172 etiam

2122 4195 2457 4261 constituit;
2493 4196 2881 4268 qui,quandiu
2912 4200 3022 4254 sub
3052 4202 3346 4257 tutoribus
3378 4203 3640 4274 est,nihit
3660 4205 3773 4275 dif-

2120 4286 2226 4354 fert
2253 4301 2290 4338 a
2314 4299 2485 4351 servo,
2516 4284 2656 4356 quia
2685 4285 2860 4342 simul
2911 4287 3311 4360 convivantur,
3362 4290 3542 4347 simul
3593 4292 3773 4348 etiam

2112 4372 2406 4442 jocantur,
2437 4378 2612 4444 atque
2633 4375 2743 4429 sub
2767 4391 2886 4431 una
2910 4377 3224 4449 disciplina
3253 4383 3683 4448 tenentur,cum
3705 4382 3777 4436 sit

2120 4460 2372 4516 dominus
2396 4464 2640 4517 omnium
2657 4463 3033 4534 (subauditur
3061 4467 3342 4539 futurus),
3357 4469 3549 4540 quoad
3581 4484 3775 4541 usque

2119 4550 2667 4622 veniat,prwﬁnitum
2693 4556 2902 4624 tempus
2929 4571 2971 4610 α
2987 4563 3163 4626 patre.
3196 4559 3340 4611 Cum
3381 4560 3575 4612 autem
3618 4561 3773 4613 tem-

2119 4655 2230 4710 pus
2261 4641 2644 4696 constitutum
2663 4641 2916 4708 advenit,
2939 4641 3066 4714 ipse
3084 4643 3295 4699 trabsit
3317 4645 3389 4700 ad
3413 4644 3775 4716 libertatem,

2117 4733 2389 4783 manente
2418 4744 2581 4783 servo
2610 4729 2670 4783 in
2702 4730 3164 4788 servitute.Hanc
3189 4735 3402 4788 etenim
3426 4733 3772 4791 similitudi-

2124 4833 2256 4871 nem
2285 4817 2409 4886 ipse
2439 4817 2675 4889 exponit
2703 4820 3043 4891 Apostolus,
3077 4838 3211 4876 cum
3245 4822 3386 4877 dicit
3418 4839 3432 4878 :
3465 4822 3546 4879 Ita
3579 4834 3634 4880 et
3651 4841 3771 4894 nos,

2121 4921 2248 4960 cum
2277 4920 2512 4960 essemus
2535 4908 2778 4978 parvuli,
2814 4924 2991 4964 sensu
3035 4910 3303 4966 videlicet
3349 4915 3405 4966 et
3449 4911 3774 4978 intellectu,

2121 4993 2268 5065 (927)
2295 4996 2393 5048 sub
2423 4995 2701 5051 elementis
2734 4999 2934 5052 mundi
2970 5015 3206 5054 eramus.
3241 4999 3542 5056 Elementa
3572 5007 3773 5056 autem

2119 5082 2384 5138 nonnulli
2416 5085 2854 5156 prophetas,alii
2888 5087 3293 5160 angelos,quia
3314 5089 3661 5161 angelorum
3685 5090 3771 5145 of-

2119 5171 2247 5228 ficio
2261 5171 2526 5230 homines
2551 5181 2853 5246 reguntur;
2871 5177 3023 5232 unde
3046 5178 3560 5250 DominuszAngeti
3575 5194 3773 5234 eorum

2115 5277 2333 5333 semper
2360 5263 2541 5318 vident
2561 5266 2762 5333 faciem
2791 5266 2974 5320 Patris
3005 5267 3134 5321 mei.
3160 5271 3272 5323 etc.
3326 5268 3554 5339 (Matth.
3606 5283 3770 5335 xvm,

2117 5405 2264 5459 diois
2296 5405 2591 5462 leguntur.

2187 5422 2264 5459 ms
2297 5422 2348 5460 ie
2393 5422 2591 5462 untur.

2187 5422 2427 5553 (ῼὲξήη
2459 5483 2656 5550 autog.
2691 5494 2877 5550 marg.
2910 5479 3005 5553 hic
3034 5479 3249 5553 legitur
3276 5495 3406 5551 cap.
3437 5480 3613 5553 XVII.

2365 5549 2426 5628 In
2461 5547 2654 5628 autog.
2690 5547 2876 5622 marg.
2898 5551 3003 5628 _h_ic
3022 5547 3247 5628 legitur
3275 5547 3406 5623 cap.
3428 5551 3642 5628 ἔρξω.

2185 5617 2332 5692 (927)
2365 5619 2425 5674 In
2458 5617 2654 5694 autog.
2683 5617 2869 5698 marg.
2897 5621 2992 5680 hic
3022 5617 3237 5711 legitur.
3265 5617 3393 5706 cap.
3424 5622 3566 5697 χιχ.
