3990 6224
135 412 232 470 525

708 404 1121 467 EXPOSI'I‘IO
1168 406 1243 467 IN
1292 409 1718 471 EPIS’l‘OLAS
1765 408 2022 470 PAULI.
2058 445 2132 454 --
2161 412 2236 470 ΙΝ
2283 412 2525 472 EPIS'I‘.
2576 414 2680 473 AD
2726 414 2899 475 GAL.

3390 414 3508 473 526

136 542 233 611 10),
260 539 339 596 alii
369 538 630 595 litteram
663 536 1394 611 legis,nonnulliejusdem
1419 542 1753 615 intelligunt
1783 547 1834 609 Α
1866 542 1993 597 nias
2026 544 2169 615 legis
2204 545 2519 601 nonnullos
2550 545 2867 619 intelligere
2900 548 3177 615 diximus,
3211 548 3369 620 quia,
3402 548 3509 603 sic-

134 628 501 694 czeremonias,
535 627 646 682 hoc
676 632 784 695 est,
819 626 1352 697 circumcisionem,
1386 636 1442 685 et
1482 632 1752 686 sabbato-

134 734 247 772 rum
274 715 621 779 custodiam,
656 719 765 770 etc.
800 716 910 770 Sed
969 716 1221 772 litteram
1281 717 1424 788 legis
1466 719 1753 791 intelliga-

130 821 245 861 mus
270 803 727 875 elementa,quia
759 808 815 857 et
861 802 1073 859 litteras
1121 805 1408 861 elementa
1451 806 1750 861 dicuntur.

130 894 290 957 Quaeri
312 896 498 964 potest
520 907 701 963 quare
722 891 881 947 dicat
906 893 1124 958 mundi,
1172 894 1375 949 Mundi
1417 895 1579 961 dicit,
1614 895 1754 966 quia

130 982 261 1037 ﬁunt
285 982 341 1037 in
370 981 612 1036 mundo.
636 981 781 1035 Nam
816 982 1074 1036 mundus
1115 998 1265 1054 saepe
1305 983 1454 1039 solet
1484 984 1615 1055 poni
1650 1000 1752 1055 pro

136 1069 216 1126 his
243 1087 358 1141 quia
388 1070 539 1124 ﬁunt
567 1069 629 1123 in
663 1069 923 1133 mundo;
959 1070 1115 1125 unde
1144 1076 1233 1125 est
1266 1070 1405 1125 illud
1436 1088 1448 1125 :
1483 1072 1600 1127 Non
1629 1072 1755 1127 veni

128 1158 420 1229 utjudicem
454 1163 729 1213 mundum
764 1159 942 1226 (Joan.
977 1175 1078 1224 ιιι,
1112 1160 1197 1229 47)
1227 1177 1239 1225 ;
1288 1165 1345 1215 et
1388 1160 1527 1215 item
1556 1177 1567 1216 :
1600 1162 1752 1215 Mun-

129 1247 220 1301 dus
248 1263 367 1302 eum
392 1263 504 1300 non
533 1248 777 1314 cognovit
804 1248 985 1313 (Joan.
1023 1264 1061 1313 1,
1089 1248 1198 1316 lO).

189 1334 249 1388 At
276 1335 367 1388 ubi
393 1336 541 1389 venit
554 1334 842 1405 plenitudo
857 1335 1581 1406 temporis.Plenitudinem
1604 1342 1749 1391 tem-

130 1422 275 1493 poris
303 1422 595 1493 praeﬁxum
628 1427 863 1494 tempus
895 1440 929 1477 a
959 1423 1127 1478 Patre
1156 1429 1469 1496 vocat,quo
1500 1426 1751 1497 praedes-

128 1510 385 1565 tinaverat
415 1510 628 1566 Filium
660 1528 832 1567 suum
868 1528 970 1582 pro
1002 1511 1194 1568 salute
1219 1514 1451 1583 generis
1506 1514 1751 1569 humani

127 1599 189 1653 de
217 1598 365 1654 coalis
396 1600 633 1655 mittere
664 1600 737 1654 ad
767 1605 974 1655 terras.

190 1688 320 1757 (928)
350 1688 662 1757 Sequitur:
698 1690 844 1743 Misit
902 1691 1041 1745 Deus
1090 1691 1301 1746 Filium
1328 1707 1517 1746 suum.
1550 1691 1752 1746 Missio

124 1774 227 1831 ista
248 1775 564 1832 incarnan
588 1780 680 1831 est
700 1776 1080 1849 intelligenda
1107 1795 1119 1832 :
1149 1795 1283 1834 nam
1309 1796 1434 1850 qum
1457 1780 1535 1835 sit
1566 1779 1751 1834 mani-

124 1862 439 1929 festat,cum
475 1866 595 1920 ait:
631 1867 862 1920 Factum
890 1882 961 1921 ex
1005 1868 1261 1923 muliere.
1310 1870 1538 1923 Factum
1590 1867 1751 1934 dicit,

122 1956 339 2023 propter
355 1953 551 2009 carnis
575 1958 790 2009 nostra:
813 1954 1287 2026 fragilitatem.Et
1308 1962 1447 2012 nota
1469 1955 1608 2028 quia
1635 1973 1748 2011 non

124 2039 249 2095 dicit
275 2058 372 2112 per
392 2042 971 2115 mulierem,propter
991 2045 1295 2100 haereticos
1330 2046 1498 2116 (929),
1550 2046 1651 2101 sed
1682 2061 1753 2100 ea:

120 2129 350 2196 muliere,
375 2131 486 2187 hoc
506 2136 620 2195 est,
646 2146 714 2185 ex
744 2132 1077 2188 substantia
1102 2139 1158 2189 et
1207 2134 1433 2190 semine
1465 2133 1749 2190 mulieris.

120 2214 399 2274 Mulierem
413 2236 620 2275 sexum
636 2221 872 2291 quidem
888 2221 1144 2293 intellige
1165 2239 1279 2277 non
1294 2223 1749 2294 corruptionem.

118 2302 393 2361 Hebraicis
424 2324 659 2379 quoque
691 2308 903 2381 linguae
929 2310 1253 2382 proprietas
1307 2315 1396 2365 est
1446 2310 1751 2365 mulierem

118 2409 315 2448 vocare
336 2402 575 2468 propter
594 2413 767 2453 sexus
790 2397 1227 2469 discretionem,
1262 2399 1415 2455 sicut
1454 2401 1588 2469 Eva,
1622 2416 1754 2454 mox

119 2484 179 2534 ut
209 2486 297 2537 est
324 2489 536 2549 creata,
572 2484 779 2540 mulier
807 2490 896 2540 est
925 2490 1127 2541 vocata
1157 2488 1310 2558 (Gen.
1346 2504 1408 2553 11,
1434 2490 1545 2557 22).

181 2569 487 2641 Sequitur:
522 2572 747 2627 Factum
774 2574 877 2628 sub
909 2576 1041 2645 lege.
1075 2575 1196 2630 Sub
1250 2576 1374 2647 lege
1416 2576 1605 2631 factus
1645 2581 1753 2645 est,

118 2657 244 2728 quia
276 2659 666 2716 circumcisus
695 2666 752 2716 et
779 2660 987 2734 legalia
1010 2680 1253 2719 munera
1272 2681 1373 2736 pro
1395 2680 1461 2720 eo
1480 2664 1758 2734 oblata,et

115 2750 337 2803 caeteras
376 2748 602 2821 legales
653 2752 1028 2806 caeremonias
1072 2753 1355 2807 servavit:
1414 2753 1758 2825 parentibus

116 2834 278 2890 etiam
312 2853 500 2904 usque
536 2838 611 2893 ad
639 2838 1001 2896 tricesimum
1017 2842 1202 2897 aetatis
1228 2858 1346 2897 sua
1369 2858 1589 2897 annum
1613 2843 1757 2897 sub-

112 2922 258 2980 ditus
279 2924 679 2999 legitur(Lue.
704 2929 899 2998 11,51).
926 2930 1033 2984 Sed
1087 2930 1203 2985 haec
1252 2932 1471 2997 omnia,
1507 2931 1757 2986 maxime

112 3010 356 3069 instante
379 3019 650 3087 tempore
676 3033 793 3070 suae
816 3017 1127 3088 passionis,
1151 3019 1290 3090 quia
1306 3020 1493 3090 gratia
1506 3024 1758 3074 eratma-

110 3100 453 3171 nifestanda,
477 3104 993 3168 destruxit.Quare
1019 3108 1127 3161 sub
1153 3106 1279 3178 lege
1310 3108 1501 3163 factus
1540 3110 1637 3173 sit,
1672 3125 1760 3163 os-

106 3190 322 3245 tendit:
348 3194 411 3248 Ut
438 3209 552 3260 eos,
591 3195 689 3264 qui
718 3195 817 3248 sub
849 3197 966 3263 lege
1022 3204 1201 3263 erant,
1246 3196 1555 3252 redimeret.
1612 3196 1758 3261 Quid

1864 636 1927 685 ut
1957 632 2017 686 in
2049 632 2210 687 cultu
2245 633 2535 688 idolorum
2587 636 2835 691 servitus
2896 642 3040 707 erat,
3073 637 3155 693 sic
3213 641 3271 692 et
3301 636 3357 691 in
3392 636 3509 691 ritu

1864 719 2139 792 legalium
2174 723 2671 778 caeremoniarum.

1934 809 1991 863 Si
2024 815 2217 865 autem
2253 811 2373 865 hazc
2404 810 2980 879 similitudo,sicutet
3010 814 3293 887 superior,
3309 814 3379 869 ad
3402 813 3505 869 Ju-

1861 896 2016 952 daaos
2048 898 2351 965 referatur,
2388 899 2640 954 maxime
2671 901 2809 971 quia
2840 902 2911 956 de
2949 902 3395 957 circumcisione
3423 900 3507 956 lo-

1862 985 2169 1055 quebatur,
2204 1003 2275 1040 ne
2306 988 2451 1041 forte
2481 988 2817 1043 viderentur
2846 990 3094 1061 gentiles
3120 989 3506 1057 exclusi,sub-

1861 1073 2090 1143 iunxit:
2128 1075 2395 1141 Quoniam
2425 1080 2607 1131 autem
2637 1079 2765 1132 estis
2795 1094 2977 1134 omnes
2994 1080 3139 1149 (931)
3170 1079 3280 1149 ﬁlii
3298 1096 3317 1139 ;
3340 1077 3509 1149 quasi

1862 1161 2097 1216 diceret:
2126 1162 2291 1217 Sicut
2314 1179 2479 1230 nos,o
2493 1163 2835 1235 Galataz,qui
2858 1166 2968 1220 sub
2982 1166 3285 1221 elementis
3304 1163 3508 1221 mundi

1862 1267 2097 1306 eramus
2130 1252 2471 1321 servientes,
2503 1254 2641 1324 quia
2672 1255 3025 1309 recessimus
3058 1254 3128 1309 ab
3160 1255 3266 1319 eis,
3298 1259 3354 1309 et
3394 1269 3511 1309 cre-

1861 1340 2052 1395 dendo
2087 1340 2223 1394 facti
2258 1356 2465 1394 sumus
2498 1339 2600 1393 filii
2635 1340 2769 1407 Dei;
2806 1341 2887 1396 sic
2918 1347 2974 1396 et
3002 1359 3103 1396 vos
3135 1342 3193 1396 in
3228 1341 3507 1413 praeputio

1862 1428 2187 1495 credentes,
2214 1444 2419 1482 omnes
2454 1428 2555 1482 lilii
2591 1428 2688 1484 Dei
2723 1429 2907 1484 effecti
2931 1430 3091 1485 estis.
3126 1431 3312 1495 Quare
3372 1444 3508 1499 ergo

1860 1517 1931 1570 ad
1965 1516 2110 1587 legis
2146 1515 2481 1571 servitutem
2516 1517 2767 1573 transire
2792 1518 2966 1573 vultis
2988 1518 3014 1571 ?

1934 1604 2192 1667 Qualiter
2225 1605 2355 1659 facti
2391 1605 2609 1660 fuerint
2640 1605 2741 1659 ﬁlii
2776 1606 3053 1669 ostendit,
3083 1622 3217 1661 cum
3259 1604 3507 1675 subjun-

1862 1692 1981 1764 git:
2018 1692 2167 1746 Misit
2200 1692 2473 1763 Spiritum
2531 1694 2662 1748 Filii
2705 1698 2815 1757 sui,
2849 1699 2957 1749 etc.
3009 1694 3160 1750 Sane
3207 1692 3510 1749 sciendum

1861 1780 1999 1851 quia
2031 1782 2391 1835 consuetudo
2424 1787 2546 1836 erat
2578 1782 2635 1835 in
2668 1782 2988 1852 primordio
3010 1782 3279 1837 Ecclesia—3
3301 1785 3366 1835 ut
3387 1796 3509 1835 cre-

1864 1869 2137 1924 dentibus
2180 1870 2663 1924 manifestissime
2711 1871 2947 1925 daretur
2995 1870 3227 1941 aliquod
3263 1867 3512 1940 speciale

1864 1958 2083 2012 donum
2119 1957 2305 2011 sancti
2329 1957 2605 2027 Spiritus.
2631 1957 2746 2012 Hoc
2769 1959 2920 2012 dono
2943 1962 2999 2013 et
3020 1958 3210 2029 gratia
3244 1971 3509 2027 compes-

1864 2047 1985 2102 cuit
2014 2046 2223 2101 beatus
2256 2044 2457 2099 Petrus
2489 2046 2696 2100 fratres
2754 2050 3193 2101 murmurantes
3225 2060 3404 2117 quare
3435 2042 3507 2098 ad

1861 2134 2051 2188 virum
2100 2132 2448 2203 praeputium
2508 2133 2818 2188 habentem
2886 2133 3208 2189 introierit:
3258 2134 3386 2204 Ego,
3419 2134 3509 2187 in-

1865 2222 2010 2294 quit,
2030 2222 2151 2292 quis
2181 2238 2352 2291 eram,
2386 2223 2482 2292 qui
2508 2237 2715 2292 possem
2745 2223 3030 2293 prohibere
3059 2223 3227 2277 Deum
3258 2222 3392 2292 (Act.
3426 2239 3505 2291 x1,

1868 2312 1976 2379 17),
2011 2314 2075 2364 ut
2106 2326 2218 2363 non
2253 2309 2690 2378 baptizarentur
2718 2310 2775 2363 hi
2810 2312 2909 2381 qui
2932 2308 3215 2381 Spiritum
3239 2315 3507 2363 sanctum

1870 2396 2252 2469 acceperant?
2281 2397 2374 2451 His
2404 2396 2628 2461 auditis,
2652 2403 2955 2463 tacuerunt,
2979 2402 3087 2452 etc.
3109 2398 3277 2469 (Ibid.
3306 2398 3508 2468 18).Γὶ-

1869 2487 1935 2541 lii
1967 2485 2235 2557 Spiritum
2272 2484 2411 2540 dicit
2453 2487 2734 2541 adversus
2784 2486 3105 2555 haereticos,
3137 2492 3203 2540 ut
3242 2485 3513 2541 ostendat

1869 2575 2009 2646 quia
2040 2574 2194 2629 sicut
2224 2590 2257 2628 a
2291 2574 2453 2629 Patre
2486 2574 2765 2645 procedit,
2799 2575 2881 2629 sic
2912 2575 3087 2631 etiam
3122 2592 3155 2629 a
3185 2573 3353 2629 Filio.
3386 2574 3511 2629 Cla-

1866 2667 2112 2718 mantem
2141 2662 2365 2731 dicit,id
2391 2667 2480 2717 est
2502 2662 2753 2718 clamare
2777 2663 3104 2718 facientem.
3138 2662 3285 2717 Abba
3315 2678 3511 2718 sermo

1870 2751 2144 2806 Hebraeus
2170 2755 2279 2815 est,
2310 2756 2482 2822 atque
2513 2751 2728 2820 Syrus;
2764 2757 2927 2823 pater
2975 2768 3108 2808 vero
3146 2752 3379 2807 Graecus
3425 2758 3513 2807 at-

1870 2856 1982 2910 que
2018 2838 2279 2895 Latinus.
2315 2838 2565 2910 Ideoque
2597 2844 2912 2910 utrumque
2946 2839 3143 2913 posuit
3172 2838 3513 2912 Apostolus,

1871 2929 2008 3000 quia
2038 2928 2384 2999 praevidebat
2414 2944 2619 2983 omnes
2650 2933 2852 2999 gentes
2883 2930 3231 2995 crediturae,
3265 2933 3329 2983 ut
3368 2946 3513 2984 una-

1871 3032 2116 3087 quaeque
2140 3014 2549 3086 proprietatem
2566 3016 2776 3088 lingua:
2791 3022 3211 3088 agnosceret,et
3230 3018 3285 3072 in
3311 3018 3513 3074 eadem

1871 3105 2054 3161 Deum
2088 3104 2369 3159 laudaret.

1941 3194 2249 3264 Sequitur:
2285 3195 2471 3263 Itaque
2516 3194 2638 3263 jam
2666 3210 2774 3249 non
2799 3203 2878 3248 est
2934 3210 3141 3263 servus,
3171 3193 3262 3247 sed
3316 3194 3511 3247 Filius.

102 3277 336 3346 mirum,
369 3282 417 3337 si
452 3283 657 3338 factus
690 3287 779 3339 est
831 3282 941 3337 sub
999 3281 1143 3355 lege,
1177 3288 1243 3339 ut
1300 3284 1610 3340 redimeret
1657 3285 1759 3356 qui
1790 3268 1833 3336 (ἶ
1872 3282 2047 3345 Quasi
2080 3281 2336 3337 diceret:
2370 3281 2412 3334 Ο
2442 3280 2676 3347 Galatas,
2723 3282 2862 3352 quia
2907 3280 3188 3352 Spiritum
3244 3284 3513 3335 sanctum

104 3367 208 3422 sub
236 3368 362 3441 lege
394 3376 593 3437 erant,
628 3387 765 3426 cum
819 3371 1011 3427 factus
1060 3374 1138 3428 sit
1177 3373 1465 3440 mortalis,
1500 3380 1563 3429 ut
1594 3392 1699 3430 nos
1730 3392 1763 3430 a

102 3462 286 3513 morte
318 3458 663 3516 liberaret?

172 3546 453 3618 Sequitur
481 3565 494 3602 :
525 3550 597 3606 Ut
611 3548 969 3620 adoptionem
989 3551 1237 3619 ﬁliorum
1260 3553 1636 3622 reciperemus.
1662 3552 1765 3607 His

105 3634 297 3691 verbis
322 3640 598 3691 nostram
630 3638 973 3709 dignitatem
1006 3640 1077 3694 ab
1111 3640 1267 3695 illius
1290 3640 1769 3712 distinguit,quia

103 3722 199 3778 ille
216 3724 403 3780 Filius
428 3725 716 3798 proprius
740 3726 1112 3797 quidem,nos
1136 3734 1331 3785 autem
1351 3730 1601 3800 adoptivi
1632 3748 1644 3793 ;
1672 3728 1769 3785 ille

102 3817 330 3881 natura,
358 3830 472 3871 nos
495 3813 719 3888 gratia.
744 3815 810 3869 Et
833 3822 970 3871 nota
992 3817 1131 3888 quia
1159 3834 1274 3872 non
1306 3818 1448 3872 dicit
1480 3818 1767 3890 accipere-

102 3904 362 3969 mus,sed
384 3905 795 3976 reciperemus.
821 3904 1048 3976 Accipit
1076 3906 1231 3961 enim
1263 3906 1439 3961 homo
1468 3908 1618 3976 quod
1653 3923 1768 3962 non

100 3986 288 4062 habet,
315 3993 535 4064 recipit
576 3993 738 4063 quod
769 3993 987 4048 amisit.
1016 3994 1166 4067 Ergo
1207 3998 1574 4065 reciperemus
1604 3996 1767 4066 dicit,

101 4076 261 4134 illam
291 4081 527 4138 scilicet
566 4081 923 4152 dignitatem
944 4098 1122 4153 quam
1147 4084 1204 4137 in
1231 4085 1415 4138 Adam
1439 4085 1767 4140 amisimus.

101 4166 153 4219 Si
186 4173 386 4226 autem
422 4171 552 4226 haec
594 4168 919 4226 similitudo
952 4172 1237 4227 referatur
1265 4173 1337 4227 ad
1385 4175 1650 4244 gentiles,
1684 4178 1773 4228 est

99 4255 242 4313 alter
272 4260 497 4316 exitus.
534 4258 726 4315 Paulo
759 4259 1029 4329 superius
1058 4260 1244 4332 legem
1287 4260 1635 4317 assimilavit
1660 4279 1773 4333 pa:-

102 4344 595 4420 dagogo,deinde
620 4351 846 4402 tutores
877 4352 934 4403 et
964 4352 1189 4405 actores
1213 4350 1414 4404 mundi
1448 4349 1771 4405 elementis.

96 4434 364 4508 lsteergo
380 4438 597 4493 minor
609 4434 1647 4509 populus,idestecclesiasticus,quia
1659 4455 1772 4493 non

99 4539 167 4577 ex
191 4528 449 4592 uno,sed
483 4545 559 4583 ex
595 4526 851 4591 duobus,
905 4526 1183 4584 collectus
1226 4534 1314 4584 est
1344 4528 1613 4600 populus,
1647 4528 1776 4583 ideo

95 4618 339 4685 prOpter
353 4616 386 4671 J
398 4617 614 4671 udaeos
628 4613 817 4687 legem
842 4616 1285 4689 pasdagogo,pro
1292 4624 1416 4689 pter
1427 4616 1671 4688 gentiles
1685 4622 1775 4672 tu-
1809 4636 1855 4699 D

93 4706 255 4757 tores
278 4703 653 4760 assimilavit
669 4702 1140 4776 elementis,quia
1168 4705 1473 4761 elementis
1500 4706 1780 4762 deservie-

95 4798 257 4858 rant,
296 4792 356 4847 id
396 4798 515 4860 est,
553 4792 664 4847 soli
696 4796 754 4847 et
784 4792 959 4858 lunae,
992 4800 1047 4848 et
1076 4795 1317 4851 caeteris.
1341 4794 1558 4850 Verum
1580 4796 1628 4849 si
1657 4795 1777 4850 hzec

90 4882 157 4934 ad
193 4880 467 4954 gentiles
505 4882 820 4951 referatur,
854 4899 970 4937 non
1006 4883 1177 4939 debet
1210 4883 1389 4939 videri
1422 4884 1777 4940 contrarium

93 4972 251 5041 quod
286 4970 467 5038 dicit,
506 4972 599 5025 ita
629 4973 683 5023 et
710 4986 827 5037 nos,
862 4970 997 5042 quia
1030 4971 1153 5042 ipse
1184 4972 1385 5028 doctor
1414 4978 1471 5027 et
1499 4972 1782 5043 magister

95 5075 267 5115 suam
301 5075 649 5133 personam
684 5060 953 5129 personis
981 5059 1220 5115 sociavit
1276 5062 1635 5116 auditorum.
1668 5062 1781 5116 Nec

88 5147 263 5206 debet
293 5149 491 5206 etiam
529 5146 684 5201 illud
717 5146 897 5203 videri
930 5149 1312 5216 contrarium,
1340 5150 1495 5220 quod
1546 5150 1782 5205 nomine

88 5236 545 5295 elementorum
584 5235 799 5290 mundi
844 5236 994 5309 (930)
1052 5236 1307 5293 litteram
1364 5243 1465 5293 aut
1520 5254 1785 5293 ceremo-

152 5401 307 5471 (928)
332 5400 409 5471 In,
442 5401 671 5471 autog.
708 5396 1021 5471 marg_.__hic
1051 5397 1265 5471 legitur
1295 5414 1425 5470 cap.
1456 5398 1567 5471 XX.

165 5466 320 5545 (929)
354 5468 751 5545 Margianam
803 5466 1048 5545 séilicet_
1078 5466 1134 5545 et
1192 5466 1490 5541 aliosfqui
1521 5469 1789 5545 volebant

100 5537 449 5614 putativam
489 5537 725 5614 Christi
751 5553 991 5614 carnem
1024 5540 1226 5614 fuisse,
1260 5537 1509 5612 quorum
1546 5541 1792 5596 haereses

108 5607 443 5688 praevenire
478 5612 651 5688 forte
678 5607 863 5688 voluit
890 5612 1221 5688 Apostolus.

167 5685 326 5769 (939)
358 5682 605 5750 Verba,
640 5678 850 5755 quod...
881 5678 1096 5769 mundi,
1127 5682 1397 5744 addenda
1424 5696 1637 5740 sensus
1658 5696 1792 5757 grav

1874 3370 2208 3442 accepistis,
2241 3374 2296 3424 et
2326 3368 2430 3423 lilii
2461 3369 2561 3424 Dei
2593 3369 2777 3424 eﬂ‘ecti
2809 3369 2969 3436 estis,
2999 3385 3179 3440 quare
3208 3386 3241 3424 a
3283 3367 3518 3424 liberta-

1871 3464 1927 3515 te
1961 3460 2032 3514 ad
2066 3458 2410 3514 servitutem
2443 3458 2694 3513 transire
2742 3458 2921 3513 vultis
2942 3457 2970 3511 Ἰ
2999 3457 3106 3521 Qui
3138 3457 3408 3525 etiam,si
3449 3458 3515 3511 fi-

1872 3548 1936 3602 lii
1969 3549 2110 3604 estis
2141 3552 2198 3602 et
2229 3546 2511 3615 hreredes,
2546 3547 2684 3618 quia
2714 3546 2849 3602 filiis
2905 3548 3149 3602 debetur
3184 3546 3515 3602 hiereditas.

1876 3637 1987 3693 Sed
2021 3641 2085 3691 ut
2116 3635 2314 3692 omnia
2361 3634 2691 3691 excluderet
2746 3636 3081 3708 Apostolus,
3115 3640 3354 3709 excepta
3383 3652 3517 3708 gra-

1876 3726 1976 3795 tia,
2010 3724 2242 3781 addidit
2266 3741 2369 3795 per
2400 3730 2577 3780 Deum
2599 3741 2618 3786 ,'
2650 3727 2817 3796 quasi
2852 3726 3105 3781 diceret:
3138 3725 3264 3781 Non
3309 3725 3519 3781 vestris

1878 3814 2123 3881 meritis,
2161 3830 2349 3883 neque
2377 3818 2569 3869 vestro
2627 3819 2861 3881 conatu,
2914 3830 3101 3885 neque
3149 3830 3250 3886 per
3306 3813 3516 3885 legem,

1877 3905 1978 3959 sed
2011 3920 2112 3975 per
2140 3902 2388 3974 gratiam
2423 3903 2540 3959 Dei.

1949 3992 2053 4047 Sed
2083 3996 2213 4046 tunc
2243 3991 2485 4061 quidem,
2518 3996 2629 4047 etc.
2691 3992 2866 4054 Quasi
2923 3992 3174 4047 diceret:
3235 3996 3374 4046 Cum
3417 4007 3520 4045 vos

1878 4082 2216 4153 ignorantes
2249 4080 2430 4134 Deum
2461 4079 2868 4145 essetis,idolis
2889 4080 3246 4149 serviebatis,
3270 4084 3326 4134 et
3346 4078 3519 4133 idcir-

1880 4187 1945 4226 co
1978 4175 2117 4223 tunc
2150 4167 2315 4222 facile
2347 4166 2773 4238 indulgentiam
2814 4168 3324 4239 promerebaniini.
3360 4170 3522 4221 Atro-

1881 4260 2008 4314 cius
2037 4256 2117 4311 illi
2152 4256 2489 4328 punientur,
2522 4256 2622 4326 qui
2654 4256 2904 4311 scienter
2933 4261 3387 4326 peccant,quam
3420 4255 3523 4325 qui

1883 4348 2239 4419 ignoranler.
2275 4344 2344 4399 Et
2372 4343 2484 4399 tale
2541 4349 2629 4399 est
2685 4344 2793 4399 hoc
2825 4344 2995 4417 quale
3027 4349 3083 4399 et
3114 4343 3258 4399 illud
3287 4344 3523 4398 Abime-

1882 4435 2008 4491 lech
2043 4432 2382 4505 accipientis
2413 4434 2616 4488 Saram
2651 4449 2887 4488 uxorem
2911 4431 3174 4501 Abrahae,
3199 4432 3367 4502 cujus
3399 4430 3522 4485 vul-

1884 4540 2015 4579 vam
2047 4524 2261 4578 domus
2292 4538 2425 4577 eum
2459 4522 2847 4592 percussisset
2876 4520 3301 4593 Deus(932),ait
3323 4538 3335 4575 :
3360 4521 3524 4591 Num,

1886 4614 2132 4677 Domine,
2165 4614 2377 4680 gentem
2424 4612 2634 4682 justam
2687 4616 2739 4666 et
2800 4614 3147 4683 ignorantem
3187 4610 3527 4679 interﬁcies?

1890 4701 2042 4772 (Gen.
2074 4718 2167 4768 xx,
2202 4701 2279 4767 4.)
2310 4699 2485 4779 Quasi
2515 4700 2768 4756 diceret:
2798 4702 2853 4755 Si
2909 4699 3246 4772 ignoranter
3275 4698 3528 4771 peccavi,

1890 4806 2017 4861 qua:
2044 4789 2275 4859 justitia
2306 4797 2411 4859 est,
2445 4795 2508 4844 ut
2537 4789 2966 4863 indulgentiam
2999 4806 3112 4845 non
3153 4787 3529 4861 promerear?

1890 4879 2052 4945 Quod
2087 4895 2202 4933 non
2236 4876 2427 4933 solum
2459 4880 2529 4934 de
2560 4879 2688 4947 hac,
2722 4880 2792 4935 de
2826 4895 3177 4951 unaquaque
3207 4894 3267 4933 re
3316 4876 3529 4933 intelli-

1887 4968 2143 5039 gendum
2175 4972 2282 5022 est.

1962 5057 2242 5129 Quomodo
2272 5059 2665 5113 convertimini
2691 5060 2916 5122 iterum,
2951 5062 3061 5112 etc.
3114 5056 3395 5128 Superius
3444 5055 3532 5109 di-

1894 5151 2055 5200 xerat
2079 5163 2090 5201 :
2117 5147 2413 5211 Elementa,
2438 5151 2494 5199 et
2513 5147 2899 5217 subjunxerat
2922 5165 2935 5214 ;
2961 5146 3182 5213 Mundi;
3208 5160 3363 5200 nunc
3402 5159 3534 5199 vero

1892 5251 2069 5290 vacua
2099 5234 2277 5288 dicit:
2304 5234 2376 5287 ob
2399 5232 2526 5301 hoc,
2546 5235 2685 5304 quia
2704 5236 2961 5307 primum
2992 5234 3329 5306 ignorantes
3352 5232 3537 5288 Deum

1895 5395 1979 5449 tia
2008 5391 2366 5449 censuimus.

1971 5466 2117 5535 (931)
2153 5462 2405 5515 Verbum
2437 5478 2623 5536 omnes
2656 5464 2710 5536 in
2742 5464 2913 5536 Vulg.
2948 5482 3065 5536 non
3098 5463 3331 5535 legitur.

1971 5536 2145 5608 (932)Δ
2165 5536 2307 5586 Gen.
2366 5548 2457 5599 xx,
2494 5534 2605 5608 _18,
2665 5534 2927 5608 fortasse
2958 5534 3271 5608 legendum
3321 5535 3542 5604 perclu-

1898 5609 2073 5665 sisset.
2109 5604 2463 5662 Concluserat
2494 5604 2669 5664 habet
2693 5605 2865 5679 Vulg.
2898 5604 3097 5664 Sed'et
3124 5604 3205 5663 ita
3234 5609 3411 5683 recte.
