3990 6224
414 414 528 476 5‘27

1440 405 1777 500 AT'l‘QNlS
1825 401 2402 464 VERGELLENSIS
2448 399 2798 460 EPISCOPI

3688 393 3794 453 528

416 543 589 600 idolis
619 541 968 603 serviebant,
1025 535 1400 610 postmodum
1459 552 1591 590 vero
1653 535 1919 591 notitiam
1963 533 2060 589 Dei
2175 531 2415 588 tentatio
2447 546 2576 600 esse
2609 529 2829 586 Galatia
2860 525 3210 583 dicentibus.
3242 525 3379 588 Qum
3424 523 3530 593 vis,
3584 523 3669 579 Vel
3706 523 3796 597 qui

415 631 717 700 habentes,
753 629 825 684 ad
860 626 1140 699 pristinos
1171 638 1396 678 errores
1455 625 1910 679 revertebantur.
1955 625 2064 678 lmo

417 703 625 786 cogniti
652 719 781 772 sitis
809 715 979 786 (933),
1013 719 1119 768 etc.
1157 714 1270 767 Hoc
1300 713 1479 777 enim,
1540 713 1696 784 quod
1758 713 1916 781 dicit,
1951 729 2064 766 non

422 805 875 876 intelligendum
909 806 996 857 est
1025 803 1200 856 Deum
1236 817 1304 854 ex
1336 799 1676 871 improviso,
1725 799 1812 854 vel
1846 799 2062 865 subito,

423 897 524 948 aut
547 909 652 966 per
680 897 942 962 tempora
973 887 1196 960 aliquid
1231 889 1609 959 cognovisse:
1646 887 1746 942 sed
1780 903 1844 943 eo
1896 886 2065 940 modo

423 980 656 1050 dicitur,
691 996 803 1050 quo
824 979 1080 1033 Joannes
1103 975 1446 1043 :Diligamus
1469 977 1635 1030 Deum
1658 975 1919 1046 (Joan.1v,
1955 974 2064 1043 19),

424 1082 538 1121 non
563 1067 699 1142 quia
726 1064 1034 1120 dileximus
1053 1065 1316 1130 eum,sed
1351 1064 1488 1135 quia
1520 1065 1643 1135 ipse
1672 1065 1830 1134 prior
1864 1063 2069 1116 dilexit

423 1169 540 1210 nos.
567 1153 792 1232 Cogniti
807 1153 964 1208 enim
988 1153 1552 1224 sumuspriusquam
1570 1153 2066 1223 cognovissemus,

425 1242 704 1314 quoniam
739 1243 810 1298 ab
842 1243 970 1314 ipso
1001 1242 1172 1296 tracti
1209 1241 1429 1296 fuimus
1458 1243 1635 1310 (Joan.
1670 1258 1746 1311 v1,
1779 1241 1888 1311 44).

493 1332 617 1386 Dies
646 1331 982 1391 observatis;
1014 1329 1072 1383 id
1130 1334 1238 1397 est,
1299 1329 1719 1397 Sabbatorum;
1754 1333 1809 1385 et
1838 1344 2066 1397 menses,

427 1419 898 1488 neomeniarum,
933 1417 1041 1473 hoc
1072 1423 1182 1486 est,
1215 1428 1371 1473 nevae
1404 1417 1592 1474 lunm:
1628 1435 1763 1472 nam
1789 1432 2071 1472 mensesa

421 1509 565 1564 luna
593 1508 1052 1580 computabant;
1086 1512 1142 1562 et
1171 1511 1448 1579 tempora;
1482 1508 1538 1562 id
1573 1511 1681 1572 est,
1749 1507 1862 1562 tria
1909 1504 2066 1570 anni,

424 1597 573 1668 (934)
604 1598 661 1652 in
697 1596 912 1668 quibus
943 1596 1207 1652 diversas
1239 1595 1672 1653 observationes
1699 1593 2070 1650 celebrabant

422 1685 620 1756 (Exod.
653 1701 815 1750 XXIII,
852 1685 958 1756 i7),
992 1684 1226 1755 quando
1258 1684 1431 1740 etiam
1456 1688 1808 1756 praeceptum
1828 1686 1970 1748 erat,
2004 1686 2070 1736 ut

426 1790 620 1830 omme
643 1771 1032 1828 masculinum
1054 1777 1359 1845 appareret
1380 1773 1439 1827 in
1462 1776 1776 1844 conspectu
1796 1769 2026 1827 Domini
2049 1788 2066 1822 :

425 1865 483 1917 et
502 1877 694 1930 annos,
728 1860 786 1915 id
817 1865 924 1927 est,
947 1859 1252 1933 septimus,
1277 1860 1385 1916 hoc
1415 1864 1504 1918 est
1525 1861 1838 1917 sabbatum
1860 1859 2068 1914 sabba-

428 1955 641 2018 torum,
675 1954 732 2004 et
752 1947 1081 2020 jubilaaum.

504 2026 680 2092 Timeo
709 2051 822 2102 vos,
854 2041 964 2092 etc.
1005 2035 1149 2090 Vide
1205 2051 1383 2106 quam
1442 2040 1761 2107 temperate
1790 2034 2068 2107 loquitur.

428 2129 552 2181 Non
587 2125 744 2184 enim
775 2123 960 2180 dixit:
995 2124 1124 2181 sine
1155 2141 1334 2179 causa
1364 2122 1639 2190 laboravi,
1675 2141 1745 2179 ne
1777 2124 1923 2178 forte
1945 2124 2073 2178 fun-

430 2215 588 2270 ditus
610 2229 708 2271 eos
730 2212 1006 2284 abjiceret
1032 2239 1046 2281 -,
1078 2213 1179 2268 sed
1212 2212 1360 2267 dixit
1389 2231 1400 2267 ε
1428 2214 1504 2267 Ne
1560 2215 1700 2283 forte
1720 2213 1837 2268 sine
1865 2228 2031 2266 causa
2051 2228 2072 2272 ,-

429 2302 705 2375 quoniam
732 2317 834 2356 nec
856 2301 1121 2356 funditus
1143 2317 1241 2356 eos
1265 2302 1514 2372 abjicere
1539 2299 1742 2366 voluit,
1772 2318 1877 2355 noc
1900 2301 2073 2355 etiam

428 2393 784 2446 incorrectos
814 2405 1088 2458 manere;
1123 2390 1422 2461 quoniam,
1457 2389 1504 2443 si
1532 2389 1818 2454 funditus,
1870 2391 2075 2460 despe-

428 2482 681 2542 rassent,
715 2477 764 2532 si
793 2477 1144 2532 incorrectos
1173 2477 1342 2548 (935),
1375 2477 1505 2533 aliis
1561 2479 1894 2550 exemplum
1943 2494 2076 2548 per-

428 2565 606 2622 cundi
638 2564 1007 2621 tribuissent.
1041 2565 1310 2620 Ostendit
1338 2565 1494 2620 enim
1548 2567 1640 2620 his
1699 2566 1889 2620 verbis
1919 2581 1980 2620 se
2007 2565 2078 2620 de

431 2653 670 2709 illorum
704 2653 1082 2709 conversione
1114 2670 1229 2709 non
1261 2653 1560 2709 dubitare:
1596 2655 1772 2709 etiam
1804 2671 1901 2710 eos
1931 2655 2079 2709 resi-

435 2743 660 2816 piscere
692 2736 857 2797 velle.

508 2831 687 2887 Estote
713 2832 854 2886 sicut
884 2838 935 2884 el.
963 2845 1082 2902 ego.
1122 2830 1297 2894 Quasi
1331 2829 1548 2886 diceret
1577 2848 1589 2886 :
1625 2831 1783 2903 Rogo
1811 2848 1913 2886 vos
1967 2832 2081 2888 fra-

440 2927 561 2975 tres
591 2935 814 2990 omnes,
873 2917 1090 2992 legales
1149 2919 1582 2975 observationes
1640 2919 1968 2991 relinquite,
2029 2925 2085 2977 et

441 3008 765 3064 imitatores
796 3008 910 3064 mei
938 3011 1152 3063 estote:
1189 3007 1466 3078 quoniam
1498 3023 1623 3079 ego,
1651 3007 1752 3080 qui
1783 3009 2083 3080 quondam

445 3096 752 3152 aemulator
771 3113 930 3152 eram
957 3095 1124 3167 legis,
1141 3098 1195 3151 et
1221 3095 1490 3150 defensor
1513 3100 1888 3166 paternarum
1913 3098 2087 3152 tradi-

444 3188 693 3253 tionum,
716 3185 915 3242 omnia
944 3184 1064 3252 illa,
1099 3184 1267 3256 quasi
1298 3189 1703 3256 purgamenta,
1729 3190 1784 3239 et
1805 3191 2082 3256 stercora,

2104 1907 2150 1971 Β

2175 621 2398 676 fructus
2430 621 2487 674 in
2522 619 2620 674 tali
2653 615 2937 682 doctrina,
2971 631 3106 672 cum
3139 613 3326 686 ipsius
3355 611 3692 684 pradicator
3724 618 3798 669 tot

2175 709 2534 766 cruciatibus
2565 705 2904 778 afﬂigatur?
2933 704 2991 759 In
3022 719 3187 760 carne
3242 718 3387 770 mea,
3448 702 3601 772 quod
3652 702 3797 768 dicit,

2176 797 2309 852 talis
2340 802 2429 852 est
2461 813 2693 865 sensus,
2727 794 2895 866 quasi
2927 793 3083 850 dicat
3109 808 3122 845 :
3159 791 3430 860 Humilis,
3490 791 3798 861 despectus,

2175 890 2234 940 et
2255 884 2727 956 contemptibilis,
2752 881 2899 937 nihil
2928 884 3140 950 sciens,
3168 879 3282 938 nisi
3306 878 3602 934 Christum
3619 880 3801 936 lesum

2175 976 2218 1043 (l
2251 975 2371 1030 Cor.
2403 992 2460 1039 ll,
2494 977 2570 1044 2),
2599 989 2731 1027 cum
2764 988 2977 1037 essem,
3011 987 3127 1025 non
3181 969 3468 1039 respuislis
3498 986 3510 1034 ;
3565 967 3655 1023 sed
3679 970 3802 1024 sicut

2176 1065 2432 1134 angelum
2460 1064 2576 1126 Dei,
2611 1062 2668 1115 id
2701 1059 3099 1125 est,nuntium
3133 1059 3421 1114 donorum
3473 1055 3802 1128 caelestium,

2177 1154 2459 1222 accepistis
2482 1169 2500 1211 ,·
2527 1156 2716 1205 etnon
2741 1149 2930 1204 solum
2955 1149 3056 1212 ita,
3087 1148 3188 1202 sed
3222 1152 3284 1202 ut
3315 1145 3593 1202 Christum
3615 1147 3798 1202 Iesum.

2177 1243 2247 1295 Et
2278 1245 2415 1295 nota
2446 1240 2587 1311 quia
2617 1239 2913 1293 Christum
2939 1238 3086 1308 £937)
3137 1236 3370 1307 prefert
3426 1235 3648 1306 angelo,
3681 1250 3802 1290 cum

2181 1334 2412 1385 econtra
2462 1327 2776 1383 Psalmista
2806 1325 3081 1397 angelum
3110 1324 3360 1391 Christo,
3392 1330 3458 1378 ut
3511 1323 3693 1380 illud:
3723 1325 3803 1380 li-

2178 1420 2356 1474 nuisti
2383 1434 2505 1473 eum
2525 1417 2692 1487 paulo
2711 1414 3100 1482 minus(Psal.
3127 1413 3339 1483 “11.6);
3360 1412 3463 1468 sed
3484 1412 3566 1467 ibi
3589 1417 3806 1484 propter

2178 1506 2622 1573 humanitatem,
2653 1504 2748 1559 hic
2777 1519 2955 1559 causa
2984 1500 3323 1559 divinitatis.

2255 1595 2350 1649 Ubi
2375 1598 2451 1648 est
2480 1609 2605 1661 ergo
2637 1592 2912 1647 beatitudo
2960 1594 3179 1647 vestra?
3221 1589 3398 1654 Quasi
3429 1589 3681 1645 diceret:
3712 1589 3804 1644 Ubi

2178 1687 2267 1738 est
2295 1683 2544 1750 devotio,
2577 1680 2948 1752 religiositas,
2981 1684 3040 1735 et
3070 1679 3312 1736 affectus
3349 1677 3656 1734 charitatis
3684 1694 3805 1751 erga

2179 1787 2292 1836 me,
2325 1787 2500 1842 quem
2532 1769 2825 1825 habuistis
2849 1770 2876 1822 ‘?
2908 1768 2980 1824 Ut
3034 1767 3118 1824 eis
3173 1768 3458 1839 pudorem
3499 1768 3803 1833 incuteret;

2179 1859 2482 1915 audientes
2505 1858 2706 1930 quales
2728 1856 2960 1924 fuerint,
2977 1861 3034 1912 et
3053 1874 3116 1914 se
3136 1854 3625 1928 reprehensibiles
3647 1870 3807 1928 agno-

2181 1952 2409 2003 scentes
2435 1965 2448 2014 ;
2479 1945 2675 2001 taliter
2705 1945 3074 2016 loquebatur.
3110 1945 3172 1999 In
3204 1961 3320 2016 quo
3342 1944 3492 2000 facto
3514 1948 3810 2000 monentur

2182 2034 2607 2107 prtedicatores,
2642 2039 2706 2088 ut
2737 2033 2929 2089 taliter
2954 2049 3123 2105 agere
3153 2033 3432 2088 studeant
3486 2049 3618 2103 erga
3657 2047 3806 2086 suos.

2256 2125 2639 2179 Testimonium
2657 2124 2808 2178 enim
2827 2123 3081 2194 perhibeo
3111 2123 3280 2190 vobis,
3311 2126 3420 2177 etc.
3451 2118 3810 2194 Hyperbolice

2183 2212 2338 2268 enim
2362 2213 2472 2268 iste
2492 2212 2654 2267 locus
2682 2210 3092 2282 intelligendus
3120 2215 3208 2266 est
3233 2226 3245 2266 :
3275 2227 3408 2266 nam
3432 2207 3808 2282 exaggeratio-

2185 2318 2318 2356 nem
2342 2300 2644 2356 charitatis
2667 2300 2791 2356 vult
2813 2300 3119 2355 ostendere
3140 2299 3198 2354 in
3222 2298 3543 2370 primordio
3561 2297 3809 2369 praedica-

2185 2389 2361 2445 tionis
2375 2390 2706 2445 Galatarum
2727 2407 2739 2454 ;
2757 2390 2884 2446 ideo
2896 2387 3380 2458 taliterloquitur,
3399 2385 3808 2458 quasidiceret:

2187 2479 2342 2533 Adeo
2375 2495 2468 2532 me
2497 2477 2808 2545 dilexistis,
2838 2483 2904 2532 ut
2935 2476 2984 2533 si
3016 2476 3624 2548 recompensationem
3645 2475 3808 2530 Evan-

2189 2566 2336 2639 gelio
2369 2567 2624 2622 tribuere
2655 2564 3016 2636 potuissetis,
3040 2565 3250 2622 vestris
3271 2563 3602 2621 luminibus
3620 2562 3809 2626 voluis-

2190 2655 2328 2710 setis
2350 2654 2650 2727 privari,et
2670 2659 2927 2710 vestrum
2955 2656 3240 2710 damnum
3263 2670 3459 2709 meum
3485 2651 3714 2710 lucrum
3733 2651 3814 2705 de-

2191 2747 2414 2816 putare.
2449 2743 2596 2808 Quid
2625 2743 2781 2800 enim
2835 2742 3072 2799 charius
3129 2743 3532 2798 membrorum
3588 2740 3740 2798 oculo
3765 2738 3812 2792 in

2191 2833 2379 2903 capite
2401 2832 2427 2886 ‘?
2453 2831 2714 2888 Nullum.
2745 2834 2932 2898 Quare
2959 2848 3096 2904 ergo
3127 2831 3234 2887 hoc
3281 2829 3470 2886 dicit?
3531 2831 3651 2888 Iste
3679 2827 3812 2885 enim

2192 2937 2365 2976 verus
2393 2921 2759 2992 praedicator,
2793 2925 2851 2977 et
2909 2919 3233 2992 discipulus
3290 2919 3557 2975 veritatis
3605 2915 3813 2974 mentiri

2193 3025 2562 3080 nequaquam
2594 3015 2806 3081 potest.
2829 3010 2962 3078 Sed,
2987 3015 3053 3065 ut
3075 3009 3356 3077 diximus,
3377 3011 3449 3064 ad
3479 3021 3816 3082 exaggeran-

2193 3097 2327 3151 dam
2361 3097 2702 3154 charitatem
2735 3098 2818 3154 ita
2845 3097 3122 3168 loquitur.

2265 3187 2402 3256 Ergo
2455 3189 2714 3242 inimicus
2769 3187 2916 3243 vobis
2963 3189 3142 3258 factus
3198 3190 3366 3242 sum?
3411 3191 3529 3242 etc.
3567 3181 3815 3242 Nonnulli

442 3282 621 3348 atque
642 3273 992 3348 quisquilias
1015 3273 1309 3345 deputavi.
1341 3275 1482 3342 Quia
1510 3283 1562 3329 et
1586 3290 1682 3342 ego
1709 3276 1851 3329 sicut
1881 3291 1989 3344 vos,
2023 3276 2080 3331 id
2113 3265 2155 3332 C
2195 3272 2643 3346 interrogative:
2705 3276 2944 3346 quidam
3001 3276 3179 3332 etiam
3238 3275 3534 3331 narrative
3597 3269 3815 3347 proferri

441 3370 549 3438 est,
582 3364 735 3421 sicut
763 3381 864 3420 vos
894 3363 1184 3434 homines,
1245 3364 1324 3418 ita
1379 3368 1436 3417 et
1488 3379 1592 3434 ego
1651 3362 1826 3419 homo
1886 3365 1956 3420 ab
1989 3364 2080 3421 bis

435 3471 729 3528 egressus,
759 3457 816 3509 et
843 3469 942 3508 vos
973 3453 1170 3525 egredi
1201 3451 1488 3523 poteritis.

506 3544 655 3616 (936)
674 3544 890 3597 Fratres
920 3541 1132 3598 obsecro
1160 3556 1271 3605 vos,
1331 3545 1438 3595 etc.
1504 3541 1641 3596 Post
1695 3541 1912 3597 multas
1955 3559 2079 3598 cor-

438 3632 728 3688 rectiones
759 3635 816 3685 et
844 3629 1291 3700 increpationes,
1323 3629 1573 3700 pristina
1629 3631 1780 3684 bona
1838 3631 1909 3685 ad
1960 3648 2080 3687 me-

441 3720 689 3776 moriam
722 3721 970 3789 revocat,
1031 3717 1266 3773 dicens:
1328 3718 1476 3776 Nihil
1524 3735 1610 3773 me
1669 3719 1908 3790 tazsistis,
1968 3724 2077 3776 etc.

442 3808 619 3874 Quasi
641 3807 820 3862 dicat:
847 3805 1102 3861 Recotite
1123 3806 1333 3877 quiain
1366 3808 1685 3877 primordio
1703 3823 1842 3863 meae
1874 3808 2080 3880 praedi-

440 3896 710 3964 cationis,
733 3912 865 3950 cum
888 3895 1131 3950 minoris
1149 3895 1354 3951 essetis
1374 3895 1792 3968 intelligentia,
1821 3897 1964 3952 nihil
1988 3914 2081 3954 me

438 3985 708 4042 laesistis:
736 4000 915 4057 quare
933 4000 1256 4051 nunc,cum
1271 3983 1458 4056 magis
1476 3983 1856 4058 intelligatis‘?
1875 3986 1940 4040 Et
1972 3985 2080 4042 hoc

437 4075 592 4142 ideo,
625 4079 690 4130 ut
721 4073 854 4146 ipsi,
886 4073 1135 4146 pristina
1163 4073 1316 4130 bona
1363 4074 1682 4142 audientes,
1719 4091 1834 4128 non
1875 4075 2077 4145 despe-

437 4167 651 4220 rarent.
679 4165 741 4218 In
768 4179 883 4235 quo
906 4162 1052 4218 facto
1077 4167 1390 4219 monentur
1414 4164 1914 4234 praedicatores,ut
1943 4179 2077 4218 cum

436 4269 575 4310 suos
606 4252 929 4324 increpant,
963 4253 1214 4324 pristina
1244 4252 1397 4307 bona
1428 4252 1499 4306 ad
1527 4250 1870 4307 memoriam
1916 4267 2076 4306 revo-

433 4345 584 4408 cent,
614 4357 685 4396 ne
746 4341 878 4412 ipsi,
938 4341 1324 4413 desperando,
1387 4340 1803 4396 abundantiori
1842 4339 2081 4396 tristitia

2191 3364 2391 3421 volunt
2412 3364 2566 3419 hunc
2588 3364 2810 3420 locum:
2831 3365 2954 3429 sed,
2979 3365 3028 3420 si
3043 3365 3476 3436 interrogative,
3500 3363 3622 3421 hoc
3643 3362 3812 3429 modo,

2192 3453 2359 3525 quasi
2384 3453 2638 3507 diceret:
2673 3454 2859 3518 Quare
2914 3453 3188 3509 inimicus
3246 3453 3408 3508 vobis
3441 3453 3642 3510 factus
3680 3465 3812 3515 sum,

2190 3559 2391 3598 verum
2417 3541 2660 3597 dicendo
2681 3541 2708 3595 ?
2730 3541 3025 3599 Narrative
3038 3559 3170 3598 vero
3193 3543 3275 3598 ita
3298 3558 3310 3596 :
3338 3541 3630 3599 Inimicus
3649 3541 3812 3597 factus

2191 3649 2343 3701 sum,
2377 3647 2576 3686 verum
2608 3630 2852 3692 dicendo
2878 3629 3062 3686 vobis.

2259 3721 2406 3793 (938)
2453 3720 2808 3776 Aimulantur
2837 3735 2946 3788 vos,
2979 3724 3088 3775 etc.
3119 3743 3133 3785 ;
3192 3719 3249 3775 id
3309 3723 3418 3786 est,
3451 3717 3814 3777 invidentiam

2190 3810 2425 3876 habent,
2459 3809 2597 3880 quia
2645 3809 2868 3879 absque
2925 3807 3372 3864 circumcisione
3429 3809 3500 3864 ad
3572 3807 3818 3865 notitiam

2189 3898 2403 3952 Christi
2426 3898 2727 3966 transitis;
2762 3897 2833 3952 ob
2851 3897 2980 3963 hoc,
2996 3896 3136 3970 quia
3167 3895 3286 3952 illis
3316 3896 3653 3968 promissus
3672 3893 3817 3969 (939),

2189 3985 2306 4040 illis
2328 3985 2678 4057 praedicavit,
2709 4003 2780 4041 ex
2806 3985 2952 4057 ipsis
2981 3986 3160 4041 etiam
3212 4002 3448 4042 carnem
3491 3986 3736 4059 accepit.
3762 3980 3821 4036 Et

2190 4090 2370 4144 quare
2389 4090 2504 4130 non
2529 4076 2680 4144 bene,
2704 4074 2720 4129 i
2727 4091 2828 4146 pse
2849 4074 3107 4146 exponit.
3139 4075 3442 4132 Excludere
3488 4091 3588 4133 vos
3635 4074 3818 4135 volunt,

2187 4168 2248 4216 ut
2271 4163 2397 4218 illos
2416 4163 2759 4220 aemulemini
2774 4179 2796 4225 ;
2823 4162 2882 4218 id
2911 4167 3020 4234 est,
3053 4163 3388 4220 imitemini.

2257 4255 2476 4307 Bonum
2498 4257 2684 4308 autem
2709 4253 3063 4308 .‘emulamini
3091 4254 3152 4308 in
3183 4255 3338 4324 bono,
3397 4253 3457 4308 id
3513 4260 3631 4321 est,
3683 4253 3819 4308 bona

2187 4337 2591 4407 intentione,et
2611 4356 2725 4394 non
2747 4340 2822 4396 ad
2843 4344 3096 4411 tempus,
3119 4341 3220 4396 sed
3240 4357 3474 4413 semper.
3493 4342 3560 4398 In
3583 4339 3817 4413 singulis

431 4429 878 4485 absorbeantur.
2188 4444 2440 4498 namque
2461 4428 2651 4484 verbis
2677 4429 2928 4500 percutit
2952 4428 3316 4502 Galatas,qui
3334 4431 3551 4496 imitati
3566 4433 3687 4503 iam
3708 4430 3819 4484 fue-

501 4517 665 4574 Scitis
693 4522 899 4583 autem,
931 4522 1042 4573 etc.
1105 4515 1515 4573 Infirmitatem
1575 4531 1831 4584 namque
1886 4515 2077 4573 carnis
2187 4523 2319 4573 rant
2348 4519 2502 4572 bona
2524 4518 2863 4585 intentione,
2891 4518 2993 4575 sed
3024 4523 3219 4577 tamen
3251 4537 3365 4577 non
3397 4537 3660 4594 semper,
3693 4516 3816 4589 quia

427 4622 630 4698 eorum
663 4623 906 4679 parvum
939 4605 1195 4698 appellat
1243 4601 1647 4698 intellectum;
1679 4603 1848 4672 quasi
1879 4603 2066 4661 dicat:
2103 4633 2150 4698 D
2185 4611 2520 4662 recesserat.
2548 4607 2615 4660 Et
2635 4607 2743 4662 hoc
2771 4613 2879 4677 est,
2899 4608 3054 4679 quod
3079 4609 3319 4665 subdit:
3354 4610 3418 4666 Et
3444 4627 3562 4667 non
3592 4617 3814 4670 tantum,

426 4694 553 4750 Non
581 4695 961 4768 profundiore
982 4692 1286 4766 prmdicavi
1312 4689 1615 4759 vobis,sed
1642 4706 1844 4761 eaquae
1871 4710 2072 4765 capere
2103 4689 2144 4698 ”
2181 4714 2305 4751 cum
2329 4711 2579 4766 prxsens
2607 4712 2731 4751 sum
2787 4697 2934 4767 apud
2989 4713 3078 4752 vos
3097 4717 3120 4761 ;
3171 4698 3342 4768 quasi
3400 4699 3662 4755 diceret:
3704 4696 3814 4751 Non

426 4784 721 4854 potuistis.
754 4784 820 4838 Et
841 4783 1201 4836 tentalionem
1229 4786 1486 4848 vestram,
1547 4784 1654 4834 etc.
1717 4781 1876 4844 Quod
1909 4783 2066 4853 dicit,
2183 4790 2410 4840 tantum
2444 4801 2536 4839 me
2567 4784 2881 4841 imitamini
2911 4802 3047 4841 cum
3078 4788 3289 4842 adsum
3321 4788 3422 4843 sed
3480 4788 3665 4844 etiam
3697 4797 3816 4841 cum

425 4871 1135 4938 tentationem,notandum
1161 4866 1300 4940 quia
1321 4867 1377 4920 in
1401 4866 2068 4943 primordiosuazpraedi-
2179 4875 2406 4929 desum.

420 4961 668 5016 cationis
724 4956 1041 5030 Apostolus
1101 4955 1319 5010 multas
1376 4955 1610 5025 pertulit
1666 4959 2063 5034 adversitates,
2248 4964 2394 5035 (940)
2426 4963 2734 5035 Sequitur:
2763 4965 2949 5020 Filioli
2992 4966 3122 5031 mei,
3145 4981 3278 5036 quos
3319 4968 3523 5022 iterum
3550 4963 3816 5038 parturit),

417 5049 741 5119 multisque
773 5043 1254 5100 tribulationibus
1275 5048 1364 5101 est
1379 5044 1630 5102 afﬂictus
1653 5063 1665 5102 :
1692 5064 1818 5118 quae
1841 5055 2065 5122 poterat
2176 5057 2284 5108 etc.
2307 5052 2458 5107 Sane
2479 5053 2801 5108 notandum
2826 5053 2966 5124 quia
2987 5071 3104 5108 non
3124 5054 3268 5110 dicit
3292 5072 3305 5110 :
3331 5057 3487 5120 Quos
3519 5051 3815 5128 parturio:

487 5239 637 5317 (933)
666 5239 774 5317 Per
799 5239 1201 5317 errpremloco
1226 5243 1433 5317 cogniti
1457 5244 1580 5297 sitis
1626 5243 1840 5316 legitur
1866 5261 2060 5317 cogno-

415 5309 707 5384 vis'tis,_'_ut_
720 5309 1191 5384 exinferioribus
1221 5309 1461 5384 patebit.

491 5380 650 5456 (934)
668 5380 845 5435 Exod.
872 5397 1033 5449 xxm,
1067 5385 1151 5452 14,
1185 5380 1241 5440 et
1299 5402 1482 5456 seqq.,
1516 5385 1739 5442 scilicet
1781 5387 2058 5444 solemni-

415 5456 594 5506 tatem
624 5453 995 5534 Aaymorum,
1024 5461 1082 5534 et
1113 5457 1321 5534 messis
1351 5453 1802 5530 primitivorum,
1823 5465 1880 5514 et
1920 5477 2056 5516 con-

408 5528 826 5580 summationis
857 5528 915 5580 in
949 5528 1105 5583 exitu
1137 5529 1296 5584 anni.

419 5667 428 5678 .
476 5594 625 5667 (935)
657 5594 926 5678 Fortasse
968 5601 1023 5678 si
1067 5601 1735 5678 incorrectimausissent,
1798 5601 1885 5657 vel
1922 5606 2055 5671 post

406 5670 732 5728 incorrectos
757 5670 1256 5744 subaudiendum,
1290 5671 1622 5742 reliquisset.

2241 5250 2388 5324 (936)
2419 5249 2522 5324 llic
2554 5249 2612 5302 in
2644 5252 2840 5324 autog.
2877 5266 3061 5324 marg.
3094 5251 3312 5324 legitur
3337 5268 3464 5324 cap.
3498 5251 3656 5307 XXI.

2241 5319 2389 5401 (937)
2420 5322 2499 5374 Ex
2527 5319 2913 5401 sequentibus
2945 5319 3070 5401 luce
3127 5319 3342 5401 clarius
3401 5319 3654 5401 apparet
3699 5319 3813 5375 loco

2168 5394 2449 5518 Spiritum,
2481 5396 2545 5446 ut
2566 5392 2624 5446 in
2647 5397 2843 5463 autog.
2869 5391 3181 5464 legendum
3203 5391 3602 5464 Christum,uti
3623 5405 3815 5450 emen-

2211 5479 2456 5518 avnmus.

2418 5534 2479 5614 tu
2514 5537 2707 5614 autog.
2741 5549 2927 5614 marg.
2961 5533 3056 5614 hic
3085 5535 3302 5608 legitur
3330 5554 3457 5611 cap.
3491 5535 3679 5592 XXII.

2413 5605 2681 5684 fibristus
2710 5605 2996 5684 videlicet.

2235 5675 2382 5760 (940)
2412 5676 2476 5734 In
2507 5678 2704 5749 autog.
2738 5691 2926 5752 marg.
2957 5677 3052 5736 hic
3080 5675 3297 5760 legitur
3322 5696 3448 5765 cap.
3481 5677 3699 5741 XXIII.
