3990 6224
357 343 471 410 531

1382 347 1718 412 ATTONIS
1761 342 2343 410 VERCELLENSIS
2389 341 2740 406 EPISCOPI

3653 345 3783 410 532

428 477 741 554 Sequitur:
778 480 904 550 Quae
931 484 1061 536 sunt
1085 496 1188 553 per
1217 481 1541 550 allegoriam
1572 480 1740 547 dicta,
1771 478 2006 547 etc,Hoc
2035 479 2090 543 Α
2120 475 2373 547 gendum
2403 474 2501 540 sit,
2531 491 2642 531 vos.
2665 476 2736 531 Et
2763 474 2872 532 hoc
2904 492 3017 532 non
3060 479 3150 532 est
3205 477 3590 545 contrarium,
3636 479 3786 551 quia

358 568 486 627 loco
518 569 771 626 ostendit
817 569 1227 642 allegorizandi
1280 574 1338 624 et
1395 570 1614 642 ﬁguras
1673 566 2012 639 requirendi

360 657 712 730 exemplum.
747 662 855 713 Per
885 663 1104 714 matres
1148 675 1422 728 namque,
1484 665 1541 713 et
1600 657 1749 713 ﬁlios
1807 673 2008 713 earum

363 742 617 804 estendit
646 745 895 819 intelligi
915 748 1249 802 debereduo
1271 751 1707 816 testamenta,et
1751 747 1900 801 duos
1918 762 2012 816 po-

363 834 534 909 pulos
559 852 582 899 :_
607 836 664 891 in
695 853 809 907 quo
840 853 1041 891 omnes
1075 837 1448 890 consentiunt
1479 841 1770 900 auctores,
1824 850 2013 905 quan-

363 939 540 994 quam
574 925 882 996 Apostolus
915 941 1027 980 non
1061 929 1258 996 aperte
1288 925 1718 996 interpretetur,
1743 924 1843 977 sed
1878 926 2012 976 tan-

363 1014 490 1078 tum
519 1013 827 1084 vestigium
859 1013 1277 1085 interpretandi
1323 1013 1611 1069 ostendat.

436 1102 750 1174 Sequitur:
783 1102 918 1157 Sina
975 1105 1126 1158 enim
1161 1120 1320 1158 mons
1379 1111 1456 1158 est
1505 1104 1564 1156 in
1622 1103 1846 1166 Arabia,
1904 1104 2013 1156 etc.

363 1193 657 1255 Quantum
678 1191 746 1245 ad
769 1190 1071 1247 historiam
1098 1190 1848 1262 pertinet,Arabicimontes
1885 1206 2018 1244 con-

357 1279 550 1353 juncti
583 1283 723 1335 sunt
751 1279 1695 1352 JerosolymitanisMysticevero,
1719 1296 1821 1350 per
1840 1279 2020 1332 diver-

366 1367 602 1424 sitatem
636 1367 897 1424 locoru.n
932 1369 1191 1424 ostendit
1212 1369 1552 1424 distantiam
1567 1368 1817 1422 duorum
1839 1371 2019 1421 testa-

369 1460 726 1512 mentorum.
762 1456 1006 1512 Pulchre
1027 1473 1284 1528 namque
1299 1456 1391 1512 lex
1411 1456 1733 1511 transitura
1751 1472 1850 1527 per
1870 1457 2023 1527 Agar

371 1544 737 1618 designatur,
771 1550 829 1600 et
855 1547 1009 1618 Agar
1039 1545 1460 1626 interpretatur
1489 1545 1782 1609 incolatus,
1808 1560 1908 1598 seu
1931 1559 2023 1613 pe-

369 1635 672 1702 regrinatio
705 1634 872 1702 (945).
891 1633 1032 1697 Quis
1063 1635 1219 1688 enim
1251 1632 1480 1705 ignorat
1506 1633 1660 1704 quod
1693 1630 2024 1704 peregrina-

369 1721 451 1777 tio
479 1721 650 1794 longe
681 1721 860 1777 distat
888 1739 921 1777 a
947 1727 1225 1794 perpetua
1249 1721 1582 1777 hereditate
1604 1722 1630 1775 ?
1655 1721 1826 1776 Recte
1847 1720 2022 1774 etiam

372 1810 502 1882 ipsa
530 1809 622 1865 lex
650 1809 709 1865 in
740 1809 879 1865 Sina
906 1815 963 1864 et
991 1809 1048 1864 in
1075 1809 1284 1864 Arabia
1313 1809 1522 1875 datur;
1557 1809 1697 1880 quia
1718 1808 1859 1864 Sina
1907 1816 2023 1862 ten-

369 1901 522 1954 tatio.
554 1898 770 1954 Arabia
797 1913 930 1953 vero
961 1899 1187 1953 occidua
1209 1890 1803 1969 interpretaturldee
1826 1900 2021 1952 autem

374 1986 553 2043 dicit:
617 1987 954 2058 Conjunctus
1011 1992 1092 2042 est
1147 1988 1220 2054 ei,
1253 2001 1379 2058 quae
1447 2003 1595 2041 nunc
1676 1987 2019 2052 Jerusalem;

373 2075 513 2147 quia
561 2073 660 2131 ille
714 2075 986 2148 populus,
1015 2074 1116 2147 qui
1173 2075 1329 2130 circa
1380 2075 1579 2130 Sinam
1666 2074 1853 2146 legem
1924 2089 2024 2128 ac-

371 2163 545 2235 cepit,
577 2162 868 2219 habitator
923 2163 1217 2219 terrestris
1263 2162 1588 2219 Jerusalem
1646 2163 2022 2236 postmodum

372 2251 613 2308 exstitit.

441 2340 754 2412 Sequitur:
792 2341 891 2396 Illa
922 2344 1125 2406 autem,
1158 2355 1284 2412 quae
1310 2357 1529 2395 sursum
1557 2348 1658 2406 est,
1689 2341 2023 2409 Jerusalem,
2061 2377 2064 2380 .

373 2431 551 2484 libera
581 2437 657 2483 est
687 2433 794 2483 etc.
829 2427 1153 2500 Distinguit
1179 2433 1516 2483 terrestrem
1538 2428 2026 2498 Jerusalem,quaa

372 2519 546 2573 servit
575 2531 700 2570 eum
729 2517 865 2586 ﬁliis
893 2518 1031 2580 suis,
1062 2517 1132 2570 ab
1165 2515 1266 2570 illa
1297 2517 1515 2571 cuneati
1541 2534 1553 2571 :
1589 2517 2027 2587 namqueJeru-

374 2607 556 2662 salem
589 2609 791 2660 sancta
822 2603 1078 2660 Ecclesia
1107 2609 1198 2659 est
1224 2603 1622 2676 intelligenda,
1657 2621 1782 2675 quae
1816 2604 2028 2676 partim

375 2693 780 2766 peregrinatur
807 2692 866 2747 in
899 2693 1444 2763 terra,partimeum
1481 2694 1591 2748 Deo
1616 2702 1816 2764 regnat
1843 2693 1899 2747 in
1924 2710 2031 2748 cm-

374 2782 487 2838 lis:
521 2785 578 2836 et
609 2779 742 2836 licet
767 2781 826 2835 in
857 2785 1013 2836 terra
1033 2780 1536 2844 habitet,coelestis
1557 2783 2030 2853 est,tamen,quia

376 2870 507 2941 ejus
537 2868 898 2924 conversatio
931 2869 989 2923 in
1021 2867 1181 2924 caelis
1203 2873 1292 2923 est
1320 2885 1332 2923 :
1367 2885 1493 2938 quae
1525 2869 1702 2924 etiam
1732 2870 1874 2925 bene
1904 2887 2028 2925 om-

378 2973 546 3014 nium
578 2956 838 3012 ﬁdelium
864 2962 1052 3012 mater
1073 2957 1455 3029 dicitur,quia
1470 2974 1672 3013 omnes
1691 2975 1792 3030 per
1816 2976 2028 3030 aquam

378 3045 825 3118 baptismatisin
857 3062 1034 3101 unam
1057 3045 1365 3101 infantiam
1383 3047 1724 3117 parturit.Et
1744 3048 2030 3119 quiadua-

383 3151 519 3190 rum
553 3138 810 3189 matrum
871 3135 1085 3189 fecerat
1124 3135 1501 3201 mentionem,
1555 3134 1736 3191 voluit
1763 3138 2028 3209 exemplo

379 3239 546 3280 suam
580 3222 926 3279 conﬁrmare
960 3223 1658 3295 narrationem;ideoque
1689 3225 2029 3295 subjunxit:
2061 3205 2105 3271 (ἶ

376 3311 654 3384 Scriptum
682 3315 762 3366 est
789 3320 870 3380 (in
905 3311 1054 3366 Isaia
1093 3309 1333 3383 scilicet)
1362 3330 1374 3380 ;
1411 3313 1637 3380 Latere,
1668 3314 1892 3368 sterilis.
1921 3317 2030 3369 etc.

378 3400 529 3472 (1εαί.
563 3417 674 3467 LIV,
701 3399 751 3470 1)
785 3399 1188 3455 Hortantisest
1211 3402 1788 3456 sermo.Hortabatur
1819 3401 2036 3474 quippe

379 3488 684 3561 propheta,
716 3492 781 3542 ut
810 3486 1121 3554 laetaretur,
1152 3493 1209 3543 et
1241 3494 1594 3561 erumperet,
1628 3494 1684 3545 et
1714 3489 2030 3546 clamaret:

382 3578 528 3646 Quia
549 3578 714 3631 multi
738 3576 847 3645 ﬁlii
875 3575 1114 3647 desertae,
1149 3582 1256 3640 etc,
1289 3578 1527 3634 Deserta
1570 3577 1727 3647 dicit,
1763 3596 1795 3634 a
1846 3579 2034 3650 primo

387 3664 612 3720 scilicet
639 3663 877 3718 homine
905 3670 1200 3734 peccante,
1233 3666 1332 3736 qui
1364 3682 1498 3720 mox
1528 3670 1592 3720 ut
1626 3666 1900 3737 peccavit,
1934 3685 2033 3723 su-

383 3767 704 3824 pernorum
734 3751 944 3806 civium
968 3753 1326 3808 consortium
1341 3754 1756 3810 deseruit.Sive
1785 3755 2033 3824 desertae,

385 3838 528 3911 quia
556 3843 792 3910 tempus
823 3840 1085 3910 pariendi
1111 3857 1224 3895 non
1275 3841 1559 3909 habebat;
1587 3859 1882 3915 synagoga
1902 3860 2036 3900 vero

386 3927 596 3982 habuit
622 3926 896 3994 virum,et
927 3929 1186 3999 pariendi
1213 3933 1530 4002 tempus,et
1561 3932 1780 3987 multos
1803 3937 2037 3989 sanctos

384 4014 778 4089 peperit.Nam
803 4016 1102 4072 sciendum
1127 4018 1265 4090 quia
1286 4019 1468 4075 donec
1493 4019 1785 4075 Abraham
1809 4037 1923 4074 non
1939 4037 2037 4093 ge-

386 4106 518 4160 nuit
547 4105 728 4171 Isaac,
759 4104 819 4160 id
845 4110 934 4162 est
969 4107 1115 4162 Deus
1151 4112 1317 4163 Pater
1346 4124 1448 4180 pro
1505 4109 1746 4163 humani
1807 4109 2038 4180 generis

385 4193 574 4250 salute
605 4193 817 4249 Filium
849 4211 1022 4250 suum
1066 4197 1136 4250 ad
1167 4201 1351 4252 terras
1384 4213 1497 4251 non
1524 4196 1709 4262 misit,
1743 4213 2040 4270 synagoga

386 4283 638 4339 fecunda
667 4282 775 4338 fuit
798 4301 810 4350 ;
836 4284 1180 4340 adveniente
1205 4301 1338 4340 vero
1367 4284 1622 4356 illo,quae
1643 4291 1768 4340 erat
1796 4285 2035 4354 sterilis,

385 4371 536 4427 facta
566 4375 656 4428 est
688 4371 954 4428 fecunda.
989 4373 1128 4444 quia
1158 4389 1258 4444 per
1287 4373 1464 4428 ﬁdem
1495 4373 1722 4428 Christo
1772 4373 2036 4430 inhaesit:

386 4459 487 4515 illa
513 4476 668 4527 vero,
703 4478 829 4533 quis
855 4466 978 4517 erat
1007 4462 1275 4517 fecunda.
1308 4461 1608 4515 inﬁrmata
1637 4461 1903 4532 est,quia
1938 4478 2041 4532 per

2119 562 2432 634 Apostolus
2464 563 2672 636 spiritu
2707 564 3044 637 prophetico
3076 565 3415 637 praeviderat
3438 566 3676 625 Galatas
3708 570 3784 626 ad

2122 651 2432 722 pristinam
2457 651 2631 707 ﬁdem
2660 669 2989 709 reversuros
3021 671 3034 720 ;
3063 653 3317 710 maxime
3347 656 3486 726 quia
3507 674 3625 713 non
3659 663 3786 713 stu-

2121 739 2237 804 dio,
2271 741 2371 795 sed
2403 741 2733 813 ignorantia
2755 747 3170 814 peccaverunt.

2191 828 2502 900 Sequitur:
2588 831 2697 886 Sed
2753 830 3016 900 quomodo
3075 839 3200 886 tunc
3293 835 3595 890 secundum
3651 853 3790 891 car-

2122 932 2248 971 nem
2276 921 2436 972 natus
2489 919 2693 987 fuerat,
2751 924 2862 974 etc.
2905 923 3024 973 Hoc
3055 936 3169 974 non
3201 919 3416 993 legitur
3444 921 3502 977 in
3536 923 3792 982 historia

2124 1003 2256 1059 libri
2284 1007 2562 1073 Genesis;
2595 1006 2862 1062 videlicet
2894 1008 3045 1078 quod
3080 1008 3286 1064 Ismael
3325 1017 3672 1080 persecutus
3714 1016 3795 1073 sit

2126 1093 2323 1148 Isaac:
2357 1099 2758 1150 verumtamen
2791 1095 3023 1168 legitur,
3087 1099 3266 1168 quod,
3325 1115 3459 1154 cum
3515 1096 3795 1158 luderent

2127 1183 2299 1237 ambo
2332 1182 2530 1237 simul.
2578 1185 2831 1254 graviter
2861 1184 2969 1240 hoc
3022 1187 3242 1257 accepit
3288 1188 3451 1254 Sara,
3502 1195 3560 1244 et
3619 1191 3790 1246 dixit-

2128 1270 2273 1341 Ejice
2329 1272 2589 1326 ancillam
2643 1276 2695 1326 et
2741 1274 2923 1342 ﬁlium
2967 1274 3082 1345 ejus
3130 1280 3239 1330 etc.
3291 1277 3448 1347 (Gen.
3505 1295 3625 1347 xxi,
3680 1281 3795 1349 10)-

2129 1359 2298 1415 Illum
2333 1377 2588 1433 namque
2618 1359 2815 1417 lusum
2837 1363 3152 1433 Apostolus
3183 1366 3651 1434 persecutionem
3683 1385 3790 1440 ap-

2131 1448 2348 1520 pellat;
2383 1450 2481 1505 sed
2527 1449 2844 1506 videndum
2902 1457 2992 1506 est
3048 1469 3250 1524 quare.
3310 1453 3596 1511 Videlicet
3643 1455 3790 1530 legis

2132 1538 2334 1592 doctor
2362 1541 2484 1593 erat
2503 1554 2672 1593 secus
2704 1535 2878 1610 pedes
2927 1540 3266 1596 Gamalielis
3323 1542 3510 1612 legem
3568 1543 3793 1600 didice-

2135 1631 2255 1692 rat;
2287 1630 2343 1680 et
2371 1626 2510 1697 quia
2538 1625 2824 1681 intellexit
2860 1626 2975 1681 vim
3006 1627 3151 1700 legis
3184 1629 3380 1700 ipsum
3413 1628 3615 1685 lusum
3675 1648 3794 1690 non

2135 1715 2318 1769 fuisse
2350 1714 2678 1786 simplicem
2705 1733 2718 1780 ;
2752 1714 3000 1787 ideoque
3032 1717 3496 1788 persecutionem
3543 1721 3792 1778 vocavit.

2135 1805 2278 1860 Sara
2311 1819 2545 1876 quoque
2568 1802 2852 1859 intellexit
2874 1805 3028 1876 quod
3061 1805 3206 1861 forte
3220 1805 3387 1861 vellet
3405 1822 3540 1862 eum
3560 1809 3797 1866 trahere

2135 1893 2205 1947 ad
2239 1891 2752 1964 scurrilitatemut
2781 1892 2992 1948 similis
3024 1893 3137 1949 sibi
3163 1894 3346 1963 ﬁeret,
3371 1900 3428 1952 et
3457 1896 3518 1951 in
3539 1897 3790 1954 hmredis

2132 1986 2250 2037 tate
2280 1981 2531 2053 praeferri
2565 1987 2761 2054 posset
2788 1987 2920 2049 ;aut
2939 1987 3091 2038 certe
3111 1982 3285 2038 vellet
3305 2000 3444 2040 eum
3467 1985 3698 2042 trahere
3720 1988 3792 2043 ad

2132 2069 2355 2126 idolum
2382 2089 2394 2138 ;
2428 2074 2546 2136 aut,
2568 2071 2722 2142 quod
2748 2071 2936 2142 magis
2958 2071 3612 2145 doctoresjsuspicantur
3633 2075 3789 2146 (949)

2136 2158 2522 2233 primogenita
2595 2159 2706 2214 sibi
2763 2158 2935 2214 vellet
2987 2159 3318 2218 vindicare:
3370 2167 3427 2218 et
3479 2162 3609 2218 ideo
3662 2179 3796 2236 gra-

2133 2248 2279 2303 viter
2307 2247 2546 2320 accepit.
2581 2251 2799 2303 Verum
2824 2249 2979 2319 quod
3031 2248 3149 2304 ait:
3217 2252 3300 2306 Ita
3355 2255 3407 2305 et
3453 2266 3626 2316 nunc,
3688 2268 3797 2323 po-

2134 2341 2248 2392 test
2329 2336 2527 2392 ret’erri
2612 2337 2682 2391 ad
2744 2337 3001 2404 Galatas,
3061 2337 3322 2412 et.legis
3390 2339 3796 2408 aemulatores,

2137 2442 2242 2480 nec
2300 2443 2414 2481 non
2471 2425 2542 2480 ad
2597 2429 2778 2481 totam
2835 2425 3153 2482 Ecclesiam
3231 2433 3290 2482 et
3373 2444 3578 2483 omnes
3662 2445 3795 2485 car-

2138 2512 2324 2568 nales.

2210 2602 2522 2673 Sequitur;
2557 2601 2665 2657 Sed
2693 2602 2827 2674 quid
2858 2601 2993 2658 dicit
3030 2602 3330 2674 Scriptura
3351 2605 3379 2658 ?
3435 2605 3799 2662 Deterrentis

2137 2696 2225 2746 est
2255 2707 2466 2746 sermo.
2501 2691 2586 2745 Ad
2620 2692 2995 2747 deterrendos
3023 2693 3240 2764 quippe
3263 2692 3500 2749 Galatas
3523 2694 3636 2750 hoc
3661 2696 3800 2750 sub-

2130 2780 2328 2850 junxit
2355 2779 2686 2850 exemplum
2717 2797 2730 2847 ;
2759 2779 2930 2850 quasi
2962 2779 3177 2835 diceret
3203 2797 3215 2834 :
3259 2785 3376 2837 Vos
3401 2799 3416 2848 ;
3438 2782 3539 2854 qui
3564 2782 3675 2838 ﬁlii
3696 2800 3804 2838 an-

2138 2866 2286 2922 cillae
2315 2883 2442 2922 esse
2474 2867 2671 2935 vultis,
2705 2883 2886 2940 quare
2931 2885 3045 2924 non
3103 2869 3409 2926 attenditis
3439 2871 3585 2941 quid
3647 2872 3805 2927 dicat

2139 2954 2487 3026 Scriptura?
2518 2958 2838 3026 Quatenus,
2871 2957 3013 3011 dum
3053 2956 3137 3010 illi
3194 2957 3466 3014 audirent
3521 2959 3800 3016 ancillam

2137 3045 2473 3114 ejectam,et
2503 3044 2689 3100 ﬁlium
2716 3045 2868 3115 ejus,
2898 3048 3253 3101 terrerentur
3281 3054 3335 3102 et
3364 3047 3646 3104 timerent
3676 3065 3749 3104 ne
3773 3067 3806 3104 a

2139 3136 2418 3204 perpetua
2447 3132 2782 3189 haereditate
2805 3133 3428 3190 excluderentur.lllud
3453 3153 3596 3192 sane
3613 3138 3804 3192 scien-

2144 3221 2284 3275 dum
2318 3222 2475 3292 quia,
2509 3238 2848 3292 quanquam
2882 3222 3161 3294 iniquitas
3193 3223 3551 3290 sublevetur,
3613 3242 3804 3298 quan-

2143 3325 2320 3380 quam
2353 3309 2633 3377 hzsretici,
2669 3316 2771 3365 aut
2801 3315 3067 3382 potentes
3098 3313 3381 3368 adversus
3411 3312 3696 3386 humiles,
3754 3319 3808 3370 et

2144 3415 2430 3470 pauperes
2462 3398 2764 3469 inﬂentur,
2795 3404 3200 3455 verumtamen
3232 3401 3380 3456 servi
3415 3406 3574 3469 sunt,
3607 3405 3666 3458 et
3697 3421 3806 3458 an-

2143 3485 2292 3541 cillae
2324 3486 2450 3541 ﬁlii.

2214 3575 2421 3646 Itaque,
2464 3578 2687 3647 fratres,
2747 3592 2858 3632 non
2912 3593 3104 3633 sumus
3154 3577 3381 3634 ancilla
3439 3581 3570 3649 ﬁlii,
3603 3579 3708 3636 Vel
3741 3581 3808 3638 de

2145 3681 2226 3732 se,
2260 3664 2500 3736 suisque
2533 3665 2828 3721 similibus
2857 3666 3021 3734 dicit,
3054 3671 3118 3721 ut
3146 3683 3325 3738 supra
3357 3669 3506 3740 (950)
3528 3668 3618 3724 vel
3653 3675 3806 3726 certe

2145 3771 2314 3810 suam
2346 3771 2653 3825 personam
2686 3755 2906 3810 Galatis
2935 3755 3258 3828 coniungit,
3282 3757 3421 3828 quia
3451 3757 3808 3828 praevidebat

2144 3859 2240 3899 eos
2301 3860 2658 3900 reversuros.
2717 3845 2788 3899 Et
2845 3849 2909 3899 ut
2961 3845 3294 3900 ostenderet
3349 3863 3383 3900 a
3414 3861 3553 3916 quo,
3584 3847 3675 3902 vel
3708 3864 3808 3920 per

2145 3947 2318 4001 quem
2354 3931 2505 3986 facta
2536 3932 2744 3987 fuisset
2771 3931 2901 4003 ipsa
2931 3932 3192 3988 libertas.
3243 3932 3560 3989 excludens
3606 3936 3809 3991 omnia

2147 4023 2353 4090 praeter
2382 4020 2654 4090 gratiam,
2687 4021 3034 4091 subjunxit:
3071 4021 3188 4088 Qua
3213 4022 3461 4078 libertate
3486 4039 3586 4078 nos
3647 4023 3806 4078 Chri-

2145 4115 2259 4162 stus
2291 4107 2584 4174 liberavit;
2617 4109 2787 4179 quasi
2821 4109 3042 4164 diceret
3061 4126 3082 4170 ;
3117 4109 3240 4165 Non
3273 4110 3505 4180 merita,
3544 4128 3663 4167 non
3697 4111 3804 4182 lex,

2149 4211 2336 4266 neque
2367 4195 2757 4261 circumcisio,
2810 4197 2908 4252 sed
2961 4196 3252 4266 Christus,
3313 4197 3423 4254 hoc
3479 4203 3590 4269 est,
3651 4200 3808 4272 quod

2148 4284 2273 4355 ipse
2328 4283 2443 4348 ait;
2533 4284 2595 4339 Si
2678 4287 2836 4354 ﬁlius
2918 4302 3013 4342 vos
3098 4286 3379 4357 liberavit,
3439 4291 3551 4343 etc.
3613 4289 3798 4359 (Joan.

2147 4389 2268 4438 VIII,
2301 4372 2411 4440 36).

2221 4461 2370 4531 (CAP.
2404 4461 2495 4533 V.)
2526 4462 2672 4518 State
2702 4461 2847 4526 Quia
2885 4480 2999 4518 non
3052 4481 3120 4518 ex
3174 4467 3294 4520 toto
3351 4464 3708 4522 ceciderant.
3743 4467 3808 4522 Et

385 4549 790 4604 inﬁdelitatem
821 4567 855 4604 a
883 4550 1111 4605 Christo
1143 4549 1403 4612 recessit,
1435 4551 1493 4601 et
1522 4548 1804 4602 virtutum
1830 4565 2037 4620 propo-
2070 4570 2116 4634 Ι)
2149 4549 2300 4618 ideo,
2332 4550 2560 4622 quoties
2589 4551 2897 4622 sermo,vel
2929 4552 3253 4608 admonitio
3271 4553 3342 4608 ad
3367 4555 3554 4610 bonos
3587 4555 3676 4623 ﬁt,
3696 4556 3806 4612 isto

387 4638 566 4694 situm
597 4637 831 4705 amisit;
868 4639 1021 4693 unde
1081 4636 1402 4708 propheta:
1464 4636 1924 4705 Exspectantibus
1955 4655 2042 4695 me
2151 4643 2353 4694 utatur
2383 4655 2690 4707 sermone;
2725 4640 2797 4695 ad
2829 4639 3015 4696 malos
3048 4657 3201 4696 vero.
3235 4658 3494 4714 surgere.
3549 4644 3618 4699 Et
3649 4645 3805 4716 quod

385 4727 578 4781 multis
649 4725 837 4782 diebus
895 4727 1065 4798 (946],
1098 4729 1209 4780 etc.
1240 4723 1388 4776 Hine
1419 4727 1508 4778 est
1533 4724 1686 4793 quod
1717 4725 1799 4780 ait
1827 4731 2032 4783 Anna:
2061 4718 2084 4734 ⁸

389 4813 606 4870 Sterilis
631 4817 844 4887 peperit
873 4819 1075 4884 septem
1105 4813 1278 4881 (947),
1310 4814 1418 4865 etc.

456 4902 772 4974 Sequitur:
806 4901 908 4957 Nos
937 4905 1119 4956 autem
1174 4899 1399 4970 fratres,
1450 4903 1558 4955 etc.
1618 4901 1697 4957 De
1756 4919 1818 4958 se
1868 4905 2035 4978 (948),

387 4990 628 5062 suisque
657 4989 954 5046 similibus
987 4987 1438 5059 dicit.0rigenes
1467 5005 1600 5044 vero
1619 4990 1758 5046 dicit
1779 4995 1930 5064 quod
1957 4994 2036 5051 le-

385 5134 539 5188 hanc
569 5127 886 5205 Epistolam
901 5127 1443 5199 expositione,hune
1470 5136 1690 5190 textum
1713 5136 2031 5205 adducens,

386 5204 809 5260 testamentum
841 5205 1024 5254 vocat.

457 5270 607 5338 (945)
641 5269 835 5324 Graece
863 5288 937 5322 πα
977 5267 1135 5325 οινία.

463 5341 614 5396 (946)
645 5339 776 5396 Ose.
810 5355 894 5396 ιιι.
1009 5341 1134 5396 dies

963 5383 977 5408 9

463 5341 614 5418 (ῼᾴρ)
645 5339 776 5418 pse,
810 5355 894 5404 ιιι,
923 5339 984 5418 3,
1009 5341 1134 5418 di_es
1168 5343 1386 5418 multos
1416 5347 1746 5418 expectabis
1777 5365 1889 5404 me.

463 5411 612 5492 (94η
645 5409 827 5492 I'Reg:
862 5428 922 5492 ιζ.
954 5414 1026 5492 5Δ;
1055 5414 1172 5492 Jer.
1205 5433 1296 5492 xv,
1327 5417 1381 5487 9,
1415 5409 1697 5492 nu'merus
1726 5420 2035 5492 septemle-

432 5480 550 5564 itur
577 5478 635 5531 in
664 5478 860 5564 .lerJin
887 5478 1042 5540 textu
1075 5485 1172 5543 cit.
1215 5478 1379 5560 Régf
1405 5495 1600 5546 autem
1652 5478 1794 5547 loco.
1831 5495 2036 5564 septem

416 5549 607 5619 egitur
633 5549 914 5619 plurimos.

487 5620 612 5692 948)
643 5621 1273 5686 Pronomenseintextu
1307 5648 1422 5687 non
1445 5630 1657 5704 legitur
1686 5633 2032 5690 Addendum

2147 4733 2302 4782 stare
2331 4729 2404 4784 ad
2435 4727 2640 4795 bonos,
2665 4729 2981 4800 propheta:
3022 4731 3158 4786 Vivit
3201 4731 3489 4795 Dominus,
3554 4733 3617 4787 in
3645 4733 3807 4803 cujus

2144 4819 2430 4888 conspectu
2460 4822 2544 4871 ste
2575 4818 2668 4888 (IV
2695 4819 2818 4888 Reg.
2852 4836 2906 4885 v,
2942 4818 3068 4889 16);
3101 4823 3159 4874 et
3189 4819 3476 4876 Dominus
3524 4820 3599 4876 ad
3656 4824 3812 4894 Moy-

2147 4921 2248 4959 sen
2280 4921 2292 4958 :
2329 4905 2424 4958 Sta
2451 4913 2510 4958 tu
2530 4905 2618 4960 hic
2647 4921 2857 4960 mecum
2887 4908 3069 4976 (Deut.
3104 4923 3191 4974 ni,
3250 4908 3382 4978 31);
3441 4911 3499 4963 et
3555 4909 3808 4982 Stepha-

2145 5010 2296 5048 nus:
2337 4992 2492 5048 Video
2519 4995 2692 5049 Jesem
2720 4997 2956 5049 stantem
2986 4995 3124 5065 (Act.
3167 5012 3267 5061 vn,
3298 4996 3428 5067 35);
3487 4996 3630 5068 quia
3692 5003 3809 5055 sta-

2142 5143 2344 5214 tamen
2372 5125 2502 5191 tum
2533 5139 2724 5214 textus
2754 5135 2904 5207 ipse,
2933 5140 3070 5214 tum
3092 5137 3264 5193 divus
3314 5137 3712 5214 Hieronymus
3742 5143 3801 5198 in

2142 5208 2300 5263 hunc
2330 5213 2548 5263 textum
2582 5205 2727 5261 mihi
2763 5205 3098 5263 suaserunt.

2213 5279 2363 5350 (949)
2409 5279 2631 5350 Supino
2689 5294 2882 5333 errore
2937 5278 2996 5332 in
3056 5279 3162 5334 cod
3221 5278 3437 5353 legitur
3494 5284 3807 5354 suscipian-

2145 5358 2358 5494 ωῖὸδρ)
2385 5421 2448 5477 Ut
2466 5435 2635 5491 supra
2655 5418 2968 5494 legendum
2996 5420 3196 5475 censui
3220 5423 3635 5494 compendiose
3661 5423 3804 5480 scri-

2144 5490 2275 5571 ptas
2305 5490 2542 5546 litteras
2562 5490 3140 5614 aspalpotissimum
3200 5508 3331 5547 cum
3352 5490 3370 5494 ’
3391 5493 3571 5564 paulo
3627 5511 3801 5568 supe-

2145 5578 2268 5614 rius
2331 5561 2401 5614 de
2459 5562 2576 5614 ﬁlio
2636 5560 2880 5614 ancllae.
2942 5567 2998 5614 et
3057 5562 3272 5614 liberae-
3353 5570 3411 5614 et
3493 5565 3568 5614 de
3621 5567 3798 5614 inter-

2145 5561 2268 5616 rius
2331 5561 2401 5615 de
2459 5562 2576 5617 ﬁlio
2631 5560 2881 5632 ancillae,
2942 5567 2998 5617 et
3057 5562 3272 5630 liberae,
3353 5560 3411 5618 et
3493 5565 3568 5622 de
3621 5560 3798 5623 infer-

2144 5632 2470 5705 pretatione
2495 5633 2608 5703 sui,
2640 5649 3001 5704 suorumque
3033 5633 3316 5691 similium
3347 5651 3544 5694 sermo
3594 5636 3690 5695 sit.
