3990 6224
167 390 291 462 581

787 387 1202 452 EXPOSITIO
1243 388 1322 452 IN
1369 388 1794 452 EPIDTULAS
1841 389 2200 455 PAULL—
2231 391 2308 452 ΙΝ
2355 387 2605 453 EPIST.
2655 389 2756 450 AD
2804 387 2979 449 GAL.

3469 385 3584 446 538

250 531 390 600 Ergo
415 529 748 590 evacuatur»
777 525 924 595 (967)
951 528 1034 582 est
1061 524 1410 590 scandalum,
1435 530 1544 579 etc.
1568 525 1832 596 Namque
1862 529 1913 593 Α
1945 525 2234 581 similiter.
2270 527 2337 580 Et
2369 525 2506 596 quia
2532 526 2654 593 jam
2689 540 2804 577 una
2834 523 3046 593 pendet
3079 539 3145 576 ex
3176 522 3377 589 altera,
3413 535 3591 591 quare

175 617 536 692 praedicabat
568 613 889 686 Apootolus
919 613 1214 668 Christum
1246 613 1447 668 Jesum
1472 613 1836 678 crucifixum,

178 706 336 780 quod
367 704 581 764 Judaei:
613 701 832 775 quidem
861 701 1186 756 scandalum
1211 707 1352 766 erat,
1377 703 1629 770 gentibus
1651 707 1840 756 autem

177 796 428 854 summa
457 794 504 864 (t
535 792 660 850 Cor.
696 809 733 856 ι,
766 791 880 860 23),
914 806 1029 844 non
1063 789 1462 846 credentibus.
1501 791 1565 844 Et
1596 792 1724 845 ideo
1752 792 1837 844 di-

181 885 295 941 cit:
331 886 474 954 Ergo
504 888 833 938 evacuatum
888 882 994 945 est,
1051 885 1160 934 etc.
1215 879 1360 941 Quia
1391 880 1440 934 si
1472 879 1839 934 circumcisio

183 989 300 1036 non
332 973 544 1038 salvat,
589 970 808 1030 frustra
867 966 1116 1039 praedico
1165 967 1674 1022 circumcisionem
1709 985 1837 1040 pro-

185 1063 380 1126 desse.

260 1152 484 1210 Utinam
512 1158 563 1204 et
590 1148 966 1212 absciduntur,
1000 1150 1109 1201 etc.
1156 1145 1267 1199 Sed
1303 1161 1483 1215 quare
1515 1146 1624 1200 iste
1657 1145 1838 1200 disci-

187 1238 374 1312 pulus
399 1237 661 1294 veritatis
692 1235 873 1301 illius,
908 1234 1008 1306 qui
1041 1235 1265 1289 dixerat
1294 1252 1304 1288 :
1341 1234 1498 1289 Orata
1527 1250 1622 1305 pro
1651 1250 1835 1304 perse-

190 1327 490 1399 quentibus
543 1335 593 1382 et
643 1323 1115 1380 calumniantibus
1173 1338 1261 1379 vos
1319 1322 1525 1393 (Matth.
1579 1339 1632 1386 ν,
1691 1325 1780 1390 lii)
1825 1340 1838 1389 ;

191 1421 250 1472 et
289 1417 446 1472 idem
508 1413 848 1486 Apostolus:
911 1412 1221 1468 Benedicite
1274 1412 1722 1483 persequentibus
1756 1428 1842 1466 vos

187 1506 363 1574 (Rom.
398 1520 501 1567 xu,
539 1503 666 1569 14);
699 1507 793 1558 et:
830 1504 1020 1572 Neque
1045 1499 1313 1556 maledici
1342 1517 1569 1570 regnum
1594 1502 1690 1555 Dei
1716 1517 1842 1570 pos-

184 1593 441 1656 sidebant
470 1593 520 1661 (1
574 1592 702 1648 Cor.
763 1607 840 1654 v1,
900 1592 1027 1658 10);
1086 1605 1266 1660 quare
1317 1591 1671 1660 imprecetur
1699 1589 1842 1644 istos

190 1679 463 1744 abscidi?
491 1680 606 1744 Sed
641 1678 904 1736 solvitur.
955 1677 1145 1734 Potuit
1188 1677 1343 1734 enim
1379 1678 1500 1732 ﬁeri
1532 1682 1597 1732 ut
1627 1679 1842 1733 condo-

187 1769 316 1828 lens
345 1768 588 1828 Galatas
617 1768 914 1838 deceptos,
948 1765 1048 1836 qui
1080 1765 1334 1836 pretioso
1364 1765 1650 1835 sanguine
1679 1766 1842 1821 Chri~

1950 632 2062 670 non
2090 616 2433 686 proponitur
2455 614 2684 668 dilectio
2713 613 2804 667 Dei
2831 616 2840 667 l
2871 612 2953 666 Ob
2987 613 3113 670 hoc.
3158 611 3294 682 quia
3320 609 3590 682 probabi-

1948 703 2057 757 lior
2085 704 2346 757 redditur
2376 704 2549 757 homo
2579 702 2884 756 dilectione
2937 701 3203 773 proximi,
3255 717 3429 771 quam
3465 700 3583 754 Dei.

1949 793 2092 847 Nam
2128 798 2316 862 potest
2347 792 2478 863 quis
2510 792 2735 846 dicere:
2793 792 2978 860 Diligo
3031 791 3249 856 Deum;
3283 795 3358 848 et.
3393 789 3438 842 si
3473 805 3585 842 non

1949 881 2159 951 diligit,
2194 881 2532 948 ignoratur;
2569 881 2614 934 si
2648 897 2778 934 vero
2805 880 3064 950 proximo
3097 879 3324 940 dixerit,
3360 877 3588 932 facilius

1951 970 2181 1040 probari
2217 975 2422 1040 potest,
2457 970 2756 1040 quoniam,
2787 970 2831 1021 si
2868 968 3021 1022 mala
3071 986 3196 1039 qua:
3229 971 3417 1038 potest
3443 967 3588 1020 irro-

1949 1065 2068 1130 gat,
2101 1065 2156 1112 et
2197 1061 2347 1114 bona
2377 1076 2502 1130 quae
2537 1064 2723 1129 potest
2755 1076 2865 1112 non
2899 1059 3249 1128 impertitur,
3301 1060 3494 1126 aperte
3528 1072 3588 1109 se

1951 1149 2286 1202 manifestat
2310 1166 2420 1202 non
2451 1149 2687 1218 diligere
2711 1147 3060 1218 proximum.
3087 1147 3150 1199 Et
3176 1147 3302 1200 ideo
3328 1142 3588 1198 dilectio-

1952 1254 2082 1291 nem
2123 1238 2363 1308 proximi
2401 1238 2612 1307 posuit,
2648 1254 2759 1290 non
2794 1237 2915 1291 Dei.

2021 1327 2170 1392 Quod
2205 1329 2258 1379 in
2298 1327 2528 1379 invii-em
2575 1326 2860 1388 monletis,
2894 1331 3002 1378 etc.
3039 1324 3113 1378 Ex
3147 1325 3389 1378 diversis
3420 1339 3588 1376 nam-

1952 1431 2063 1484 que
2095 1415 2612 1484 disputationibus,
2639 1414 2767 1467 aliis
2791 1414 3121 1466 dicentibus
3145 1412 3439 1466 meliorem
3463 1427 3590 1465 esse

1952 1502 2133 1568 legem
2170 1502 2375 1572 gratia,
2411 1502 2538 1555 aliis
2571 1502 2865 1556 meliorem
2917 1518 3042 1555 esse
3074 1499 3324 1554 litteram
3358 1498 3590 1568 spiritu,

1953 1591 2082 1646 aliis
2113 1591 2410 1645 meliorem
2437 1595 2697 1661 apertum
2723 1591 3118 1651 Judaismum,
3142 1589 3269 1642 aliis
3293 1587 3591 1642 meliorem

1953 1680 2268 1740 occultum,
2292 1686 2422 1746 ete.,
2448 1679 2616 1733 variis
2641 1679 2978 1732 oriebantur
2999 1677 3456 1731 contrarietates.
3481 1675 3590 1728 Sed

1945 1771 2069 1838 jam
2104 1768 2367 1822 nonnulli
2403 1769 2528 1821 ideo
2561 1785 2620 1821 se
2652 1767 3164 1828 circumcidebant,
3200 1771 3263 1819 ut
3294 1764 3423 1819 aliis
3457 1781 3596 1835 pris-

191 1859 268 1914 sti
300 1858 531 1912 fuerant
585 1855 896 1926 redempti,
957 1854 1360 1910 stomachatus
1417 1861 1473 1909 et
1503 1855 1844 1926 indignatus
1876 1890 1924 1954 B
1955 1859 2261 1918 ferrentur,
2296 1862 2350 1910 et
2395 1856 2499 1909 hoc
2555 1858 2814 1909 faciendo
2871 1856 3227 1920 invidebant,
3262 1860 3318 1907 et
3348 1853 3492 1907 alios
3524 1853 3592 1906 ad

193 1947 450 2012 diceret:
489 1947 714 2003 Utinam
734 1944 1098 2003 absidantur;
1132 1943 1188 2000 id
1238 1948 1346 2008 est,
1382 1943 1604 1998 utinam
1644 1945 1844 2015 perde-

193 2040 416 2099 rentur,
449 2035 554 2106 qui
587 2050 689 2089 vos
719 2033 1088 2098 conturbent,
1120 2032 1192 2086 de
1222 2031 1413 2086 medio
1444 2032 1638 2094 vestri,
1665 2039 1727 2086 ut
1746 2049 1847 2087 vos

190 2123 595 2180 salvaremini.
636 2121 764 2178 Alio
795 2137 1010 2178 sensu:
1066 2120 1297 2176 Utinam
1339 2120 1754 2186 abscidantur;
1787 2121 1845 2175 id

188 2217 302 2278 est,
326 2211 376 2267 si
401 2212 602 2282 aliqua
622 2209 864 2266 salvatio
901 2214 989 2266 eet
1027 2209 1084 2264 in
1119 2208 1584 2272 circumcisione,
1622 2209 1844 2263 utinam

189 2301 607 2356 abscideretur
627 2299 771 2358 illud
799 2299 1151 2359 membrum.
1174 2298 1231 2352 in
1251 2314 1366 2368 quo
1387 2302 1478 2351 est
1497 2298 1760 2364 salvatio,
1785 2303 1847 2352 ut

189 2388 568 2446 eunuchizati
627 2387 1040 2452 redderentur;
1101 2387 1255 2442 unde
1287 2385 1608 2441 Dominus:
1645 2388 1846 2442 Melius

192 2481 283 2536 est
339 2493 466 2538 cum
522 2493 628 2532 uno
680 2477 850 2541 oculo,
911 2480 1018 2532 etc.
1080 2475 1288 2543 (Matth.
1349 2492 1510 2540 xvm,
1566 2478 1643 2542 9;
1685 2475 1845 2530 Marc.

189 2583 280 2632 ιχ,
313 2565 430 2633 46).

273 2658 379 2712 Vos.
409 2653 562 2710 enim
605 2653 665 2706 in
721 2654 1030 2712 libertatem
1085 2652 1257 2708 vocati
1314 2654 1467 2719 estis,
1499 2658 1606 2707 etc.
1635 2671 1648 2718 ;
1681 2653 1849 2724 quasi

189 2742 456 2804 diceret:
517 2742 624 2804 Qui
686 2742 760 2796 ad
817 2740 1150 2802 libertatem
1210 2741 1497 2806 transitis,
1559 2742 1746 2796 videte
1779 2759 1852 2796 ne

188 2835 435 2904 propter
465 2829 793 2894 libertatem
818 2829 1145 2886 secundum
1163 2827 1395 2886 libitum
1418 2834 1675 2884 vestrum
1701 2831 1852 2885 viva-

189 2918 295 2975 tis.
338 2918 472 2975 Sive
523 2916 665 2988 quia
723 2918 793 2972 ad
853 2916 1198 2974 libertatem.
1244 2917 1528 2986 transitis,
1561 2919 1747 2973 videte
1782 2936 1852 2974 ne

187 3007 378 3064 libere
407 3006 479 3062 ad
511 3005 1025 3068 circumcisiouem
1048 3006 1383 3073 treneeatis,
1409 3007 1577 3076 (968),
1601 3013 1654 3061 et
1679 3023 1849 3078 pseu-

190 3094 564 3167 deapostolis
597 3095 873 3165 parcatis,
906 3098 973 3152 ut
1008 3093 1127 3156 illis
1173 3093 1544 3160 subdamini;
1602 3113 1735 3150 nam
1767 3096 1852 3151 illi

193 3185 334 3250 ideo
365 3182 574 3246 volunt.
590 3199 693 3246 vos
712 3183 790 3240 ad
817 3183 1324 3244 circumcisionem
1348 3185 1619 3250 transire,
1643 3191 1707 3240 ut
1738 3185 1854 3241 illis

191 3271 568 3341 subdamini,
589 3277 884 3343 quatenus
899 3273 1054 3342 quod
1075 3272 1417 3342 impenditis
1441 3289 1542 3344 per
1560 3275 1856 3342 timorem,
1889 3256 1932 3322 Ο

186 3359 560 3432 impendatis
579 3376 682 3430 per
699 3375 979 3422 amorem.
1005 3360 1073 3416 Et
1102 3360 1229 3416 ideo
1257 3361 1564 3433 subiungit
1588 3381 1600 3416 :
1624 3363 1735 3418 Sed
1763 3380 1861 3434 per

185 3451 556 3516 charitatem,
587 3453 697 3512 etc.

271 3538 428 3608 (969)
487 3536 638 3600 Dicit
694 3537 852 3592 enim
910 3537 1116 3594 beatus
1170 3539 1524 3609 Gregorius:
1557 3541 1722 3594 Tunc
1757 3557 1862 3596 nos

107 3665 116 3672 ι
188 3626 464 3691 charitas
493 3642 526 3680 a
543 3626 687 3697 jugo
718 3624 1018 3682 servitutis
1047 3627 1335 3696 perfectos
1391 3628 1602 3694 reddit,
1631 3629 1861 3698 quoties

190 3732 311 3778 nos
325 3717 530 3774 nostro
554 3714 810 3776 vicissim
835 3730 937 3785 per
957 3730 1213 3770 amorem
1233 3716 1470 3772 servitio
1490 3717 1691 3772 subdit
1711 3735 1725 3781 ;
1743 3718 1862 3772 sive

189 3809 346 3864 tunc
371 3819 482 3858 nos
510 3819 545 3856 a
565 3803 710 3874 jugo
745 3802 1043 3858 servitutis
1071 3803 1355 3874 perfectos
1388 3805 1598 3874 reddit,
1634 3807 1862 3876 quoties

191 3908 308 3948 nos
335 3895 542 3946 nostra
569 3891 722 3946 bona
744 3889 876 3945 aliis
905 3889 1362 3961 impertimus,et
1383 3892 1633 3948 aliorum
1659 3899 1863 3950 nostra

193 3983 584 4052 deputamus.

275 4068 652 4136 Omnisenim
708 4082 828 4136 rex,
882 4071 989 4122 etc.
1050 4067 1225 4133 Quasi
1279 4069 1514 4124 diceret.
1548 4071 1592 4125 Ο
1623 4070 1861 4141 Galatae,

195 4175 389 4230 quare
423 4157 495 4223 ad
528 4154 1213 4228 legalesobservationes
1236 4159 1486 4215 transire
1506 4159 1704 4225 vultis,
1729 4177 1864 4214 cum

196 4246 411 4316 omnia
444 4261 562 4306 uno
596 4261 866 4308 sermone
894 4245 1349 4316 compleantur?
1401 4248 1467 4302 Et
1495 4249 1629 4318 quis
1661 4248 1737 4302 sit
1768 4247 1866 4304 ille

194 4351 423 4403 sermo,
453 4333 793 4405 subjungit:
813 4335 1350 4404 Diligesproximum
1375 4341 1555 4403 tuum,
1578 4341 1685 4390 etc.
1705 4337 1867 4392 Sicut

195 4422 366 4490 enim
399 4423 464 4478 in
491 4421 766 4503 Epistula,
786 4423 1193 4488 adﬂomanos
1219 4423 1391 4480 dicit:
1421 4426 1652 4481 Dilectio
1668 4427 1864 4496 proxi-

191 4515 285 4582 mi
309 4513 662 4578 malumne»
687 4517 949 4582 operatur
977 4513 1151 4584 (Rom.
1207 4530 1333 4578 xm,
1389 4515 1513 4584 10);
1547 4517 1641 4569 et:
1671 4515 1862 4568 Pleni-

1955 1946 2334 2000 invidentiam
2352 1945 2682 2008 trahebant,
2698 1944 2873 1997 ethoc
2890 1943 3148 1997 faciendo
3168 1942 3593 1996 consumeban-

1955 2040 2069 2089 tur.
2098 2035 2166 2088 Εἰ
2188 2034 2315 2087 ideo
2336 2033 2685 2086 hocdicebat
2704 2032 3031 2102 Apostolus.
3053 2031 3178 2084 Alio
3213 2047 3387 2084 sensu
3417 2031 3597 2098 :Quorl

1956 2126 2008 2178 si
2037 2124 2272 2177 invicem
2301 2122 2556 2175 maritalis
2581 2139 2599 2180 ;
2631 2121 2686 2174 id
2721 2126 2826 2184 est,
2863 2121 2908 2174 si
2944 2121 3013 2175 ad
3037 2119 3325 2174 carnalem
3351 2119 3595 2171 circurn-

1959 2213 2238 2268 cisionem
2275 2211 2419 2281 legis
2451 2210 2824 2274 transieritis,
2855 2209 3097 2262 invicem
3134 2207 3431 2270 niordetis,
3465 2208 3600 2278 quia

1957 2301 2274 2355 vindictam
2331 2299 2592 2369 exigatis.
2656 2299 2800 2352 Nam
2862 2297 2950 2352 lex
3009 2299 3187 2351 dicit:
3250 2296 3474 2350 Oculum
3503 2311 3602 2366 pro

1958 2390 2132 2456 oculo,
2167 2393 2276 2442 etc.
2309 2391 2499 2452 (Levit.
2535 2405 2680 2451 xxuv,
2711 2390 2840 2452 ‘20,;
2876 2392 2932 2441 et
2975 2386 3115 2440 dum
3150 2386 3466 2439 vindictam
3501 2401 3601 2437 ex-

1960 2478 2175 2549 petitis,
2212 2477 2660 2536 consumemini.
2696 2477 2970 2547 quoniam
3007 2492 3118 2528 non
3147 2474 3270 2543 jam
3305 2490 3478 2539 unus,
3505 2474 3600 2526 sed

1960 2567 2074 2619 duo
2107 2571 2369 2637 pereunt.
2403 2566 2512 2619 Sed
2539 2568 2832 2636 quomodo
2884 2563 3356 2635 poterantJudaai
3407 2563 3477 2616 ab
3513 2562 3602 2615 his

1960 2656 2234 2711 omnibus
2268 2654 2558 2726 praedictis
2605 2671 2665 2707 se
2723 2670 2941 2718 eruere,
2994 2651 3105 2707 nisi
3152 2651 3490 2724 spiritaliter
3521 2651 3604 2704 vi-

1959 2744 2201 2798 verent?

2032 2832 2180 2901 (971)
2215 2833 2276 2887 Et
2308 2833 2434 2887 ideo
2495 2833 2835 2902 subjungit:
2895 2832 3112 2899 Spiritu
3165 2829 3469 2885 ambulate.
3506 2828 3607 2883 Ille

1963 2921 2118 2975 enim
2147 2921 2352 2992 spiritu
2379 2922 2665 2987 ambulat,
2691 2922 2787 2992 qui
2812 2938 2984 2992 opera
3006 2920 3199 2975 carnis
3220 2936 3334 2974 non
3350 2918 3602 2990 perficit;

1964 3013 2020 3062 et
2041 3008 2138 3063 ille
2161 3025 2333 3063 carne
2357 3027 2466 3066 non
2495 3009 2777 3072 ambulat,
2803 3011 2900 3081 qui
2939 3026 3112 3080 opera
3134 3009 3326 3063 v-arnis
3349 3025 3461 3062 non
3485 3024 3610 3078 per-

1950 3097 2108 3161 ’ficit,
2132 3098 2454 3152 reluctante
2477 3099 2706 3168 spiritu.
2742 3100 2882 3153 Item
2907 3103 3044 3152 tunc
3071 3115 3246 3168 opera
3268 3096 3462 3150 carnis
3495 3112 3609 3148 non

1969 3187 2376 3258 perficiuntur,
2402 3204 2532 3241 cum
2560 3187 2881 3241 reluctatur
2902 3187 3177 3257 spiritus;
3203 3191 3256 3238 et
3282 3190 3419 3238 tunc
3442 3199 3614 3250 opera

1969 3275 2215 3346 spiritus
2247 3275 2651 3345 perficiuntur,
2687 3291 2818 3328 cum
2854 3275 3054 3328 nullus
3093 3279 3286 3327 motus
3321 3271 3612 3325 reluctans

1970 3364 2165 3417 carnis
2197 3362 2254 3416 in
2303 3364 2470 3417 nobis
2532 3364 2842 3416 invenitur.
2899 3363 3056 3426 Quod
3120 3362 3274 3415 enim
3309 3360 3400 3413 hic
3433 3359 3611 3412 dicit:

1970 3452 2251 3505 Desideria
2273 3454 2459 3504 carnis
2489 3467 2597 3504 non.
2615 3453 2931 3521 perficietis,
2956 3449 3071 3503 tale
3094 3454 3180 3503 est
3202 3447 3371 3518 quale
3394 3451 3448 3501 et
3467 3445 3612 3499 illud

1971 3539 2030 3593 in
2057 3539 2307 3609 Epistola
2328 3539 2398 3592 ad
2432 3540 2742 3598 Romanos.
2786 3539 2882 3593 ubi
2929 3538 3103 3592 dicit:
3139 3537 3272 3592 Nam
3307 3536 3439 3590 velle
3467 3534 3619 3603 adja-

1969 3635 2052 3683 εει
2081 3627 2243 3692 mihi,
2277 3629 2542 3696 perﬁcere
2571 3637 2758 3682 autem
2804 3630 3000 3682 bonum
3051 3643 3161 3681 non
3195 3628 3412 3680 invenio
3446 3626 3616 3695 (Rom.

1972 3733 2070 3783 νη,
2108 3719 2213 3787 18).
2250 3718 2414 3772 Sicut
2437 3718 2591 3771 enim
2616 3717 2692 3772 ibi
2733 3718 2802 3772 de
2833 3717 3023 3783 bonis,
3054 3716 3136 3771 ita
3155 3722 3212 3771 et
3234 3715 3327 3770 hic
3359 3713 3621 3787 loquitur

1973 3806 2043 3861 de
2077 3805 2271 3860 malis.

2045 3896 2152 3949 Sed
2189 3896 2511 3950 notandum
2573 3896 2709 3966 quia
2736 3895 2894 3950 aliud
2953 3902 3036 3951 est
3075 3897 3260 3950 facere
3295 3897 3530 3958 bonum,
3565 3899 3621 3948 et

1973 3983 2131 4038 aliud
2166 3985 2463 4054 perficere.
2503 3984 2706 4037 Facere
2738 4000 2992 4054 namque
3040 3985 3254 4038 bonum
3289 3989 3375 4038 est
3414 3999 3622 4038 concu-

1974 4072 2276 4142 piscentiis
2309 4071 2617 4134 resistere;
2677 4074 2971 4141 perficere.
3015 4091 3126 4126 non
3187 4072 3618 4143 concupiscere.

1975 4161 2134 4215 Sicut
2157 4161 2314 4214 aliud
2341 4165 2428 4214 est
2460 4177 2572 4213 non
2598 4176 2858 4230 peccare,
2882 4166 2939 4215 et
2961 4160 3118 4214 aliud
3143 4162 3364 4229 absque
3390 4165 3621 4230 peccato

1973 4266 2122 4305 esse.
2156 4248 2275 4303 Non
2311 4264 2547 4319 peccare
2584 4264 2922 4319 possumus,
2948 4249 3004 4302 id
3028 4253 3114 4302 est
3137 4247 3622 4317 concupiscentiis

1975 4339 2246 4393 resistere
2273 4361 2285 4400 ;
2311 4337 2532 4405 absque
2555 4342 2786 4406 peccato
2809 4352 2937 4390 esse
2969 4353 3081 4389 non
3117 4352 3455 4406 possumus,
3485 4335 3623 4406 quia

1976 4425 2469 4496 concupiscimus.
2529 4423 2808 4479 Similiter
2864 4430 2920 4478 et
2967 4424 3060 4477 hic
3106 4423 3261 4477 aliud
3296 4423 3621 4478 esthabere

1974 4513 2263 4571 desideria
2295 4513 2508 4578 carnis,
2541 4517 2598 4567 et
2628 4512 2783 4567 aliud
2819 4529 2933 4567 non
2987 4512 3281 4583 perlicere.
3325 4511 3622 4566 Desideria

195 4602 344 4664 tudo.
369 4602 513 4671 legis,
559 4605 647 4668 est.
693 4601 916 4667 dilectio
975 4601 1102 4672 (1d,,
1162 4602 1323 4671 ibid.)
1351 4620 1362 4668 ;
1398 4602 1478 4658 ita
1507 4607 1565 4658 et
1597 4602 1709 4658 hic.
1753 4603 1944 4684 SedD
1977 4619 2233 4674 namque
2251 4601 2444 4656 carnis
2463 4618 2575 4656 non
2603 4601 2814 4656 habere
2835 4619 2948 4655 non
2978 4616 3314 4672 possumus,
3339 4599 3472 4670 quia
3493 4615 3625 4654 con-

195 4705 394 4764 quere
434 4689 803 4756 solummodo
835 4689 897 4748 in
926 4690 1240 4748 dilectione
1271 4691 1517 4761 proximi
1552 4690 1869 4762 plenitudi-

196 4777 544 4856 nemdicet
558 4794 682 4844 esse
716 4777 885 4850 legis,
913 4780 1238 4840 cumdicat
1269 4779 1644 4850 Evangelium
1678 4781 1824 4850 (970)
1850 4798 1864 4835 :

192 4870 323 4924 Lex
343 4866 991 4938 pendatetprophetaf
1021 4867 1185 4934 Ideo,
1249 4868 1386 4938 quia
1443 4885 1555 4923 una
1585 4884 1658 4924 ex
1685 4867 1868 4924 altera

191 4956 442 5032 pendet,
476 4961 534 5012 et
563 4973 682 5011 una
710 4957 837 5011 sine
877 4955 1058 5011 altera
1087 4972 1218 5012 esse
1255 4973 1368 5011 non
1416 4961 1624 5028 potest.
1659 4959 1737 5011 Ac
1767 4973 1868 5027 per

190 5047 310 5104 hoc
341 5045 445 5118 qui
473 5043 669 5116 diligit
698 5044 1054 5115 proximum,
1089 5045 1275 5100 Deum
1311 5045 1520 5116 diligit,
1556 5046 1694 5116 quia
1717 5063 1863 5116 pre-

191 5138 442 5206 ceptum
473 5134 605 5211 ejus
635 5123 850 5212 diligit.
878 5135 1238 5205 Prisceptum
1265 5151 1518 5205 namque
1539 5134 1638 5189 Dei
1663 5139 1752 5188 est
1773 5133 1861 5187 di-

189 5223 380 5300 ligere
412 5222 787 5295 proximum:
823 5226 880 5276 et
911 5222 1014 5294 qui
1051 5224 1230 5280 Deum
1283 5223 1495 5296 diligit,
1529 5222 1860 5294 proximum

262 5331 420 5402 (967)
454 5331 518 5385 In
568 5330 697 5402 cod.
758 5329 1187 5396 evacuandu-m;
1248 5331 1406 5402 quod
1453 5331 1628 5402 juxta
1656 5345 1860 5402 omnes

192 5401 420 5485 textus,
450 5406 582 5457 tu
635 5401 886 5471 Grucos,
944 5405 1072 5456 tum
1132 5401 1369 5456 Latinos
1429 5401 1859 5457 emendandum

193 5491 936 5616 milgélglllﬂimumim
958 5541 1135 5616 habet
1158 5543 1336 5616 codex
1360 5561 1373 5609 ;
1400 5543 1552 5614 quod
1578 5546 1644 5596 ut
1660 5559 1860 5598 emen-

195 5613 471 5746 gavitmus
491 5613 820 5695 legendum
851 5614 979 5686 quae
1009 5614 1352 5670 immediate
1374 5613 1706 5686 sequuntur
1729 5631 1859 5687 pro-

239 5704 312 5745 an
349 5731 360 5744 .

239 5704 360 5745 ant.

1980 4692 2373 4763 cupiscimus;
2401 4691 2497 4746 sed
2525 4696 2719 4746 tamen
2744 4708 2855 4746 non
2884 4689 3238 4762 perlicimus,
3265 4689 3401 4760 quia
3416 4705 3622 4743 concu-

1979 4780 2286 4851 piscentiis
2317 4781 2680 4844 resistimus;
2707 4781 2804 4834 sed
2838 4786 2977 4834 tunc
3001 4779 3268 4850 perfecte,
3289 4795 3422 4833 cum
3442 4780 3624 4832 absor-

1972 4872 2068 4940 pta
2098 4871 2278 4939 fuerit
2305 4885 2451 4924 mors
2499 4871 2559 4923 in
2619 4871 2857 4925 victoria
2906 4870 2957 4938 (I
2985 4868 3108 4922 Cor.
3138 4885 3230 4932 xv,
3263 4869 3374 4936 54),
3409 4874 3466 4922 et
3493 4883 3622 4922 cum

1974 4958 2207 5012 mortale
2237 4961 2336 5011 hoc
2365 4957 2607 5012 induerit
2638 4959 3106 5012 immortalitatem
3139 4957 3262 5028 (ILL,
3298 4956 3478 5026 ibid).

2049 5046 2189 5101 Caro
2219 5049 2372 5100 enim
2401 5050 2754 5117 concupiscit,
2789 5051 2895 5100 etc.
2918 5048 3050 5111 Quae
3077 5045 3371 5110 nolumus,
3394 5061 3462 5100 ea
3485 5045 3620 5101 faci-

1975 5153 2110 5190 mus
2140 5135 2316 5204 (Rom.
2351 5152 2450 5201 vn,
2487 5137 2592 5201 16),
2624 5141 2681 5190 et
2732 5135 3226 5206 concupiscimus.
3261 5137 3372 5189 Isto
3405 5135 3620 5188 etenim

1975 5224 2148 5279 modo
2180 5223 2530 5293 generaliter
2559 5226 2826 5279 doctores
2875 5225 2943 5278 ad
2998 5224 3500 5278 confirmationem
3531 5221 3623 5277 sui

2045 5329 2193 5398 (969)
2228 5329 2298 5399 In
2321 5330 2514 5399 autog.
2547 5346 2730 5398 marg.
2764 5329 2856 5383 hic
2891 5329 3106 5399 legitur
3145 5345 3272 5398 cap.
3307 5327 3550 5382 XXVIII.

2044 5399 2192 5464 (970)
2225 5397 2501 5467 Addenda
2525 5397 2861 5455 censuimus
2887 5397 3056 5454 verba
3078 5397 3620 5467 dicatEvangelium,

1972 5468 2222 5524 Matthiei
2258 5466 2478 5520 scilicet
2508 5485 2646 5530 χχιι,
2701 5473 2788 5536 40,
2853 5474 2905 5524 in
2943 5471 3027 5523 his
3083 5472 3290 5524 duobus
3321 5466 3619 5534 mandatis,

1972 5539 2192 5595 scilicet
2221 5537 2279 5610 in
2312 5536 2616 5610 dilectione
2653 5541 2742 5592 Dei
2777 5546 2831 5593 et
2865 5541 3128 5610 proximi,
3162 5548 3272 5594 etc.

2045 5610 2196 5681 (8)71)
2226 5609 2328 5663 llic
2362 5609 2426 5681 in
2453 5615 2644 5681 autog.
2712 5609 2894 5680 marg.
2958 5611 3168 5681 legitur
3198 5627 3323 5680 cap.
3362 5609 3530 5666 XXIX
3561 5614 3619 5664 et

1973 5679 2273 5739 Dominica
2306 5679 2428 5734 XIV
2462 5679 2785 5752 post‘Pent.
