3990 6224
302 353 417 417 539

1319 355 1656 418 ΑΤΤΟΝ18
1698 355 2280 419 VERGELLENSIS
2326 354 2676 419 EPISCOPI

3588 349 3714 414 540

300 488 411 545 hoc
444 490 771 562 exemplum
802 494 1031 548 tranere
1062 490 1269 547 solent.
1320 493 1429 548 Sed
1471 491 1635 548 valde
1667 492 1936 547 laboran-
1967 491 2022 556 Α
2053 490 2329 546 venisset.
2363 491 2429 545 Et
2483 507 2598 546 non
2632 495 2723 545 est
2781 487 3141 546 contrarium
3197 487 3354 559 quod
3389 485 3533 543 dicit
3561 483 3716 542 vobis

304 580 467 648 dum,
501 597 571 635 ne
603 581 868 636 videatur
895 580 1206 652 Apostolus
1235 599 1267 636 a
1296 587 1486 652 coepta
1516 582 1832 637 intentione
1857 598 1943 635 re-

304 670 550 725 cessisse
583 669 834 725 insolite.
867 672 1010 725 Nam
1045 671 1191 725 solet
1212 669 1308 725 ille
1331 670 1683 742 prazlibando
1707 687 1945 726 causam

306 763 564 830 tangere,
591 776 765 830 quam
799 759 855 813 in
889 759 1269 830 sequentibus
1319 765 1647 832 exaggerat.
1681 761 1788 813 Sed
1819 759 1949 814 talis

311 851 398 901 est
423 847 681 902 intentio.
706 849 964 918 Coeperat
985 848 1283 902 destruere
1306 849 1567 902 carnales
1588 847 1732 918 legis
1755 849 1948 902 obser-

309 937 570 991 vationes
598 956 608 1002 ;
642 938 831 991 adhuc
861 936 918 989 in
968 936 1287 990 intentione
1340 953 1736 1007 perseverans,
1769 936 1945 991 dicit:

307 1027 509 1094 spiritu
532 1026 834 1091 ambulate;
856 1025 909 1078 id
932 1030 1039 1090 est,
1059 1025 1401 1096 spiritaliter
1417 1026 1599 1096 legem
1621 1025 1950 1094 intelligite,

309 1114 447 1182 quia
469 1114 514 1166 si
551 1113 821 1180 feceritis,
856 1113 1142 1168 desideria
1174 1115 1367 1169 carnis
1398 1132 1510 1168 non
1537 1115 1866 1184 perﬁcietis,
1893 1114 1949 1168 id

309 1205 396 1254 est
417 1200 728 1255 vindictam
757 1219 870 1256 non
894 1203 1156 1274 exigetis.
1198 1203 1341 1259 Caro
1383 1203 1759 1274 concupiscit,
1785 1203 1842 1256 id
1865 1207 1954 1257 est

311 1305 556 1344 carneus
607 1307 820 1345 sensus
880 1293 1160 1346 adversus
1208 1291 1554 1362 spiritalem,
1588 1296 1645 1345 et
1673 1290 1954 1362 spiritalis

311 1379 589 1434 adversus
621 1379 936 1434 carnalem.
963 1380 1031 1434 Et
1060 1379 1107 1434 si
1131 1380 1440 1450 contigerit
1479 1384 1544 1434 ut
1569 1379 1819 1433 carnalis
1851 1396 1951 1433 su-

314 1471 548 1538 peretur
579 1468 724 1537 (9'72)
757 1485 790 1522 a
813 1467 1080 1538 spiritali,
1107 1474 1266 1523 totus
1293 1468 1466 1522 homo
1488 1468 1704 1522 dicitur
1728 1467 1956 1538 spirita-

319 1555 429 1621 lis;
456 1556 728 1611 similiter
752 1561 806 1611 et
831 1555 1070 1612 alterne.
1096 1559 1257 1622 Quod
1284 1575 1397 1613 non
1421 1557 1611 1614 solum
1647 1557 1701 1610 in
1726 1557 1955 1611 duobus

314 1644 678 1712 hominibus,
716 1647 817 1700 sed
849 1645 907 1699 in
944 1663 1056 1700 uno
1084 1664 1097 1713 ;
1131 1663 1265 1702 nam
1315 1645 1455 1702 solet
1505 1645 1732 1700 evenire
1764 1651 1828 1700 ut
1851 1645 1955 1699 ali-

315 1734 548 1803 quando
573 1733 836 1804 praeferat
857 1734 1003 1804 (973)
1045 1735 1324 1804 spiritalis
1363 1734 1602 1799 carnali,
1631 1739 1686 1789 et
1705 1733 1956 1789 carnalis

315 1821 585 1892 spiritali.
620 1825 741 1877 Non
772 1838 1109 1895 quaecunque
1136 1825 1322 1890 vultis,
1373 1828 1505 1891 etc.;
1541 1824 1594 1878 id
1629 1829 1736 1886 est,
1770 1824 1955 1878 vindi-
1987 1857 2036 1920 Β

312 1915 462 1965 ctam
500 1928 611 1966 non
642 1912 942 1982 expetatis.

384 2001 534 2068 Quod
560 2002 612 2055 si
638 2003 842 2072 spiritu
894 2001 1181 2068 ducimini,
1233 2007 1363 2069 etc.,
1428 2003 1486 2057 id
1517 2007 1624 2067 est,
1658 2001 1706 2058 si
1735 2001 1957 2074 Spiritu

315 2089 414 2144 Dei
441 2089 745 2161 agitamini
778 2094 833 2144 et
864 2091 1198 2156 movemini,
1228 2108 1334 2147 non
1365 2094 1496 2147 estis
1525 2093 1625 2146 sub
1649 2093 1801 2162 lege;
1824 2091 1961 2162 quia

315 2177 405 2233 lex
422 2195 533 2232 non
558 2182 646 2232 est
666 2178 1053 2249 positajustis
1075 2198 1087 2246 ;
1113 2180 1232 2234 sive
1263 2179 1481 2250 Spiritu
1508 2180 1604 2235 Dei
1630 2179 1959 2251 agitamini,

315 2266 363 2321 si
397 2265 737 2338 spiritaliter
764 2266 949 2338 legem
986 2267 1343 2338 intelligetis,
1378 2284 1484 2323 non
1537 2271 1669 2324 estis
1696 2269 1794 2322 sub
1825 2270 1959 2336 leae,

319 2356 458 2426 quia
480 2355 760 2410 ultionem
787 2372 899 2410 non
923 2357 1261 2426 exquiretis,
1287 2374 1420 2411 nam
1445 2374 1576 2412 caro
1603 2358 1800 2412 afficta
1821 2356 1960 2428 quid

317 2443 474 2498 aliud
510 2443 825 2506 desiderat,
857 2443 971 2498 nisi
1001 2445 1316 2500 vindictam
1339 2446 1366 2499 ‘t
1392 2447 1499 2501 Sed
1523 2446 1861 2517 spiritaliter
1881 2445 1965 2500 in-

317 2530 620 2602 telligatis,
653 2548 766 2586 non
803 2534 1108 2604 expetatis.

391 2621 673 2690 Manifesta
699 2625 882 2675 autem
909 2625 1033 2676 sunt
1061 2639 1229 2691 opera
1274 2625 1475 2688 carnis,
1523 2630 1632 2677 etc.
1667 2624 1776 2679 Sed
1808 2640 1963 2694 quae-

324 2709 569 2763 rendum
593 2714 683 2763 est
704 2726 884 2780 quare
904 2710 1059 2765 dicat
1078 2711 1392 2782 Apostolus
1413 2712 1526 2766 ista
1560 2711 1756 2767 omnia
1776 2711 1968 2766 carnis

326 2814 474 2863 esse,
509 2815 642 2853 cum
674 2799 942 2868 quadam
985 2799 1228 2871 spiritus
1277 2817 1403 2856 esse
1432 2801 1757 2868 videantur,
1791 2801 1847 2856 id
1879 2807 1969 2856 est

325 2884 748 2956 aemulationes,
781 2886 1135 2955 inflationes,
1166 2891 1274 2942 etc.
1309 2889 1416 2944 Sed
1442 2887 1564 2943 haec
1584 2889 1826 2959 quaestio
1848 2890 1969 2944 sol-

322 2975 480 3028 vitur
499 2990 603 3045 per
624 2978 856 3045 tr0pum
879 2991 993 3046 quo
1017 2993 1151 3047 pars
1175 2983 1396 3047 partem
1421 2977 1880 3049 comprehendit,
1905 2982 1972 3033 ut

323 3079 456 3118 caro
487 3079 590 3133 pro
623 3067 742 3118 toto
770 3063 1006 3118 homine
1038 3065 1375 3136 accipiatur,
1417 3072 1706 3136 quatenus
1729 3066 1865 3122 talis
1896 3067 1972 3122 sit

326 3168 536 3208 sensus
561 3169 573 3206 :
609 3151 904 3224 Manifesta
935 3157 1060 3208 sunt
1097 3171 1260 3224 opera
1288 3156 1493 3224 carnis,
1516 3154 1574 3210 id
1598 3160 1687 3210 est
1706 3156 1969 3226 cujusvis

327 3240 602 3296 hominis.
629 3241 735 3296 Sed
766 3242 1028 3296 nonnulli
1063 3242 1266 3297 dicunt
1303 3260 1532 3299 carnem
1566 3261 1693 3299 esse
1725 3243 1967 3300 incenti-
2001 3217 2044 3283 Ο

328 3346 464 3385 vum
484 3333 541 3385 et
562 3329 845 3402 originem
869 3331 1133 3386 omnium
1163 3333 1455 3388 vitiorum.
1477 3333 1585 3388 Sed
1608 3333 1748 3389 dicit
1768 3335 1973 3389 beatus

330 3419 729 3490 Augustinus:
767 3418 853 3474 Illi
881 3421 980 3491 qui
1008 3421 1113 3476 hoc
1139 3420 1429 3488 dixerunt,
1454 3439 1568 3478 non
1593 3423 1855 3478 ordinem
1882 3439 1978 3477 na-

328 3513 471 3563 turae
490 3507 902 3564 intellexerunt
926 3527 938 3575 ;
966 3526 1099 3564 nam
1135 3527 1248 3565 non
1271 3527 1404 3566 caro
1427 3510 1824 3582 corruptibilis
1849 3511 1974 3566 ani-

335 3613 491 3652 mam
517 3597 650 3651 fecit
669 3613 796 3652 esse
819 3597 1219 3668 peccatricem,
1265 3600 1364 3653 sed
1408 3600 1604 3654 anima
1623 3600 1844 3655 exstitit
1872 3617 1977 3655 au-

336 3685 484 3740 ctrix
529 3689 748 3754 peccati
807 3686 1000 3740 carnis
1058 3687 1473 3759 corruptibilis,
1534 3706 1662 3760 quas
1693 3693 1782 3743 est
1809 3705 1981 3760 pcena

339 3773 580 3844 peccati.
635 3773 852 3827 Tamen
913 3773 1086 3829 habet
1167 3792 1300 3830 caro
1383 3777 1598 3832 fastum
1657 3777 1980 3848 gravitatis,

341 3877 455 3934 quo
487 3861 636 3931 (974)
669 3861 867 3915 anima
895 3868 1186 3932 gravetur,
1246 3868 1309 3918 ut
1367 3865 1524 3920 aliud
1562 3883 1574 3920 :
1609 3865 1813 3936 Corpus
1842 3865 1984 3935 quod

339 3951 738 4020 corrumpitur,
798 3959 1062 4019 aggravet
1115 3954 1384 4021 animam,
1435 3958 1541 4009 etc.
1575 3954 1723 4025 (Sap.
1761 3972 1834 4022 1x,
1869 3955 1982 4026 l5.)

343 4038 493 4094 Dicit
523 4038 677 4093 enim
711 4039 837 4110 ipse
865 4058 878 4095 :
913 4040 1266 4097 Ascribenda
1288 4047 1428 4098 sunt
1450 4042 1570 4098 haec
1591 4043 1731 4098 vitia
1753 4044 1983 4111 animai,

344 4145 416 4184 ne
445 4128 710 4184 videatur
738 4127 1006 4184 diabolus
1038 4146 1241 4187 carens
1272 4148 1444 4187 carne
1483 4133 1554 4187 ab
1587 4132 1680 4187 his
1712 4134 1987 4188 omnibus

344 4217 591 4273 excludi.
618 4218 762 4273 Nam
783 4218 994 4274 dicitur
1009 4220 1256 4286 adulter,
1277 4220 1592 4290 homicida,
1612 4221 1683 4275 ob
1703 4220 1830 4287 hoc,
1851 4221 1991 4292 quia

345 4313 547 4363 auctor
567 4312 624 4363 et
646 4309 910 4364 incentor
938 4314 1027 4365 est
1059 4310 1348 4380 omnium,
1379 4315 1434 4365 et
1464 4309 1558 4364 his
1591 4309 1826 4364 similia.
1863 4309 1988 4365 Non

345 4397 498 4450 enim
523 4397 665 4452 dicit
691 4397 809 4452 hinc
833 4400 1001 4469 (975),
1026 4415 1098 4455 ne
1115 4400 1428 4454 videantur
1465 4397 1565 4452 illa
1587 4397 1835 4468 excludi,
1863 4415 1990 4468 quae

347 4483 614 4539 homines
643 4501 676 4539 a
705 4500 883 4556 regno
914 4492 1208 4557 separant.

2061 579 2202 650 quia
2230 579 2508 634 omnibus
2538 578 2810 634 Ecclesiis
2839 595 2978 634 suas
3007 577 3244 649 scripsit
3274 575 3586 648 Epistolas.

2132 671 2356 723 Fructas
2391 671 2574 724 autem
2601 669 2856 738 spiritus,
2879 673 2988 722 etc.
3034 667 3181 721 Nota
3209 665 3349 736 quia
3367 664 3510 720 vitia
3532 680 3716 737 opera

2059 757 2253 812 carnis
2283 756 2560 828 appellat,
2580 756 2826 827 spiritus
2850 757 3019 826 (976),
3041 754 3307 822 virtutes,
3331 752 3472 824 quia
3489 751 3590 806 illa
3610 753 3714 808 de-

2060 848 2206 901 strui
2231 849 2498 917 possunt,
2527 845 2640 900 ista
2687 861 2821 900 vero
2845 843 3176 915 proficiunt.
3231 843 3498 898 Adversus
3523 841 3716 913 hujus—

2059 935 2207 991 modi
2234 952 2344 990 non
2374 942 2450 989 est
2475 935 2586 1000 lex,
2613 950 2727 989 non
2750 933 2892 988 dicit
2912 933 3193 988 adversus
3213 931 3357 998 haec,
3381 947 3453 986 ne
3474 931 3714 985 videan-

2062 1029 2158 1079 tur
2175 1029 2380 1079 caztera
2400 1023 2652 1078 exclusa.
2677 1023 2972 1076 Adversus
2993 1020 3336 1091 hujusmodi
3357 1036 3472 1074 non
3492 1018 3714 1087 estlex,

2065 1113 2224 1179 dicit,
2250 1113 2388 1184 quia
2423 1111 2505 1166 illi
2529 1113 2626 1183 qui
2649 1111 2708 1165 in
2731 1111 2948 1166 talibus
2973 1112 3280 1164 morantur
3299 1125 3414 1163 non
3439 1113 3580 1163 sunt
3603 1108 3718 1162 sub

2065 1202 2210 1274 lege,
2237 1201 2376 1272 quia
2393 1201 2480 1256 lex
2503 1218 2617 1256 non
2649 1205 2737 1256 est
2759 1200 2948 1271 posita
2959 1199 3162 1270 justis,
3188 1198 3288 1253 sed
3311 1196 3568 1267 injustis,
3591 1197 3720 1250 sive

2065 1291 2431 1363 spiritalibus
2453 1294 2510 1344 et
2531 1287 3215 1360 spiritaliterviventibus
3229 1303 3344 1342 non
3365 1291 3455 1342 est
3474 1285 3583 1341 lex.
3600 1285 3718 1341 Sed

2065 1379 2368 1436 sciendum
2397 1379 2536 1450 quia
2559 1378 2833 1450 superius
2861 1376 3175 1448 praeposuit
3196 1375 3357 1439 vitia,
3379 1374 3589 1430 deinde
3608 1373 3724 1428 vir-

2066 1474 2244 1524 tutes.
2281 1469 2346 1523 Et
2376 1484 2612 1524 necesse
2640 1472 2728 1522 est
2759 1471 2825 1521 ut
2854 1465 3110 1538 primum
3140 1465 3282 1519 vitia
3311 1464 3722 1529 destruantur,

2066 1558 2279 1613 deinde
2314 1559 2463 1612 bona
2492 1561 2867 1627 peragantur,
2927 1559 2992 1608 ut
3047 1552 3398 1608 Psalmista:
3427 1551 3657 1607 Declina
3685 1567 3722 1606 a

2065 1649 2228 1714 malo,
2263 1651 2372 1702 etc.
2406 1646 2581 1710 (Psal.
2634 1661 2828 1710 xxxvr,
2856 1645 2948 1715 27)
3000 1647 3058 1698 et
3105 1641 3392 1698 Jeremias
3423 1655 3437 1696 :
3469 1642 3643 1696 Posui
3665 1645 3724 1695 te

2067 1746 2126 1791 ut
2155 1735 2378 1803 evellas,
2410 1739 2518 1790 etc.
2553 1734 2676 1804 (Job
2709 1750 2746 1798 1,
2783 1733 2870 1800 10)
2895 1750 2907 1799 ;
2933 1735 2990 1786 et
3009 1730 3262 1786 Jacobus
3287 1747 3300 1784 :
3326 1731 3557 1800 Propter
3576 1727 3724 1800 quod

2067 1826 2380 1896 abjicientes
2405 1839 2623 1878 omnem
2653 1821 3073 1877 immunditiam
3103 1820 3237 1889 (Jac.
3273 1836 3312 1889 1,
3342 1819 3452 1888 21).

2137 1913 2309 1968 Plura
2331 1912 2529 1983 posuit
2550 1910 2689 1966 vitia
2709 1926 2888 1982 quam
2911 1909 3180 1979 virtutes,
3207 1906 3347 1978 quia
3370 1906 3538 1979 plura
3553 1910 3723 1962 sunt.

2070 2003 2181 2058 Sed
2205 2001 2339 2072 quis
2361 2017 2477 2055 non
2502 1999 2932 2055 animadvertat
2952 1997 3184 2070 singula
3199 1996 3340 2050 vitia
3357 1995 3602 2067 singulis
3617 1995 3726 2049 de-

2073 2091 2220 2146 strui
2243 2089 2560 2144 virtutibus
2581 2089 2608 2142 ?
2628 2085 2952 2142 Fornicatio
2975 2101 3234 2156 namque
3257 2083 3398 2156 quid
3419 2083 3572 2138 aliud
3599 2085 3723 2152 est,

2071 2179 2181 2234 nisi
2201 2177 2530 2233 adulterina
2543 2175 2814 2248 cogitatio
2828 2191 2953 2246 quas
2984 2173 3253 2229 homines
3267 2176 3545 2245 separata
3559 2175 3672 2226 Deo
3692 2169 3728 2224 τ

2072 2268 2182 2324 Sed
2202 2266 2361 2322 nulla
2379 2267 2594 2320 virtute
2616 2264 2827 2320 melius
2867 2261 3193 2318 destruitur
3229 2261 3445 2316 virtute
3466 2259 3728 2315 charita-

2073 2357 2170 2412 tis.
2193 2355 2599 2424 lmmunditia,
2619 2351 3077 2423 etimpudicitia,
3095 2354 3529 2421 etcaatera,quie
3543 2348 3735 2420 pudet

2074 2443 2368 2516 apostolos
2398 2442 2704 2498 nominare
2734 2441 2951 2512 (Ephes.
2983 2457 3038 2507 v,
3069 2441 3102 2493 3
3127 2457 3142 2507 ;
3193 2440 3400 2495 Coloss.
3430 2455 3518 2504 III,
3547 2438 3626 2508 5),
3658 2440 3735 2492 ut

2074 2533 2154 2588 illi
2183 2533 2465 2604 pudentes
2491 2530 2848 2586 verecundos
2870 2529 3125 2585 facerent
3151 2528 3299 2598 (977)
3329 2525 3483 2581 filios
3525 2523 3728 2595 Israel,

2076 2639 2192 2676 non
2224 2619 2434 2675 melius
2464 2620 2852 2675 destruuntur
2884 2633 3064 2688 quam
3096 2615 3290 2690 gladio
3323 2612 3597 2684 spiritali.

2149 2712 2256 2779 Qui
2283 2717 2461 2764 autem
2492 2717 2623 2763 sunt
2664 2708 2894 2775 Christi,
2952 2711 3058 2762 etc.
3119 2705 3396 2777 Origenes
3426 2703 3584 2758 enim
3616 2701 3735 2757 hoc

2078 2799 2251 2854 modo
2292 2797 2449 2852 hunc
2494 2796 2687 2852 locum
2741 2794 3026 2868 superiori
3081 2791 3424 2864 conjungit:
3458 2791 3738 2846 Adversus

2078 2885 2392 2958 hujusmodi
2419 2901 2528 2941 non
2558 2889 2640 2940 est
2670 2885 2778 2950 lex,
2811 2885 2908 2956 qui
2935 2900 3161 2938 carnem
3199 2881 3412 2936 Christi
3437 2881 3739 2949 cruciﬁxi:-

2080 2985 2228 3030 runt.
2262 2975 2600 3030 Notandum
2632 2973 2788 3028 enim
2829 2973 2970 3043 quia
2997 2972 3252 3027 Verbum
3289 2970 3409 3037 Dei,
3441 2968 3739 3024 sumendo

2080 3081 2337 3128 carnem,
2369 3079 2475 3118 nos
2507 3061 2618 3118 sibi
2649 3061 2926 3117 sociavit:
2983 3077 3118 3115 nam
3151 3075 3284 3115 caro
3329 3061 3532 3114 nostra
3561 3056 3734 3112 illius

2081 3160 2188 3224 est,
2215 3159 2272 3208 et
2297 3153 2565 3208 membra
2585 3155 2784 3206 nostra
2809 3149 2985 3206 illius.
3009 3150 3156 3222 Ergo
3179 3165 3312 3204 cum
3343 3147 3443 3202 illo
3467 3146 3741 3201 cruciﬁxi

2083 3259 2327 3309 sumus;
2361 3257 2498 3312 ergo
2529 3257 2645 3295 non
2673 3239 2922 3295 terrenis
2969 3239 3256 3294 debemus
3286 3236 3589 3301 inherere,
3625 3235 3738 3290 sed

2083 3330 2454 3404 spiritalibus
2471 3328 2793 3395 immorari,
2819 3329 2889 3383 ad
2905 3326 3238 3398 exemplum
3259 3325 3420 3380 illius
3433 3323 3536 3396 qui
3549 3322 3739 3380 dixit:

2084 3422 2339 3476 Memento
2366 3421 2497 3477 mei,
2532 3419 2784 3486 Domine,
2816 3421 2926 3472 etc.
2969 3417 3122 3488 (Luc.
3174 3431 3335 3482 xxxii,
3371 3414 3480 3484 42),
3514 3413 3567 3467 si
3597 3428 3740 3467 vero

2086 3507 2397 3579 separatim
2429 3507 2627 3562 dicas:
2663 3505 2898 3561 Carnem
2951 3521 3134 3569 suam,
3191 3507 3325 3570 etc.,
3374 3518 3488 3557 non
3519 3499 3740 3555 Christi

2087 3602 2176 3654 est
2195 3595 2665 3668 intelligendum,
2685 3594 2785 3650 sed
2807 3593 3048 3649 alterius
3068 3610 3082 3653 :
3108 3591 3274 3664 quasi
3302 3591 3551 3646 diceret:
3575 3592 3622 3644 Ο
3637 3605 3746 3645 vos

2089 3685 2325 3754 Galatae,
2351 3702 2485 3741 cum
2507 3701 2608 3740 vos
2628 3685 2752 3756 jam
2777 3681 3174 3747 crucifixistis,
3195 3697 3377 3753 quare
3399 3680 3471 3735 ad
3495 3677 3750 3734 circum-

2090 3775 2368 3831 cisionem
2402 3773 2652 3829 transire
2683 3771 2879 3837 vultis,
2912 3786 3046 3826 cum
3087 3769 3234 3824 nihil
3267 3767 3453 3841 prosit
3483 3767 3746 3823 circum-

2091 3863 2234 3920 cisio
2259 3863 2553 3919 cruciﬁxis
2573 3862 2602 3916 ?

2164 3953 2315 4023 (978)
2350 3951 2410 4006 Si
2432 3952 2664 4005 vivimus
2691 3950 2913 4021 spiritu,
2945 3950 3056 4003 etc.
3089 3945 3234 4012 Quid
3270 3949 3360 4002 est
3388 3945 3544 4016 quod
3577 3943 3751 4010 dicit,

2093 4040 2180 4096 vel
2211 4041 2346 4111 quis
2377 4039 2520 4093 dicit
2551 4038 2658 4094 hoc
2677 4038 2704 4092 ?
2735 4037 2980 4094 Interior
3009 4035 3209 4103 homo,
3241 4033 3412 4108 quasi
3432 4033 3755 4106 contigerit

2097 4133 2164 4184 ut
2187 4128 2286 4184 ille
2307 4127 2482 4182 homo
2506 4131 2841 4199 separetur:
2866 4142 2901 4180 a
2923 4125 3131 4198 spiritu
3157 4123 3373 4179 dicitur
3392 4120 3754 4196 spiritualis,

2099 4217 2251 4273 sicut
2272 4233 2306 4271 a
2327 4231 2498 4271 carne
2517 4214 2789 4271 carnalis.
2814 4218 3011 4269 Potest
3034 4212 3164 4283 quis
3186 4212 3272 4267 uti
3294 4211 3408 4267 isto
3435 4209 3752 4281 versiculo,

2099 4306 2148 4360 si
2180 4305 2389 4360 viderit
2417 4303 2671 4374 aliquem
2705 4301 3018 4358 carnaliter
3045 4300 3393 4357 conversari.

2170 4396 2283 4450 Non
2317 4395 2647 4464 ofﬁciamur,
2677 4396 2809 4461 etc.,
2840 4408 2909 4447 ex
2929 4389 3330 4462 superioribus
3349 4388 3583 4461 pendet,
3610 4389 3758 4459 quis.

2101 4483 2361 4539 dixerat:
2393 4483 2454 4538 Si
2498 4483 2736 4536 vivimus
2779 4481 3004 4552 spiritu,
3061 4488 3114 4535 et
3150 4478 3493 4534 ambulemus
3520 4478 3752 4549 spiritu,

423 4575 549 4641 Quae
575 4576 816 4646 praedico
846 4577 1017 4632 vobis.
1067 4575 1356 4639 Prtedixit,
1381 4588 1514 4626 cum
1538 4572 1772 4626 adesset
1793 4588 1994 4643 corpo-
2025 4579 2072 4644 Ι)
2101 4590 2212 4630 non
2241 4573 2556 4643 efﬁciamur
2579 4571 2770 4624 inanis
2797 4569 3011 4639 gloriae,
3040 4571 3148 4624 etc.
3172 4570 3560 4622 Provocantes
3587 4581 3758 4622 nam-

349 4663 456 4718 rali
477 4665 808 4735 praesentia,
832 4670 888 4720 et
909 4664 1169 4736 praedicit
1193 4679 1296 4733 per
1317 4660 1468 4714 hanc
1489 4659 1810 4730 Epistolam
1840 4678 1852 4728 ;
1878 4660 1997 4718 sive
2105 4679 2218 4734 que
2238 4666 2296 4716 et
2316 4659 2704 4715 individentes
2731 4662 2917 4728 erant,
2941 4656 3071 4712 aliis
3095 4656 3425 4712 dicentibus
3447 4653 3757 4710 meliorem

352 4752 691 4822 praedixerat
710 4753 768 4807 in
793 4752 1048 4824 Epistola
1073 4751 1141 4804 ad
1169 4747 1522 4812 Corinthios,
1566 4747 1664 4802 ubi
1687 4749 1800 4804 ista
1821 4749 1993 4806 dinu-

351 4845 558 4908 merat,
581 4842 720 4913 quia
747 4841 939 4913 potuit
973 4839 1099 4893 ﬁeri
1130 4842 1194 4892 ut
1223 4838 1295 4892 ad
1327 4851 1540 4891 manus
1570 4836 1833 4908 ipsorum
1865 4856 1992 4912 per-

419 5004 569 5069 (972)
601 5003 665 5056 In
697 5005 892 5070 autog.
927 5004 1229 5068 separetur.

419 5074 568 5143 (963)
597 5076 806 5140 Autog.
841 5073 1062 5143 referat.

425 5139 571 5213 (974)
607 5145 664 5196 ln
699 5147 893 5210 autog.
929 5139 1180 5209 legitur:
1221 5139 1386 5214 Habet
1430 5156 1558 5214 caro
1585 5143 1790 5210 fastum
1818 5146 1999 5214 gravi-

351 5211 500 5286 tatis,
529 5214 726 5280 quibus
759 5215 1252 5286 anima-gravetur.
1291 5211 1435 5286 Loco
1468 5213 1660 5286 quibus
1675 5211 1995 5286 legendum

352 5284 630 5367 duximus
659 5297 761 5367 quo
785 5283 974 5363 {quid
1008 5287 1200 5364 autem
1233 5283 1503 5367 pro/astu
1524 5283 1997 5367 intelligendum,

354 5370 470 5429 non
503 5351 670 5405 valde
696 5351 954 5429 obvium,
987 5353 1100 5429 nisi
1124 5351 1442 5429 cum_Alin_o
1465 5371 1532 5411 ex
1555 5351 1774 5412 Latinis
1793 5351 1998 5429 fastum

350 5425 654 5502 facerepro
683 5425 952 5494 injuriam
978 5426 1231 5502 irrogare
1254 5427 1677 5498 intelligamus,
1703 5435 1767 5482 ut
1787 5425 1998 5485 sensus

355 5493 468 5546 sit:
508 5493 680 5571 Habet
713 5511 837 5571 caro
866 5493 1186 5567 fastumﬂd
1219 5503 1308 5554 est
1345 5493 1568 5571 patitur
1597 5515 1723 5555 caro
1756 5502 2000 5568 iniurias

354 5565 651 5690 gfslélttllltétis
680 5567 833 5636 quod
867 5565 934 5624 ex
963 5575 1116 5625 textu
1151 5565 1394 5627 inferius
1426 5571 1601 5625 citato
1633 5565 1999 5642 comprobari

390 5652 407 5690 ι
591 5676 602 5689 .

390 5652 602 5691 ιαθιυν.

2103 4767 2232 4808 esse
2257 4749 2446 4821 legem
2465 4763 2643 4819 quam
2665 4745 2936 4818 gratiam,
2958 4750 3017 4801 et
3035 4749 3260 4812 caetera,
3280 4745 3435 4800 icut
3453 4742 3753 4816 superius,

2103 4845 2162 4897 et
2182 4840 2292 4895 hoc
2312 4836 2606 4894 faciebant
2626 4835 2726 4906 qui
2748 4834 3110 4891 invidebant.
3139 4838 3219 4890 De
3240 4833 3353 4890 isto
3387 4832 3606 4889 etenim
3628 4848 3756 4888 sero

2177 4999 2324 5072 (975)
2356 4998 2419 5054 Id
2451 5001 2558 5072 est,
2590 5012 2702 5072 non
2717 4997 2878 5072 enim
2905 4995 3040 5072 dicit
3071 4994 3206 5072 haec,
3237 4993 3296 5049 id
3326 4997 3419 5072 est
3437 5009 3556 5072 non
3576 5009 3760 5065 opera

2103 5065 2336 5128 tantum
2369 5065 2562 5125 carnis
2592 5066 3010 5140 intelligendus
3035 5071 3124 5120 est
3150 5066 3325 5140 divus
3350 5065 3572 5140 Paulus
3597 5081 3763 5121 com-

2105 5159 2451 5205 memorare,
2480 5157 2550 5196 ne
2577 5136 2868 5195 videantur
2891 5139 2993 5193 illa
3039 5136 3282 5203 emcludi,
3311 5136 3368 5192 id
3401 5143 3489 5194 est
3520 5141 3763 5209 peccata

2106 5216 2371 5287 spiritus,
2394 5212 2676 5287 superius
2707 5214 3188 5287 commemorata,
3220 5225 3338 5281 quae
3364 5209 3633 5274 homines,
3667 5223 3766 5264 ne-

2107 5283 2220 5358 q'ue
2251 5302 2316 5341 ac
2347 5283 2534 5358 illa._’a
2561 5299 2730 5358 regno
2760 5283 2858 5358 Dei
2885 5289 3167 5358 separant.

2177 5358 2322 5426 (986)
2352 5349 2869 5426 Verbum'spiritus
2906 5349 3298 5422 desideratur,
3329 5355 3388 5407 et
3419 5349 3763 5406 addendum

2108 5445 2329 5484 OBDSUI.

2181 5499 2331 5569 (977)
2361 5498 2548 5554 Facite
2577 5495 2732 5569 quod
2762 5494 2887 5569 loco
2916 5495 3158 5569 facerent
3182 5492 3400 5569 legitur
3427 5493 3490 5549 in
3519 5491 3660 5561 col.,
3683 5492 3768 5550 ita

2109 5563 2499 5626 emend'adum
2529 5563 2751 5624 censui.
2783 5567 2870 5621 An
2897 5563 3068 5634 recte,
3110 5563 3344 5631 videsis,
3376 5563 3578 5622 lector.

2181 5641 2328 5716 (978)
2359 5645 2425 5699 In
2457 5644 2652 5713 autog.
2684 5654 2877 5712 marg.
2909 5636 3005 5696 hic
3033 5633 3250 5710 legitur
3286 5651 3416 5710 cap.
3448 5633 3617 5695 XXX.
