3990 6224
227 363 351 425 541

854 365 1267 429 EXPOSITIO
1309 367 1386 429 IN
1435 363 1858 428 EPlb’TOLAS
1905 364 2158 426 PAULI.
2191 396 2267 408 —
2298 362 2375 424 ΙΝ
2421 362 2672 426 EPIST.
2721 365 2822 424 AD
2867 357 3039 424 GAL.

3526 353 3647 417 542

239 515 437 570 moue,
469 513 588 570 quo
619 501 713 555 est
737 500 940 569 gloria,
975 499 1143 555 multi
1165 499 1298 556 libri
1320 504 1548 556 exstant
1568 499 1894 571 gentilium.
1931 503 1978 566 Α
2012 504 2122 564 est,
2157 516 2272 554 una
2302 517 2434 554 cum
2464 499 2556 554 Dei
2589 497 2878 568 adjutorio
2903 495 3050 565 (982)
3074 511 3087 561 ;
3113 497 3338 550 tentare
3364 507 3653 558 vero,non

245 589 549 646 Invenitur
578 588 760 644 etiam
793 594 850 643 et
878 589 938 643 in
983 589 1212 645 divinis.
1248 591 1356 644 Sed
1392 590 1626 661 ponitur
1656 589 1712 644 in
1748 591 1898 644 bono

243 685 303 736 et
334 679 389 733 in
424 677 618 734 malo:
655 678 716 732 in
750 677 925 740 malo,
959 683 1024 732 ut
1053 683 1141 733 est
1169 677 1309 732 illud
1340 695 1351 733 :
1388 680 1583 733 Omnia
1611 695 1782 747 opera
1802 695 1899 732 sua

239 770 458 840 faciant
488 771 549 822 ut
569 766 979 838 gloriﬁcentur,
1011 767 1157 837 (979)
1177 768 1244 822 ab
1277 767 1624 827 hominibus;
1657 767 1715 821 in
1749 768 1900 821 bono

242 861 412 912 utest
433 855 580 910 illud
609 871 621 909 :
647 856 755 923 Qui
773 857 1138 923 gloriatur,in
1164 858 1398 911 Domino
1413 855 1684 923 glorietur
1705 858 1752 926 (Ι
1773 856 1896 909 Cor.

244 963 284 1011 ι,
317 946 409 1008 31,
443 945 493 999 II
522 944 644 998 Cor.
680 961 736 1010 x,
799 945 925 1011 l7);
957 949 1050 999 et:
1112 949 1228 1016 Ego
1277 945 1518 1010 gloriam
1576 962 1757 998 meum
1790 961 1897 998 non

243 1049 432 1105 quaero
460 1032 640 1102 (Joan.
671 1049 794 1100 vm,
824 1034 936 1100 50).
975 1034 1039 1087 Et
1070 1032 1197 1087 ideo
1228 1033 1365 1103 quia
1408 1039 1466 1088 et
1497 1033 1552 1086 in
1583 1034 1732 1087 bono
1755 1039 1811 1087 et
1841 1033 1898 1087 in

242 1120 405 1177 malo
439 1120 695 1191 ponitur,
728 1135 861 1175 cum
893 1119 1219 1190 adjectione
1251 1122 1446 1192 posuit
1475 1123 1699 1186 inanis,-
1731 1121 1903 1175 debe-

246 1226 390 1264 mus
422 1225 672 1280 namque
701 1225 829 1264 esse
885 1209 1105 1279 cupidi,
1141 1210 1240 1264 sed
1293 1227 1406 1264 non
1457 1211 1646 1264 inanis
1678 1209 1894 1280 gloriae.

249 1296 434 1352 Verbi
463 1298 646 1368 gratia
672 1297 807 1352 facit
836 1296 1053 1369 aliquis
1101 1298 1525 1370 eleemosynam
1555 1316 1567 1351 :
1603 1298 1650 1352 si
1702 1299 1898 1353 studio

254 1384 528 1457 placendi
559 1385 912 1453 hominibus,
946 1385 1220 1451 inanem;
1257 1387 1303 1441 si
1330 1393 1460 1450 Deo,
1494 1386 1741 1442 solidam
1774 1385 1895 1456 glo-

248 1473 404 1529 riam
439 1473 798 1544 quaritAdit
822 1475 954 1545 quis
977 1477 1322 1547 martyrium
1353 1494 1364 1530 :
1395 1476 1439 1531 si
1465 1477 1592 1542 deo,
1627 1482 1689 1530 ut
1720 1492 1899 1530 mem-

247 1561 360 1617 bra
387 1561 550 1618 illius
573 1563 930 1618 venerationi
967 1563 1315 1629 habeantur,
1373 1569 1430 1619 et
1459 1571 1524 1618 ut
1551 1564 1646 1618 ille
1680 1569 1900 1635 martyr

246 1649 500 1714 dicatur,
537 1650 646 1705 iste
676 1650 911 1707 inanem
946 1651 1193 1722 gloriam
1217 1653 1443 1724 quaerit.
1467 1653 1628 1707 Unde
1660 1653 1757 1708 ubi
1793 1669 1898 1708 nos

247 1737 507 1793 dicimus
531 1755 543 1793 :
569 1738 629 1793 Si
649 1739 923 1796 tradidero
938 1757 1132 1812 corpus
1151 1757 1354 1810 meum,
1379 1746 1439 1795 ut
1463 1743 1741 1812 ardeam(l
1771 1745 1894 1799 Cor.

238 1843 366 1893 xm,
389 1827 464 1896 3),
490 1825 704 1883 melius
727 1828 785 1882 in
811 1828 1004 1884 Graeco
1031 1829 1297 1896 habetur,
1340 1833 1401 1884 in
1439 1831 1625 1903 gloria
1647 1831 1796 1898 (980)
1817 1849 1828 1885 :
1847 1831 1895 1884 si
1933 1867 1978 1930 Β

244 1930 400 1984 vero,
432 1919 497 1970 ut
525 1933 559 1969 a
589 1920 704 1971 Deo
737 1916 1179 1972 retributionem
1211 1917 1476 1989 accipiat,
1525 1917 1622 1973 ille
1653 1918 1899 1974 solidam

242 2002 498 2076 gloriam
535 2005 764 2076 quaerit.

320 2094 468 2163 (981)
499 2095 655 2165 (CAP.
689 2093 810 2166 Vl.)
842 2097 1074 2160 Fratres,
1126 2097 1177 2151 el
1204 2098 1255 2150 si
1293 2105 1701 2168 praeoccupatus
1729 2100 1903 2167 fuerit

241 2180 544 2247 homo,etc.
555 2183 787 2238 Fratres
801 2183 1054 2254 appellat
1066 2183 1360 2255 spiritales
1378 2185 1693 2241 :bominem
1711 2186 1902 2258 appel-

239 2269 329 2324 lat
347 2269 635 2341 fragilem,
650 2276 707 2325 et
726 2271 785 2326 in
809 2271 936 2343 ipso
950 2273 1184 2328 nomine
1201 2274 1457 2328 ostendit
1479 2273 1643 2328 illum
1669 2275 1896 2330 veniam

245 2360 314 2412 et.
339 2356 760 2429 indulgentiam
793 2360 1128 2430 promereri.
1165 2361 1307 2416 Nam
1343 2362 1640 2416 hominem
1673 2362 1897 2431 dicit,id

249 2449 370 2510 est,
405 2445 662 2517 fragilem
695 2453 751 2502 et
782 2454 1161 2518 peccatorem.
1192 2449 1258 2504 Et
1299 2455 1435 2505 nota
1460 2452 1598 2521 quia
1624 2467 1900 2521 pra’ocru-

245 2535 421 2606 patus
449 2534 607 2590 dicit.
641 2535 736 2591 Ille
768 2544 1224 2608 prmoccupatur,
1256 2539 1356 2609 qui
1388 2557 1503 2594 non
1534 2539 1750 2609 studio,
1783 2557 1896 2594 non

247 2623 656 2691 meditatione,
689 2641 802 2680 non
836 2625 1256 2682 deliberatione
1285 2634 1502 2698 peccat,
1531 2630 1630 2684 sed
1663 2635 1900 2685 casu.Et

242 2717 411 2779 nota,
445 2712 583 2783 quia
613 2721 728 2769 mn
757 2714 932 2769 dicit:
962 2716 1026 2770 In
1048 2717 1254 2780 multis,
1277 2717 1376 2771 sed
1406 2718 1461 2771 in
1501 2719 1688 2788 aliquo
1709 2736 1727 2778 ;
1759 2719 1900 2790 quia

239 2799 369 2865 ille,
402 2801 501 2871 qui
539 2808 978 2874 praeoccupatur
1006 2805 1063 2858 in
1097 2804 1292 2875 aliquo
1325 2808 1384 2860 in
1411 2808 1617 2876 spiritu
1650 2808 1899 2863 lenitatis

239 2888 459 2961 corrigi
493 2889 684 2946 debet.

323 2981 423 3033 Vos
451 2981 549 3048 qui
602 2981 886 3050 spiritales
943 2981 1107 3046 estis;
1166 2981 1221 3035 id
1281 2986 1387 3050 est,
1435 2999 1554 3048 vos,
1610 2985 1710 3054 qui
1743 2984 1898 3040 ultra

243 3065 520 3122 homines
549 3067 712 3132 estis,
763 3071 1023 3124 instruite
1081 3071 1140 3124 in
1167 3072 1370 3141 spiritu
1403 3071 1664 3138 lenitatis,
1698 3073 1754 3126 id
1785 3078 1893 3141 est,

246 3156 747 3222 mansuetudinis,
773 3160 837 3212 ut
867 3173 981 3214 non
1005 3157 1086 3212 sis
1112 3158 1358 3228 rigidus,
1385 3160 1853 3223 smvus,crudelis
1877 3178 1891 3229 ;

2011 590 2238 657 tentati,
2273 590 2370 644 sed
2407 589 2676 643 testantis
2706 593 2794 641 est
2830 586 2888 640 in
2920 591 3227 657 potestate.

2080 679 2186 734 Sed
2221 680 2363 732 forte
2395 678 2538 732 dicit
2562 676 2917 748 aliquisjam
2949 675 3118 744 longo
3141 673 3302 728 senio
3333 673 3654 738 confectus,

2012 769 2109 822 sed
2145 767 2272 822 ideo
2305 768 2474 821 timet
2523 766 2735 820 acriter
2765 764 3053 834 corrigere
3086 763 3232 830 (983)
3260 781 3272 827 ;
3307 777 3412 832 ego
3436 763 3560 829 jam
3590 759 3648 813 in

2013 860 2177 927 portu
2205 855 2645 924 tranquillitatis
2676 853 3168 914 consisto,acriter
3193 851 3498 919 corrigere,
3527 865 3656 919 pos-

2008 945 2281 999 sum.Sed
2315 944 2360 997 si
2386 943 2482 997 ille
2516 944 2701 1008 timet,
2731 960 2799 995 ne
2823 941 3316 1004 tentetur,ncriter
3341 939 3652 1007 corrigere,

2011 1033 2194 1086 multo
2229 1034 2414 1102 magis
2445 1033 2552 1086 iste
2586 1033 2754 1085 facit:
2807 1030 2944 1100 quia
2991 1029 3273 1098 cogniscit
3305 1045 3405 1098 per
3428 1032 3566 1096 quot
3597 1031 3654 1080 et

2009 1128 2228 1192 quanta
2251 1123 2504 1192 pericula
2527 1122 2596 1175 ad
2621 1119 3063 1191 tranquillitatis
3091 1123 3320 1188 portum
3355 1115 3652 1186 pervenire

2011 1211 2216 1280 potuit.
2256 1211 2385 1264 Adit
2414 1211 2546 1280 quis
2577 1211 2942 1280 martyrium,
2965 1214 3020 1262 et
3047 1207 3254 1274 evadit,
3277 1211 3332 1259 et
3359 1205 3514 1258 videt
3546 1203 3651 1258 ali-

2009 1317 2182 1371 quem
2215 1301 2459 1354 diversis
2510 1299 2867 1353 cruciatibus
2919 1297 3202 1351 aftlictum
3253 1308 3502 1364 negare:
3537 1310 3650 1346 non

2008 1390 2258 1444 miratur
2289 1389 2442 1459 quod
2501 1387 2596 1441 ille
2631 1386 2880 1459 negavit,
2945 1385 3043 1439 sed
3089 1383 3380 1454 quomodo
3411 1382 3651 1437 evadere

2008 1478 2217 1549 potuit.

2079 1565 2232 1622 Alter
2261 1569 2509 1621 alterius.
2542 1565 2826 1621 Salutaris
2858 1567 2947 1619 est
2976 1562 3095 1616 haec
3125 1559 3468 1615 admonitio.
3488 1561 3652 1614 Tunc

2007 1655 2220 1710 etenim
2251 1672 2427 1710 onera
2461 1660 2781 1726 portamus,
2815 1670 2948 1708 cum
2978 1657 3179 1706 nostra
3209 1649 3485 1703 ﬁrmitate
3513 1647 3651 1702 alte-

2008 1744 2130 1798 rius
2162 1745 2584 1808 infirmitatem,
2605 1748 2661 1798 et
2685 1741 2972 1813 sapientia
2994 1739 3388 1810 insipientiam
3416 1741 3646 1791 susten-

2009 1837 2222 1888 tamus.
2256 1837 2330 1888 Et
2355 1835 2433 1887 sic
2484 1833 2873 1902 adimplebitis,
2905 1835 3014 1884 etc.
3049 1832 3244 1895 Legem
3307 1826 3516 1880 Christi
3545 1842 3650 1895 ap-

2013 1921 2191 1993 pellat
2223 1925 2572 1992 przeceptum
2620 1919 2856 1982 Christi,
2909 1917 3052 1971 illud
3087 1917 3310 1986 utique,
3343 1915 3497 1968 unde
3528 1914 3652 1983 ipse

2011 2011 2152 2064 dicit
2177 2028 2189 2064 :
2224 2013 2331 2065 Hoc
2351 2019 2427 2064 est
2455 2018 2796 2079 prteceptum
2823 2023 3024 2074 meum,
3056 2012 3118 2059 ut
3139 2005 3388 2073 diligatis
3419 2005 3654 2056 invicem

2009 2101 2186 2169 (Joan.
2220 2117 2308 2167 xv,
2336 2102 2442 2169 12),
2477 2099 2640 2163 Quod
2673 2100 3025 2168 przeceptum
3059 2095 3115 2148 in
3149 2095 3476 2163 exaggerat,
3499 2094 3560 2144 ut
3591 2090 3649 2144 in

2010 2189 2392 2259 sequentibus
2423 2188 2576 2242 dicat
2634 2188 2815 2254 (984):
2877 2187 2933 2240 In
2969 2185 3063 2239 hoc
3091 2185 3407 2251 cognoscent
3449 2195 3649 2246 omnes,

2009 2279 2140 2347 quia
2169 2279 2279 2331 mei
2305 2277 2562 2346 discipuli
2592 2277 2741 2337 estis,
2772 2279 2879 2328 etc.

2080 2366 2219 2420 Nam
2246 2368 2300 2420 si
2330 2369 2472 2435 quis,
2505 2371 2613 2418 etc.
2634 2364 2804 2418 Verbi
2837 2362 3024 2432 gratia
3045 2361 3199 2414 videt
3220 2359 3434 2430 aliquis
3455 2374 3655 2429 quem-

2009 2453 2163 2524 piam
2195 2454 2594 2525 insipientem,
2617 2470 2683 2508 ex
2706 2452 2866 2506 illius
2889 2450 3227 2521 insipientia
3247 2447 3370 2502 vult
3401 2464 3529 2502 esse
3559 2464 3652 2501 sa-

2009 2542 2174 2613 piens
2201 2561 2212 2608 ;
2235 2542 2507 2597 similiter
2527 2543 2836 2611 injustum,
2859 2544 2965 2594 etc.
2993 2541 3133 2593 Cum
3153 2538 3248 2592 ille
3269 2536 3481 2606 aliquid
3501 2537 3653 2592 aesti-

2006 2640 2120 2686 mat
2147 2648 2204 2685 se
2230 2648 2360 2694 esse,
2421 2639 2471 2684 et
2498 2629 2648 2684 nihil
2684 2639 2783 2691 est,
2838 2629 3045 2682 seducit
3098 2643 3156 2680 se
3177 2644 3194 2680 :
3228 2630 3420 2696 potest
3450 2622 3649 2678 referri

2006 2720 2074 2774 ad
2107 2710 2497 2790 superiora,ut
2519 2721 2597 2774 sit
2615 2735 2825 2774 sensus
2849 2717 2924 2773 :Si
2949 2715 3082 2787 quis
3111 2714 3407 2770 existimat
3428 2712 3649 2783 aliquid

2005 2825 2134 2863 esse
2164 2809 2222 2862 in
2246 2809 2706 2873 circumcisione,
2733 2823 2864 2861 cum
2899 2806 2976 2859 sit
2998 2803 3164 2868 nihil,
3199 2802 3425 2858 seducit
3454 2817 3532 2857 se.
3560 2801 3642 2854 Ad

2005 2895 2304 2966 superiora
2319 2897 2521 2951 attinet
2535 2897 2687 2967 quod
2705 2895 2928 2950 subdit:
2951 2895 3095 2964 Opus
3107 2896 3285 2947 autem
3304 2907 3486 2954 suum,
3502 2895 3643 2953 ctc.;

2005 2985 2171 3054 quasi
2205 2985 2456 3039 diceret:
2491 2986 2541 3039 si
2574 2985 2848 3039 interiora
2877 3000 2984 3038 sua
3018 2985 3419 3053 perscrutatus
3451 2977 3647 3041 fuerit,

2005 3088 2317 3143 agnoscere
2351 3079 2557 3143 potest,
2605 3088 2953 3144 cognoscere
3000 3069 3150 3125 valet
3181 3069 3240 3123 in
3272 3085 3356 3133 se,
3388 3067 3434 3122 si
3471 3067 3648 3121 habet

2009 3163 2161 3216 unde
2192 3161 2644 3232 glorietur.Nam
2696 3159 2893 3216 nullus
2947 3160 2994 3212 ei
3026 3158 3270 3212 vicinior
3297 3161 3386 3211 est
3414 3157 3562 3226 ipso,
3594 3159 3650 3209 et

246 3242 390 3313 quia
419 3243 469 3298 si
501 3259 738 3300 severus
794 3249 852 3300 et
880 3245 1135 3302 crudelis
1191 3247 1428 3313 existas,
1461 3264 1575 3303 non
1605 3266 1668 3304 es
1698 3249 1894 3304 imita-
1928 3233 1970 3298 C
2008 3249 2137 3305 ideo
2171 3251 2217 3304 si
2241 3255 2537 3306 scrutatus
2561 3249 2751 3313 fuerit,
2774 3266 2884 3302 non
2911 3264 3049 3302 suas
3070 3247 3220 3299 vires
3242 3245 3484 3299 alterius
3513 3242 3650 3296 viri-

242 3335 338 3386 tor
368 3329 658 3403 illius,qui
689 3333 762 3389 de
787 3333 928 3392 coelo
951 3334 1252 3390 descendit
1273 3337 1342 3391 ad
1376 3342 1560 3392 terras
1582 3354 1682 3405 pro
1707 3337 1896 3393 saluts

242 3418 495 3474 humani
518 3421 885 3491 generis.Sed
936 3423 1121 3478 oritur
1168 3425 1410 3494 quaestio
1443 3442 1623 3496 quare
1654 3427 1807 3481 dicat
1836 3427 1893 3481 in

242 3507 459 3579 spiritu
491 3507 764 3564 lenitanis
794 3510 1026 3584 corrigi,
1060 3528 1193 3567 cum
1225 3512 1284 3567 in
1318 3513 1572 3584 Epistola
1592 3515 1664 3568 ad
1695 3515 1894 3569 Corin-

241 3596 407 3651 thios
438 3597 624 3653 dicat:
656 3602 724 3653 In
754 3600 920 3668 virga
961 3602 1178 3655 veniam
1216 3601 1286 3655 ad
1320 3617 1426 3666 vos,
1461 3607 1570 3656 etc.
1607 3603 1653 3671 (1
1683 3603 1788 3657 Cor
1818 3620 1892 3670 1v,

237 3685 358 3755 21).
394 3685 505 3740 Sed
536 3685 703 3742 facile
734 3687 998 3743 solvitur.
1033 3689 1178 3754 Quia
1200 3689 1304 3756 illi,
1326 3690 1423 3761 qui
1456 3690 1670 3760 studio,
1707 3692 1896 3746 medi-

239 3776 465 3829 tatione
493 3779 548 3830 et
577 3776 994 3832 deliberatione
1041 3784 1302 3848 peccant,
1356 3795 1592 3834 necesse
1622 3784 1710 3834 est
1735 3779 1896 3852 virga

242 3863 576 3919 severitatis
597 3865 1002 3936 corrigantur;
1029 3866 1112 3920 illi
1137 3869 1396 3938 vero,qui
1424 3869 1651 3934 casu,in
1684 3869 1895 3940 spiritu

240 3949 525 4007 lenitatis.
558 3953 754 4008 Potest
785 3953 984 4008 referri
1017 3955 1088 4009 ad
1125 3956 1518 4026 superiora,ut
1541 3957 1617 4011 sit
1645 3974 1892 4013 sensus:

243 4037 308 4093 Si
338 4039 555 4112 aliquis
587 4042 790 4097 tardus
820 4059 887 4097 ex
907 4043 1230 4115 gentilitate
1264 4044 1349 4098 vel
1376 4061 1442 4099 ex
1470 4045 1776 4100 Judaismo
1807 4061 1898 4102 ve-

244 4131 398 4184 nerit
427 4131 501 4185 ad
537 4130 734 4197 fidem,
770 4131 1105 4187 tolerandus
1134 4138 1240 4200 est,
1269 4150 1576 4206 quousque
1610 4135 1892 4207 proﬁciat.

242 4218 314 4274 Et
341 4235 528 4290 quare
551 4219 776 4275 dixerat
800 4237 812 4274 :
839 4221 898 4276 In
916 4223 1118 4292 spiritu
1154 4221 1424 4286 lenitatis,
1449 4225 1677 4279 subdit:
1714 4226 1891 4281 Consi.

242 4307 450 4362 durans
480 4311 531 4363 te
562 4310 763 4378 ipsum,
819 4313 952 4375 etc.,
985 4311 1150 4380 quasi
1212 4311 1447 4366 diceret.
1499 4313 1812 4370 Considera
1840 4321 1896 4371 te

243 4393 546 4452 hominem
580 4411 708 4452 esse
728 4396 1016 4470 fragilem,
1041 4415 1279 4470 peccare
1307 4416 1496 4470 posse,
1528 4406 1584 4455 et
1614 4404 1891 4472 potuisse.

242 4485 311 4540 Et
341 4489 481 4541 nota
509 4485 669 4557 quia,
703 4502 816 4540 non
848 4486 1026 4542 dicit:
1059 4487 1136 4542 Ne
1153 4492 1212 4542 tu
1230 4489 1416 4555 cadas,
1441 4490 1563 4557 sed,
1594 4507 1664 4545 ne
1691 4500 1750 4546 tu
1781 4497 1895 4547 ten-

2006 3339 2118 3394 bus
2144 3339 2438 3394 metietur.

2080 3429 2472 3497 Unusquisque,
2507 3431 2615 3479 etc.
2679 3422 3044 3479 Contrarium
3103 3426 3191 3476 est
3222 3421 3328 3474 hoc
3359 3419 3649 3490 superiori

2005 3514 2157 3578 loco,
2191 3514 2286 3568 ubi
2337 3514 2598 3568 dixerat:
2634 3514 2779 3567 Alter
2835 3513 3082 3574 alterius,
3135 3513 3244 3564 etc.
3279 3508 3388 3562 Sed
3423 3524 3535 3561 non
3569 3511 3658 3562 est

2005 3602 2383 3668 contrarium,
2419 3603 2555 3673 quia
2589 3601 2666 3655 ibi
2715 3603 2783 3655 de
2813 3600 3089 3671 Operibus
3133 3597 3364 3670 pietatis
3394 3603 3445 3651 et
3478 3595 3650 3650 casti-

2005 3692 2142 3747 tatis
2172 3691 2535 3760 loquebatur,
2569 3689 2662 3744 hic
2691 3706 2821 3744 vero
2852 3689 2922 3742 de
2951 3687 3176 3756 merito,
3200 3692 3265 3741 ut
3295 3687 3370 3741 sit
3400 3700 3609 3739 sensus
3635 3700 3648 3738 :

2008 3781 2384 3850 Unusquisque
2415 3796 2552 3834 onus
2595 3796 2756 3834 suum
2775 3779 3011 3849 portabit
3033 3795 3052 3838 ;
3093 3778 3150 3831 id
3183 3781 3290 3841 est,
3326 3775 3647 3846 unusquis-

2006 3887 2117 3941 que
2148 3870 2468 3924 secundum
2527 3869 2825 3940 proprium
2889 3867 3163 3920 meritum
3209 3866 3453 3936 accipiet
3483 3864 3651 3918 retri-

2005 3959 2324 4013 butionem.
2380 3959 2574 4013 Potest
2605 3958 2804 4012 referri
2865 3957 2961 4011 ubi
2996 3957 3158 4020 dicit,
3212 3954 3365 4009 alter
3391 3955 3644 4019 alterius,

2006 4055 2070 4102 ut
2099 4047 2175 4102 sit
2205 4064 2450 4103 sensus:
2494 4048 2578 4100 'l‘u
2641 4046 2773 4116 quis
2831 4045 2938 4100 es?
2971 4062 3084 4099 non
3142 4044 3378 4097 dubitas
3407 4042 3651 4096 alterius

2005 4136 2406 4190 infirmitatem
2439 4139 2786 4198 sustentare,
2813 4133 2954 4203 quia
2975 4149 3088 4187 non
3112 4132 3231 4186 vice
3262 4130 3423 4184 illius
3453 4129 3645 4199 inqui-

2005 4223 2258 4286 naberis,
2291 4222 2568 4292 quoniam
2619 4224 2991 4292 unusquisque
3037 4236 3169 4274 onus
3198 4235 3359 4272 suum
3386 4218 3645 4287 portabit.

2005 4317 2200 4366 Potest
2257 4311 2453 4365 referri
2509 4311 2579 4364 ad
2614 4309 2720 4364 hoc
2776 4310 2930 4379 quod
2991 4307 3130 4362 dicit
3156 4310 3214 4360 in
3247 4308 3444 4374 altero,
3480 4310 3543 4360 ut
3573 4306 3651 4360 sit

2005 4417 2248 4457 sensus:
2285 4401 2407 4454 Non
2441 4399 2712 4453 laudibus
2744 4397 2983 4451 alterius
3024 4393 3341 4458 extollaris,
3376 4398 3440 4446 ut
3469 4393 3646 4449 talem

2004 4494 2064 4544 tu
2100 4506 2227 4544 esse
2259 4488 2460 4544 credas
2511 4486 2701 4558 qualis
2743 4485 2974 4550 diceris,
3024 4483 3162 4556 quia
3192 4489 3249 4537 et
3278 4488 3338 4537 tu
3371 4487 3560 4549 tuum,
3593 4487 3650 4537 ct

242 4576 389 4629 teris.
422 4574 570 4629 Nam
601 4575 922 4644 cadere,vel
952 4593 1066 4632 non
1099 4578 1306 4632 cadere
1337 4582 1550 4632 nostra:
1583 4581 1890 4651 potestatis
1922 4599 1968 4662 Ι)
2003 4579 2097 4634 ille
2128 4594 2301 4634 suum
2333 4594 2480 4632 onus
2513 4575 2786 4647 portabit.

317 4717 473 4796 (97?)
501 4716 670 4796 Vulg.
686 4717 1010 4796 _videan_tur.
1046 4719 1174 4796 Ipse
1200 4723 1393 4796 autem
1426 4719 1594 4796 divus
1623 4723 1896 4796 Hierony-

245 4803 388 4842 mus
420 4787 481 4861 in
511 4786 657 4861 hanc
686 4789 1034 4861 Epistolam,
1064 4786 1222 4846 hunc
1246 4791 1474 4846 Mathei
1504 4798 1724 4849 textum
1761 4786 1895 4850 alle-

241 4875 419 4932 gans,
451 4857 591 4932 legit
617 4857 1027 4932 gloriﬁcentur.
1255 4885 1258 4890 ·

314 4931 469 5001 (980)
503 4931 629 5003 Non
677 4933 739 4987 in
791 4931 996 5002 gloria,
1055 4933 1155 4989 sed
1202 4934 1404 5003 glorier
1459 4934 1633 4990 habet
1662 4937 1894 4993 Graecus

239 5007 462 5068 textus,
496 5002 666 5080 facile
695 5009 905 5080 autem
924 5004 1034 5058 fuit
1061 5002 1401 5080 xandiﬁcopat
1453 5011 1510 5061 et
1541 5009 1891 5080 Ακψχήσομαι

233 5091 496 5146 quorum
531 5074 781 5129 alterum
804 5075 1051 5149 ardeam,
1073 5077 1281 5149 glorier
1308 5074 1549 5149 alterum
1582 5074 1890 5149 significat,

233 5145 291 5201 et
321 5162 453 5218 qua
488 5163 608 5221 una
626 5149 857 5201 tantum
889 5145 1084 5202 littera
1113 5147 1442 5220 distinguit,
1469 5145 1660 5203 unum'
1683 5166 1785 5221 pro
1817 5145 1896 5205 al;

233 5223 360 5274 tero
391 5218 683 5274 accipere.

303 5289 454 5361 (981)
489 5288 600 5363 ﬂio
627 5288 689 5342 in
723 5290 914 5360 autog.
953 5288 1390 5363 margslegitur
1419 5307 1545 5363 cap.
1580 5290 1770 5363 XXXI.

304 5359 460 5430 (982)
491 5359 641 5414 Vide
698 5374 817 5428 qua
868 5359 1111 5416 cautela'
1152 5359 1415 5417 hauserit
1472 5359 1693 5417 textum
1739 5361 1893 5417 hunc

212 5438 441 5488 ‘auctor
461 5434 672 5504 noster
689 5445 822 5504 vere
839 5431 1321 5504 Augustunianus
1345 5451 1376 5489 a
1397 5433 1528 5489 divo
1549 5433 1892 5504 Hieronymo

233 5504 293 5560 in
327 5505 514 5576 hujus
549 5499 1148 5576 Epistolm,e_tcapitis
1181 5505 1571 5576 expositione:
1607 5505 1703 5560 ubi
1738 5499 1892 5559 enim

232 5573 750 5650 divus—Hieronym
763 5587 828 5626 us
850 5573 966 5628 ait:
1003 5577 1162 5632 Vinci
1175 5573 1390 5650 quippe,
1416 5576 1506 5650 vel
1526 5579 1741 5633 vincere
1762 5590 1895 5630 non-

228 5664 527 5723 nunquam
561 5647 622 5700 in
679 5651 870 5701 nostra
921 5653 998 5702 est
1042 5647 1330 5722 potestate,
1363 5649 1527 5706 addit
1580 5651 1748 5706 Atto:
1782 5663 1896 5704 una

2002 4738 2122 4776 cum
2159 4723 2256 4776 Dei
2283 4721 2580 4792 adjutorio.

2075 4795 2221 4863 (985)
2255 4786 2476 4848 Sensus
2507 4791 2599 4846 hic
2649 4790 3013 4862 aliquantum
3047 4788 3370 4863 obscurior.
3395 4786 3648 4863 Videtur

2005 4860 2147 4918 mihi
2165 4865 2298 4919 talis
2318 4881 2445 4920 esse
2467 4864 2606 4917 ordo
2626 4860 3015 4926 verborum,et
3031 4876 3266 4916 sensus:
3289 4860 3424 4916 Dicit
3439 4860 3645 4930 aliquis

2001 4939 2154 4990 senio
2168 4939 2472 5005 confectus,-
2491 4936 2608 4990 ideo
2625 4936 2776 4990 timet
2802 4934 3021 5004 .4postol
3029 4949 3090 4987 us
3130 4935 3330 4987 acriter
3351 4933 3641 5000 corrigere,

2003 5010 2131 5079 quia
2164 5010 2365 5062 tentari
2396 5010 2586 5062 timet:
2619 5023 2717 5076 ego
2745 5015 2924 5060 autem
2945 5007 3066 5075 jam
3097 5006 3156 5058 in
3183 5013 3341 5079 portu
3370 5005 3604 5058 consisto
3624 5018 3645 5062 ;

1999 5077 2217 5148 possum
2252 5081 2423 5147 igitur
2477 5080 2684 5132 acriter
2729 5081 3015 5145 rorrz’gere,
3077 5077 3387 5146 respondet
3442 5080 3647 5148 auctor

2005 5145 2234 5204 noster:
2269 5145 2361 5202 sed
2390 5150 2485 5203 ille
2512 5151 2684 5216 timet,
2718 5149 2889 5203 multo
2919 5149 3092 5214 magis
3140 5145 3258 5214 istc,
3291 5164 3457 5201 senex
3484 5145 3640 5199 vide-

2005 5222 2150 5284 licet,
2181 5221 2316 5291 quia
2345 5223 2636 5288 cognoscit,
2669 5227 2775 5276 etc.
2806 5219 2971 5287 ;vide
2997 5218 3193 5272 divum
3229 5219 3644 5288 Hieronymum

2005 5292 2062 5345 in
2095 5291 2250 5345 hunc
2287 5294 2530 5344 textum.

2095 5363 2222 5431 984)
2253 5360 2484 5431 Scilicet
2543 5360 2599 5412 in
2650 5361 3031 5430 sequentibus
3086 5377 3198 5413 non
3241 5362 3428 5414 textus
3460 5357 3648 5425 citati,

2004 5430 2102 5487 sed
2137 5431 2271 5486 huic
2302 5430 2534 5495 similis,
2568 5447 2690 5498 xm,
2710 5432 2774 5483 34
2802 5447 2812 5484 :
2850 5431 3070 5483 scilicet
3099 5431 3426 5484 mandatum
3447 5446 3648 5484 novum

2003 5504 2067 5558 do
2100 5503 2270 5568 vobis,
2307 5511 2365 5556 ut
2397 5501 2652 5572 diligatis
2686 5503 2942 5554 invicem.
2978 5501 3081 5572 Cui
3119 5501 3373 5555 adhaeret
3405 5516 3553 5554 vers.
3585 5501 3657 5555 35

2003 5575 2361 5638 immediate,
2394 5569 2656 5644 sequenti
2687 5575 2876 5624 textus
2921 5571 3071 5624 infra
3102 5573 3312 5627 citatus
3342 5575 3402 5624 in
3431 5572 3528 5625 hoc
3556 5588 3646 5625 co-

2000 5649 2279 5716 gnoscent,
2305 5649 2410 5700 etc.
