3990 6224
330 355 448 422 843

1345 364 1682 428 ATTONIS
1729 358 2314 427 VERGELLENSIS
2360 359 2714 423 EPISCOPI

3615 359 3736 423 su

405 493 554 567 (985)
587 493 960 553 Communicet
988 503 1193 565 autem,
1226 502 1332 554 etc.
1357 500 1647 556 Hactenus
1681 500 1968 556 allocutus
1997 493 2053 562 Α
2081 497 2148 549 ut
2175 495 2254 551 sit
2274 494 2632 558 sensuszQui
2662 510 2764 566 pro
2795 509 2992 550 amore
3019 485 3272 567 Spiritus
3290 492 3489 551 sancti
3508 492 3738 568 aliquid

333 583 520 640 fuerat
551 586 748 650 fortes,
783 587 882 658 qui
941 588 1225 657 patienter
1281 588 1528 644 aliorum
1576 591 1976 645 inﬁrmitatem

333 679 614 747 poterant
634 674 900 730 tolerare.
937 677 1092 731 Func
1135 676 1456 749 alloquitur
1486 681 1799 750 subjectos,
1834 696 1976 750 qua-

332 761 466 817 liter
493 779 630 832 erga
678 780 818 820 suos
877 765 1280 835 praedicatores
1338 769 1654 823 consistere
1703 769 1972 823 debeant.

333 852 478 907 Nam
515 851 663 908 solet
693 854 918 908 evenire
977 859 1061 918 ut,
1117 856 1256 910 dum
1317 857 1706 927 praedicationi
1739 874 1972 929 operam

331 941 494 1009 dant,
528 941 788 1012 in0piam
814 943 1207 1013 patiantur.Et
1237 945 1365 999 ideo
1387 951 1702 1000 monentur
1732 947 1801 1000 ab
1832 950 1976 1017 Apo-

332 1030 503 1096 stolo,
539 1035 600 1084 ut
624 1031 1055 1087 communicent
1076 1049 1137 1087 se
1169 1033 1464 1089 auditores
1497 1035 1974 1106 praedicatoribus

329 1118 387 1172 in
422 1119 698 1172 omnibus
734 1119 923 1184 bonis,
959 1121 1013 1175 id
1068 1128 1178 1186 est,
1209 1123 1422 1178 victum
1472 1129 1529 1180 et
1561 1125 1970 1179 vestimentum

328 1206 608 1260 tribuant.
669 1207 829 1270 Quod
890 1209 1042 1264 idem
1103 1210 1416 1281 Apostolus
1475 1213 1650 1268 alibi:
1709 1214 1974 1268 Habentes

327 1297 530 1349 victum
559 1305 612 1349 et
643 1299 1029 1353 vestimentum
1059 1300 1144 1353 his
1171 1303 1411 1356 contenti
1445 1318 1634 1357 sumus
1663 1303 1828 1372 (986).

401 1385 507 1438 Sed
542 1385 847 1440 sciendum
882 1388 1020 1456 quia
1057 1389 1210 1444 bona
1258 1390 1602 1461 temporalia
1632 1390 1782 1445 idem
1816 1398 1971 1462 Apo-

331 1471 540 1541 stolus,
576 1476 901 1530 secundum
935 1477 1252 1532 humanam
1287 1480 1791 1544 consuetudinem,
1826 1481 1974 1535 bona

327 1575 458 1615 esse
486 1561 647 1617 dicit.
709 1565 778 1618 Et
831 1564 968 1634 quid
1031 1566 1245 1621 mirum
1305 1583 1438 1622 cum
1486 1567 1659 1623 etiam
1693 1568 1972 1624 Dominus

330 1651 578 1705 necdum
615 1653 882 1720 perfectis
921 1654 1227 1726 discipulis
1283 1657 1352 1711 ad
1385 1656 1601 1712 calcem
1635 1657 1968 1728 pervenien-

328 1739 488 1794 tibus
547 1742 692 1810 (987)
753 1742 943 1797 dicat:
989 1744 1049 1797 Si
1102 1761 1251 1814 ergo,
1309 1763 1432 1801 cum
1488 1747 1612 1802 sitis
1669 1749 1827 1811 mali,
1860 1751 1968 1801 etc.

2089 585 2329 653 dederit,
2364 584 2436 639 ab
2483 582 2582 638 illo
2614 583 2856 655 accipiet
2906 583 3364 640 retributionem.
3414 585 3615 640 Potest
3643 601 3741 642 re-

2087 673 2221 728 ferri
2254 675 2324 728 ad
2360 672 2683 743 superiora,
2743 679 2804 727 ul
2835 674 2913 728 sit
2941 689 3152 728 sensus
3179 691 3193 728 :
3252 673 3359 739 Qui
3394 674 3648 730 seminat
3678 675 3740 731 in

2089 779 2264 818 carne
2294 779 2422 828 sua,
2455 762 2511 816 id
2544 767 2651 832 est,
2705 761 2804 833 qui
2861 761 3171 817 carnaliter
3215 761 3403 834 legem
3434 763 3740 832 intelligit,

2089 857 2266 907 metet
2294 850 2746 923 corruptionem,
2804 852 2945 924 quia
2973 869 3098 924 quas
3147 851 3237 907 lex
3268 852 3562 924 promittit
3587 858 3741 910 tem-

2086 940 2310 1012 poralia
2336 945 2474 995 sunt
2499 958 2512 1007 ;
2545 940 2646 1011 qui
2678 945 2872 996 autem
2906 942 3159 996 seminat
3188 941 3245 996 in
3268 941 3503 1012 spiritu,
3535 942 3597 996 id
3625 948 3741 1014 est,

2086 1029 2184 1101 qui
2217 1027 2562 1101 spiritaliter
2590 1028 2883 1099 intelligit,
2916 1029 3093 1084 vitam
3117 1034 3391 1085 cateruam
3424 1036 3627 1086 metet.

2156 1123 2370 1173 Bonum
2391 1125 2576 1172 autem
2595 1120 2878 1188 facientes,
2905 1123 3016 1173 etc.
3039 1117 3321 1174 Salutaris
3351 1123 3443 1174 est
3469 1120 3741 1178 doctrina

2085 1205 2440 1277 apostolica:
2474 1223 2608 1260 nam
2641 1206 2734 1262 bis
2763 1206 2955 1260 verbis
2982 1206 3249 1262 hortatur
3268 1224 3374 1264 nos
3405 1209 3478 1263 ad
3514 1209 3738 1266 bonum

2084 1295 2545 1367 perseverantim-
2582 1296 2828 1350 Noverat
2871 1295 2966 1351 ille
3013 1296 3328 1353 nonnullos
3356 1297 3655 1363 inchoare,
3685 1305 3743 1356 et

2085 1402 2198 1440 non
2234 1387 2639 1455 perseverante
2671 1384 2784 1439 ﬁde
2814 1384 3140 1456 complere;
3174 1385 3304 1441 ideo
3345 1385 3541 1442 taliter
3575 1387 3737 1444 dicit.

2083 1473 2152 1528 Et
2179 1473 2315 1543 quia
2345 1477 2485 1527 sunt
2540 1472 2830 1543 nonnulli,
2889 1474 2991 1545 qui
3040 1474 3112 1529 de
3170 1475 3321 1530 bono
3365 1477 3521 1546 quod
3555 1481 3743 1549 agunt

2083 1561 2176 1615 hic
2207 1561 2651 1616 retributionem
2675 1565 3035 1633 exspectant,
3057 1562 3186 1618 ideo
3215 1564 3525 1635 subjunxit
3553 1583 3567 1621 :
3601 1569 3740 1622 tem-

2076 1667 2208 1722 pore
2239 1653 2386 1704 enim
2417 1666 2513 1706 suo
2571 1655 2855 1716 metemus,
2909 1655 3018 1706 etc.
3053 1669 3067 1717 ;
3119 1652 3288 1723 quasi
3327 1653 3520 1710 dicat:
3558 1655 3732 1712 Aliud

2081 1743 2171 1795 est
2197 1743 2431 1810 tempus
2487 1740 2752 1805 sationis,
2810 1744 2867 1794 et
2914 1739 3072 1794 aliud
3129 1741 3362 1806 messis,
3421 1757 3538 1798 non
3571 1746 3731 1800 enim

331 1830 537 1898 (Matth.
571 1846 668 1896 vn,
707 1832 791 1900 11)
815 1831 908 1886 ?Et
943 1833 1086 1888 forte
1105 1833 1218 1888 Job
1248 1835 1399 1890 bona
1429 1835 1652 1890 dixerat
1672 1852 1799 1890 esse
1823 1836 1973 1890 bona
2003 1863 2050 1926 Β
2083 1845 2198 1884 uno
2229 1832 2491 1926 tempore
2550 1828 2915 1926 seminamus
2944 1833 3002 1884 et
3028 1829 3323 1926 metimus.
3365 1831 3644 1926 Similiter
3674 1838 3736 1890 et

327 1918 673 1988 temporalia
713 1921 784 1974 ad
844 1920 1224 1978 intentionem
1280 1941 1396 1979 sua:
1457 1924 1652 1980 uxoris
1681 1924 1964 1979 dicentis:

329 2007 560 2061 Benedic
590 2007 693 2062 Deo
750 2016 800 2062 et
851 2025 1062 2065 morere
1128 2014 1262 2081 (Job,
1327 2030 1386 2079 ιι,
1445 2013 1964 2084 9);respondens:

330 2097 391 2149 Si
422 2098 559 2150 bona
587 2099 942 2168 suscepimus,
1002 2105 1106 2154 etc.
1172 2102 1361 2168 (Ibid.,
1418 2103 1526 2172 10).
1562 2102 1720 2157 Bona
1748 2102 1971 2157 dixerat

329 2185 518 2255 panis.
538 2189 716 2240 Erant
742 2185 894 2242 mala
918 2205 1042 2259 quea
1065 2191 1413 2245 sustinebat.
1438 2195 1794 2263 Cognoverat
1814 2190 1970 2246 enim

327 2273 425 2329 ille
454 2275 541 2328 vir
570 2274 688 2340 Dei,
723 2280 779 2329 et
832 2276 948 2330 Deo
1008 2278 1235 2349 plenus,
1268 2279 1420 2334 bona
1485 2280 1596 2334 dici
1632 2297 1743 2335 non
1777 2295 1969 2352 posse,

331 2362 441 2416 nisi
476 2362 746 2431 virtutes,
803 2381 928 2434 quae
989 2382 1095 2421 nos
1153 2368 1354 2422 beatos
1416 2369 1684 2433 reddunt,
1709 2374 1763 2423 et
1797 2368 1968 2434 mala,

332 2465 457 2520 qua:
514 2450 780 2505 miseros.
819 2453 926 2506 Sed
957 2457 1279 2510 secundum
1303 2456 1625 2511 humanam
1666 2460 1973 2512 consuetu-

332 2537 529 2592 dinem
558 2538 925 2608 loquebatur.
986 2543 1130 2598 Nam
1183 2547 1415 2615 quando
1474 2562 1638 2600 sacra
1674 2547 1974 2617 Scriptura

331 2626 654 2681 secundum
689 2644 863 2683 suum
897 2632 1136 2686 modum
1169 2637 1226 2687 et
1255 2633 1514 2704 linguam
1555 2633 1832 2704 loquitur,
1859 2634 1970 2688 vir-

331 2718 489 2769 tutes
519 2720 621 2769 aut
651 2715 806 2783 vitia,
843 2717 994 2772 bona
1018 2719 1106 2773 vel
1141 2721 1294 2775 mala
1323 2738 1452 2777 esse
1483 2722 1805 2776 conﬁrmat.

405 2803 585 2860 Nolite
612 2820 816 2868 errare,
850 2810 956 2860 etc.
981 2807 1051 2860 Et
1079 2808 1219 2878 quia
1241 2813 1464 2879 poterat
1493 2809 1704 2880 aliquis
1735 2826 1973 2881 respon-

331 2893 469 2945 dere
499 2896 554 2945 et
584 2893 808 2948 dicere:
845 2894 888 2949 Ο
918 2895 1211 2966 Apostole,
1232 2895 1339 2952 hoc
1372 2912 1540 2968 agere
1563 2916 1675 2954 non
1709 2915 1970 2970 possum,

332 2979 614 3050 quoniam
646 2997 783 3052 ager
814 2999 978 3039 meus
1037 2984 1144 3039 hoc
1176 3001 1328 3041 anno
1373 2986 1633 3042 siccitate
1661 2987 1852 3054 aruit;
1884 2988 1971 3042 vi-

335 3085 507 3124 neam
545 3085 736 3125 meam
767 3074 986 3142 grando
1029 3075 1427 3146 consumpsit;
1472 3091 1711 3130 censum
1755 3075 1974 3131 tributa

2082 1933 2240 1973 nunc
2269 1917 2550 1972 debemus
2604 1917 2828 1988 operari
2887 1917 3128 1983 bonum,
3185 1921 3558 1990 postmodum
3590 1935 3733 1978 vero

2077 2006 2519 2061 retributionem
2579 2006 2893 2077 percipere.
2955 2006 3100 2060 Nam
3132 2005 3228 2061 ille
3281 2008 3378 2078 qui
3411 2008 3502 2063 hic
3529 2011 3764 2080 perci-_

2081 2095 2185 2166 pit,
2215 2095 2272 2148 in
2300 2095 2496 2149 futuro
2530 2095 2794 2149 mercede
2853 2094 3133 2166 privatur.
3194 2093 3360 2151 Unde
3401 2096 3729 2155 Dominus:

2079 2187 2416 2254 Receperunt
2467 2183 2768 2239 mercedem
2822 2199 2980 2238 suam
3027 2184 3243 2254 (Matth.
3302 2201 3377 2252 νι,
3421 2187 3475 2252 5,
3511 2187 3638 2258 16);
3675 2193 3738 2242 et.

2081 2273 2357 2329 Salomon
2381 2288 2394 2325 :
2430 2271 2735 2328 "(creditas
2765 2272 2835 2327 ad
2862 2288 3025 2343 quam
3051 2275 3371 2345 festinatur,
3403 2278 3510 2330 etc.
3543 2275 3736 2346 (Prov.

2081 2379 2175 2427 xx,
2206 2363 2318 2428 21).
2377 2361 2447 2416 Et
2478 2366 2618 2415 nota
2669 2361 2808 2432 quia
2836 2377 2946 2416 non
3002 2361 3318 2430 deﬁciamus
3344 2362 3506 2428 dicit,
3538 2371 3589 2419 et
3617 2379 3736 2420 non

2080 2449 2416 2522 deﬁcientes,
2467 2449 2609 2519 quia
2662 2448 2748 2503 illi
2799 2449 2897 2520 qui
2956 2449 3355 2506 indeﬁcienter
3409 2451 3568 2508 bona
3592 2469 3738 2525 ope-

2081 2544 2306 2602 rantur,
2340 2537 2744 2594 indeﬁcienter
2772 2537 3213 2593 retributionem
3245 2539 3585 2612 percipient.

2154 2628 2302 2698 (989)
2335 2626 2481 2691 Quia
2530 2626 2756 2680 dixerat
2782 2625 3090 2697 superius:
3142 2631 3283 2696 Qua
3310 2630 3456 2682 enim
3485 2631 3740 2686 smine-

2081 2718 2218 2771 verit
2249 2717 2427 2782 homo,
2469 2720 2605 2780 etc.,
2661 2729 2884 2784 usque:
2918 2718 3049 2771 Non
3071 2713 3401 2784 deficientis,
3432 2717 3564 2773 ideo
3589 2719 3740 2774 sub-

2074 2805 2310 2876 junxit:
2370 2809 2509 2875 Ergo
2566 2803 2697 2858 dum
2753 2812 2964 2875 tempus
3019 2805 3298 2870 habemus,
3359 2811 3509 2873 etc.;
3558 2809 3742 2880 quasi

2082 2894 2299 2948 diceret
2331 2911 2344 2948 :
2377 2893 2436 2947 Si
2463 2896 2603 2947 tunc
2635 2893 2915 2947 debemus
2937 2891 3212 2964 recipere,
3232 2895 3406 2951 modo
3437 2896 3742 2953 seminare

2083 2983 2386 3049 debemus,
2420 2983 2520 3038 sed
2555 2981 2613 3036 in
2646 2981 2849 3054 pingui
2871 2997 3029 3053 arvo,
3053 2984 3378 3039 secundum
3411 2986 3566 3058 quod
3600 3001 3743 3058 pro-

2082 3071 2292 3144 pheta:
2349 3076 2556 3128 Novate
2608 3071 2824 3136 novate,
2904 3074 3035 3140 etc.,
3092 3079 3144 3126 et
3208 3073 3543 3129 circumdite
3584 3087 3740 3144 prae-

331 3158 494 3230 regia
523 3158 952 3227 exhauserunt;
1014 3162 1143 3227 hoc,
1198 3165 1353 3234 quod
1412 3163 1579 3230 dicis,
1635 3180 1805 3236 agere
1856 3180 1969 3219 non
2008 3228 2042 3236 _
2077 3163 2317 3233 putium,
2350 3164 2458 3215 etc.
2518 3162 2735 3228 (Jerem,
2794 3175 2868 3225 Iv,
2900 3159 2972 3226 3;
3034 3160 3150 3216 Ose.
3179 3177 3235 3225 x,
3280 3162 3389 3233 12),
3421 3163 3636 3231 Omnes,
3674 3163 3741 3220 id

328 3228 570 3318 possum
599 3267 611 3314 ;
656 3249 726 3303 ad
784 3249 890 3305 hoc
948 3228 1285 3322 respondit:
1349 3254 1526 3308 Nolite
1566 3228 1769 3309 errare
1798 3253 1968 3324 (988),
2001 3228 2044 3294 C
2077 3228 2317 3316 est,tam
2341 3264 2602 3320 paganos
2623 3263 2798 3319 quam
2812 3228 3561 3319 Judaeos,quoniamiomnia
3577 3228 3744 3308 tem-

332 3336 497 3408 quasi
532 3337 780 3394 diceret:
817 3339 1003 3396 Nolite
1036 3340 1142 3396 hoc
1174 3342 1383 3410 dicere,
1422 3341 1695 3410 quoniam
1728 3343 1971 3398 dicendo

328 3441 508 3489 erras,
543 3426 680 3496 quia
709 3427 765 3480 in
828 3428 1123 3484 hominem
1179 3427 1354 3497 fallis,
1415 3434 1594 3484 Deum
1631 3430 1828 3485 fallere
1857 3447 1971 3486 non

313 3518 514 3585 potes.
547 3518 715 3571 Novit
743 3516 897 3572 enim
925 3518 1050 3588 ipse
1073 3517 1370 3585 horreum,
1395 3519 1718 3590 cellarium,
1739 3535 1969 3575 omnem

329 3603 749 3673 supellectilem
782 3609 968 3660 tuam.

327 3721 329 3723 ι
405 3693 471 3745 Et
501 3709 571 3746 ne
600 3692 695 3747 ille
727 3699 957 3763 putaret
987 3711 1048 3750 se
1080 3697 1318 3766 perdere
1349 3698 1500 3768 quod
1531 3698 1806 3765 dedisset,
1842 3698 1970 3754 ideo

333 3780 673 3849 subjunxit:
704 3786 843 3850 Quae
870 3783 1019 3837 enim
1047 3787 1397 3840 seminaverit
1425 3787 1604 3842 homo.
1637 3791 1770 3856 etc.,
1803 3786 1970 3857 quasi

335 3867 589 3924 diceret:
624 3869 705 3924 Ne
736 3875 903 3941 putes
933 3878 989 3927 te
1019 3872 1286 3928 amittere
1324 3875 1477 3945 quod
1507 3876 1800 3939 concedis,
1828 3891 1971 3945 quo-

334 3957 493 4012 niam
528 3958 969 4015 retributionem
1031 3961 1332 4033 percipies.
1394 3967 1461 4018 Et
1500 3963 1802 4018 sciendum
1837 3963 1975 4034 quia

332 4047 449 4101 duo
479 4051 618 4102 sunt
645 4049 805 4120 agri:
868 4054 957 4104 est
1013 4051 1312 4122 spiritalis,
1373 4055 1462 4108 est
1518 4051 1973 4118 carnalis;cum

332 4136 620 4207 spiritalia
641 4137 955 4210 agimusin
981 4139 1226 4211 spiritali
1251 4158 1390 4214 agro
1415 4159 1428 4209 ;
1462 4147 1519 4196 et
1539 4158 1672 4197 cum
1697 4139 1972 4207 carnalia,

332 4225 390 4279 in
423 4225 640 4282 carnali
673 4227 1055 4285 seminamus.

401 4315 468 4369 Et
499 4316 633 4387 quia
667 4317 767 4372 dat
795 4318 1242 4376 similitudinem
1276 4318 1785 4384 seminantis,vult
1817 4335 1976 4373 eam-

330 4404 462 4458 dem
494 4405 832 4462 dilucidare.
889 4408 1238 4478 Subjunxit:
1302 4409 1571 4475 Quoniam
1599 4409 1696 4478 qui
1732 4409 1978 4462 seminat

333 4494 393 4547 in
425 4509 589 4548 carne
616 4510 739 4560 sua,
799 4500 908 4550 etc.
967 4497 1030 4550 In
1099 4513 1270 4551 carne
1325 4496 1638 4561 seminant,
1698 4494 1797 4565 qui
1852 4494 1976 4548 suis

2080 3338 2302 3411 poralia
2321 3338 2712 3394 communiter
2730 3339 3038 3394 concessit.
3062 3339 3296 3396 Maxime
3313 3349 3518 3407 autem,
3537 3340 3595 3397 id
3618 3349 3746 3412 est,

2081 3428 2180 3498 qui
2195 3427 2372 3484 unius
2385 3425 2832 3498 suntreligionis
2845 3427 3170 3484 devotionis
3182 3434 3238 3484 et
3250 3429 3381 3485 ﬁdei
3397 3430 3743 3501 nobiscum,

2079 3522 2136 3573 et
2164 3521 2324 3572 tuam
2360 3516 2666 3583 familiam,
2702 3520 2758 3570 et
2787 3529 3270 3589 unumquemque
3291 3519 3351 3573 in
3371 3533 3479 3576 suo
3502 3521 3742 3578 ordine.

2079 3609 2212 3661 Haec
2241 3605 2398 3661 enim
2422 3604 2689 3660 doctrina
2716 3604 3033 3675 apostolica
3054 3621 3168 3662 non
3187 3611 3278 3663 est
3305 3609 3744 3680 parvipenden-

2081 3696 2174 3761 da,
2210 3695 2310 3750 sed
2343 3707 2718 3765 summopere
2761 3694 3104 3764 appetenda.
3142 3695 3318 3750 Debet
3346 3696 3505 3752 enim
3541 3713 3742 3755 unusc-

2081 3783 2332 3855 quisque
2364 3782 2656 3839 sollicitus
2683 3797 2814 3837 esse
2857 3781 3140 3850 laborare,
3172 3800 3246 3840 ne
3273 3789 3507 3857 tempus
3531 3786 3740 3842 indul-

2079 3877 2208 3927 tum
2238 3876 2414 3942 atque
2470 3889 2504 3926 a
2535 3877 2646 3926 Deo
2703 3886 3042 3927 concessum
3077 3873 3298 3943 perdat,
3343 3889 3558 3930 vacans
3588 3876 3742 3934 otio.
3825 3879 3832 3884 ’

2082 3962 2230 4017 Nam
2261 3961 2404 4016 adeo
2435 3960 2681 4015 studiosi
2715 3960 2952 4016 fuerunt
2981 3960 3220 4033 quidam
3246 3975 3632 4034 paganorum,
3673 3970 3745 4022 ut

2082 4048 2407 4104 doluissent
2437 4064 2498 4103 se
2547 4064 2730 4104 unum
2762 4048 3088 4119 perdidisse
3127 4049 3305 4105 diem.
3340 4045 3548 4106 Fertur
3571 4053 3742 4110 enim

2082 4136 2248 4192 Titus
2273 4136 2616 4208 Vespasiani
2642 4135 3205 4209 ﬁlius,Jerosolymis
3227 4139 3749 4205 subversis,victor

2086 4227 2329 4282 Romam
2394 4230 2708 4294 revertens,
2771 4227 3028 4297 quadam
3071 4230 3240 4282 nocte
3267 4227 3488 4284 dixisse
3517 4230 3644 4286 suis
3679 4232 3748 4290 in

2085 4330 2287 4370 omna:
2320 4315 2364 4370 Ο
2394 4315 2586 4380 amici,
2627 4314 2852 4386 perdidi
2910 4315 3085 4383 diem,
3120 4315 3179 4371 Si
3209 4315 3305 4372 ille
3336 4318 3436 4387 qui
3467 4334 3748 4393 paganus

2085 4411 2228 4471 erat,
2259 4419 2375 4458 non
2407 4403 2628 4459 habens
2661 4402 2847 4476 legem
2896 4419 3088 4476 neque
3129 4404 3464 4477 prophetas,
3500 4407 3748 4467 dolebat

2087 4509 2150 4548 se
2178 4492 2503 4564 perdidisse
2532 4492 2686 4548 diem
2737 4493 2796 4546 in
2830 4509 2946 4564 quo
3001 4509 3116 4548 non
3162 4492 3382 4566 aliquid
3409 4507 3517 4568 pro
3547 4498 3746 4554 stabi-

329 4581 666 4638 carnalibus
696 4582 1182 4638 delectationibus
1240 4582 1631 4650 satisfaciunt,
1681 4582 1736 4636 id
1766 4585 1873 4651 est,
1906 4581 1975 4636 li-
2007 4596 2053 4662 Ι)
2085 4580 2247 4637 litate
2278 4581 2441 4652 regni
2497 4585 2600 4635 aut
2655 4585 2827 4652 gente
2872 4581 3214 4652 laborasset,
3265 4599 3384 4654 qua
3427 4585 3619 4642 fronte
3645 4591 3742 4659 tu,

330 4670 582 4741 bidines,
614 4675 723 4726 etc.
781 4671 1007 4726 Metunt
1061 4673 1508 4740 corruptivum;
1567 4669 1623 4725 id
1679 4675 1788 4736 est,
1839 4686 1976 4741 sup-

333 4759 577 4830 plicium
609 4763 836 4815 aeternae
879 4759 1302 4813 damnationzs.
1355 4759 1460 4825 Qui
1489 4766 1675 4812 autem
1703 4759 1979 4814 seminant

329 4845 393 4898 in
417 4845 642 4914 spiritu.
707 4845 792 4900 Illi
826 4846 885 4900 in
944 4845 1154 4915 spiritu
1211 4844 1524 4913 seminant,
1585 4845 1685 4915 qui
1733 4844 1976 4902 virtutes

332 4928 625 4984 seminant
650 4955 664 4994 ς
696 4936 753 4985 et
774 4931 1116 4986 seminando
1137 4930 1605 4998 virtutes,metent
1631 4934 1800 4988 vitam
1821 4938 1978 4991 teter-

331 5018 559 5072 nam.Et
579 5023 715 5074 nota
736 5019 875 5091 quia
896 5035 1026 5074 cum
1049 5019 1373 5092 adjectione
1394 5021 1534 5077 dicit
1553 5038 1774 5078 carnem
1797 5039 1975 5092 suam,

333 5106 598 5163 absolute
628 5125 760 5163 vero
792 5110 1038 5179 spiritu;
1073 5107 1221 5177 ideo,
1255 5111 1394 5181 quia
1427 5109 1640 5167 nostris
1672 5113 1976 5168 conatibus

333 5213 568 5265 peccare
593 5213 930 5268 possumus,
958 5198 1176 5254 bonum
1211 5216 1340 5255 vero
1378 5216 1548 5270 agere
1579 5216 1971 5272 nequaquam.

333 5285 609 5340 Nonnulli
657 5285 970 5342 voluerunt
1018 5287 1340 5360 intelligere
1369 5289 1647 5361 Spiritum
1680 5295 1972 5345 sanctum.

586 5393 874 5468 Inuautog.
909 5411 1104 5468 marg.
1140 5393 1352 5462 legitur
1381 5413 1506 5468 cap.
1540 5396 1758 5452 XXXII.

405 5411 531 5462 (vso
587 5411 646 5448 in
681 5411 874 5464 auwg.
909 5411 1037 5449 mar
1088 5437 1098 5450 .
1140 5411 1352 5462 legitur
1381 5413 1506 5468 cap.
1540 5411 1758 5452 AIUUI.

403 5411 552 5538 (686;
587 5469 602 5517 l
638 5466 786 5520 Tim.
819 5483 893 5528 v1,
925 5467 978 5530 8,
1014 5411 1108 5521 υἷϊ
1136 5484 1148 5522 :
1181 5468 1443 5524 Habentes
1472 5477 1656 5524 autem
1688 5469 1972 5538 alimenta,

333 5536 384 5587 et
413 5536 608 5608 quibus
637 5541 888 5608 tegamur
911 5540 1015 5604 his,
1048 5545 1156 5594 etc.

406 5606 550 5682 (987)
583 5606 815 5664 Scilicet
847 5612 1080 5682 montis,
1113 5611 1169 5665 in
1220 5611 1390 5680 cujus
1422 5609 1680 5682 culmine
1708 5609 1972 5682 sistebat,

334 5679 389 5732 et
418 5677 661 5740 docebat
689 5681 862 5741 Jesus
920 5677 1207 5754 Christus,
1252 5677 1421 5753 cujus
1474 5680 1687 5738 mentis
1719 5677 1969 5753 culmen,

2085 4671 2186 4742 qui
2207 4669 2577 4725 Christianus
2593 4685 2654 4725 es
2674 4669 2912 4726 ?Fertur.
2926 4671 3104 4726 etiam
3127 4672 3318 4744 quod]
3327 4688 3548 4730 oannes
3561 4674 3742 4748 longo

2086 4759 2247 4815 senio
2279 4757 2600 4822 confectus,
2657 4774 2775 4813 non
2822 4759 3020 4816 valens
3077 4777 3411 4818 sermonem
3439 4762 3636 4819 facere
3663 4765 3741 4822 ad

2087 4846 2410 4911 collectam,
2445 4845 2689 4912 dicebat,
2722 4863 2856 4902 cum
2887 4864 2922 4902 a
2951 4848 3584 4916 manibus,deferretur
3607 4869 3746 4910 saro-

2086 4951 2217 4992 rum
2243 4953 2256 4990 :
2289 4935 2478 4990 Filioli
2496 4934 2716 5004 diligite
2745 4951 2833 4992 vos
2863 4937 3199 4993 alterutrum
3225 4957 3245 5004 ς
3267 4937 3368 5010 qui
3393 4955 3530 4995 cum
3554 4940 3746 4998 inter-

2085 5027 2389 5098 rogaretur
2408 5039 2586 5096 quare
2608 5023 2765 5079 hunc
2785 5023 3005 5080 diceret
3025 5041 3378 5098 sermonem,
3406 5043 3743 5102 congruum

2086 5114 2246 5170 dedit
2279 5128 2665 5186 responsum:
2704 5112 2914 5182 Filioli,
2947 5114 3086 5186 quia
3117 5121 3473 5188 praeceptum
3504 5119 3746 5177 Domini

2083 5203 2196 5258 hoc
2227 5202 2595 5258 solummodo
2628 5200 2867 5268 sufﬁcit,
2899 5202 2948 5258 si
2981 5201 3314 5275 impleatur.

2157 5291 2304 5363 (990)
2339 5291 2528 5347 Videte
2580 5290 2838 5362 qualibus
2899 5291 3117 5360 litteris,
3165 5297 3274 5348 etc.
3324 5294 3414 5349 Ab
3431 5291 3550 5352 hoc
3577 5299 3734 5354 enim

2045 5389 2736 5472 "perfectionisuapicem
2771 5396 2963 5472 _divus
3022 5398 3410 5472 Hieronymus
3467 5401 3530 5458 in
3584 5403 3739 5462 hanc

2082 5467 2403 5551 Epifttolam
2435 5467 2738 5551 allegorice
2769 5467 3204 5551 interpretatur.

2336 5542 2399 5623 in
2431 5539 2623 5623 auto'g.
2661 5556 2844 5613 marg.
2864 5539 3216 5623 ‘hic‘legitur
3243 5539 3660 5623 cap._)_(_§§_l_ll.

2334 5615 2398 5692 in
2430 5607 2624 5692 autog.
2656 5607 2841 5685 marg.
2864 5611 2959 5692 bic
2978 5607 3192 5692 legitur
3209 5607 3339 5690 cap'.
3369 5607 3623 5692 xgggy.

2333 5683 2396 5740 In
2421 5673 2621 5760 (autog.
2655 5673 2836 5755 marg.
2872 5683 2968 5742 hic
2997 5673 3209 5758 legitur
3245 5673 3374 5759 cap.
3406 5673 3621 5746 XXXV.
