3990 6224
242 368 364 429 545

814 364 1227 426 EXPOSITIO
1273 364 1350 425 IN
1398 367 1825 430 EPISTOLAS
1876 372 2227 433 PAULL—
2256 373 2332 432 IN
2381 375 2627 435 EPIST.
2674 377 2777 435 AD
2824 377 3096 439 EPHES.

3542 386 3659 445 546

248 502 382 558 loco
403 514 592 571 usque
612 498 688 553 ad
725 497 903 552 finem
928 495 1052 551 suis
1083 495 1357 552 manibus
1384 497 1617 570 scripsit
1639 514 1705 555 ea
1727 500 1908 556 inten-
1938 504 1991 571 Α
2022 505 2261 571 mundo,
2288 511 2343 561 et
2366 510 2632 561 mortuus
2654 511 2743 562 est
2767 508 2883 563 illis
2905 511 3183 565 mundus.
3202 516 3276 566 De
3301 512 3514 570 talibus
3537 522 3657 571 erat

251 592 431 654 tione,
463 588 605 659 quia
636 584 907 641 nonnulli
946 588 1111 639 erant
1157 585 1254 655 qui
1310 586 1577 641 dicebant
1624 604 1756 644 eum
1793 608 1906 646 non

247 695 453 734 verum
504 691 636 731 esse
687 672 1041 746 apostolum,
1087 673 1226 743 quia
1282 673 1502 741 Petrus,
1550 676 1803 732 Jacobus
1852 682 1910 733 et

243 767 505 824 Joannes
525 763 845 820 carnaliter
860 760 1366 817 circumcisionem
1387 764 1702 835 praedicant
1721 772 1776 821 et
1794 784 1909 822 ser-

248 861 411 920 vant,
445 859 501 910 et
546 851 769 909 Paulus
819 867 995 906 suum
1037 849 1392 921 discipulum
1435 852 1819 925 circumcidit,
1854 859 1909 909 ct

249 961 387 1000 cum
440 942 661 999 Judaeis
713 957 775 995 se
830 940 887 994 in
940 937 1157 1010 templo
1209 940 1555 1010 puriﬁcavit.
1591 942 1706 997 Isto
1752 944 1906 998 enim

251 1051 371 1089 uno
424 1033 663 1087 fuerunt
717 1028 799 1084 illi
851 1028 1114 1098 decepti;
1167 1032 1222 1082 et
1273 1028 1381 1083 hoc
1431 1030 1651 1085 crimen
1709 1031 1908 1087 volens

252 1122 354 1176 ille
386 1126 633 1192 tergere,
666 1117 940 1172 manibus
974 1116 1098 1171 suis
1129 1115 1366 1183 scribit;
1400 1122 1455 1171 et
1500 1118 1750 1173 maxime
1790 1120 1907 1174 illis

256 1209 561 1267 scribebat
608 1206 878 1261 manibus
925 1203 1070 1269 suis,
1103 1204 1256 1259 inter
1303 1222 1448 1277 quos
1499 1214 1735 1262 noverat
1782 1225 1908 1263 esse

263 1299 421 1354 tales
453 1296 550 1370 qui
580 1300 774 1351 contra
805 1292 1107 1348 veritatem
1158 1298 1213 1347 et
1261 1294 1585 1349 doctrinam
1629 1295 1787 1351 illius
1819 1296 1905 1351 di-

264 1387 575 1443 micarent.
608 1384 733 1439 Sive
782 1382 934 1453 ideo,
968 1389 1030 1437 ut
1074 1398 1241 1437 suam
1274 1382 1676 1439 auctoritatem
1709 1390 1908 1440 osten-

259 1478 428 1532 deret
473 1480 529 1529 et
575 1472 973 1527 manifestaret
1018 1487 1081 1526 se
1129 1487 1267 1526 suos
1321 1472 1735 1529 obtrectatores
1793 1490 1908 1529 non

256 1565 491 1630 timere,
524 1562 692 1634 quasi
743 1560 959 1615 diceret
994 1576 1005 1615 :
1058 1560 1103 1614 Ο
1149 1576 1255 1615 vos
1305 1559 1539 1631 Galatae,
1573 1562 1633 1616 in
1672 1561 1781 1618 hoc
1812 1579 1907 1617 co-

255 1667 539 1726 gnoscere
561 1648 813 1723 potestis
836 1648 973 1719 quia
1002 1664 1139 1721 ergo
1172 1664 1332 1703 meos
1354 1649 1767 1705 obtrectatores
1795 1667 1909 1706 non

256 1742 461 1812 timeo,
503 1756 637 1795 cum
672 1738 947 1793 manibus
979 1738 1124 1793 meis
1158 1736 1378 1792 litteras
1412 1738 1638 1809 scripsi.

335 1831 654 1899 Quicunque
683 1826 894 1893 volunt,
928 1831 1036 1881 etc.
1094 1827 1153 1880 In
1201 1842 1385 1891 carne,
1419 1842 1593 1897 quam
1629 1826 1789 1897 dicit,
1821 1826 1909 1882 vel

260 1918 527 1976 carnales
546 1916 806 1985 Judaeos,
828 1913 915 1969 vel
938 1911 1258 1985 quemlibet
1278 1914 1593 1983 carnalem,
1616 1914 1704 1970 vel
1734 1917 1907 1971 etiam

258 2006 521 2064 carnalia
540 2005 680 2060 vitia
706 2003 853 2075 (991)
881 2001 1199 2074 intelligere
1222 2019 1557 2074 possumus.
1592 2005 1819 2058 Tantum
1851 2008 1910 2059 ut

254 2099 438 2152 crucis
461 2095 688 2160 Christi,
709 2096 817 2147 etc.
841 2091 1170 2147 Notandum
1196 2092 1336 2162 quia
1362 2091 1534 2147 Caius
1557 2092 1702 2164 (992)
1726 2096 1912 2147 Caesar

257 2194 319 2243 et
340 2184 691 2241 Octavianus
711 2184 1035 2254 Augustus,
1050 2184 1105 2235 et
1126 2197 1429 2236 successor
1450 2180 1907 2250 illiusTiberius,

260 2274 522 2348 publicis
542 2272 771 2345 legibus
796 2269 1173 2325 instituerunt
1191 2274 1254 2323 ut
1280 2270 1337 2324 in
1361 2275 1479 2324 toto
1498 2271 1634 2324 orbe
1650 2271 1909 2324 Romano

261 2363 462 2419 Judaei
484 2359 729 2433 propriis
749 2357 979 2431 legibus
1006 2361 1337 2423 uterentur;
1366 2361 1421 2413 et
1450 2357 1578 2412 ideo
1611 2359 1909 2412 credentes

266 2450 545 2508 nonnulli
569 2449 638 2505 ad
661 2447 1160 2504 circumcisionem
1185 2447 1532 2512 transibant,
1559 2463 1628 2501 ne
1660 2447 1911 2501 scanda-

262 2542 396 2596 lum
419 2537 606 2594 crucis
631 2541 983 2609 paterentur.
1008 2536 1186 2609 Neque
1212 2538 1360 2592 enim
1389 2537 1486 2608 qui
1506 2536 1908 2590 circumcidun-

254 2639 377 2695 tur,
411 2635 542 2699 etc.,
567 2627 733 2698 quasi
765 2626 1017 2680 diceret:
1054 2624 1177 2681 Non
1210 2624 1336 2679 ideo
1367 2624 1796 2679 circumcidunt
1823 2640 1907 2694 se,

255 2724 327 2773 ut
350 2717 538 2789 legem
562 2714 915 2783 custodiant,
940 2712 1079 2784 quia
1098 2712 1188 2767 lex
1209 2712 1521 2768 carnaliter
1542 2712 1769 2784 impleri
1796 2730 1908 2768 non

256 2810 485 2880 potest;
522 2802 864 2876 spiritaliter
890 2808 1085 2857 autem
1110 2800 1318 2856 nolunt
1340 2801 1682 2874 intelligere,
1709 2807 1772 2855 ut
1798 2801 1909 2856 im-

258 2895 479 2968 pleant.
506 2893 607 2949 Sed
628 2893 820 2948 volunt
842 2906 930 2947 vos
950 2890 1293 2960 circumcidi,
1317 2897 1426 2945 etc.
1457 2891 1633 2956 Quasi
1657 2891 1907 2945 diceret:

257 2986 394 3041 Ideo
426 2987 644 3057 cogunt
672 2998 775 3036 vos
805 2979 1166 3047 circumcidi,
1203 2984 1265 3033 ut
1294 2980 1364 3034 de
1405 2979 1569 3052 signo
1603 2980 1910 3034 circumci-

262 3072 449 3129 sionis
480 3073 539 3127 in
570 3069 860 3145 pudendis
894 3068 1173 3124 membris
1203 3068 1540 3141 glorientur.
1575 3069 1644 3123 Et
1681 3067 1795 3123 tale
1823 3072 1913 3123 est

267 3164 379 3218 hoc
403 3160 570 3233 quale
593 3160 651 3216 in
670 3157 927 3230 Epistola
948 3158 1018 3213 ad
1043 3158 1355 3225 Romanos,
1382 3158 1480 3212 ubi
1503 3157 1717 3228 legitur
1739 3175 1751 3212 :
1778 3158 1913 3224 Quo-

2019 593 2353 663 Apostolus.

2088 684 2147 736 ln
2181 682 2390 737 Christo
2428 686 2579 737 enim
2619 686 2765 739 Jesu.
2803 688 2862 741 In
2912 687 3018 743 hoc
3068 688 3192 744 loco
3242 698 3436 761 aperte
3484 710 3654 749 suam

2017 772 2273 825 ostendit
2303 771 2703 837 intentionem,
2739 776 2905 845 quasi
2956 778 3172 832 diceret
3204 796 3216 831 ε
3270 781 3385 849 Ego
3416 782 3654 847 Paulus,

2018 859 2114 928 qui
2165 860 2438 929 superius
2486 861 2776 928 dictando,
2821 864 2999 918 altero
3047 866 3324 937 scibente,
3362 870 3498 933 dixi,
3532 871 3654 942 ipse

2018 947 2290 1002 manibus
2314 948 2458 1001 meis
2481 948 2689 1015 scribo,
2709 955 2771 1003 ut
2791 954 3152 1023 cognoscatis
3176 972 3265 1009 me
3289 973 3447 1011 meos
3469 961 3656 1015 obtre-

2018 1038 2263 1090 ctatores
2296 1053 2411 1090 non
2442 1037 2666 1091 timere.
2701 1040 2861 1102 Quod
2896 1057 3027 1095 vero
3068 1043 3206 1096 dicit
3238 1060 3251 1099 :
3307 1046 3491 1116 Neque
3542 1051 3654 1103 cir-

2016 1125 2276 1177 cumcisio
2308 1126 2467 1192 valet,
2502 1132 2630 1192 etc.,
2664 1128 2815 1180 sicut
2844 1131 3114 1197 superius
3143 1149 3154 1196 ;
3191 1148 3393 1186 novam
3426 1142 3655 1190 creatu-

2018 1227 2139 1264 ram
2160 1211 2412 1281 appellat
2434 1213 2888 1267 ecclesiasticum
2915 1219 3190 1287 pepulum
3216 1236 3315 1289 per
3332 1238 3657 1278 sacramen-

2017 1303 2141 1352 tum
2164 1299 2443 1369 baptismi
2473 1309 2830 1356 renovatum.
2858 1304 2966 1357 Sed
3000 1310 3137 1361 tunc
3168 1308 3315 1363 valet
3338 1310 3455 1365 haec
3490 1330 3654 1368 reno-

2016 1387 2191 1453 vatio,
2214 1387 2265 1441 si
2296 1388 2448 1457 quod
2474 1390 2805 1459 promiserit
2829 1398 3021 1447 servat
3046 1419 3059 1459 ;
3093 1412 3226 1450 nam
3255 1398 3301 1451 si
3329 1404 3652 1470 recesserit,

2018 1475 2075 1529 in
2107 1475 2214 1530 hac
2245 1477 2611 1532 renovatione
2643 1496 2755 1533 non
2788 1481 3136 1535 continetur.

2087 1566 2152 1618 Et
2175 1566 2482 1636 quicunque
2504 1566 2645 1620 hanc
2667 1569 2935 1637 regulam,
2961 1575 3067 1623 etc.
3094 1572 3239 1626 Nota
3260 1574 3396 1644 quia
3417 1579 3658 1648 Aposto-

2018 1653 2112 1707 lus
2130 1658 2315 1707 totum
2335 1654 2404 1707 ad
2428 1656 2687 1726 regulam
2706 1656 2922 1727 dirigit,
2942 1663 3004 1711 ut
3025 1659 3072 1713 si
3090 1659 3310 1731 aliquid
3329 1668 3656 1722 tortuosum

2018 1740 2106 1795 vel
2131 1757 2461 1811 perversum
2488 1745 2679 1809 fuerit,
2697 1746 2939 1799 auferat.
2958 1751 3101 1801 Nam
3127 1750 3385 1818 regulam
3406 1754 3659 1825 appellat

2019 1830 2344 1884 doctrinam
2368 1832 2777 1901 apostolicam;
2805 1840 2861 1887 et
2884 1835 2939 1888 in
2972 1835 3080 1890 hoc
3106 1853 3326 1909 magnae
3349 1844 3656 1897 auctorita-

2019 1918 2095 1972 tis
2125 1935 2254 1973 esse
2284 1920 2629 1985 ostenditur,
2665 1938 2796 1975 cum
2830 1922 2970 1977 dicit
2996 1940 3007 1975 :
3044 1926 3149 1991 Qui
3179 1927 3317 1981 hanc
3346 1930 3660 1986 doctrinam

2017 2009 2227 2078 fuerint
2255 2011 2444 2077 secuti,
2476 2012 2545 2062 sit
2594 2025 2755 2079 super
2794 2011 2915 2064 illos
2953 2029 3083 2081 pax,
3114 2020 3221 2068 etc.
3259 2016 3371 2070 Pax
3402 2024 3509 2082 est,
3544 2036 3660 2090 qua

2021 2095 2591 2152 reconciliamurDeo
2610 2122 2622 2163 ;
2642 2098 3039 2153 misericordia
3062 2107 3168 2167 est,
3185 2119 3301 2172 qua
3323 2114 3556 2174 peccata
3578 2124 3661 2162 re-

2021 2183 2307 2240 laxantur.
2324 2186 2497 2256 Super
2519 2188 2685 2241 Israel
2701 2188 2797 2241 Dei
2818 2188 2979 2253 dicit,
2995 2190 3063 2243 ad
3092 2191 3517 2248 distinctionem
3540 2212 3663 2251 car-

2021 2274 2171 2327 nalis
2198 2274 2394 2339 Israel,
2426 2292 2559 2328 nam
2591 2280 2681 2330 est
2705 2276 2898 2341 Israel,
2928 2295 3040 2331 non
3068 2278 3205 2345 Dei;
3244 2282 3395 2335 unde
3427 2284 3483 2336 in
3509 2287 3659 2355 Apo-

2020 2362 2233 2433 calypsi
2266 2380 2277 2415 :
2314 2365 2417 2430 Qui
2444 2364 2628 2418 dicunt
2656 2381 2714 2419 se
2739 2366 2951 2420 Iudaeos
2977 2383 3109 2432 esse,
3133 2374 3239 2421 etc.
3266 2372 3448 2441 (Apoc.
3487 2390 3545 2440 ιι,
3580 2374 3657 2442 9).

2091 2452 2237 2521 (995)
2270 2453 2344 2505 De
2386 2462 2601 2518 cetera,
2646 2458 2796 2519 etc.;
2838 2455 3003 2523 quasi
3038 2454 3255 2511 diceret
3292 2475 3303 2510 :
3355 2461 3663 2516 Manifesta

2021 2539 2482 2609 veritate,nullus
2500 2558 2592 2596 me
2609 2543 2678 2595 ad
2699 2542 3150 2612 disputationem
3170 2550 3527 2616 provocet.Et
3548 2551 3662 2605 tale

2020 2634 2109 2683 est
2134 2628 2241 2684 hoc
2264 2630 2433 2699 quale
2464 2630 2519 2683 in
2546 2630 2801 2701 Epistola
2826 2633 2895 2685 ad
2923 2632 3282 2690 Corinthios:
3319 2637 3378 2690 Si
3398 2640 3519 2709 quis
3540 2656 3665 2694 con-

2018 2719 2281 2772 tentiosus
2302 2726 2379 2773 est
2400 2720 2540 2773 inter
2560 2734 2647 2773 vos
2667 2720 2840 2787 (lCor.
2857 2738 2931 2785 xu,
2951 2723 3057 2790 16).
3078 2723 3236 2778 Unde
3253 2724 3427 2779 etiam
3454 2727 3665 2783 melius

2021 2807 2077 2859 in
2111 2806 2303 2861 Graeco
2333 2806 2581 2861 habetur
2614 2826 2625 2862 :
2660 2808 2825 2863 Nemo
2861 2810 2999 2863 mihi
3031 2810 3269 2866 laborem
3300 2816 3533 2883 ingerat.

2090 2896 2196 2965 Ego
2228 2897 2377 2949 enim
2404 2898 2687 2962 stigmata,
2720 2901 2825 2951 etc.
2864 2898 3012 2952 Nota
3041 2900 3180 2969 quia
3208 2904 3469 2969 stigmata
3500 2905 3662 2975 dicit,

2022 3000 2134 3037 non
2152 2985 2651 3050 circumcisionem;
2677 2988 2733 3038 et
2752 2986 2875 3039 Jesu
2898 2985 3059 3053 dicit,
3076 3005 3188 3043 non
3212 2990 3345 3059 legis
3366 2992 3435 3045 sti
3443 2998 3660 3062 gmata,

2022 3088 2275 3142 namque
2323 3078 2462 3127 sunt
2512 3079 2655 3127 notae
2687 3074 2835 3143 (99(3)
2886 3090 3210 3143 poenarum,
3246 3080 3459 3147 quibus
3512 3083 3663 3136 servi

2023 3160 2391 3214 denotantur.
2416 3161 2699 3229 Stigmata
2727 3160 2785 3214 in
2816 3177 3053 3231 corpore
3086 3180 3191 3217 suo
3222 3166 3474 3235 appellat
3506 3168 3662 3239 peri-

267 3268 390 3308 rum
583 3228 773 3305 venter
802 3256 898 3314 est,
923 3252 1055 3314 etc.,
1080 3246 1227 3319 (993)
1259 3246 1601 3301 Gaudebant
1630 3245 1782 3303 enim
1817 3244 1910 3299 isti
1944 3228 1986 3293 C
2026 3247 2156 3302 cula
2177 3228 2933 3318 carcerumilapidationes,‘
2950 3255 3006 3303 et
3026 3228 3349 3323 naufragia,
3374 3259 3428 3308 et
3456 3228 3661 3315 caetera

268 3360 331 3399 se
362 3339 581 3397 multos
602 3339 816 3396 habere
844 3336 1182 3409 discipulos.
1208 3335 1349 3390 Nam
1379 3352 1493 3407 qua
1524 3335 1797 3390 aviditate
1830 3333 1914 3388 illi

267 3430 489 3487 vellent
509 3430 581 3484 ad
615 3426 1113 3483 circumcisionem
1143 3425 1390 3491 trahere,
1421 3425 1704 3479 Dominus
1728 3425 1912 3477 mani-

269 3521 470 3584 festat,
503 3519 695 3573 dicens
732 3534 743 3572 ε
801 3517 883 3571 Vae
928 3515 1098 3585 vobis,
1146 3514 1349 3569 Scriba
1398 3522 1448 3568 et
1492 3512 1783 3583 Pharisaei,
1818 3513 1916 3583 qui

266 3609 526 3664 circuitis
553 3622 700 3662 mare
751 3610 801 3659 et
847 3604 1084 3671 aridam,
1116 3606 1175 3657 ut
1204 3602 1427 3675 faciatis
1473 3619 1645 3656 unum
1671 3602 1912 3673 prosely-

263 3708 407 3764 tum,
433 3701 541 3752 etc.
561 3694 766 3767 (Matth.
784 3710 944 3762 χχιιι,
970 3694 1077 3762 15).
1099 3691 1163 3745 Et
1186 3691 1232 3746 si
1256 3690 1551 3745 habebant
1575 3691 1910 3746 aviditatem

261 3803 452 3844 unum
472 3784 762 3853 trahendi,
790 3782 972 3837 multo
998 3780 1183 3853 magis
1209 3784 1387 3834 totam
1417 3779 1771 3850 provinciam
1801 3781 1910 3834 Ga-

259 3876 488 3931 latium.

332 3965 481 4036 (994)
511 3963 650 4018 Mihi
676 3969 861 4017 autem
890 3960 1055 4027 absit,
1090 3961 1196 4013 etc.
1225 3956 1545 4029 Distinguit
1574 3957 1730 4012 enim
1756 3958 1904 4028 Apo-

262 4054 450 4111 stolus
485 4068 655 4108 suam
705 4049 1113 4122 gloriationem
1160 4050 1217 4102 et
1264 4046 1499 4101 illorum
1550 4046 1644 4100 his
1692 4045 1903 4111 verbis,

258 4143 427 4215 quasi
456 4141 710 4197 diceret:
747 4138 833 4193 Illi
858 4139 913 4192 in
952 4136 1395 4191 circumcisione
1421 4135 1766 4206 gloriantur,
1800 4151 1904 4206 ego

256 4232 317 4288 in
349 4248 519 4288 cruce
545 4248 558 4297 ;
594 4233 657 4284 ut
687 4227 834 4282 illud
860 4242 872 4281 :
907 4226 1063 4281 Ibant
1089 4224 1383 4294 gaudentes
1405 4226 1543 4294 (Act.
1577 4240 1628 4289 ν,
1658 4224 1767 4294 l11),
1792 4229 1901 4279 etc.

258 4323 327 4377 Et
353 4321 413 4375 in
446 4320 619 4389 cujus
648 4331 819 4372 cruce
850 4314 1188 4369 manifestat
1217 4312 1416 4366 dicens
1450 4329 1462 4365 :
1512 4314 1575 4366 In
1612 4328 1769 4366 cruce
1799 4313 1903 4368 Do-

255 4412 419 4466 mini.
453 4407 791 4463 Notandum
842 4403 997 4459 enim
1050 4402 1191 4473 quia
1241 4406 1382 4456 sunt
1432 4401 1531 4471 qui
1574 4401 1905 4456 moriuntur

322 4525 474 4599 (991)
509 4523 748 4599 Legitur
776 4520 837 4599 in
870 4520 994 4575 cod.
1019 4536 1031 4574 :
1057 4518 1389 4599 carnalibus
1418 4517 1587 4599 vitiis.
1623 4516 1899 4599 Deditum,

248 4588 339 4653 vel
369 4588 937 4652 deditosaddendum
972 4594 1294 4662 putassem,
1318 4588 1430 4642 nisi
1456 4590 1581 4656 jam
1614 4588 1896 4655 carnales,
1931 4595 1974 4657 Π

249 4670 384 4735 hoc,
410 4674 475 4723 ut
502 4684 651 4731 reor,
685 4681 864 4723 sensu
896 4662 1276 4718 nominasset.
1310 4662 1670 4731 Quapropter
1698 4677 1893 4716 emen-

252 4740 512 4794 dandum
542 4737 767 4793 censui.

320 4810 476 4883 (992)
506 4810 684 4865 Divus
716 4807 972 4883 Hieron"
1008 4804 1191 4883 Caius.

314 4873 464 4955 (993)
496 4883 718 4955 Textus
750 4878 845 4955 hic
870 4893 989 4955 non
1022 4877 1081 4930 in
1125 4875 1311 4955 talpis}.
1338 4874 1441 4955 ad__
1464 4873 1653 4955 Rom.,
1687 4874 1787 4955 sed
1824 4874 1893 4955 “in

236 4945 337 5012 illa
366 4945 453 5013 ad,
475 4954 739 5023 Philipp.
772 4949 987 5019 legitur
1015 4945 1220 5023 111,19.
1256 4945 1893 5023 Similisautem__huic,

230 5035 287 5086 et
319 5030 391 5086 ad
427 5044 557 5084 rem
592 5017 861 5080 nostram
891 5036 1053 5090 aeque
1086 5018 1299 5073 faciens
1332 5017 1580 5090 habetur
1619 5018 1677 5070 in
1711 5017 1890 5087 Epist.

224 5103 296 5159 ad
331 5103 509 5159 Rom.
544 5112 667 5165 xvx,
703 5093 791 5160 18,
838 5091 917 5145 ibi
953 5089 974 5146 ξ
1019 5090 1227 5146 Christo
1278 5089 1507 5143 Domino
1558 5092 1740 5143 nostra
1785 5104 1896 5144 non

2026 3354 2151 3407 qua:
2185 3337 2241 3389 in
2275 3334 2535 3406 catalogo
2565 3336 2795 3391 virtutis
2827 3335 2985 3391 illius
3019 3346 3348 3395 narrantur.

2095 3424 2304 3491 Gratia,
2349 3429 2457 3478 etc.
2490 3424 2615 3478 Non
2662 3424 2795 3493 legis
2841 3424 3000 3491 dicit,
3033 3427 3131 3480 sed
3165 3428 3426 3491 Domini;
3457 3435 3514 3486 et
3542 3449 3659 3490 non

2021 3530 2143 3567 cum
2197 3529 2379 3579 carne,
2431 3512 2532 3566 sed
2584 3528 2709 3566 cum
2756 3514 2961 3583 spiritu
3016 3514 3196 3582 dicit;
3254 3522 3310 3571 et
3366 3536 3478 3574 non
3528 3521 3657 3591 qui-

2024 3602 2386 3671 buscunque,
2421 3601 2516 3655 sed
2554 3601 2866 3667 fratribus;
2902 3607 2959 3656 et
2988 3618 3103 3657 non
3135 3604 3287 3671 aliis,
3321 3608 3422 3662 sed
3464 3609 3655 3667 veris:

2022 3690 2177 3753 quod
2210 3695 2297 3745 est
2324 3706 2483 3744 amen
2508 3711 2526 3752 .-
2556 3707 2693 3744 nam
2732 3708 2890 3745 amen
2930 3692 3341 3763 interpretatur
3368 3714 3510 3765 vere,
3542 3698 3661 3755 sive

2020 3779 2285 3835 ﬁdeliter.
2311 3780 2426 3835 Isto
2448 3796 2715 3835 sermone
2736 3781 3048 3852 Apostolus
3073 3800 3238 3839 suam
3264 3788 3660 3845 narrationem

2019 3868 2404 3939 confirmavit,
2427 3868 2604 3924 veluti
2633 3869 2918 3925 Dominus
2941 3872 2999 3926 in
3027 3871 3213 3928 Veteri
3247 3875 3617 3933 Testamento
3644 3895 3659 3935 :

2025 3958 2147 4013 Vivo
2168 3975 2284 4028 ego,
2312 3957 2443 4012 dicit
2476 3960 2738 4012 Dominus
2770 3959 2954 4026 (Num.
2980 3978 3091 4025 xw,
3116 3963 3241 4029 28);
3275 3969 3330 4017 et
3360 3965 3418 4018 in
3452 3966 3608 4020 Novo
3641 3982 3655 4021 :

2016 4047 2201 4102 Amem
2222 4063 2379 4101 amen
2400 4047 2519 4101 dico
2541 4048 2687 4102 vobis
2709 4049 2886 4113 (Joan.
2922 4067 2959 4115 ι,
2988 4050 3100 4117 51).
3128 4050 3409 4106 Similiter
3441 4060 3496 4107 et
3525 4054 3655 4112 iste.

2016 4136 2083 4188 Et
2115 4135 2268 4205 quod
2299 4151 2401 4205 pro
2423 4152 2547 4189 vere
2571 4140 2843 4204 ponatur,
2868 4136 2926 4190 in
2951 4137 3208 4206 Epistola
3232 4140 3302 4192 ad
3328 4141 3657 4199 Corinthios

2014 4223 2092 4276 ibi
2128 4224 2275 4292 (997)
2328 4222 2513 4277 dicit:
2559 4224 2829 4289 Quomodo
2879 4224 3022 4278 dicet
3071 4242 3231 4281 amen
3285 4244 3450 4296 super
3502 4233 3657 4287 tuam

2013 4310 2438 4366 benedictionem
2459 4316 2483 4364 Ρ

2394 4400 2632 4470 Explicit
2663 4400 2899 4470 Epistola
2930 4401 3000 4456 ad
3032 4402 3269 4458 Galatas.

2010 4519 2271 4577 serviunt.
2305 4517 2395 4571 sed
2424 4531 2522 4570 suo
2550 4517 2745 4570 ventri.
3266 4552 3271 4556 -

2097 4590 2223 4657 994)
2258 4589 2317 4661 In
2352 4594 2547 4657 autog.
2583 4604 2765 4658 marg.
2802 4588 2894 4661 hic
2926 4588 3136 4661 legitur
3165 4606 3288 4661 cap.
3324 4590 3565 4647 XXXVI.

2098 4662 2225 4726 995)
2257 4660 2318 4714 In
2352 4665 2547 4730 autog.
2584 4676 2767 4730 marg.
2805 4659 2897 4733 hic
2931 4659 3143 4731 legitur
3174 4659 3297 4733 cap.
3332 4664 3602 4720 XXXVII.

2074 4733 2219 4805 (996)
2258 4734 2312 4785 In
2347 4735 2472 4805 cod.
2506 4732 2751 4801 legitur:
2788 4732 2917 4805 nodi
2940 4732 3257 4802 plenarum,
3279 4735 3475 4805 quibus
3504 4738 3651 4792 servi

2002 4803 2364 4879 denodantur.
2396 4803 2608 4879 Beatus
2633 4802 2994 4879 Augustinus
3026 4820 3156 4858 vero
3191 4804 3247 4879 in
3284 4802 3431 4861 hanc
3465 4808 3645 4879 Epist.

2004 4875 2085 4929 ait
2109 4891 2120 4927 :
2156 4876 2426 4944 Stigmata
2454 4876 2601 4929 enim
2632 4875 2891 4928 dicuntur
2920 4884 3057 4930 notze
3088 4877 3341 4947 quietiam
3365 4875 3649 4947 pcendrum

2003 4948 2463 5013 servilium,etc.;
2491 4947 2738 5016 ideoque
2761 4952 2979 5001 textum
3006 4947 3065 5001 in
3088 4951 3214 5003 cod.
3245 4958 3439 5006 nostro
3458 4968 3651 5008 emen-

2005 5018 2263 5072 dandum
2298 5020 2655 5072 censuimus.

2076 5088 2222 5159 (997)
2256 5088 2518 5143 Fortasse
2548 5088 2711 5156 idem,
2745 5089 2831 5143 vel
2866 5089 2939 5144 id.
2974 5094 2995 5142 Ι
3037 5091 3164 5145 Cor.
3198 5109 3314 5158 xxv,
3350 5094 3432 5147 16.

777 5323 1239 5420 INCIPIT
1307 5323 1437 5415 IN
1507 5320 2214 5415 EPISTOLAM
2282 5320 2447 5409 AD
2508 5319 3121 5415 EPHESIOS

1742 5492 2162 5511 ﬂ

803 5568 1339 5631 ARGUMENTUM.

282 5672 537 5755 Ephesii
579 5670 731 5731 sunt
759 5664 975 5723 Asiani.
1010 5662 1100 5735 Hi,
1134 5663 1372 5733 accepto
1404 5659 1576 5716 verbo
1606 5657 1889 5731 veritatis,

2004 5565 2387 5639 perstiterunt
2414 5563 2473 5619 in
2505 5565 2637 5622 ﬁde.
2673 5565 2789 5622 Hos
2820 5568 3111 5625 collaudat
3147 5569 3483 5642 Apostolus,
3509 5574 3653 5630 scri-

2003 5657 2149 5713 bens
2199 5653 2284 5712 eis
2327 5653 2511 5714 Roma
2542 5656 2613 5717 de
2644 5671 2891 5715 carcere.
2926 5657 3139 5716 Ferunt
3172 5656 3459 5732 nonnulli,
3497 5663 3652 5739 quod
