3978 6210
294 367 408 427 547

1318 336 1653 404 ATTONIS
1695 328 2287 399 VEBCELLENSIS
2331 320 2679 390 EPISCOPI

3582 304 3713 382 5'43

292 494 365 553 ab
397 494 508 551 alio
554 488 847 564 praedicati
903 486 973 540 ab
1026 477 1303 553 Apostolo
1336 478 1476 564 sunt
1504 468 1779 528 roborati.
1811 466 1935 564 lion
1967 465 2023 532 Α
2050 461 2341 564 locusiste
2357 459 2668 532 dupliciter
2686 457 2799 530 legi
2821 458 3032 530 potest,
3053 454 3259 527 utjam
3277 451 3712 511 adCorinthios

293 554 672 651 deerunt.qui
704 578 920 637 dicant,
945 570 1099 642 quod
1134 568 1206 621 ab
1231 562 1508 636 Apostolo
1537 561 1779 615 verbum
1806 554 1940 609 ﬁdei

293 674 550 746 primum
584 641 1109 740 perceperint.Sed
1142 654 1436 727 quomodo
1470 667 1564 705 res
1594 665 1655 704 se
1684 641 1941 702 habeat?

293 737 711 817 Verumtamen
735 751 1059 814 sciendum,
1085 743 1239 816 quod
1264 748 1380 796 tam
1409 757 1478 795 ex
1495 737 1734 797 Judaais,
1759 748 1936 804 quam

294 867 361 906 ex
382 846 654 921 gentibus
676 839 1056 897 crediderant.
1082 831 1244 888 Unde
1268 829 1521 901 primum
1544 825 1778 881 Judaeos
1798 820 1939 876 allo-

294 909 516 1010 quitur,
537 946 829 1003 exponens
857 925 940 981 eis
961 921 1175 978 Christi
1211 918 1601 979 sacramenta,
1629 913 1686 967 id
1718 915 1826 971 est,
1849 909 1939 962 in-

295 1001 670 1089 carnationis,
684 1024 741 1072 et
756 1015 996 1085 reliqua.
1020 1010 1234 1066 Deinde
1253 1004 1609 1062 convertitur
1626 1001 1694 1055 ad
1714 1002 1937 1071 gentes,

294 1119 351 1169 et
381 1085 665 1166 hortatur
706 1121 826 1169 eos,
858 1118 930 1157 ne
995 1099 1178 1155 tantis
1227 1092 1525 1150 beneﬁciis
1555 1089 1671 1145 sint
1702 1085 1935 1158 ingrati.

294 1198 672 1257 Postmodum
697 1189 1087 1248 communiter
1107 1189 1190 1242 eis
1218 1183 1398 1239 tradit
1421 1177 1769 1236 muralitatis
1791 1174 1937 1245 (998)

292 1291 597 1361 praecepta,
620 1300 749 1354 quae
783 1295 898 1335 non
934 1276 1125 1332 solum
1159 1273 1297 1339 illis,
1327 1271 1423 1326 sed
1458 1268 1632 1324 etiam
1664 1264 1939 1321 omnibus

293 1352 1019 1448 congruunt'Christianis.
1050 1368 1206 1418 Inter
1227 1377 1350 1432 qua:
1373 1361 1558 1423 docet,
1583 1355 1724 1426 quid
1752 1352 1936 1407 domi-

294 1483 402 1521 nos
450 1468 505 1519 et
556 1476 774 1526 servos,
818 1460 1010 1529 patres
1063 1458 1119 1507 et
1168 1450 1340 1518 ﬁlios,
1382 1448 1537 1502 viros
1589 1449 1645 1500 et
1692 1442 1940 1497 feminas

298 1556 561 1625 oporteat
589 1565 778 1622 agere.
810 1552 1054 1599 Summa
1081 1556 1213 1596 vero
1262 1539 1320 1593 in
1370 1533 1655 1609 principio
1686 1532 1800 1586 ista
1829 1534 1936 1595 est,

298 1618 365 1700 ut
413 1618 684 1697 ostendat
730 1634 1026 1691 Christum
1073 1634 1207 1685 ante
1239 1626 1526 1682 mundum
1560 1622 1759 1686 fuisse,
1794 1623 1851 1674 et
1880 1618 1937 1672 in

296 1734 426 1805 ipso
448 1746 611 1802 spem
633 1742 761 1782 esse
782 1721 1109 1779 locandam.
1129 1723 1203 1772 De
1227 1712 1641 1777 admonitione,
1659 1707 1937 1780 quoniam

2052 552 2271 607 dictum
2305 553 2413 604 est.

2120 657 2437 729 Sequitur:
2475 655 2580 723 Qui
2600 652 2883 710 benedixit
2908 667 3025 722 nos,
3048 654 3157 708 etc.
3186 654 3265 710 De
3284 666 3375 719 eo,
3395 650 3553 723 quod
3581 666 3708 706 non

2051 748 2106 801 in
2145 763 2284 812 una,
2316 745 2417 800 sed
2449 744 2509 798 in
2536 742 2732 809 omni;
2765 742 2821 796 id
2854 745 2963 810 est,
2986 756 3101 796 non
3134 737 3477 812 aliquantis,
3500 737 3603 794 sed
3638 737 3705 794 in

2050 835 2364 900 omnibus;
2413 848 2517 888 nec
2558 832 2617 886 in
2650 830 2918 897 terrenis,
2952 829 3050 885 sed
3086 829 3145 884 in
3177 827 3566 901 spiritalibus.
3599 827 3711 883 Est

2048 930 2281 979 terrena
2310 921 2659 977 benedictio.
2692 918 3026 974 Benedictio
3068 921 3302 973 terrena
3349 920 3440 972 est
3485 916 3707 972 habere

2051 1011 2225 1077 ﬁlios,
2249 1011 2548 1066 abundare
2569 1008 2807 1073 divitiis,
2832 1007 3107 1075 sanitate,
3125 1010 3183 1060 et
3204 1004 3424 1061 honore
3444 1004 3709 1077 gaudere

2049 1103 2240 1168 (Leuit.
2275 1116 2424 1165 XXVI,
2456 1098 2533 1168 9),
2585 1114 2714 1168 quae
2762 1096 2822 1150 in
2869 1094 3017 1151 libro
3067 1093 3318 1149 Levitico
3370 1092 3706 1150 cultoribus

2050 1188 2197 1261 legis
2231 1187 2692 1259 promittuntur;
2725 1182 2781 1238 id
2815 1188 2923 1246 est.
2946 1182 3200 1239 externis
3230 1181 3509 1257 gentibus
3540 1181 3704 1238 fene-

2051 1293 2199 1343 rare,
2226 1276 2401 1348 plena
2420 1291 2547 1330 esse
2570 1273 2776 1328 horrea
2800 1273 3110 1337 frumento,
3135 1275 3242 1327 etc.
3265 1269 3435 1326 Tales
3467 1270 3706 1327 benedi-

2052 1366 2274 1420 ctiones
2304 1380 2417 1419 non
2451 1367 2588 1418 sunt
2619 1360 2912 1432 spiritales
2935 1406 2950 1430 ,
2983 1360 3140 1415 unde
3172 1376 3286 1415 non
3318 1359 3427 1415 has
3472 1358 3704 1414 habue-

2051 1458 2209 1519 runt,
2233 1453 2333 1524 qui
2360 1453 2417 1506 in
2447 1450 2698 1516 melotis,
2723 1449 2781 1503 in
2805 1447 3057 1521 pellibus
3079 1446 3338 1520 caprinis
3358 1451 3708 1503 erraverunt

2048 1542 2107 1597 in
2130 1546 2404 1614 egestate.
2429 1540 2486 1594 in
2510 1537 2828 1610 speluncis,
2850 1540 3289 1608 persecutorum
3312 1535 3569 1607 impetus
3599 1535 3701 1592 de-

2050 1631 2333 1687 clinantes
2363 1628 2542 1700 (Hebr.
2576 1644 2655 1693 x1,
2678 1627 2789 1695 37).
2814 1624 3162 1698 Spiritaliter
3189 1639 3326 1696 ergo
3357 1623 3703 1696 accipienda

2050 1724 2189 1774 sunt
2230 1718 2448 1782 omnia,
2480 1720 2537 1772 et
2584 1715 2878 1787 spiritalia
2924 1730 3039 1769 non
3087 1714 3147 1769 in
3197 1712 3469 1781 terrenis,
3501 1712 3605 1768 sed
3636 1713 3697 1767 in

302 1821 515 1885 omnis,
545 1816 640 1889 qui
665 1813 892 1888 proﬁcit
913 1826 1112 1872 sensu,
1140 1806 1312 1861 debet
1335 1808 1391 1858 et
1420 1816 1616 1856 amore
1639 1798 1935 1870 proﬁcere,

2063 1807 2381 1865 :mlestibus
2412 1811 2551 1859 sunt
2579 1802 2988 1876 exspectanda.

298 1885 622 1967 secundum
654 1885 797 1959 illud
824 1918 835 1957 :
875 1900 980 1968 Qui
1008 1897 1233 1969 apponit
1260 1892 1568 1959 scientiam,
1590 1889 1813 1959 apponit
1841 1885 1935 1939 do-

299 2002 472 2055 lorem
500 1995 647 2067 (999)
682 2009 693 2048 :
737 2006 910 2063 quem
942 1987 1200 2042 dolorem
1221 1983 1248 2037 ?
1282 1982 1375 2037 Uti
1408 1979 1642 2034 sibimet
1669 1975 1935 2045 indigne-

296 2094 411 2159 tur,
446 2063 623 2156 seque
652 2084 930 2141 coerceat,
957 2082 1133 2146 atque
1164 2071 1356 2127 doleat
1387 2068 1540 2140 quod
1573 2066 1629 2119 in
1662 2063 1936 2136 periculis

297 2174 494 2233 saeculi
526 2171 837 2228 detinetur.
869 2166 1014 2220 Cum
1045 2164 1165 2218 haec
1196 2157 1527 2215 necessaria
1572 2155 1694 2209 sint
1746 2152 1938 2207 homi-

296 2266 471 2320 nibus
492 2252 1129 2323 Christianis,maxime
1148 2254 1344 2303 tamen
1368 2247 1699 2315 congruunt
1723 2246 1935 2311 myste-

296 2354 382 2410 ria
408 2351 836 2421 Scripturarum
871 2336 1366 2413 perquirentibus.

819 2428 1079 2485 INCIPIT
1117 2422 1417 2480 TEXTUS.

372 2530 528 2601 (CAP.
582 2524 653 2590 1.)
702 2522 910 2575 Paulus
956 2514 1232 2587 apostolus
1279 2512 1492 2568 Christi
1538 2511 1684 2565 Iesu.
1740 2507 1819 2562 De
1871 2523 1937 2562 eo

301 2594 456 2691 quod
484 2612 666 2685 (1000)
700 2608 813 2664 tale
836 2605 972 2661 facit
1000 2601 1325 2665 exordium,
1348 2603 1413 2653 ut
1440 2602 1498 2653 et
1524 2596 1819 2653 Christum
1847 2594 1935 2648 in-

303 2684 588 2766 sinuet,et
607 2716 740 2755 eum
760 2713 821 2752 se
843 2691 1236 2763 evangelizare
1255 2687 1609 2751 manifestet,
1625 2690 1762 2739 nota
1783 2684 1936 2755 quod

299 2797 372 2853 ad
402 2795 697 2849 Romanos
740 2784 986 2840 scribit:
1038 2779 1247 2835 Paulus
1300 2791 1487 2831 servus
1539 2773 1747 2829 Christi
1788 2775 1933 2829 Jcsu.

301 2884 511 2941 Confer
538 2881 669 2944 ista,
694 2872 953 2929 invenies
984 2868 1142 2923 illius
1172 2882 1298 2920 esse
1321 2882 1453 2919 eum
1486 2862 1813 2935 apostolum
1836 2878 1936 2916 cu-

295 2975 398 3044 jus
429 2974 519 3026 est
548 2981 769 3023 servus.
792 2964 897 3016 Per
923 2960 1257 3015 voluntatem
1284 2955 1381 3009 Dei
1409 2952 1570 3020 dicit,
1599 2951 1749 3005 sicut
1776 2955 1834 3005 et
1865 2951 1935 3005 ad

301 3038 556 3127 Calatas,
581 3058 646 3109 ut
674 3050 961 3115 ostendat,
986 3061 1047 3101 se
1081 3061 1193 3099 non
1226 3059 1352 3109 sua,
1378 3042 1477 3096 sed
1511 3040 1608 3094 Dei
1640 3038 1936 3094 voluntate

299 3153 630 3205 mutatum:
667 3156 853 3211 neque
881 3137 1035 3193 enim
1068 3138 1266 3190 nostro
1297 3134 1532 3199 conatu,
1565 3129 1663 3183 sed
1701 3128 1795 3182 Dei
1828 3127 1936 3182 mi-

297 3237 582 3295 seratione
604 3230 925 3288 salvantur.
950 3225 1061 3281 Sed
1089 3238 1269 3295 quare
1289 3220 1430 3275 dicit
1451 3220 1655 3274 sanctis
1681 3222 1734 3272 et
1757 3218 1936 3289 ﬁdeli-

302 3329 417 3397 bus,
441 3322 553 3379 nisi
576 3320 715 3394 quia
736 3322 876 3374 sunt
898 3312 1119 3379 ﬁdeles,
1141 3310 1242 3383 qui
1276 3325 1391 3365 non
1417 3314 1555 3364 sunt
1585 3307 1794 3374 sancti,
1821 3308 1936 3364 vel-

302 3417 388 3473 uti
420 3406 843 3473 catechumeni,
875 3404 976 3476 qui
1009 3401 1184 3456 ﬁdem
1215 3398 1454 3461 habent,
1487 3397 1587 3452 sed
1638 3412 1752 3451 non
1801 3401 1940 3452 sunt

302 3503 485 3561 renati
510 3501 538 3556 ‘I
582 3498 763 3553 Aliter
794 3512 807 3551 :
862 3494 986 3549 Non
1027 3489 1303 3546 omnibus
1334 3486 1556 3550 scribit,
1590 3486 1689 3541 sed
1722 3487 1935 3541 sancti-

298 3599 480 3649 tatem
519 3590 579 3643 in
626 3586 739 3641 ﬁde
779 3581 1170 3639 servantibus.
1202 3578 1398 3631 Potest
1443 3579 1501 3630 et
1548 3574 1782 3645 gentilis
1812 3591 1940 3630 esse

300 3680 512 3745 ﬁdelis,
535 3678 583 3732 si
616 3675 822 3730 reddat
847 3668 1320 3726 commendatum
1344 3665 1547 3731 (1001),
1572 3663 1620 3718 si
1652 3669 1935 3719 secretum

299 3787 416 3826 non
447 3766 689 3838 prodat;
720 3766 777 3816 et
805 3765 1001 3815 tamen
1033 3772 1147 3811 non
1178 3758 1433 3816 sanctus,
1461 3752 1598 3823 quia
1617 3767 1732 3806 non
1759 3751 1943 3806 credit

299 3860 360 3914 in
393 3837 711 3912 Christum.
743 3849 923 3904 Aliter
956 3864 970 3902 :
1023 3844 1247 3916 Ligavit
1277 3841 1410 3897 illos
1456 3840 1525 3894 ad
1558 3844 1777 3895 certam
1809 3837 1941 3894 reli-

303 3949 559 4021 gionem,
592 3957 724 3996 cum
757 3955 855 3994 eos
886 3940 1117 3991 sanctos
1167 3938 1224 3987 et
1275 3929 1475 3998 ﬁdeles
1521 3928 1663 3983 dicit
1709 3944 1836 3983 esse
1883 3927 1941 3982 in

304 4036 552 4101 Christo,
580 4048 652 4087 ne
681 4044 895 4085 novum
923 4025 1101 4090 aliud,
1125 4023 1277 4095 quod
1311 4038 1425 4077 non
1457 4018 1762 4074 conveniat
1779 4017 1941 4072 Chri-

307 4132 418 4193 sto,
438 4121 782 4194 suscipiant.
810 4115 1093 4181 Quoniam
1119 4112 1218 4185 qui
1243 4113 1299 4166 in
1320 4109 1545 4166 Christo
1573 4112 1812 4162 sanctus
1832 4113 1941 4170 est,

307 4214 475 4282 nihil,
510 4211 622 4267 nisi
651 4209 971 4272 Christum,
1003 4204 1175 4259 debet
1220 4215 1419 4256 amare
1468 4201 1644 4268 atque
1677 4195 1937 4268 diligere.

303 4306 383 4362 De
413 4320 479 4359 eo
506 4300 659 4373 quod
688 4297 939 4371 gratiam
971 4293 1086 4348 illis
1117 4290 1277 4359 dicit,
1308 4293 1365 4343 et
1394 4301 1594 4359 pacem
1621 4302 1635 4353 ;
1664 4285 1941 4356 quoniam

302 4392 490 4467 gratia
506 4388 695 4445 Patris
715 4391 820 4453 est,
837 4401 971 4440 cum
997 4380 1176 4437 mittit
1197 4378 1409 4434 Filium
1432 4389 1606 4429 suum
1628 4373 1700 4427 ad
1726 4378 1937 4438 terras;

301 4498 414 4554 pax
434 4496 565 4535 vero
588 4477 883 4544 Filii,cum
910 4490 1011 4545 per
1033 4472 1225 4542 ipsum
1249 4462 1537 4533 redempti
1562 4458 1943 4514 conciliamur

302 4547 416 4626 Deo
445 4567 618 4634 Patri,
652 4566 722 4620 de
767 4581 832 4618 eo
881 4561 1035 4631 quod
1078 4555 1337 4612 Trinitas
1368 4551 1424 4603 in
1457 4547 1746 4603 solutione
1776 4563 1943 4601 mon-
1974 4559 2019 4623 Ι)

301 4661 540 4723 strator,
574 4654 852 4726 quoniam
884 4647 1136 4720 Spiritus
1166 4644 1408 4697 sanctus
1437 4634 1637 4706 gratia:
1669 4634 1944 4707 pacisque

302 4745 537 4802 nomine
554 4734 1199 4815 designatur,quoniam
1221 4730 1343 4798 ipse
1358 4725 1574 4779 donum
1590 4722 1690 4776 Dei
1708 4722 1939 4781 dicitur.

375 4811 709 4905 Sequitur;
753 4826 1073 4884 Benedictus
1116 4821 1276 4882 Deus,
1328 4817 1437 4867 etc.
1480 4814 1660 4866 Aucto
1709 4811 1940 4884 ingenio

302 4925 373 4980 ad
405 4899 640 4978 laudem
662 4917 764 4974 Dei
793 4914 1065 4988 provocat
1085 4922 1225 4962 suos
1247 4901 1563 4958 auditores.
1588 4899 1668 4955 De
1699 4917 1763 4956 eo
1786 4902 1940 4972 quod

371 5066 518 5137 (998)
547 5050 1168 5137 Autog..mortalitatis.
1204 5047 1465 5100 Errorem
1498 5048 1617 5098 tam
1664 5043 1939 5100 manifes-

301 5119 426 5193 tuih
459 5119 895 5190 emendandum
926 5119 1146 5193 censui.

374 5185 707 5277 (ὡδί-ἐξω,
762 5215 803 5264 1,
862 5195 972 5247 18:
1029 5192 1125 5263 qui
1169 5188 1317 5245 addit
1361 5188 1670 5259 scientiam,
1703 5185 1863 5243 addit
1892 5190 1942 5242 et

307 5279 570 5414 “1226013).
594 5343 665 5395 De
693 5353 753 5414 eo
781 5335 943 5414 quod.
966 5334 1058 5414 Ad
1079 5332 1354 5414 h_aac_vide
1384 5347 1509 5414 qua;
1534 5329 1941 5414 adnotavimus

306 5399 395 5473 in‘
415 5399 557 5483 cap:
589 5428 651 5465 ιιι
700 5399 1173 5483 huj'usEpistolze
1203 5405 1263 5459 in
1292 5420 1359 5460 ea
1385 5399 1561 5458 verba
1587 5400 1651 5456 de
1679 5399 1943 5471 exemplis

309 5480 564 5547 istorum,
597 5486 715 5536 not.
760 5480 918 5534 1037.

377 5539 823 5628 (1001)_Scilicet
852 5565 969 5604 rem
995 5548 1440 5628 commendatam,
1474 5548 1539 5598 ut
1566 5542 1744 5628 habet
1773 5539 1943 5628 divus

302 5611 685 5699 Hi‘eroqfhoo
733 5623 859 5691 loco
895 5638 909 5679 :
959 5619 1080 5678 sive
1124 5619 1459 5695 legendum,
1487 5611 1942 5672 commodatum:
1997 5614 2003 5619 ’

2117 1913 2422 1986 Sequitur:
2446 1911 2598 1967 Sicut
2618 1910 2779 1980 elegit
2794 1925 2891 1965 nos
2929 1910 2990 1964 in
3010 1910 3146 1980 ipso,
3165 1912 3276 1965 etc.
3301 1907 3695 1980 Augustinus.

2044 2004 2204 2070 Quis,
2230 2003 2491 2073 inquam,
2515 1999 2635 2054 haec
2691 1998 2893 2053 audiat
2926 1996 3240 2069 diligenter
3267 2000 3328 2053 et
3358 1994 3689 2069 intelligen-

2046 2100 2156 2157 ter,
2179 2095 2235 2146 et
2264 2091 2473 2146 audeat
2503 2088 2573 2143 de
2602 2087 2732 2151 hac,
2758 2102 2933 2158 quam
2967 2084 3360 2151 defendimus,
3383 2090 3503 2141 tam
3531 2084 3698 2141 clara

2046 2199 2093 2233 Vt
2122 2180 2288 2234 ritate
2338 2174 2653 2232 dubitare?
2700 2174 2885 2247 Elegit
2935 2174 3088 2230 enim
3139 2178 3293 2230 Deus
3323 2180 3460 2229 ante
3492 2172 3696 2228 mundi

2046 2266 2521 2324 constitutionem
2554 2266 2611 2320 in
2634 2263 2862 2319 Christo
2887 2263 3152 2319 membra
3177 2262 3364 2335 ipsius
3391 2260 3695 2335 praedesti-

2047 2358 2239 2414 nando
2278 2356 2482 2427 (1002).
2531 2352 2678 2423 Non,
2709 2358 2777 2409 ut
2803 2351 3071 2425 Pelagius
3102 2353 3203 2421 ait,
3235 2351 3375 2424 quia
3403 2351 3694 2423 prascivit

2047 2451 2278 2503 sanctos
2310 2445 2556 2510 futuros,
2591 2442 2720 2497 ideo
2751 2440 2926 2511 elegit
2955 2440 3161 2512 (1003),
3212 2439 3336 2510 sed,
3371 2445 3438 2496 ut
3468 2443 3692 2509 essent,

2046 2535 2236 2608 elegit.
2262 2533 2356 2590 Sic
2376 2532 2531 2588 enim
2554 2529 2865 2603 Apostolus
2890 2528 3107 2587 clamat
3130 2545 3144 2583 :
3174 2528 3238 2585 Ut
3256 2544 3497 2585 essemus
3518 2546 3537 2585 :
3554 2544 3687 2583 cum

2046 2626 2202 2682 enim
2237 2640 2342 2678 nos
2365 2619 2806 2693 pra’destinavit,
2840 2634 2987 2689 opus
3017 2633 3194 2674 suum
3226 2615 3536 2688 prescivit,
3571 2632 3686 2688 quo

2047 2732 2151 2769 nos
2178 2716 2410 2768 sanctos
2442 2714 2498 2765 et
2524 2706 2935 2764 immaculatos
2959 2706 3113 2762 facit.
3138 2709 3213 2761 Ut
3242 2704 3384 2776 quid
3407 2721 3517 2763 nos
3542 2721 3686 2777 pre-

2046 2803 2214 2861 scivit
2231 2803 2258 2857 ‘I
2286 2801 2350 2856 In
2380 2798 2725 2869 adeptionem
2747 2796 3009 2867 ﬁliorum.
3036 2795 3189 2859 Quos
3211 2792 3239 2849 ‘I
3268 2793 3406 2866 Nos,
3429 2794 3530 2866 qui
3561 2809 3687 2849 era-

2047 2910 2179 2949 mus
2225 2889 2397 2962 longe
2471 2883 2706 2952 Quare?
2748 2888 2811 2941 In
2861 2883 3079 2941 laudem
3122 2883 3338 2952 gloriae.
3385 2881 3695 2938 Secundum

2042 2981 2379 3055 propositum
2417 2975 2715 3033 voluntatis
2762 2974 2926 3041 dicit,
2978 2989 3048 3029 ne
3097 2972 3154 3026 in
3201 2975 3362 3028 tanto
3400 2971 3693 3028 beneﬁcio

2046 3070 2267 3143 gratiae,
2302 3067 2372 3122 de
2403 3064 2627 3120 meritis
2657 3062 2976 3136 gloriemur
3001 3060 3323 3117 voluntatis
3355 3064 3591 3117 nostra.
3628 3059 3693 3115 In

1968 3192 2011 3259 Ο
2047 3176 2155 3231 qua
2201 3157 2400 3259 utique
2446 3154 2731 3252 voluntate
2777 3151 3106 3221 grati/ienuit
3152 3165 3269 3206 nos.
3301 3147 3395 3205 Sic
3443 3147 3693 3216 dictum,

2048 3245 2394 3318 gratiﬁcavit,
2432 3260 2465 3298 a
2495 3240 2682 3315 gratia
2712 3241 2863 3296 sicut
2881 3238 3247 3310 justiﬁcavit,
3271 3255 3306 3294 a
3325 3236 3563 3309 justitia
3587 3280 3601 3304 ,
3630 3235 3692 3293 id

2049 3342 2156 3404 est,
2190 3339 2387 3408 gratos
2419 3331 2573 3386 fecit.
2607 3332 2667 3386 In
2700 3333 2848 3401 quo?
2878 3328 2938 3385 Id
2970 3333 3078 3395 est,
3111 3327 3169 3383 in
3201 3326 3428 3383 Christo
3463 3343 3477 3383 :
3520 3326 3695 3382 habe-

2047 3443 2170 3482 mus
2190 3422 2613 3493 redemptionem
2634 3436 2651 3471 :
2683 3418 2804 3473 haec
2834 3422 2918 3473 est
2942 3416 3097 3472 enim
3119 3415 3325 3488 gratia,
3345 3419 3410 3471 ut
3434 3414 3494 3470 in
3520 3413 3691 3471 Chri-

2049 3520 2137 3572 sto
2181 3530 2280 3587 per
2325 3511 2442 3578 eius
2492 3509 2816 3580 sanguinem
2861 3507 3156 3562 habeamus
3184 3504 3614 3575 redemptionem
3640 3506 3691 3559 et

2047 3605 2426 3661 remissionem
2449 3606 2819 3671 peccatorum.
2852 3595 3203 3666 Redemptos
3232 3593 3387 3650 enim
3420 3610 3455 3648 a
3484 3609 3691 3649 carna-

2048 3695 2205 3750 libus
2235 3688 2510 3762 operibus
2557 3690 2615 3742 et
2658 3683 3078 3756 cupiditatibus
3127 3681 3260 3738 fecit
3288 3698 3395 3736 nos
3425 3680 3541 3736 sibi
3569 3695 3689 3736 ser-

2050 3784 2211 3849 vire;
2244 3779 2400 3851 quod
2435 3780 2542 3841 est,
2576 3772 2916 3846 spiritaliter
2945 3771 3152 3827 vivere.

2120 3886 2395 3959 Sequitur
2426 3900 2439 3938 :
2471 3881 2779 3937 Secundum
2809 3879 3038 3935 divitias
3066 3880 3264 3948 gratim
3291 3878 3429 3950 ejus.
3465 3878 3529 3932 In
3563 3880 3689 3933 tan-

2050 3983 2177 4034 tum
2197 3970 2535 4037 abundavit,
2550 3974 2616 4024 ut
2637 3985 2751 4024 non
2769 3967 2960 4025 solum
2982 3984 3018 4025 a
3037 3970 3223 4023 morte
3240 3965 3575 4031 redimeret,
3590 3964 3691 4021 sed

2052 4067 2227 4122 etiam
2251 4064 2473 4117 tantam
2492 4057 2840 4130 sapientiam
2866 4054 3032 4112 nobis
3051 4055 3314 4123 donaret,
3329 4058 3397 4109 ut
3414 4052 3694 4126 mysteria

2051 4162 2180 4225 ejus
2212 4162 2607 4205 nosceremus.

2120 4256 2392 4329 Sequitur
2425 4271 2439 4309 :
2488 4255 2549 4309 In
2598 4254 2750 4309 omni
2789 4253 3066 4322 sapientia
3090 4259 3143 4307 et
3167 4249 3479 4322 prudentia.
3512 4248 3693 4306 Stoici

2052 4345 2400 4420 sapientiam
2421 4358 2549 4399 esse
2568 4341 2923 4409 divinarum,
2938 4340 3451 4412 humanarumque
3471 4354 3690 4406 rerum,
3718 4378 3726 4385 .

2051 4434 2421 4511 prudentiam
2448 4448 2581 4488 vero
2610 4431 2817 4486 dicunt
2844 4446 3041 4486 rerum
3072 4428 3444 4485 solummodo
3474 4427 3692 4485 huma-

2050 4543 2284 4584 narum.

2123 4629 2400 4702 Sequitur
2432 4643 2444 4680 :
2502 4627 2566 4682 Ut
2609 4626 2797 4679 notum
2844 4626 3049 4694 faceret
3088 4624 3245 4680 nobis
3281 4628 3690 4679 sacramentum

2050 4719 2347 4778 voluntatis
2370 4729 2507 4772 suae.
2537 4711 2934 4769 Intelleximus
2952 4711 3310 4768 voluntatem
3338 4712 3689 4769 sacramenti

2053 4810 2177 4874 Dei,
2205 4807 2264 4861 id
2293 4808 2401 4871 est,
2432 4800 2850 4873 redemptionis
2879 4805 3111 4868 nostra,
3139 4799 3238 4856 illo
3270 4800 3583 4857 revelante.
3606 4802 3691 4857 Se-

2048 4898 2292 4955 cundum
2320 4894 2585 4965 placitum
2613 4906 2775 4945 suum
2804 4907 2823 4945 :
2855 4906 2971 4946 non
3002 4890 3326 4946 secundum
3357 4889 3575 4946 bonam
3603 4904 3695 4945 vo-

2051 5036 2461 5110 compendiose
2490 5032 2651 5110 enim,
2670 5031 2978 5110 scriptum
2997 5036 3087 5087 est
3112 5013 3387 5089 comitatu.

2121 5103 2304 5188 (100:3)
2335 5108 2418 5188 En
2432 5103 2924 5188 Augusti-manem
2947 5103 3016 5188 de
3039 5104 3549 5188 prmdestinatione
3568 5118 3689 5188 sen-

2050 5173 2299 5239 tentiam
2326 5196 2358 5235 a
2388 5173 2729 5233 divo'Paulo
2761 5173 3197 5231 evidentissima
3227 5181 3537 5241 assertam,
3571 5179 3693 5229 tan-

2051 5270 2229 5325 quam
2251 5248 2638 5325 clari_ssimam
2660 5244 2983 5313 veritatem,
2997 5246 3069 5301 de
3088 5263 3206 5318 qua
3226 5246 3501 5302 dubitare
3521 5259 3689 5302 nemo

2051 5320 2266 5381 audere
2306 5320 2517 5376 valeat.

2122 5392 2305 5462 (1003)
2335 5392 2665 5462 Iungentur
2692 5386 2924 5462 haecuiis
2949 5404 3079 5462 quae
3110 5387 3384 5462 iniEpist.
3419 5387 3492 5462 ad
3528 5386 3686 5462 Rom.

2051 5456 2400 5596 maxime,
2432 5456 2489 5518 et
2535 5459 2595 5515 in
2643 5457 2888 5516 caeteriis
2931 5456 3002 5514 de
3042 5456 3558 5534 predeétinatione
3584 5456 3690 5514 ha-
