3978 6210
207 293 321 353 549

769 283 1191 347 EXPOSITIO
1235 284 1311 344 ΙΝ
1356 283 1787 345 EPISTOLAS
1827 282 2086 344 PAULI.
2118 316 2192 326 —
2237 282 2314 341 IN
2362 282 2610 342 EPIST.
2657 284 2760 343 AD
2807 281 3080 342 EPHES.

3513 285 3634 347 550

209 424 500 479 lnntatem
537 421 833 484 nostram,
867 433 995 487 qua
1025 416 1180 471 bona
1208 430 1336 472 esse
1367 432 1482 472 non
1515 419 1733 486 posset,
1758 413 1870 469 nisi
1900 415 1953 482 Α
1985 413 2237 483 alicujus
2269 417 2454 484 egeat,
2487 414 2588 468 sed
2621 430 2734 485 quo
2763 413 2951 485 ipsius
2981 414 3386 470 laudatoribus
3418 415 3635 488 prosit'

218 517 290 568 ut
316 512 465 567 bona
493 511 680 573 esset,
714 506 842 578 ipse
872 504 1210 560 subveniret
1236 505 1442 575 (1004).

291 602 351 656 In
371 597 840 668 dispensationem
869 609 1005 648 vero
1034 595 1340 663 temporum
1369 593 1533 662 dicit,
1580 593 1720 664 quia
1750 597 1875 646 sta-

216 694 419 745 tutum
441 682 824 756 fuit,quando
845 685 1016 736 Pater
1037 680 1150 736 huc
1170 681 1380 736 Filium
1399 697 1571 736 suum
1590 682 1875 746 mitteret;

220 777 378 834 unde
410 776 536 847 ipse
566 772 708 828 alibi
735 770 906 826 :Cum
934 775 1118 825 autem
1148 773 1294 824 venit
1320 770 1604 841 plenitudo
1623 771 1878 840 temporis

223 866 366 936 (Gal.
410 881 488 927 ιν,
545 863 620 928 li),
686 859 1004 931 Sequitur:
1065 861 1390 914 lnstaurare
1435 861 1621 914 omnia
1674 859 1876 926 (1805).

223 951 507 1010 Nonnulli
538 967 642 1022 per
671 948 885 1004 caelum
915 948 1202 1014 animam,
1235 953 1293 1002 et
1315 963 1416 1018 per
1436 954 1650 1003 terram
1675 945 1882 1001 intelli-

225 1047 378 1116 gunt
406 1055 638 1112 corpus.
673 1036 788 1092 Alii
819 1053 923 1107 per
951 1034 1165 1090 cmlum
1192 1035 1448 1098 Judeeos,
1510 1051 1612 1106 per
1660 1041 1876 1090 terram

227 1129 486 1205 gentiles
513 1144 526 1182 :
555 1125 653 1183 alii
683 1141 786 1196 per
814 1123 1022 1180 cmlum
1058 1140 1172 1178 non
1205 1121 1463 1195 angelos,
1525 1124 1625 1178 sed
1679 1139 1880 1178 eorum

230 1216 550 1274 scientiam
577 1231 644 1269 ex
671 1212 888 1269 Christi
923 1220 1179 1282 tempore
1217 1211 1550 1282 profecisse,
1603 1211 1702 1283 qui
1751 1216 1881 1265 tan-

235 1321 424 1378 quam
455 1303 638 1376 ignari
668 1301 1144 1372 interrogabant:
1175 1303 1318 1370 Quis
1348 1303 1425 1354 est
1457 1303 1557 1355 iste
1609 1301 1723 1354 Res:
1767 1300 1881 1370 glo-

234 1398 350 1452 ria?
368 1398 396 1446 γ
422 1392 592 1464 (Psal.
626 1407 787 1461 χχιιι,
818 1389 897 1459 8.)
920 1389 1032 1444 Sed
1059 1388 1266 1444 melius
1289 1388 1550 1460 ipsorum
1572 1405 1882 1444 numerum

237 1500 347 1557 per
376 1481 626 1537 salutem
658 1478 967 1534 hominum
989 1477 1599 1549 dicamusimpletum.

311 1569 626 1642 Sequitur:
662 1569 725 1622 In
749 1582 853 1637 quo
883 1570 1051 1621 etiam
1079 1571 1224 1620 sorte
1251 1565 1436 1621 vocati
1463 1581 1652 1620 sumus
1671 1583 1691 1626 ;
1716 1565 1771 1619 id
1797 1570 1888 1620 est

238 1665 375 1716 ante
407 1655 748 1730 praseogniti
779 1673 792 1722 ;
826 1655 924 1710 sed
957 1653 1213 1726 primum
1246 1670 1380 1710 oxes
1412 1654 1647 1726 perdite:
1681 1654 1884 1724 (1006),

2054 504 2236 573 (1007)
2269 507 2561 573 Propterea
2582 508 2632 557 et
2660 519 2754 573 ego
2786 503 3033 573 audiens,
3061 509 3169 558 etc.
3195 505 3271 559 De
3316 522 3382 560 eo
3405 508 3629 578 specia-

1985 590 2120 644 liter
2150 591 2450 646 descendit
2483 593 2552 646 ad
2585 591 3044 646 exhortationem
3078 593 3482 663 Ephesiorum.
3517 599 3630 650 Au-

1987 679 2128 744 dita,
2155 680 2365 750 inquit,
2392 679 2917 752 tidevestra,diligo
2935 697 3034 736 vos
3056 667 3282 746 ;audita
3303 683 3632 752 dilectione,

1988 772 2045 822 et
2073 783 2178 838 ego
2208 785 2445 838 operam
2478 769 2651 832 dabo,
2685 775 2749 822 ut
2781 773 2892 822 Deo
2925 773 3143 839 gratias
3177 787 3346 841 agam
3387 789 3490 842 pro
3544 790 3636 828 vo-

1989 856 2098 910 his.
2123 856 2326 911 Omnis
2353 858 2537 912 oratio
2568 861 2668 911 aut
2701 874 2800 927 pro
2858 859 3134 928 acceptis,
3185 865 3285 913 aut
3337 877 3438 930 pro
3483 861 3634 915 acci-

1991 945 2219 1014 piendis
2247 951 2372 1011 est;
2399 952 2456 1000 et
2487 951 2588 1000 aut
2610 962 2712 1016 pro
2745 946 2932 1012 nobis,
2970 951 3070 1000 aut
3101 964 3202 1017 pro
3226 947 3358 1001 aliis
3384 955 3490 1002 cst.
3517 954 3633 1005 Hoc

1990 1033 2060 1087 de
2091 1034 2416 1104 praeteritis.
2449 1034 2726 1105 Sequitur
2755 1035 2824 1088 de
2856 1034 3067 1088 futuris
3101 1051 3112 1089 :
3147 1037 3208 1090 Ut
3241 1041 3383 1090 Deus
3415 1038 3636 1093 Domini

1989 1123 2164 1176 nostri
2181 1124 2306 1176 Jcsu
2337 1123 2561 1176 Christi.
2601 1128 2730 1187 Deo,
2765 1137 2830 1176 eo
2863 1123 3014 1192 quod
3049 1123 3126 1176 ita
3166 1123 3413 1179 dicitur:
3473 1128 3636 1181 Pater

1991 1210 2180 1279 gloria!
2202 1228 2218 1262 :
2257 1208 2430 1264 veluti
2461 1210 2638 1276 verbi,
2670 1211 2987 1279 sapientiae,
3018 1211 3103 1264 vel
3139 1212 3316 1282 pacis,
3369 1215 3636 1270 Christus

1993 1303 2082 1353 est
2105 1297 2308 1368 gloria,
2334 1304 2397 1352 ut
2426 1298 2569 1352 illud
2596 1314 2607 1350 :
2645 1299 2903 1368 Exsurge,
2934 1299 3109 1368 gloria.
3143 1316 3258 1354 mea
3288 1304 3463 1368 (I’sal.
3497 1321 3632 1373 cvn,

1994 1388 2048 1457 3)
2073 1404 2086 1454 ;
2120 1391 2177 1442 et
2209 1403 2219 1441 :
2255 1389 2527 1457 Apparuit
2556 1387 2734 1456 gloria
2765 1388 3002 1454 Domini,
3024 1404 3192 1458 super
3217 1391 3636 1447 tabernaculum

1994 1477 2184 1543 (Leuit.
2219 1493 2294 1542 ιχ,
2326 1477 2417 1544 25)
2447 1493 2458 1530 :
2493 1492 2620 1546 quae
2651 1474 2837 1546 gloria
2897 1475 3174 1530 fabricata
3222 1484 3310 1532 est
3341 1479 3454 1533 sibi
3493 1486 3636 1535 tem-

1998 1565 2158 1636 plum
2191 1581 2260 1619 ex
2289 1569 2452 1618 utero
2482 1563 2767 1633 virginali.
2804 1565 2984 1632 Cujus
3018 1565 3216 1636 templi
3250 1567 3416 1622 Pater
3445 1567 3638 1639 gloria:

1997 1652 2252 1707 efﬁcitur
2301 1656 2468 1707 Deus.
2507 1652 2619 1706 Iste
2650 1652 2830 1723 igitur
2860 1655 3008 1707 Deus
3040 1655 3330 1725 assumpti
3365 1655 3641 1726 hominis,

239 1747 456 1804 deinde
486 1750 714 1818 gentes,
750 1745 868 1816 Qui
891 1744 1079 1840 omnia
1106 1745 1389 1840 operatur,
1423 1747 1529 1797 etc.
1565 1742 1688 1799 Non
1730 1742 1882 1813 quod
1919 1775 1969 1840 B
1998 1741 2169 1840 Pater
2196 1740 2568 1838 verogloriae,
2593 1740 2975 1840 sapientirenet
3002 1743 3282 1811 veritatis,
3307 1744 3403 1798 det
3428 1747 3647 1800 sanctis

242 1835 444 1892 omnia
470 1833 801 1890 secundum
831 1830 1192 1886 voluntatem
1213 1830 1310 1884 Dei
1333 1831 1498 1897 ﬁant,
1517 1847 1645 1902 quas
1669 1831 1818 1886 {iunt
1835 1831 1892 1884 in

244 1925 489 1990 mundo,
522 1923 621 1978 sed
657 1921 813 1992 quod
831 1920 1098 1975 universa
1121 1936 1249 1990 quae
1279 1919 1434 1985 facit,
1461 1918 1705 1974 consilio
1729 1923 1894 1974 etvo-

241 2013 473 2069 luntate
502 2009 660 2066 facit.
693 2008 964 2079 Alioquin
1016 2011 1072 2063 et
1120 2008 1276 2063 mala
1324 2012 1591 2079 poterant
1637 2008 1750 2063 Deo
1798 2024 1895 2062 as-

245 2101 415 2158 cribi.

315 2192 381 2248 Ut
412 2204 602 2244 sumus
621 2190 682 2244 in
711 2187 934 2242 laudem
979 2186 1170 2254 gloria
1202 2186 1321 2256 ejus
1340 2202 1361 2246 ;
1393 2186 1449 2240 id
1481 2190 1571 2241 est
1600 2186 1649 2240 si
1675 2185 1735 2240 in
1769 2185 1896 2257 ipso

240 2277 570 2343 credimus,
586 2281 760 2347 atque
782 2273 1072 2346 spiritales
1095 2273 1711 2346 efficimur,sequendo
1734 2274 1811 2329 Ch
1822 2273 1899 2327 ri-

246 2371 441 2433 stum,
473 2365 691 2421 erimus
717 2363 778 2419 in
813 2362 1048 2419 laudem
1079 2362 1278 2434 gloria)
1309 2362 1498 2434 ipsius
1529 2362 1628 2417 Dei
1658 2381 1670 2429 ;
1707 2366 1772 2417 ut
1803 2378 1905 2434 per

257 2457 464 2527 signa,
488 2469 614 2524 quae
643 2453 908 2518 facimus,
941 2451 1214 2507 laudetur
1239 2449 1426 2523 gloria
1457 2451 1577 2506 Dei.
1601 2450 1901 2522 Sequitur:

242 2545 380 2610 Nos,
416 2545 516 2614 qui
544 2549 670 2598 ante
697 2543 1039 2612 speravimus
1067 2557 1080 2596 :
1112 2555 1227 2609 nos,
1262 2539 1533 2611 apostoli,
1579 2539 1667 2594 vel
1697 2539 1903 2607 Judaei,

251 2632 358 2706 qui
390 2632 621 2703 priores
649 2629 1030 2686 credidimus.
1637 2698 1640 2702 η

320 2721 637 2792 Sequitur:
670 2723 739 2774 In
768 2734 870 2789 quo
896 2727 946 2774 et
975 2735 1089 2784 vos,
1121 2723 1232 2774 etc.
1284 2718 1588 2774 Descendit
1607 2719 1679 2774 ad
1712 2718 1899 2790 Ephe-

247 2810 392 2881 sios,
426 2825 502 2866 ne
533 2808 793 2864 aliorum
820 2807 1114 2862 videretur
1143 2806 1489 2862 beneﬁcium
1522 2807 1778 2874 istud,et
1795 2824 1907 2862 non

259 2915 490 2968 eorum,
524 2897 746 2969 quibus
799 2897 1092 2952 scribebat
1132 2895 1471 2968 Epistolam,
1522 2895 1653 2966 hoc,
1701 2895 1910 2968 inquit,

255 2988 439 3044 etiam
469 2990 731 3041 vestrum
764 2989 875 3050 est,
907 3001 1045 3041 nam
1081 2989 1139 3040 et
1164 3000 1268 3039 vos
1295 2983 1355 3038 in
1387 2984 1496 3040 hoc
1529 2985 1691 3040 estis.
1719 2987 1781 3040 In
1809 3000 1915 3057 quo

251 3079 310 3133 et
339 3074 634 3140 credentes,
667 3077 778 3128 etc.
803 3091 815 3140 ;
841 3073 898 3127 id
916 3077 1007 3128 est
1044 3071 1378 3144 Evangelio,
1421 3073 1540 3128 sive
1579 3072 1807 3129 Christo
1841 3072 1914 3129 si-

2005 1829 2157 1900 quod
2186 1829 2498 1899 sequitur:
2534 1830 2626 1882 Det
2680 1829 2830 1882 vobis
2877 1829 3144 1898 Spiritum
3189 1834 3499 1902 sapientizc,
3534 1841 3642 1890 etc.

2006 1918 2304 1983 Quomodo
2338 1916 2600 1986 Ephesiis
2631 1921 2792 1986 optat
2815 1917 3187 1987 sapientiam,
3214 1921 3313 1988 qui
3336 1921 3647 1976 Corinthiis

2008 2007 2165 2074 dicit,
2191 2006 2346 2076 quod
2378 2005 2543 2059 inﬂat
2573 2005 2618 2074 (Ι
2648 2005 2766 2058 Cor.
2800 2022 2918 2074 vm,
2956 2007 3048 2075 1)?
3079 2007 3186 2061 Sed
3231 2008 3309 2062 ibi
3350 2011 3643 2066 carnalem

2009 2100 2170 2150 notat
2203 2119 2217 2161 ;
2252 2094 2348 2149 hic
2379 2111 2508 2148 vero
2533 2093 2855 2164 spiritalem
2888 2097 3281 2162 commendat,
3315 2115 3492 2168 quam
3545 2100 3646 2170 qui

2009 2183 2607 2253 habuerit,humiliari
2629 2186 2821 2254 potius
2845 2187 3074 2254 poterit,
3097 2203 3273 2256 quam
3300 2187 3509 2244 inﬂari.
3537 2191 3648 2244 Sed

2012 2273 2304 2344 quomodo
2336 2272 2696 2343 agnitionem
2720 2272 2836 2328 illis
2866 2274 2962 2328 Dei
2986 2290 3112 2329 esse
3136 2280 3281 2340 orat,
3306 2294 3456 2347 quos
3477 2296 3656 2351 supra

2012 2361 2394 2416 laudaverat?
2424 2361 2584 2426 Orat,
2621 2367 2683 2416 ut
2715 2362 3027 2433 perfectius
3074 2371 3446 2435 cognoscant.
3499 2371 3652 2439 quod

2015 2450 2115 2506 Dei
2146 2449 2352 2521 gratia,
2385 2466 2498 2504 non
2527 2466 2633 2504 suo
2665 2451 2870 2505 merito
2901 2456 3041 2506 sunt
3097 2452 3298 2507 salvati
3327 2473 3340 2522 ;
3391 2459 3448 2509 et
3496 2458 3650 2528 quod

2017 2540 2196 2595 Deum
2230 2538 2376 2593 nihil
2409 2543 2599 2610 potest
2627 2539 2806 2594 latere
2839 2557 2852 2606 ;
2903 2540 3183 2611 quoniam
3217 2543 3316 2612 qui
3372 2543 3480 2599 hoc
3528 2563 3654 2616 per-

2018 2631 2163 2684 tecte
2194 2628 2511 2699 cognoscit,
2547 2644 2782 2698 peccare
2814 2645 2927 2684 non
2962 2636 3172 2700 potest.
3211 2634 3488 2704 De(1008)
3522 2635 3658 2690 filiis

2021 2717 2125 2772 Eli.
2157 2717 2468 2788 Sequitur:
2495 2717 2860 2784 llluminatos,
2894 2724 3001 2772 etc.
3040 2719 3175 2790 Deo,
3200 2737 3266 2775 eo
3317 2724 3468 2794 quod
3516 2725 3660 2779 inte-

2021 2807 2138 2862 rior
2169 2806 2343 2861 homo
2375 2807 2550 2861 habet
2580 2807 2841 2861 membra
2871 2825 2999 2872 sua,
3031 2814 3087 2863 et
3115 2809 3313 2865 oculos
3370 2829 3530 2879 suos,
3591 2814 3662 2869 de

2021 2896 2238 2966 quibus
2269 2901 2326 2950 et
2353 2895 2663 2950 Psalmista
2695 2914 2707 2950 :
2741 2897 3012 2951 Illumina
3041 2899 3227 2954 oculos
3258 2917 3419 2966 meos,
3459 2917 3526 2956 ne
3557 2919 3664 2956 un-

2021 3003 2189 3058 quam
2218 2985 2552 3040 obdormiam
2581 2986 2640 3038 in.
2672 2994 2842 3040 morte
2891 2986 3062 3056 (Psal.
3115 3005 3215 3053 xu,
3249 2989 3339 3059 li);
3390 2996 3445 3043 et
3494 2991 3663 3048 item:

2026 3075 2300 3145 Sapientis
2324 3074 2467 3128 oculi
2504 3075 2565 3127 in
2593 3076 2769 3144 capite
2808 3076 2927 3144 ejus
2959 3075 3154 3140 (Eccle.
3208 3091 3270 3142 ιι,
3321 3078 3430 3145 14).
3461 3078 3540 3132 De
3580 3096 3668 3146 eo,

256 3167 502 3236 gnatur,
527 3162 626 3234 qui
647 3160 901 3216 audierit
919 3161 1161 3216 verbum
1183 3140 1468 3228 veritatis,
1492 3165 1550 3216 et
1569 3162 1913 3218 crediderit:
1947 3140 1989 3206 C
2029 3140 2182 3235 quod
2214 3164 2363 3217 notio
2393 3160 2556 3216 estin
2588 3140 2699 3228 his,
2733 3140 2859 3232 quae
2891 3165 3026 3216 ante
3045 3140 3431 3220 nescivimus:
3459 3140 3672 3233 agnitio

262 3253 410 3323 quia
441 3249 613 3306 multi
643 3254 784 3305 sunt
813 3249 910 3320 qui
931 3249 1178 3304 audiunt
1199 3254 1255 3305 et
1276 3265 1392 3305 non
1415 3250 1692 3317 credunt;
1715 3256 1772 3304 et
1791 3250 1919 3306 ideo

261 3338 648 3413 signaculum
673 3337 862 3394 sancti
881 3337 1134 3409 Spiritus
1161 3354 1277 3393 non
1309 3338 1624 3410 accipiunt.
1645 3339 1924 3410 Signacu-

264 3431 399 3485 lum
434 3427 571 3483 Dei:
605 3431 671 3482 ut
700 3426 994 3498 quomodo
1026 3427 1255 3497 primus
1284 3426 1458 3482 homo
1484 3428 1556 3482 ad
1605 3427 1921 3498 imaginem

265 3516 378 3574 Dei
401 3516 691 3583 conditur,
726 3515 810 3570 sic
838 3515 899 3570 in
929 3515 1187 3571 secunda
1215 3516 1654 3587 regeneratione
1683 3516 1926 3588 quicun-

267 3621 394 3676 que
424 3603 707 3676 Spiritum
737 3607 1006 3659 sanctum
1039 3603 1344 3676 acceperit,
1381 3603 1646 3676 signetur
1673 3605 1746 3659 ab
1765 3621 1852 3659 eo.

347 3693 631 3765 Sequitur
658 3711 672 3749 :
698 3694 806 3761 Qui
831 3702 908 3750 est
921 3695 1124 3765 pignus
1141 3692 1486 3750 hereditatis
1507 3713 1526 3748 :
1549 3694 1604 3748 id
1619 3699 1706 3749 est
1729 3693 1925 3766 ipsum

276 3784 504 3857 pignus
535 3782 717 3848 dedit,
746 3787 813 3837 ut
843 3781 912 3837 de
943 3781 1279 3837 haereditate
1306 3782 1491 3838 securi
1515 3785 1723 3838 simus.
1753 3784 1812 3838 In
1834 3798 1928 3837 re-

269 3873 646 3944 demptionem
671 3889 685 3938 ;
706 3871 765 3926 id
788 3875 878 3927 est
900 3874 965 3925 ut
985 3871 1347 3926 redimamur
1363 3871 1434 3926 ab
1457 3871 1584 3926 istis
1607 3872 1856 3926 terrenis
1876 3875 1933 3926 et

273 3958 688 4033 corporalibus
716 3959 910 4027 malis,
940 3959 1281 4032 etacquisiti
1301 3960 1491 4015 simus
1511 3959 1613 4014 ﬁlii
1641 3960 1930 4032 adoptivi;

273 4054 337 4105 et
365 4049 490 4104 hinc
518 4051 581 4103 in
602 4047 822 4103 laudem
840 4047 1030 4118 gloriae
1054 4048 1276 4120 ipsius;
1301 4065 1415 4103 non
1445 4065 1560 4119 quo
1590 4048 1935 4105 Deuslaude

355 4155 541 4226 (1004)
573 4155 656 4210 Ειι
689 4154 940 4226 gratiam
972 4154 1438 4226 prtevenientem.

355 4157 541 4297 (1004)
573 4157 656 4210 En
689 4157 940 4226 gratiam
972 4157 1438 4225 prtevenientem.

351 4227 520 4293 (1005
576 4225 1171 4297 DivusAHieronymus
1231 4226 1291 4280 in
1323 4225 1489 4297 hanc
1538 4225 1719 4296 Epist.
1772 4226 1941 4281 aliter

280 4313 470 4368 quam
503 4294 716 4368 Latini,
768 4295 903 4368 loco,
954 4294 1280 4368 instaurare
1321 4294 1462 4366 legit
1510 4294 1879 4366 recapitulare
1907 4314 1941 4353 a

281 4363 476 4441 gnsco
505 4363 976 4452 ’AZiaxekfalatéw,
1009 4369 1163 4440 quod
1193 4363 1407 4452 colligo
1420 4363 1763 4452 capita,"seu
1793 4384 1941 4422 sum-

276 4433 401 4521 mos
430 4433 998 4521 repeto,"significat,
1024 4433 1088 4494 ’θ
1140 4456 1278 4521 quo
1302 4433 1796 4521 ’ᾖναχεξφαξξξωσις
1854 4455 1943 4493 re-

2029 3251 2089 3306 in
2121 3251 2212 3305 his
2245 3267 2370 3321 quae
2401 3248 2565 3304 obliti
2599 3250 2992 3304 recordamur.

2102 3339 2285 3411 (1009)
2315 3337 2628 3409 Sequitur:
2664 3339 2726 3393 Ut
2754 3339 2963 3405 sciatis,
3013 3343 3120 3394 etc.
3154 3343 3232 3394 Ac
3285 3341 3332 3396 si
3376 3340 3530 3396 dicat
3565 3359 3577 3396 :
3613 3342 3674 3398 Si

2033 3429 2282 3484 scientes
2330 3427 2400 3480 ad
2433 3443 2608 3498 quam
2640 3443 2803 3496 spem
2837 3429 3019 3482 vocati
3051 3428 3212 3494 estis,
3246 3446 3476 3484 omnem
3510 3447 3676 3502 spem

2035 3516 2230 3573 saeculi
2254 3515 2419 3571 facile
2445 3518 2833 3570 contemnetis
2860 3534 2872 3582 ;
2905 3522 2962 3571 et
2990 3517 3037 3571 si
3062 3518 3295 3574 divitias
3326 3518 3685 3576 hereditatis

2036 3606 2136 3662 Dei
2167 3605 2449 3670 videritis,
2484 3604 2676 3658 omnis
2706 3609 2932 3660 terrena
2964 3605 3272 3662 haereditas
3295 3608 3458 3664 vobis
3491 3610 3689 3665 sorde-

2036 3695 2162 3761 bit;
2196 3694 2335 3766 quia
2367 3709 2536 3748 nemo
2567 3709 2701 3748 cum
2734 3696 2943 3766 opibus
2973 3697 3101 3766 ejus
3155 3714 3424 3769 operans,
3471 3703 3684 3752 curatae

2039 3790 2198 3849 sunt,
2230 3788 2294 3838 ut
2353 3782 2662 3854 plumbum
2722 3785 3046 3854 possideret
3102 3789 3306 3857 (1040).
3363 3788 3426 3842 Et
3460 3787 3593 3842 bene
3624 3789 3687 3842 in

2037 3874 2240 3929 sanctis
2270 3872 2431 3938 dicit,
2466 3888 2581 3925 non
2611 3871 2670 3925 in
2695 3872 2968 3927 omnibus
2995 3873 3352 3930 hominibus.
3375 3875 3683 3938 Quisenim

2041 3959 2733 4035 potestcomprehendere
2761 3961 3227 4032 magnitudinem
3259 3964 3536 4018 bonitatis
3559 3963 3684 4032 Dei,

2044 4067 2221 4123 quam
2253 4047 2621 4104 credentibus
2648 4063 2716 4102 ex
2744 4048 2983 4116 Judaeis,
3019 4055 3074 4104 et
3103 4052 3372 4120 gentibus
3417 4051 3688 4119 contulit,

2045 4173 2194 4228 opus
2224 4158 2366 4228 erat,
2402 4159 2471 4228 ut
2495 4169 2706 4228 sensus
2755 4154 3112 4228 redderetur,
3163 4173 3296 4228 spes
3346 4160 3538 4228 autem
3590 4174 3689 4228 ge-

2049 4221 2242 4281 n'uinm
2275 4222 2508 4295 phrasis
2539 4221 2868 4295 divinanda).
2900 4225 3064 4280 valde
3095 4221 3311 4281 incerta
3331 4233 3472 4281 erat.
3495 4221 3694 4283 Tutio-

2050 4315 2172 4354 rem
2203 4294 2397 4368 autem
2429 4294 2894 4368 emendationem
2932 4297 3172 4352 evadere
3204 4297 3346 4351 mihi
3396 4297 3692 4368 polliceor,

2056 4370 2103 4424 si
2136 4369 2355 4423 fontem
2385 4365 2562 4440 hujus
2594 4364 3091 4440 interpretationis
3121 4369 3177 4422 in
3214 4364 3470 4423 medium
3504 4364 3697 4440 profe-

2055 4457 2180 4496 ram
2213 4456 2247 4494 a
2276 4454 2390 4510 quo
2422 4438 2492 4510 de
2522 4436 2706 4510 verbo,
2723 4438 2835 4492 fere
2865 4439 2934 4492 ad
2968 4439 3206 4510 verbum
3241 4436 3553 4510 desumpta
3583 4445 3693 4495 est.

290 4507 561 4582 dactioin
579 4507 872 4582 summam,
891 4526 993 4566 seu
1016 4507 1414 4582 recapitulatio.
1438 4507 1573 4562 Divo
1596 4507 1944 4582 Hieronymo
1974 4508 2020 4572 D
2051 4507 2545 4582 Commentarium
2567 4507 2712 4563 illud
2730 4511 3002 4582 est,quod
3027 4509 3168 4582 falso
3191 4511 3319 4565 divo
3351 4507 3696 4582 Hieronymo

284 4581 550 4638 assentit
592 4581 1007 4652 Tertullianus,
1066 4579 1167 4636 lib.
1220 4598 1271 4648 v,
1319 4583 1521 4652 contra
1571 4579 1942 4649 Marcionem,

288 4669 430 4722 cap.
465 4652 552 4718 17,
583 4657 638 4707 et
667 4652 856 4708 sancti
892 4650 1089 4708 Irenaai
1120 4654 1427 4722 interpres,
1459 4650 1560 4714 lib.
1594 4668 1632 4718 ι,
1658 4666 1785 4722 cap.
1821 4653 1870 4706 1.

417 4692 430 4705 .
465 4669 552 4718 ιι,
583 4669 638 4707 et
667 4669 856 4708 sancu
892 4669 1053 4708 irena

370 4669 560 4791 {1006)
592 4723 819 4780 Scilicet
845 4723 1053 4779 Judtei.

376 4793 567 4867 (1007)
597 4795 655 4867 ln
686 4802 885 4867 autog.
920 4810 1101 4867 marg.
1130 4793 1224 4848 hic
1249 4792 1459 4867 legitur
1488 4808 1614 4867 cap.
1639 4793 1706 4847 ΙΙ.

369 4865 562 4991 (1008)
591 4864 994 4938 Imperfectum
1023 4864 1100 4920 ibi
1135 4864 1402 4935 exempli,
1460 4865 1611 4934 quod
1662 4864 1948 4919 adducere

398 4936 506 4991 uit.
541 4953 782 4991 sensum
818 4937 1124 4991 reliquisse
1153 4936 1380 4990 videtur
1399 4940 1602 4988 auctor
1622 4939 1838 4991 noster.
1860 4934 1948 4990 vel

292 4934 506 5004 voluit,
541 4934 782 4992 sensum
818 4937 1124 5008 reliquisse
1153 4934 1380 5008 videtur
1399 4940 1602 5008 auctor
1622 4939 1838 5008 noster,
1860 4934 1949 4990 vel

296 5011 428 5080 ejus
452 5008 856 5080 amanuensis.
878 5005 1023 5063 Illud
1045 5013 1238 5080 tamen
1263 5007 1320 5060 in
1345 5005 1951 5080 mentehabuissepu-

291 5076 505 5152 tarem,
535 5080 692 5152 quod
719 5079 740 5133 Ι
765 5079 904 5152 Reg.
930 5096 989 5152 ιι,
1021 5080 1102 5147 12,
1133 5077 1345 5150 legitur
1366 5076 1516 5152 filios
1537 5076 1644 5152 Eli,
1669 5076 1822 5152 ﬁlios
1849 5079 1950 5152 De-

291 5151 416 5214 lial.
443 5146 779 5208 nescientes
805 5146 1178 5216 Dominum,a
1192 5146 1517 5204 sacerdotis
1535 5147 1726 5201 ofﬁcio
1751 5149 1832 5202 ita
1851 5149 1950 5203 de-

299 5222 574 5290 clinasse,
609 5228 669 5279 et
699 5226 1003 5294 peccatum
1035 5221 1253 5294 grande
1273 5218 1456 5294 nimis
1487 5234 1680 5294 coram
1707 5219 1953 5274 Domino

295 5290 810 5422 perpretrasse'ob
842 5290 1111 5347 hancm'et
1140 5291 1240 5346 Dei
1271 5290 1684 5368 ignorantiam.

305 5438 309 5439 ν
363 5367 384 5439 (
420 5367 553 5434 009)
586 5366 757 5439 Hanc
777 5361 1302 5439 distinc_t_.io_n_em__et
1354 5359 1684 5439 divuslllei

420 5367 553 5434 009)
586 5366 757 5422 Hanc
778 5361 1214 5434 distinctionem
1246 5359 1321 5416 ef
1354 5361 1522 5434 divus
1570 5359 1956 5434 Hieronymus

295 5438 352 5494 in
366 5423 546 5496 ‘banc'
561 5431 920 5503 Epistolam,
939 5434 1020 5487 uti
1043 5434 1339 5503 aliquibus
1358 5423 1683 5503 probatam,
1699 5423 1955 5486 adducit.

355 5512 547 5588 (10140)
579 5503 771 5588 Error
792 5503 1125 5588 certissime

1198 5505 1250 5560 io
1282 5502 1561 5574 irrepsit,_
1602 5518 1778 5572 quem
1829 5503 1959 5574 ideo

278 5571 608 5652 emendare
630 5572 832 5643 nolui,
855 5574 992 5646 quia
1014 5576 1195 5636 nimia
1213 5571 1526 5636 verborum
1547 5571 1963 5632 immutatione

2055 4582 2396 4652 ascriptum,
2431 4580 2622 4653 verius
2653 4579 2881 4653 Pelagio
2913 4598 2980 4635 ex
3012 4581 3123 4636 divi
3155 4581 3466 4653 Augustini
3523 4579 3696 4637 testi-

2057 4651 2275 4718 moni’o,
2309 4669 2438 4706 cum
2474 4651 2637 4716 alibi,
2670 4655 2794 4705 tum
2827 4652 2927 4706 lib.
2957 4669 3018 4706 ιιι
3051 4654 3120 4707 de
3155 4651 3524 4708 Pec'catorum
3577 4669 3697 4708 me-

2057 4725 2207 4788 ritis,
2239 4729 2296 4778 et
2327 4723 2692 4790 remissione,
2725 4739 2850 4794 cap.
2887 4725 2936 4789 1,
2970 4730 3027 4778 et
3059 4741 3125 4780 ex
3158 4725 3337 4781 Mario
3359 4725 3695 4795 Mercatore,

2058 4801 2114 4852 et
2141 4795 2500 4862 Cassiodoro,
2536 4799 2591 4848 et
2620 4800 2852 4868 auctore
2880 4795 3293 4862 Praedestinati,
3325 4798 3539 4852 eruditi
3570 4797 3701 4868 qui-

2060 4884 2171 4938 que
2203 4867 2550 4940 attribuunt,
2587 4866 2683 4920 ubi
2719 4866 2928 4937 legitur
2961 4884 2972 4920 :
3008 4870 3068 4923 Si
3097 4872 3319 4924 sciretis
3340 4869 3413 4924 ad
3441 4866 3704 4940 quantam

2057 4955 2205 5008 spem
2228 4938 2825 5012 rvocati_estis,_omnem
2854 4954 3002 5012 spem
3028 4942 3222 4995 saeculi
3247 4943 3414 5012 facile
3451 4938 3704 5012 contem-

2060 5011 2258 5064 neretis
2288 5015 2342 5063 et
2370 5010 2418 5061 si
2446 5009 2668 5062 divitias
2701 5009 3031 5064 liaereditatis
3061 5013 3157 5065 Dei
3205 5009 3478 5079 videretis,
3529 5010 3707 5064 omnis

2063 5086 2283 5135 terrena
2317 5080 2460 5132 vobis
2489 5080 2727 5132 horrebit
2759 5080 3064 5133 luereditas.
3100 5083 3260 5138 Nemo
3285 5085 3433 5138 enim
3478 5096 3709 5150 regnum

2061 5167 2188 5208 cum
2216 5151 2407 5220 opibus
2435 5151 2552 5202 suis
2583 5166 2808 5220 sperans
2849 5156 3071 5205 curator
3117 5169 3228 5206 esse
3278 5159 3327 5207 et
3372 5153 3709 5215 mediocrem

2063 5221 2428 5292 substantiam
2445 5221 2716 5292 possidere
2733 5221 3015 5292 dignatur.
3047 5224 3101 5276 In
3132 5224 3492 5292 cujustotius
3513 5229 3707 5277 textus

2066 5293 2215 5349 serie
2247 5291 2339 5343 vix
2370 5288 2564 5350 unius,
2603 5289 2692 5342 vel
2725 5288 2963 5346 alterius
3017 5293 3172 5347 verbi
3203 5288 3577 5348 'diil‘crcntia.
3621 5293 3705 5347 Ah

2069 5364 2176 5417 hoc
2207 5361 2832 5433 etiam__co_mmentario
2865 5362 3036 5432 paulo
3071 5365 3340 5433 superius
3371 5362 3706 5433 exemplum

2071 5433 2325 5488 ﬁliorum
2357 5428 2441 5484 Eli
2463 5428 3094 5499 desumpserat‘auctor
3116 5428 3331 5488 noster.
3355 5434 3488 5496 Quae
3511 5428 3713 5490 omnia.

2071 5503 2246 5560 simul
2280 5499 2445 5554 valde
2475 5516 2589 5570 prae
2621 5499 2807 5554 oculis
2829 5501 2935 5556 hoc
2950 5518 3083 5558 cum
3106 5505 3328 5560 caeteris
3347 5509 3708 5564 commenta.-

2073 5575 2176 5638 riis
2205 5570 2484 5629 habuisse
2511 5571 2779 5630 Attonem
2812 5577 3078 5632 nostrum
3109 5575 3376 5654 probant,
3475 5613 3478 5620 .
3707 5575 3709 5579 ‘
