3978 6210
388 359 498 416 551

1414 356 1750 417 ATTONIS
1796 356 2377 419 VEBCELLENSIS
2421 351 2777 417 EPISCOPI

3678 343 3805 416 582

372 494 462 544 .ut
495 489 698 544 tierent
722 485 822 540 lilii
854 483 1111 558 adoptati
1142 488 1199 539 et
1229 486 1494 541 membra
1523 487 1761 544 Christi.
1794 490 1862 545 Et
1891 488 2037 543 bene
2066 497 2112 563 Α
2151 490 2323 546 debet
2352 488 2626 560 tntelligi.
2659 492 2781 541 Hoc
2806 502 2940 543 vero
2970 484 3127 558 quod
3159 482 3241 541 ait
3269 502 3285 541 :
3347 485 3457 554 Qui
3507 487 3697 542 omnia
3742 476 3809 542 iit

396 577 574 633 dicit:
610 577 919 631 Secundum
981 574 1348 642 operationem
1393 576 1578 647 (1011)
1623 579 1844 632 virtutis
1889 579 2031 648 ejus,

396 682 520 738 quae
551 666 729 734 (1012)
760 671 1011 735 operatus
1040 668 1118 717 est
1146 663 1206 715 in
1237 662 1483 724 Christo;
1516 665 1655 736 quia
1684 666 1755 719 ad
1787 665 1905 719 haec
1935 682 2033 720 co-

394 752 727 827 gnoscenda
754 768 821 806 ea
852 751 1183 822 indigemus
1214 750 1445 819 virtute,
1478 768 1595 823 qua
1614 753 1790 807 etiam
1813 754 1869 806 in
1892 753 2034 807 Filio

396 860 503 898 suo
531 858 673 896 usus
704 845 791 897 est
822 839 973 894 Deus
1004 854 1135 892 eum
1170 840 1531 904 suscitando,
1567 858 1740 911 quem
1766 858 1880 895 non
1903 857 2034 895 sus-

395 930 594 987 citavit
625 927 825 995 semel,
860 926 960 981 sed
992 942 1224 997 semper
1252 943 1286 981 a
1316 928 1585 996 mortuis,
1635 934 1693 983 et
1722 928 1854 983 fecit
1898 944 2032 984 eum

396 1020 454 1073 in
490 1017 695 1072 mortis
750 1016 1020 1083 liberum,
1068 1014 1233 1069 nulla
1276 1015 1481 1070 mortis
1528 1017 1871 1088 contagione
1918 1034 2040 1072 ma-

396 1106 676 1161 culatum.
712 1102 979 1169 Quotidie
1011 1102 1263 1174 resurgit
1292 1103 1557 1160 Christus
1588 1122 1657 1160 ex
1686 1106 1935 1160 mortuis
1975 1105 2034 1159 in

392 1193 832 1267 paenitentibus.
870 1196 945 1245 De
1001 1208 1066 1245 eo
1120 1192 1277 1261 quod
1333 1192 1644 1248 haereditas
1697 1199 2033 1249 sanctorum

398 1284 521 1355 ipse
550 1283 703 1338 Deus
736 1286 846 1349 est,
881 1286 945 1333 ut
975 1278 1118 1334 illud
1144 1280 1215 1334 de
1244 1278 1381 1335 filiis
1414 1282 1579 1336 Levi:
1615 1284 1734 1351 Ego
1775 1283 2037 1336 Dominus

390 1388 523 1443 pars
553 1387 741 1427 eorum
762 1370 947 1439 (Num.
996 1384 1154 1436 xvm,
1184 1370 1253 1421 20
1281 1411 1293 1435 ,
1325 1371 1481 1425 Josue
1511 1387 1633 1435 xm,
1668 1371 1792 1439 14);
1848 1369 1985 1425 item
2019 1386 2032 1425 :

396 1462 665 1517 Dominus
696 1458 995 1515 haereditas
1027 1472 1215 1512 eorum
1242 1461 1325 1512 est
1370 1460 1548 1527 (Deut.
1594 1476 1756 1525 xvm,
1786 1460 1841 1525 2)
1868 1476 1882 1524 ;
1931 1462 1988 1513 et
2018 1474 2031 1512 :

394 1550 534 1604 Pars
564 1564 685 1603 mea
721 1548 984 1602 Dominus
1014 1545 1186 1612 (Psal.
1243 1563 1413 1613 LXXII,
1445 1548 1536 1617 26)
1566 1551 1623 1601 et
1652 1563 1665 1602 :
1702 1548 1774 1601 Tu
1802 1562 1861 1601 es
1904 1561 2035 1613 pars

398 1636 737 1694 hscreditatis
767 1650 921 1701 meai,
955 1639 1062 1689 etc.
1098 1635 1266 1704 (Psal.
1292 1652 1383 1701 xv,
1404 1637 1479 1702 5).

469 1726 746 1796 Sequitur
778 1742 790 1777 :
825 1722 1104 1778 Suscitans
1132 1739 1297 1790 eum;
1330 1723 1387 1776 id
1417 1728 1507 1779 est
1535 1724 1853 1779 secundum
1879 1722 2034 1794 quod

399 1813 547 1868 mori
579 1811 783 1885 potuit.
811 1811 888 1866 De
920 1828 986 1867 eo
1017 1811 1169 1882 quod
1201 1810 1425 1866 dartera
1482 1810 1736 1883 ponitur,
1788 1827 1889 1882 pro
1936 1810 2035 1865 ho-

398 1918 557 1969 nore,
592 1903 647 1955 in
679 1901 794 1955 Deo
826 1899 971 1953 nihil
1001 1899 1307 1953 sinistrum
1348 1905 1458 1962 est,
1490 1901 1631 1969 quia
1660 1917 1775 1955 non
1798 1904 1887 1955 est
1907 1917 2033 1954 cor-

398 2007 627 2063 poreus.
662 1988 805 2043 Nam
839 1992 894 2042 et
922 1988 1093 2042 Pater
1114 2004 1147 2041 a
1178 1987 1396 2042 dextris
1426 1987 1549 2043 Filii
1582 1993 1689 2048 est.
1743 1992 1807 2042 ut
1842 1986 1987 2042 illud
2018 2002 2031 2040 :

399 2084 660 2134 Dominus
690 2094 724 2131 α
751 2077 963 2131 dextris
991 2078 1125 2145 tuis,
1157 2078 1445 2146 confregit,
1471 2081 1577 2129 etc.
1612 2076 1804 2146 ((Psal.
1827 2076 2033 2145 cxx,5).

396 2167 475 2222 Do
504 2184 589 2234 eo,
625 2166 777 2238 quod
826 2164 1140 2236 Apostolus
1192 2180 1259 2218 ex
1305 2163 1617 2219 traditione
1662 2165 2035 2219 Ilebraaorum

394 2256 676 2310 didicerat
707 2255 826 2308 hinc
852 2253 1127 2318 nomina;
1161 2257 1263 2308 aut
1294 2261 1447 2308 certe
1479 2252 1665 2324 legem
1697 2251 2038 2323 spiritaliter

392 2343 747 2415 intelligens,
781 2340 1000 2412 aliquid
1034 2340 1347 2396 sublimius
1368 2341 1572 2407 sensit,
1605 2346 1661 2395 et
1683 2341 1838 2411 quod
1855 2341 1925 2394 de
1947 2357 2035 2394 re-

390 2432 586 2503 gibus,
620 2430 891 2494 ducibus,
923 2428 1177 2484 tribunis
1206 2435 1262 2484 et
1278 2429 1717 2485 centurimibus
1740 2429 1797 2483 in
1820 2429 2035 2483 Nume-

398 2521 481 2575 ris
512 2525 688 2588 atque
723 2517 937 2588 Regum
974 2515 1140 2570 libris
1164 2515 1410 2587 legebat,
1431 2517 1719 2588 cognovit,
1745 2518 1897 2587 quod
1924 2515 2035 2571 sic-

397 2615 463 2664 ut
493 2609 551 2662 in
581 2606 917 2661 coelestibus
947 2605 1066 2659 sint
1123 2606 1363 2659 diversae
1411 2605 1748 2677 dignitates,
1802 2617 2038 2660 necesse

401 2710 490 2754 est
520 2696 814 2765 subjectos
844 2700 901 2747 et
919 2692 1190 2748 timentes
1220 2710 1282 2748 se
1313 2693 1586 2748 habeant.
1621 2693 1762 2748 Nam
1789 2693 1837 2748 si
1864 2693 2036 2747 homo

402 2787 514 2842 cito
537 2786 591 2838 in
621 2782 916 2855 pulverem
940 2780 1312 2836 resolvendus
1334 2798 1431 2837 rex
1445 2781 1898 2852 eligatur,habet
1917 2780 2036 2835 hac

403 2873 613 2939 ofﬁcia,
649 2876 867 2944 quanto
901 2870 1087 2941 magis
1111 2870 1228 2925 Rex
1250 2886 1452 2942 regum
1485 2871 1710 2926 diversa
1731 2870 1922 2925 ofﬁcia
1949 2869 2036 2922 di-

403 2962 695 3037 gnitatum
726 2958 953 3014 habet?

476 3051 586 3105 Sed
621 3048 914 3120 quomodo
944 3046 1087 3102 dicit
1111 3047 1162 3101 ei
1193 3047 1390 3102 omnia
1418 3047 1699 3117 subjecta,
1733 3062 1865 3102 cum
1899 3043 2037 3100 alibi

392 3141 547 3197 dicat
593 3139 764 3210 ipse:
824 3137 1064 3191 Necdum
1120 3136 1366 3193 videmus
1413 3137 1465 3190 ei
1515 3152 1701 3190 omnia
1750 3135 2038 3205 subjecta?

2065 1854 2113 1920 B

2142 581 2402 635 omnibus
2432 578 2776 646 adimpletur
2799 593 2812 631 :
2835 591 2951 631 non
2979 576 3081 643 ita,
3104 579 3169 630 ut
3184 579 3374 641 sonat,
3392 572 3809 645 accipiendum

2143 671 2252 721 est.
2285 667 2409 721 Non
2442 667 2598 721 enim
2629 665 2732 730 ait,
2754 662 3035 735 adimplet,
3059 664 3185 729 sed,
3209 663 3562 735 adimplelur.
3587 662 3807 736 Sequi-

2144 756 2277 809 dem
2304 754 2464 809 aliud
2489 754 2736 825 agentis,
2760 750 2918 808 aliud
2945 752 3220 825 patientis
3237 757 3328 807 est
3342 752 3605 808 verbum.
3629 752 3806 808 Sicut

2145 858 2282 913 ergo
2297 842 2388 897 adi
2400 841 3138 913 mpleturimperator,oum
3152 841 3203 895 ei
3220 839 3419 911 pOpuli
3431 841 3802 908 subduntur,

2143 929 2225 983 ita
2254 930 2543 995 Christus,
2572 945 2706 983 cum
2738 930 2796 983 in
2846 944 2977 984 eum
3027 928 3297 984 homines
3348 929 3617 997 credunt,
3667 929 3799 1002 ipse

2144 1017 2503 1089 adimpletur
2525 1017 2583 1071 in
2606 1017 2918 1072 omnibus:
2947 1017 3033 1072 sic
3058 1021 3274 1082 tamen,
3300 1021 3363 1071 ut
3385 1016 3587 1072 omnia
3611 1018 3799 1073 adim-

2148 1104 2378 1177 pleatur
2406 1105 2684 1160 omnibus
2710 1122 2723 1173 ;
2748 1104 2807 1159 id
2838 1109 2948 1171 est,
2981 1109 3047 1159 ut
3077 1104 3380 1160 credentes
3407 1105 3468 1159 in
3491 1110 3627 1161 eum
3649 1122 3800 1162 cun-

2146 1194 2259 1249 ctis
2284 1194 2403 1249 sint
2430 1192 2587 1265 pleni
2615 1194 2955 1258 virtutibus,
2990 1197 3046 1248 et
3076 1193 3292 1248 faciant
3331 1202 3466 1248 eum
3516 1194 3797 1266 proﬁteris

2147 1288 2334 1351 aetate,
2366 1287 2426 1338 et
2457 1282 2764 1353 sapientia,
2797 1287 2856 1337 et
2884 1281 3071 1355 gratia
3087 1294 3283 1337 coram
3307 1280 3445 1348 Deo,
3466 1286 3523 1337 et
3543 1282 3801 1339 homini-

2145 1371 2257 1426 bus
2286 1372 2436 1442 (Luc.
2467 1387 2533 1433 ιι,
2564 1372 2675 1429 52).
2710 1370 2930 1426 Aliter:
2964 1370 3070 1434 Qui
3101 1380 3259 1425 nunc
3306 1386 3410 1442 per
3462 1376 3662 1442 partes
3709 1378 3798 1428 est

2144 1459 2205 1514 in
2238 1459 2510 1531 singulis,
2541 1461 2599 1515 id
2632 1464 2740 1527 est,
2773 1459 2832 1513 in
2865 1458 2979 1515 alio
2998 1454 3254 1529 ‘justitia,
3287 1457 3348 1512 in
3381 1458 3499 1515 alio
3529 1450 3793 1528 castitas,

2146 1548 2205 1602 in
2238 1547 2350 1602 alio
2382 1546 2674 1618 sapientia
2700 1547 2909 1617 (1015),
2939 1548 3079 1618 quia
3106 1545 3342 1602 difﬁcile
3388 1550 3505 1617 est,
3556 1551 3625 1603 ut
3672 1547 3793 1604 hcc

2146 1634 2359 1707 aliquis
2380 1636 2579 1690 omnia
2609 1634 2861 1702 habeat;
2893 1635 2952 1689 in
2980 1635 3099 1691 ﬂne
3126 1644 3282 1700 vero,
3323 1640 3456 1690 cuin
3491 1635 3547 1690 ei
3578 1635 3795 1692 fuerint

2145 1724 2342 1779 omnia
2355 1721 3063 1794 subjecta,adimplebitur
3082 1744 3111 1773 «
3133 1722 3413 1779 omniain
3434 1723 3713 1779 omnibus
3729 1738 3742 1790 ;
3757 1743 3788 1775 π

2144 1817 2231 1882 ut,
2255 1816 2423 1883 juxta
2456 1812 2610 1883 quod
2643 1818 2795 1867 Deus
2824 1816 2916 1867 est
2943 1811 3172 1866 cunctis
3200 1808 3517 1867 virtutibus
3558 1810 3788 1884 plenus,

2145 1901 2344 1956 omnia
2373 1900 2432 1954 in
2464 1901 2743 1955 omnibus
2773 1899 3396 1972 (1016)'adimpleatur,
3427 1904 3486 1956 et
3515 1899 3636 1956 sint
3666 1914 3791 1957 om"-

2148 1989 2241 2044 nia
2269 1989 2329 2043 in
2356 1988 2651 2043 omnibus.

2217 2078 2401 2148 (1017)
2449 2078 2603 2147 (Car.
2663 2077 2758 2146 ll.)
2816 2076 3127 2147 Sequitur:
3184 2077 3249 2131 Et
3303 2092 3418 2145 vos,
3463 2086 3587 2132 cum
3644 2088 3786 2133 esss-

2148 2170 2238 2236 tis,
2267 2172 2376 2221 etc.
2412 2168 2479 2221 Et
2507 2170 2598 2220 est
2628 2166 2767 2219 ordo
2798 2184 2816 2220 :
2842 2165 2960 2220 Vos
2990 2181 3124 2220 cum
3157 2164 3364 2220 essetis
3397 2164 3609 2220 mortui
3644 2163 3790 2220 delia

2147 2256 2256 2309 ctis
2297 2259 2354 2310 et
2410 2254 2661 2325 peccatis
2707 2253 2937 2321 vestris,
2989 2253 3409 2308 conviviticaﬁt
3442 2254 3503 2308 in
3560 2251 3788 2309 Christo

2150 2350 2299 2398 tiens
2329 2344 2388 2397 in
2420 2342 2825 2398 misericordia
2854 2347 3089 2413 propter
3137 2336 3386 2398 multam
3443 2341 3786 2397 charitatem

2146 2448 2336 2497 suam,
2372 2446 2489 2504 qua
2519 2430 2722 2485 dilexit
2751 2446 2878 2486 nos.
2907 2432 2969 2486 Et
2997 2446 3125 2486 eum
3152 2440 3382 2485 essetaut
3408 2431 3619 2486 mortui
3645 2429 3790 2486 delia-

2142 2524 2263 2583 clis,
2295 2524 2357 2575 in
2382 2521 2586 2591 quibus
2614 2519 2935 2591 aliquando,
2966 2525 3099 2586 etc,
3142 2528 3328 2590 usque
3385 2519 3787 2590 Conviviﬁcam!

2144 2612 2206 2665 in
2230 2609 2460 2665 Christo.
2494 2608 2837 2679 Conjunctio
2863 2620 2997 2663 vero
3027 2608 3301 2676 causalis,
3334 2608 3538 2678 autem,
3572 2614 3676 2663 aut
3713 2607 3785 2663 ab

2144 2698 2394 2753 indoctis
2425 2696 2623 2752 addita
2653 2702 2761 2764 est,
2790 2701 2891 2753 aut
2921 2697 2993 2751 ab
3025 2695 3320 2768 Apostolo,
3347 2697 3447 2768 qui
3465 2696 3784 2767 eratimped

2146 2787 2292 2841 ritus
2321 2801 2589 2841 sermone
2608 2785 2810 2855 (1018).
2836 2785 2915 2840 De
2934 2799 3000 2839 eo
3017 2785 3173 2855 quod
3196 2796 3355 2840 mors
3375 2784 3591 2856 duplex
3611 2783 3784 2840 intel-

2145 2875 2350 2946 ligitur
2376 2875 2435 2928 in
2468 2872 2803 2945 Scripturis.
2827 2873 2938 2929 Sed
2965 2872 3170 2928 animae
3194 2877 3440 2928 mortem
3467 2873 3630 2943 dicit,
3654 2880 3785 2944 qua

2147 2964 2212 3018 ﬁt
2240 2962 2487 3026 delictis,
2511 2961 2570 3017 id
2592 2966 2705 3029 est,
2725 2960 3211 3017 delectationibus
3239 2976 3254 3016 :
3280 2970 3415 3017 nam
3439 2966 3677 3033 peccata
3697 2961 3786 3017 di-

2145 3056 2358 3108 cuntur
2385 3067 2649 3123 operum.
2682 3049 2929 3105 Pulchre
2957 3049 3099 3106 dicit
3124 3050 3472 3118 ambulantis,
3515 3056 3631 3105 non
3663 3064 3787 3106 am-

2147 3141 2365 3196 bulatis.
2399 3140 2709 3195 Secundum
2734 3138 2998 3194 saeculum
3021 3132 3218 3195 mundi
3236 3148 3254 3206 ξ
3306 3140 3364 3195 id
3408 3144 3520 3211 est,
3574 3146 3789 3196 secun-

394 3229 605 3302 Oportet
627 3244 753 3282 eum
782 3242 1038 3298 regnare,
1072 3230 1181 3280 etc.
1213 3224 1418 3294 (1013).
1446 3224 1555 3279 Sed
1580 3229 1681 3278 aut
1708 3222 2031 3278 secundum
2064 3219 2105 3285 C
2144 3230 2285 3284 dum
2317 3228 2623 3284 saeculares
2655 3227 2921 3283 homines
2955 3243 2967 3294 ;
3025 3227 3112 3283 vel
3163 3233 3319 3283 certe
3371 3226 3654 3283 saeculum
3698 3230 3791 3284 est

392 3315 815 3390 praescientiam
847 3315 954 3369 hoc
986 3312 1143 3379 dicit,
1176 3318 1297 3379 aut,
1331 3313 1379 3367 si
1410 3313 1482 3367 de
1524 3312 1830 3383 praeterito,
1889 3316 2030 3364 tunc

390 3406 691 3463 sciendum
726 3409 816 3459 est
845 3402 1113 3475 quaedam
1144 3401 1460 3466 voluntate,
1485 3408 1545 3455 ut
1568 3401 1737 3467 bona,
1762 3398 2028 3471 quaedam

389 3494 756 3563 nesessitate,
790 3498 854 3546 ut
878 3492 1054 3557 mala,
1080 3492 1131 3545 ei
1150 3491 1444 3559 subjecta;
1469 3488 1641 3543 veluti
1664 3492 1803 3543 sunt
1820 3485 2027 3543 Judaei.

391 3583 601 3657 pagani
636 3586 693 3637 et
715 3580 825 3653 ipsi
875 3579 1319 3650 daemones,‘qui
1343 3578 1506 3633 aDeo
1533 3577 1669 3632 boni
1695 3576 1869 3632 creati
1892 3579 2031 3631 sunt

391 3673 526 3728 facti
558 3669 719 3735 mali,
756 3668 917 3723 inviti
951 3674 1092 3723 sunt
1122 3667 1390 3737 subjecti.
1422 3666 1635 3721 Aliter:
1672 3664 1887 3731 Omnia,
1914 3680 2028 3720 non

390 3762 462 3816 ad
496 3758 937 3813 universitatem
975 3760 1118 3810 torte
1141 3754 1395 3827 respicit,
1430 3760 1492 3809 ut
1514 3753 1656 3809 illud
1693 3754 1919 3809 :Omnis
1944 3754 2026 3807 ei-

388 3851 525 3904 vitas
556 3847 815 3902 clamavit
853 3845 1076 3912 (10111);
1110 3850 1167 3899 et
1217 3844 1341 3915 ipse
1394 3842 1709 3915 Apostolus
1742 3859 1755 3896 :
1809 3841 2023 3907 Omnes,

386 3952 512 4010 qua:
538 3952 639 3990 sua
667 3943 811 4003 sunt,
845 3937 1097 4005 quaerunt
1127 3933 1389 4005 (Philipp.
1423 3949 1483 4002 ιι,
1515 3933 1641 4004 21);
1681 3932 1817 3986 item
1852 3948 1863 3986 :
1902 3930 2026 3986 Om-

382 4042 477 4081 nes
506 4041 591 4080 me
619 4024 1029 4094 dereliquerunt
1061 4023 1130 4093 (II
1172 4023 1304 4077 Tim.
1356 4038 1429 4088 1v,
1488 4023 1614 4092 16);
1663 4026 1721 4075 et
1767 4020 1824 4074 in
1875 4016 2027 4089 psal-

385 4131 478 4170 mo
504 4131 515 4168 :
553 4112 744 4169 Omnes
772 4112 1186 4167 declinaverunt
1215 4110 1393 4182 (Psal.
1424 4126 1548 4179 xm,
1580 4109 1634 4179 3)
1657 4126 1669 4163 :
1695 4110 1834 4164 item
1859 4126 1873 4163 :
1900 4105 2024 4162 Om-

380 4204 470 4257 nis
504 4201 660 4257 homo
691 4200 929 4257 mendas:
957 4200 1182 4271 (Coloss.
1218 4218 1303 4266 Ill,
1346 4200 1434 4271 16)
1464 4216 1476 4266 ;
1537 4198 1675 4252 item
1707 4214 1718 4252 :
1769 4198 2024 4253 Docentes

380 4308 593 4348 omnem
644 4291 918 4346 hominem
947 4291 1115 4361 (Psal.
1150 4306 1276 4357 cxv,
1306 4290 1382 4359 2).
1418 4288 1480 4342 In
1534 4287 1627 4343 his
1670 4285 2024 4342 testimoniis

380 4398 515 4453 pars
543 4379 910 4451 intelligitur,
946 4380 1002 4434 id
1024 4383 1132 4446 est,
1157 4395 1379 4441 omnes,
1408 4376 1716 4446 dequibus
1740 4375 2018 4445 loquitur.

449 4468 530 4525 De
559 4485 625 4524 eo
656 4468 808 4540 quod
837 4468 989 4523 sicut
1020 4472 1195 4538 caput
1225 4465 1399 4520 habet
1429 4463 1538 4518 sibi
1556 4462 2019 4533 subjectamem-

2137 3317 2381 3389 spiritus
2413 3315 2627 3384 malus,
2656 3317 2757 3388 qui
2789 3320 3062 3387 speratur
3082 3316 3141 3371 in
3165 3316 3502 3373 inﬁdelibus
3524 3332 3540 3371 :
3563 3322 3705 3373 nam
3727 3316 3787 3373 iii

2139 3405 2251 3474 his,
2284 3405 2382 3476 qui
2412 3403 2612 3459 ﬁdeles
2642 3409 2800 3472 sunt,
2832 3404 3057 3476 operari
3088 3402 3204 3460 nan
3228 3409 3437 3476 potest.
3463 3400 3593 3460 Filii
3623 3405 3786 3460 difﬁi-

2139 3494 2344 3549 dentite
2374 3492 2671 3559 dicuntur,
2701 3491 2874 3547 veluti
2905 3489 3009 3547 ﬁlii
3039 3491 3316 3564 gehennae
3337 3496 3396 3549 et
3425 3492 3528 3547 ﬁlii
3549 3492 3671 3548 ire.

2206 3581 2481 3654 Sequitur
2508 3598 2520 3636 :
2556 3582 2614 3636 ln
2646 3582 2845 3651 quibus
2864 3580 2961 3641 ;id
2984 3586 3095 3649 est,
3128 3590 3245 3636 non
3277 3579 3471 3637 solum
3500 3596 3604 3637 vos
3639 3584 3785 3652 gens

2133 3675 2243 3737 tes,
2275 3672 2375 3726 sed
2403 3679 2458 3726 et
2483 3685 2583 3726 nos
2601 3668 2895 3739 Judaaitin
2911 3668 3200 3725 desideriis
3218 3672 3423 3740 corna,
3448 3686 3564 3725 non
3584 3669 3783 3726 solum

2134 3760 2553 3828 desiderantes,
2586 3760 2683 3814 sed
2714 3761 2772 3813 et
2802 3755 3079 3815 facientes
3107 3766 3473 3829 quacunque
3494 3756 3653 3814 mala
3682 3764 3781 3815 60-

2133 3847 2336 3920 gitatio
2366 3847 2774 3920 suggessisset.

2203 3936 2522 4008 Sequitur:
2558 3937 2622 3992 Et
2657 3951 2877 3992 eramus
2932 3939 3139 3992 natura
3185 3934 3296 4004 ﬁlii
3341 3937 3490 4009 ira;
3548 3936 3607 3992 id
3666 3943 3779 4009 est,

2135 4030 2347 4085 natura
2375 4026 2687 4095 depravata
2714 4024 2872 4095 vitio,
2905 4040 3017 4081 non
3050 4030 3118 4079 ut
3146 4029 3301 4080 recta
3330 4028 3544 4081 creata.
3582 4027 3646 4081 In
3667 4026 3783 4084 hac

2136 4115 2221 4170 ira
2252 4130 2386 4169 cum
2417 4113 2686 4169 homines
2714 4118 2909 4170 essent
2964 4128 3069 4184 per
3112 4112 3394 4186 originale
3444 4118 3779 4187 peccatum,

2133 4207 2296 4257 tanto
2327 4202 2562 4273 gravius
2599 4207 2657 4257 et
2695 4202 3098 4273 perniciosius,
3148 4206 3367 4274 quanto
3389 4205 3638 4273 majora,
3692 4203 3783 4262 vel

2132 4290 2303 4362 plura
2326 4291 2565 4362 insuper
2595 4290 2967 4356 addiderunt,
3000 4290 3366 4347 necessarius
3386 4296 3513 4346 erat
3548 4292 3783 4350 media-

2131 4385 2241 4449 tor,
2276 4379 2384 4434 hoe
2413 4383 2521 4446 est,
2555 4378 2977 4447 reconciliator,
3011 4377 3108 4451 qui
3140 4378 3290 4435 hanc
3319 4380 3463 4435 iram
3487 4380 3779 4455 singulari

2130 4466 2435 4535 sacriticio,
2464 4467 2635 4539 cujus
2666 4472 2929 4539 tympum
2957 4465 3242 4524 sacrificia
3293 4465 3394 4524 illa
3440 4470 3775 4541 gestabant,

379 4558 504 4621 bra,
527 4557 641 4611 alia
670 4573 835 4621 sana,
868 4556 981 4610 alia
1010 4555 1266 4622 infirma,
1300 4553 1378 4605 ita
1405 4549 1692 4640 Christus,
1717 4550 1814 4640 qui
1844 4553 2018 4640 caput
2052 4573 2099 4640 Ι)
2132 4555 2408 4629 placaret,
2446 4557 2522 4613 De
2548 4557 2633 4611 ira
2665 4554 2759 4610 Dei
2780 4555 2984 4627 (1019),

380 4652 489 4712 est,
522 4644 697 4701 habet
726 4647 784 4699 in
818 4644 1073 4700 Ecclesia
1107 4642 1312 4706 malos,
1338 4644 1396 4694 et
1423 4638 1608 4693 bonos
1634 4655 1646 4705 ;
1675 4638 1777 4692 sed
1834 4639 2019 4694 sancti

382 4735 700 4804 voluntate,
735 4733 869 4788 mali
906 4749 1039 4788 vero
1071 4734 1208 4786 sunt
1239 4725 1490 4796 subjecti
1544 4726 1907 4781 necessitate.
1955 4728 2019 4784 In

381 4824 491 4879 hoc
524 4822 647 4877 loco
670 4821 927 4885 Ecclesia
946 4838 1061 4876 non
1086 4817 1275 4874 solum
1298 4813 1630 4879 hominum,
1655 4814 1752 4868 sed
1774 4818 1825 4868 et
1844 4831 2018 4887 ange-

380 4913 592 4983 lorum,
624 4916 1091 4979 cunctarumque
1141 4900 1573 4959 rationabilium
1621 4907 2016 4962 creaturarum

450 5018 632 5089 (1011)
663 5016 835 5087 Vulg.
872 5012 1332 5089 addit_po_lenl_i.'e_.

477 5082 634 5155 1012)
672 5082 814 5142 Loco
848 5100 994 5155 quae,
1027 5082 1204 5155 Vulg.
1237 5082 1413 5136 habet
1442 5096 1625 5155 quam.

477 5090 613 5144 1012
672 5095 814 5142 Loco
848 5100 994 5155 quae,
1034 5090 1204 5152 Vulg.
1237 5090 1413 5136 habet
1442 5096 1625 5151 quam.

450 5090 634 5283 E1013;
660 5159 680 5213 Ι
711 5156 838 5211 Cor.
871 5172 962 5218 xv,
1092 5158 1147 5207 et
1177 5168 1364 5234 seqq.,
1400 5153 1494 5235 ubi
1524 5153 1790 5237 negativa
1843 5155 2019 5280 Εεςιί-

480 5247 512 5283 a
541 5229 790 5283 necdum.
816 5241 1084 5283 auamvrs
1114 5241 1148 5278 a
1173 5225 1305 5280 fllVO
1354 5224 1699 5283 Hieronymo
1732 5243 1788 5280 in
1884 5243 2019 5283 uiue

379 5223 512 5285 cula
541 5223 790 5293 necdum,
816 5224 1084 5297 quamvis
1114 5241 1148 5278 a
1173 5223 1316 5297 divo,
1354 5223 1699 5297 Hieronymo
1732 5225 1788 5280 in
1843 5223 2020 5297 hujus

378 5300 648 5371 Epistolas
680 5295 1217 5371 interpretationem
1250 5295 1406 5351 hunc
1430 5295 1652 5352 textum
1675 5297 1889 5353 citante
1913 5295 2016 5353 ad-

381 5367 671 5433 niittatur,
704 5369 946 5424 minime
977 5367 1207 5439 legitur.

473 5440 627 5514 191:1)
658 5441 854 5514 l__Reg.
885 5456 999 5514 xiv,
1030 5441 1121 5514 20,
1142 5440 1320 5514 omnis
1337 5440 1589 5514 populus.

370 5579 389 5640 l
447 5510 632 5636 (101t5)
669 5510 881 5583 Verba,
906 5512 964 5566 in
993 5512 1171 5568 alio...
1195 5510 1485 5583 sapientia,
1508 5511 1567 5566 in
1588 5510 1811 5567 laterali
1830 5526 2016 5583 marg.

396 5596 543 5640 ezun
580 5600 666 5639 ur.

396 5597 666 5639 CEUDIUI‘.

427 5596 876 5744 hinc
932 5652 1127 5723 verba,
1183 5660 1324 5715 ut...
1383 5652 1656 5725 omnibus,
1713 5653 1774 5711 in
1831 5668 2018 5727 marg.

2201 4646 2385 4717 (1020)
2415 4645 2692 4715 Sequitur
2724 4661 2738 4698 :
2770 4644 2910 4699 Deus
2937 4648 3144 4711 autem,
3175 4646 3274 4715 qui
3299 4644 3449 4702 dives
3475 4648 3559 4702 est
3587 4650 3651 4703 in
3671 4649 3776 4704 mi-

2126 4734 2456 4800 sericordia,
2506 4737 2724 4805 propter
2784 4735 3019 4789 nimiam
3068 4732 3393 4791 charitatem
3447 4738 3612 4791 suam
3670 4748 3775 4811 qua

2128 4822 2329 4877 dilexit
2357 4838 2477 4888 nos,
2511 4828 2618 4877 etc.
2652 4823 2860 4890 (1021.)
2889 4822 3013 4878 Non
3036 4822 3227 4891 solum
3250 4823 3311 4879 in
3331 4824 3564 4891 virtute,
3587 4824 3694 4881 sed
3714 4823 3771 4879 in

2129 4910 2535 4967 misericordia
2562 4910 2721 4967 dives
2751 4915 2858 4977 est,
2892 4916 2955 4966 ut
2983 4910 3128 4968 illud
3155 4928 3168 4966 :
3200 4911 3484 4968 Μέδοντι-ἰδ’
3524 4914 3773 4968 omium

2129 5018 2426 5074 leguntur.

2418 5093 2479 5172 tu
2503 5092 2687 5172 putog
2717 5104 2902 5172 marg.
2937 5088 3036 5172 hic
3060 5089 3276 5172 legitur
3301 5082 3590 5172 cap;__lil.

2201 5159 2516 5244 (1018)‘S‘ed
2554 5159 2958 5244 nOn:8cl€nt:ia-,.
2980 5165 3045 5216 ut
3084 5159 3166 5216 ait
3193 5159 3769 5235 divuS‘Hieronymu

2129 5231 2297 5303 cujus
2327 5237 2415 5303 est
2446 5232 2566 5303 haec
2600 5231 3020 5303 interpretatio.

2228 5248 2297 5286 us
2327 5248 2415 5286 est
2446 5248 2566 5286 nec
2600 5248 3020 5303 interpretatio.

2197 5248 2381 5374 21019)
2407 5301 2637 5359 Scilicet
2669 5302 2854 5374 oratio
2884 5302 3169 5374 habeatur
3195 5303 3267 5374 de
3313 5301 3401 5357 ira
3456 5302 3589 5374 Dei.
3623 5300 3770 5359 Vide

2128 5370 2255 5445 quae
2286 5370 2441 5446 intra
2471 5375 2539 5429 ad
2574 5390 2698 5446 cap.
2732 5373 2809 5428 III
2839 5372 3014 5446 hujus
3044 5372 3314 5446 Epistolas
3343 5380 3439 5430 not
3462 5370 3622 5446 1,0737.

2410 5445 2473 5529 εει
2497 5442 2692 5529 autog.
2729 5442 3040 5529 margilhic
3061 5442 3284 5529 legitur
3301 5458 3429 5529 cap.
3460 5442 3554 5501 IV.

2127 5510 2830 5642 Ιθὲἔὲξζζγθώαξᾳυί...
2858 5510 3006 5587 ἠως,
3058 5510 3393 5573 in'laterali
3440 5530 3630 5591 marg.
3662 5510 3766 5573 cod

2149 5600 2423 5659 aguntur.
