3978 6210
147 345 240 403 537

687 343 1104 403 EXPOSITIO
1153 344 1225 402 IN
1274 345 1696 405 EPISTULAS
1746 347 1996 406 PAULI.
2027 348 2196 405 -ΙΝ
2250 349 2489 406 EPIS'I‘.
2546 351 2646 407 AD
2694 350 2965 410 EPHES.

3414 355 3530 409 5338

210 473 502 543 Sequitur:
538 474 597 526 In
627 489 730 544 quo
770 478 822 526 et
873 491 982 538 vos,
1017 479 1124 528 etc.
1164 480 1236 529 De
1269 493 1333 530 eo
1367 477 1520 547 quod
1559 493 1771 547 magna
1802 479 1853 542 Α
1882 477 2042 536 Jesu,
2079 483 2133 530 et
2161 479 2386 530 vinctus
2421 495 2520 548 pro
2562 479 2743 545 vobis,
2781 479 2878 551 qui
2929 480 3069 535 estis
3120 499 3184 535 ex
3233 481 3528 552 gentibus,

154 564 519 618 moderatione
536 563 606 616 ad
633 562 918 633 Ephesios
938 564 1400 619 exhortationem
1429 568 1773 637 prol'ert,pcr

153 669 300 726 quam
328 652 614 718 hortatur,
643 652 1030 723 utsuppleant
1057 655 1208 722 quod
1238 653 1383 724 ipsis
1407 656 1622 720 deerat,
1648 673 1768 709 cor-

149 743 373 814 rectique
399 742 469 795 ad
497 742 790 812 integrum
817 741 1099 812 templum
1126 745 1266 796 tiant
1288 743 1405 798 Dei.
1432 744 1508 797 De
1528 761 1591 798 eo
1617 745 1769 814 quod

147 831 224 885 hic
252 829 567 884 destruitur
614 846 776 883 error
807 828 1063 893 illorum,
1116 831 1213 900 qui
1245 833 1502 887 diversas
1536 840 1772 887 naturas

148 924 411 982 asserunt,
457 935 593 973 cum
645 918 984 989 Apostolus,
1036 937 1183 989 quos
1218 921 1439 975 dixerat
1491 939 1616 976 esse
1649 923 1773 976 sine

152 1015 263 1075 Deo,
297 1015 486 1062 monet
519 1013 582 1061 ut.
618 1008 757 1061 {iant
779 1007 1063 1078 templum
1087 1009 1200 1062 Dei.
1230 1009 1306 1064 De
1337 1028 1402 1063 eo
1435 1013 1588 1081 quod
1611 1016 1771 1075 sunt,

153 1099 236 1170 qui
266 1115 357 1168 per
387 1097 830 1151 aedificationem
851 1103 1242 1152 constructam
1270 1116 1381 1152 non
1405 1099 1562 1153 solos
1595 1100 1777 1154 homi-

155 1205 244 1242 nes
273 1189 365 1241 sed
392 1193 446 1241 et
475 1185 710 1256 angelos
745 1185 1098 1257 intelligunt,
1134 1187 1270 1258 quia
1300 1188 1639 1257 angelorum
1675 1189 1774 1242 bo-

158 1294 347 1330 norum
380 1281 434 1329 et
462 1274 786 1329 animarum
818 1281 1152 1329 sanctarum
1190 1293 1306 1329 una
1337 1282 1423 1330 est
1452 1276 1727 1331 Ecclesia.

223 1365 388 1434 (1035)
425 1363 577 1434 (CAP.
610 1363 732 1433 ΙΙΙ.)
767 1362 1079 1434 Sequitur:
1107 1366 1275 1430 Hujus
1292 1367 1375 1419 rei
1403 1368 1603 1436 gratia,
1639 1372 1772 1431 etc.,

152 1453 201 1507 id
233 1457 331 1517 est,
374 1453 572 1522 hujus,
617 1468 792 1522 quam
855 1470 1031 1521 supra
1090 1455 1558 1520 commemoravi,
1620 1454 1774 1525 quod

152 1541 312 1597 Filius
335 1541 428 1596 Dei
455 1547 661 1613 gentes
681 1546 737 1594 et
757 1541 1009 1603 Judaeos,
1033 1541 1358 1609 salvaverit,
1383 1544 1775 1614 unumquel‘e«

151 1631 296 1696 cerit,
321 1648 433 1686 non
497 1630 761 1702 ipsorum
793 1630 1038 1696 meritis,
1075 1631 1173 1685 sed
1205 1633 1395 1703 gratia
1424 1649 1548 1687 sua.
1601 1632 1680 1687 De
1713 1650 1777 1687 eo

149 1720 286 1790 quod
343 1720 607 1774 vinctum
669 1735 730 1773 se
762 1718 923 1788 dicit,
979 1725 1081 1774 aut
1140 1721 1382 1791 catenis,
1434 1726 1536 1775 aut
1565 1721 1776 1776 Christi

151 1826 322 1864 amore
351 1815 452 1864 aut
503 1808 737 1862 sarcina
768 1808 1059 1880 corporis;
1095 1809 1234 1880 quia
1263 1810 1525 1881 gentium
1581 1827 1776 1866 amore

150 1896 231 1951 hic
254 1899 575 1962 tenebatur,
599 1912 732 1950 cum
767 1902 1001 1968 cuperet
1022 1897 1248 1952 dissolvi
1269 1908 1318 1952 et
1340 1914 1452 1952 esse
1467 1915 1590 1952 cum
1623 1899 1778 1952 Chri-

150 1989 219 2040 sto
263 1988 522 2058 (Philipp.
578 2004 618 2050 ι,
674 1987 783 2056 ἱ3).
824 1992 894 2040 De
927 2003 990 2040 eo
1024 1987 1199 2056 quod,
1258 2004 1388 2040 cum
1424 1987 1682 2041 vinctum
1718 2004 1780 2042 se

149 2075 602 2144 dicit,ronlirmat
619 2074 989 2144 Evangelium
1005 2075 1215 2129 Christi
1233 2076 1545 2130 ostendens
1560 2082 1780 2147 quanta

149 2165 215 2218 sit
239 2182 363 2236 spes
391 2167 544 2236 ejus,
579 2163 813 2235 quando
831 2163 968 2218 talia
991 2165 1259 2230 sustinet,
1281 2164 1378 2233 qui
1407 2169 1631 2234 poterat
1653 2180 1779 2219 esse

146 2253 416 2322 gloriosus
448 2253 605 2324 apud
628 2252 882 2321 Judteos,
917 2257 972 2306 et
993 2252 1242 2306 doctoris
1268 2253 1481 2306 honore
1504 2254 1776 2324 gaudere.

211 2342 353 2405 Quid
383 2347 503 2396 est:
550 2342 606 2395 Si
635 2347 840 2407 tarnen,
878 2345 1022 2395 etc.:
1073 2357 1259 2411 usque
1289 2343 1494 2409 (1036),
1530 2342 1644 2396 nisi
1679 2343 1780 2395 tir-

146 2429 310 2482 miter
343 2429 550 2484 tenetis
576 2429 633 2483 in
674 2431 855 2493 vobis,
911 2431 1230 2484 secundum
1284 2429 1777 2501 dispensationem

141 2518 407 2584 divinam,
444 2535 561 2573 non
604 2520 925 2574 secundum
980 2519 1297 2573 humanam
1332 2519 1654 2574 doctrinam
1688 2537 1780 2574 me

141 2606 319 2661 dicere
347 2606 583 2662 Judaaos
623 2611 680 2661 et
731 2611 934 2678 gentes
989 2625 1171 2661 unum
1234 2625 1360 2662 esse
1394 2608 1450 2662 in
1506 2609 1780 2663 Christo?

137 2693 293 2750 Aliud
325 2695 495 2761 nihil,
522 2696 677 2766 quod
711 2697 1152 2766 respondeatur,
1172 2714 1491 2767 possumus
1523 2697 1778 2752 invenire

139 2782 319 2855 Neque
346 2786 505 2840 enim
543 2784 720 2838 dixit:
778 2785 946 2854 Hujus
1007 2787 1088 2838 rei
1114 2787 1319 2855 gratia,
1380 2787 1486 2840 hoc
1532 2785 1616 2840 vel
1671 2786 1779 2840 hoc

137 2871 251 2938 feci,
282 2872 421 2928 illud
454 2873 552 2928 vel
611 2872 751 2926 illud
805 2873 996 2943 docui,
1054 2874 1152 2928 sed
1213 2892 1500 2944 suspensa
1557 2876 1779 2929 ratione

136 2960 386 3015 transivit
417 2963 485 3017 ad
540 2960 673 3015 alia.
710 2961 830 3015 Nisi
865 2962 1008 3015 forte
1062 2961 1448 3033 ignoscentes,
1502 2963 1573 3030 ei,
1626 2964 1778 3035 quod

132 3053 180 3102 et
211 3050 329 3120 ipse
360 3053 677 3106 confessus
709 3055 818 3118 est,
851 3050 1085 3106 dicens:
1143 3054 1203 3105 Et.
1234 3054 1284 3105 si
1330 3052 1628 3123 imperitus
1665 3069 1780 3106 ser-

132 3154 284 3192 mone
314 3143 392 3205 (11
438 3140 574 3194 Cor.
609 3157 690 3208 x1,
721 3140 797 3208 ὃ),
856 3146 962 3194 etc.
993 3157 1004 3206 ;
1040 3157 1319 3194 sensuum
1355 3139 1413 3194 in
1471 3157 1536 3194 eo
1595 3141 1781 3212 magis

1881 567 2119 634 cognovi
2141 568 2508 636 mysterium,
2529 573 2589 620 ut
2612 567 2749 621 illud
2776 585 3008 639 quoque
3030 571 3192 624 vobis
3215 572 3525 634 traderem,

1883 652 2033 706 sicut
2066 655 2119 706 in
2147 654 2251 707 hac
2281 656 2481 708 eadem
2513 655 2775 726 Epistola
2799 663 2929 710 ante
2945 657 3249 728 paululum
3282 676 3411 714 sum
3445 660 3527 713 lo-

1882 748 2071 796 cutus.
2108 744 2334 796 hebetis
2358 751 2550 798 autem
2576 745 2776 799 audire
2805 746 3298 816 dispensationem
3330 749 3529 819 gratia:

1887 832 2004 897 Dei,
2037 848 2165 901 quae
2199 833 2339 886 data
2369 839 2457 886 est
2507 833 2650 888 mihi
2682 835 2738 887 in
2770 834 2954 898 vobis,
3005 836 3102 906 qui
3133 836 3274 890 estis
3305 843 3526 907 gentes,

1884 936 1985 990 pro
2015 920 2227 990 quibus
2274 927 2328 974 et
2378 922 2603 977 vinctus
2662 941 2814 978 sum.
2851 924 3042 978 Potuit
3091 924 3246 979 enim
3296 926 3524 980 dicere:

1889 1009 2071 1078 llujus
2103 1011 2183 1063 rei
2234 1011 2421 1079 gratia
2469 1029 2572 1081 ego
2616 1012 2831 1066 Paulus
2884 1013 3114 1067 vinctus
3144 1014 3282 1068 Jcsu
3314 1015 3528 1069 Christi

1885 1115 1986 1167 pro
2020 1098 2182 1152 vobis
2214 1098 2488 1168 gentibus
2531 1101 2768 1170 cognovi
2804 1101 3172 1171 mysterium,
3200 1103 3352 1157 sicut
3385 1120 3527 1174 pra:-

1885 1185 2000 1238 dixi
2037 1186 2091 1237 in
2130 1187 2374 1254 modico,
2409 1193 2518 1241 etc.
2569 1190 2641 1242 De
2673 1206 2736 1241 eo
2779 1191 2955 1258 quod,
2990 1190 3037 1245 si
3072 1192 3200 1260 quis
3231 1193 3532 1262 superiora

1887 1272 2064 1342 hujus
2094 1274 2360 1344 Epistolm
2393 1277 2674 1340 attendat,
2708 1277 2923 1331 videbit
2952 1296 3018 1332 ea
3044 1279 3293 1334 revelata
3317 1286 3529 1351 myste-

1887 1362 1991 1431 ria,
2023 1379 2270 1432 quorum
2306 1370 2528 1434 partem
2565 1365 2990 1434 modicamjam
3014 1368 3395 1424 dixit.Verum
3417 1387 3531 1423 non

1887 1456 2172 1520 quantum
2220 1452 2404 1521 potui,
2438 1453 2535 1506 sed
2585 1460 2867 1522 quantum
2900 1473 3106 1526 capere
3154 1455 3239 1510 illi
3275 1462 3531 1527 possent,

1888 1539 2036 1592 dixi:
2074 1540 2358 1603 Quoniam
2395 1541 2557 1595 nulla
2589 1543 2844 1613 Epistola
2875 1548 2992 1597 tam
3035 1545 3364 1599 reconditos
3397 1562 3534 1600 sen-

1890 1645 2012 1694 sus,
2048 1645 2222 1699 quam
2286 1629 2417 1698 ista,
2471 1629 2666 1694 habet,
2722 1648 2868 1702 quos
2901 1649 2962 1686 se
3021 1632 3330 1704 Apostolus
3361 1649 3534 1690 nosse

1887 1716 2189 1787 gloriatur,
2223 1721 2278 1771 et
2311 1718 2478 1772 nobis
2523 1719 2780 1774 ostendit
2823 1721 3072 1775 breviter
3130 1722 3437 1793 indicatos,
3471 1729 3536 1778 ut

1810 1842 1856 1906 Β
1888 1807 2189 1869 attentius,
2223 1823 2349 1876 quae
2382 1807 2598 1878 scripta
2630 1812 2788 1878 sunt,
2821 1810 3212 1880 requiramus.

1960 1896 2266 1964 Sequitur:
2307 1896 2454 1962 Quod
2483 1897 2612 1949 aliis
2661 1900 3108 1964 generationibus
3147 1915 3255 1953 non
3291 1900 3402 1969 fuit
3431 1916 3534 1956 no-

1891 1987 2023 2052 tum,
2059 1989 2168 2037 etc.
2194 1984 2490 2054 Numquid
2516 1985 2832 2052 Abraham,
2857 1987 3057 2056 Jacob,
3079 1987 3324 2059 Moyses,
3347 1994 3403 2044 et
3424 1989 3534 2044 Da-

1890 2072 2067 2141 vid,et
2089 2073 2348 2140 lsaias,et
2371 2073 2558 2128 caeteri
2584 2075 2874 2144 propheta:
2907 2075 3048 2129 illud
3086 2077 3534 2147 ignoraverunt?

1891 2162 1968 2215 De
2000 2160 2282 2231 exemplis
2317 2161 2561 2215 istorum
2585 2164 2787 2232 (1037).
2814 2168 2890 2218 De
2921 2181 2984 2217 eo
3006 2165 3160 2234 quod
3193 2170 3295 2220 aut
3325 2183 3533 2220 secun-

1891 2251 2031 2303 dum
2067 2249 2408 2304 Montanum
2432 2250 2694 2305 dicemus
2721 2251 3534 2324 prophetasignorasse,quod

1892 2339 2293 2404 dixerunt,aut
2314 2337 2627 2392 videndum
2645 2357 2824 2410 quare
2847 2341 2952 2394 hoc
2973 2341 3284 2412 Apostolus
3303 2342 3532 2397 dixerit:

1893 2434 2026 2480 nota
2058 2427 2212 2498 quod
2241 2445 2356 2482 non
2391 2428 2445 2480 in
2479 2429 2754 2483 omnibus
2778 2429 2849 2483 de
2881 2429 3014 2483 liliis
3049 2429 3354 2485 hominum
3389 2431 3536 2485 dixit

1890 2516 2324 2580 absconditum,
2375 2516 2429 2570 id
2482 2523 2589 2586 est,
2653 2533 2766 2572 non
2799 2517 2933 2584 illis,
2995 2522 3094 2589 qui
3127 2524 3267 2576 sunt
3296 2519 3398 2588 dii,
3431 2519 3534 2574 sed

1890 2604 2222 2659 carnalibus
2280 2606 2482 2676 (1038).
2544 2607 2701 2670 Quod
2759 2607 2807 2662 si
2864 2606 3151 2662 violentus
3185 2609 3293 2663 iste
3325 2624 3536 2665 sensus

1890 2693 2066 2764 aliqui
2103 2694 2349 2759 videtur,
2376 2695 2686 2750 dicendum
2719 2701 2842 2750 est:
2870 2713 2984 2752 non
3007 2697 3262 2765 delinite,
3287 2703 3342 2752 et
3363 2715 3533 2769 gene-

1890 2782 2086 2838 raliter
2116 2783 2259 2836 dixit
2304 2783 2588 2853 ignotum,
2623 2786 2724 2838 sed
2779 2785 2881 2852 sic,
2935 2787 3226 2856 quomodo
3258 2803 3412 2842 nunc
3443 2804 3536 2842 re-

1888 2871 2145 2925 velatum
2189 2876 2279 2925 est
2308 2871 2639 2942 Apostolis;
2675 2874 2812 2943 quia
2869 2874 3025 2929 aliud
3087 2881 3176 2931 est
3206 2876 3263 2929 in
3323 2874 3533 2946 spiritu

1889 2965 2131 3014 ventura
2163 2960 2704 3030 cognoscere,aliud
2737 2963 2929 3018 videre
2950 2963 3261 3035 completa.
3292 2963 3397 3018 Pro
3429 2964 3535 3018 hac

1891 3066 1948 3102 re
1979 3049 2194 3102 dicitur
2223 3049 2477 3103 Joannes
2537 3049 2853 3120 plusquam
2901 3052 3183 3122 propheta
3233 3054 3379 3122 (Luc.
3434 3069 3532 3120 v11,

1889 3138 1999 3208 ‘26).
2037 3137 2102 3190 Et
2133 3136 2388 3191 Salvator
2419 3137 2594 3191 dicit:
2633 3139 2784 3192 Mulli
2808 3139 3089 3209 prophetae
3117 3141 3321 3210 (1039),
3353 3145 3460 3193 etc.

130 3242 449 3296 qumramus
482 3228 762 3284 ordinem
799 3243 971 3297 quam
1007 3228 1313 3282 verborum
1344 3250 1356 3296 ς
1383 3229 1479 3298 qui
1513 3229 1594 3283 sic
1619 3231 1780 3284 reddi
1812 3209 1854 3275 (ἶ
1964 3227 2122 3288 Quod
2166 3235 2252 3280 est
2281 3226 2388 3280 hoc
2441 3229 2922 3282 sacramentum?
2957 3231 3148 3298 Utique
3193 3230 3376 3295 gentes
3421 3243 3536 3282 esse

129 3321 343 3383 potest:
378 3319 568 3387 linire:
598 3318 912 3387 reigrotia,
939 3333 1043 3388 ego
1076 3316 1289 3371 Paulus
1313 3317 1542 3372 vinctus
1565 3318 1777 3373 Christi

185 3442 366 3510 (1035)
399 3445 461 3497 In
496 3447 710 3513 autog.
745 3457 926 3512 marg.
963 3441 1054 3496 hic
1087 3441 1296 3512 legitur
1321 3458 1446 3513 cap.
1483 3441 1572 3497 IX.

189 3514 604 3582 (t036)l)eticit
639 3515 902 3579 fortasse,
937 3518 1067 3578 etc.,
1103 3514 1186 3567 vel
1210 3513 1478 3582 adﬁnem,
1501 3514 1586 3567 vel
1620 3513 1776 3568 aliud

128 3582 369 3657 tale,_ita
400 3591 465 3639 ut
491 3586 611 3657 legi
635 3585 904 3639 deberet:
933 3585 1190 3657 usquead
1218 3587 1404 3655 finem,
1429 3601 1622 3656 usque,
1647 3592 1777 3648 etc.,

121 3655 200 3708 vel
234 3655 348 3710 alio
376 3655 789 3711 simili—modo.

188 3727 366 3798 (1037)
382 3731 469 3783 ΑΙ)
486 3731 600 3784 hoc
618 3727 802 3782 inciso
820 3727 896 3780 im
909 3728 1158 3797 perfectu
1171 3744 1222 3780 m
1240 3744 1412 3781 sensu
1425 3743 1478 3780 rn
1503 3727 1780 3780 reddente

123 3799 478 3869 occasionem
495 3816 812 3855 sumemus
837 3799 1057 3869 saapein
1075 3799 1180 3852 hac
1204 3800 1385 3868 Epist.
1412 3800 1780 3869 imperfectos

121 3865 284 3941 hosce
317 3889 560 3939 sensus,
599 3877 658 3926 et
709 3865 1066 3941 interruptas
1100 3865 1544 3940 propositiones,
1579 3871 1696 3924 imo
1728 3875 1784 3924 et

124 3939 457 3997 adverbium
494 3943 676 4010 illud,
709 3943 776 3996 de
804 3958 862 3996 eo
893 3939 1038 4013 quod
1066 3939 1410 4002 adinveniri,
1464 3959 1590 4012 qua:
1634 3959 1779 3995 nun-

121 4025 282 4084 quam
315 4015 400 4069 vel
439 4032 593 4070 sane.
628 4030 860 4084 perraro
893 4014 950 4066 in
981 4013 1203 4066 caeteris
1228 4014 1616 4067 anterioribus
1651 4013 1781 4082 Epi-

121 4083 552 4154 stolis,Scilicet
587 4083 894 4140 brevitatis
925 4101 1100 4138 causa
1131 4084 1518 4138 summarium
1552 4084 1784 4154 exposi-

124 4149 308 4223 tionis,
346 4158 682 4228 potiusque
732 4157 1149 4227 expositioncm
1208 4160 1394 4228 texere
1442 4149 1783 4228 voluitiAtto

122 4231 327 4295 noster,
346 4225 426 4282 'ea
446 4225 599 4282 sane
625 4225 964 4293 intentione,
993 4231 1055 4280 ut
1077 4225 1533 4291 concionatores,
1555 4226 1638 4280 vel
1664 4227 1781 4294 alii,

123 4296 221 4371 qui
243 4297 298 4350 in
334 4299 631 4371 Epistolis
651 4299 764 4352 divi
793 4299 950 4352 Pauli
977 4314 1076 4368 pro
1101 4313 1181 4371 se.
1209 4297 1294 4350 vel
1323 4313 1423 4367 pro
1446 4296 1574 4371 aliis
1609 4298 1786 4352 medi-

119 4367 241 4441 tari,
271 4369 356 4424 vel
383 4367 499 4426 'eas
522 4386 818 4441 exponere
841 4367 1137 4441 cuperent,
1157 4369 1210 4421 in
1233 4369 1577 4437 compendio
1601 4385 1667 4441 ea
1699 4371 1755 4441 in
1772 4399 1784 4408 -

117 4438 303 4492 dicata
337 4438 701 4513 reperire—nt,
732 4458 856 4511 quae
880 4438 1159 4513 a_sancti_s
1193 4441 1463 4513 Patribus
1505 4439 1787 4513 prolixius

116 4516 345 4591 exarata
385 4511 652 4591 fuerant.
696 4513 951 4591 Scilicet
975 4511 1200 4591 quoties
1232 4511 1330 4591 ait,
1365 4511 1516 4591 quod
1554 4515 1608 4591 et
1639 4527 1788 4591 saepe

1886 3315 2189 3370 coliwredes
2241 3318 2291 3368 et
2348 3317 2786 3384 concorporales.
2871 3316 2948 3370 De
3007 3333 3072 3371 eo
3122 3317 3273 3387 quod
3332 3319 3535 3387 gentes

1889 3440 2080 3494 brium
2133 3438 2347 3492 Christi
2399 3438 2717 3492 arbitratus
2775 3440 3081 3510 est(E.vod.
3139 3458 3215 3505 x1,
3270 3441 3395 3494 lsai.
3429 3457 3529 3506 vn,

1894 3513 2006 3581 ti):
2042 3513 2188 3576 Ecce,
2224 3510 2436 3580 inquit,
2472 3512 2626 3578 virgo
2660 3513 2718 3564 in
2750 3521 2906 3567 utero
2935 3515 3200 3582 concipiet
3230 3515 3280 3567 et
3308 3513 3530 3579 pariet;

1889 3590 1946 3638 et
1977 3582 2114 3636 alibi
2142 3599 2154 3636 :
2184 3583 2304 3636 Erit
2335 3583 2484 3651 virga.
2506 3583 2671 3648 Jrsse,
2703 3589 2750 3637 et
2774 3586 3076 3654 quisurget
3099 3585 3166 3638 ad
3190 3583 3532 3654 regnandum

1889 3654 2174 3728 gentibus;
2226 3656 2296 3728 in
2335 3655 2450 3722 ipso
2479 3659 2663 3728 gentes
2716 3656 3010 3728 sperabunt
3046 3659 3172 3724 (lsa.
3215 3674 3288 3721 x1,
3319 3657 3425 3728 10),
3459 3655 3531 3728 Et

1892 3743 1960 3780 ne
1995 3726 2234 3795 longum
2269 3725 2386 3790 tiat,
2419 3741 2602 3795 pauca
2633 3727 2701 3779 de
2745 3726 2984 3797 psalmis
3033 3729 3248 3783 dixisse
3278 3725 3536 3782 sufficiat

1892 3797 2064 3866 (I’sal.
2099 3813 2214 3869 xxi,
2251 3798 2339 3865 28‘)
2368 3814 2378 3850 :
2437 3799 2499 3849 Et
2527 3797 2831 3853 adombnnt
2863 3802 2917 3853 in
2960 3810 3243 3869 censpectu
3274 3801 3391 3868 ejus
3421 3814 3542 3852 om-

1891 3886 1982 3923 nes
2032 3868 2266 3936 faniilize
2313 3870 2602 3935 gentium;
2649 3875 2704 3922 et
2761 3870 2967 3924 iterum
2998 3868 3167 3940 (Psal.
3228 3888 3364 3937 xvu,
3403 3871 3488 3938 11)
3529 3885 3541 3924 :

1895 3946 2101 3996 Omnes
2129 3942 2309 4006 gentes
2348 3941 2583 3992 servient
2615 3942 2684 3993 ei.
2721 3941 2787 3994 Et
2834 3942 3025 3996 adhuc
3073 3942 3444 3996 manifestius
3475 3941 3546 3995 de

1893 4010 2106 4082 populo
2148 4008 2341 4077 lsrael,
2377 4016 2434 4062 et
2461 4010 2530 4063 de
2580 4013 2824 4064 Domino
2880 4013 3168 4067 salvatore
3210 4013 3380 4080 (I’sal.
3417 4027 3541 4076 Lxx,

1896 4081 1984 4148 li),
2019 4081 2104 4144 16)
2133 4083 2321 4153 :l'isila
2381 4081 2596 4133 vineam
2629 4083 2804 4147 illam,
2873 4092 2926 4135 et
2970 4086 3168 4153 perﬁce
3205 4099 3343 4150 eam,
3377 4097 3547 4151 quam

1890 4151 2365 4225 plant-uvitﬂdea'rei
2381 4155 2560 4225 diua,
2585 4159 2634 4204 et
2663 4167 2828 4225 super
2848 4151 3047 4225 filium,
3072 4169 3230 4223 quem
3249 4154 3544 4225 conﬁrma-

1893 4221 1969 4279 sti
1996 4224 2114 4277 libi.
2151 4221 2329 4288 Cujus
2351 4221 2534 4293 etiam
2568 4222 2824 4291 corporis
2858 4221 3216 4293 dispensatio
3250 4224 3308 4276 in
3339 4239 3543 4277 conse-

1897 4295 2209 4367 quentibus
2242 4292 2530 4346 indicatus
2564 4292 2745 4361 (Ibid,
2782 4294 2900 4363 18):
2955 4292 3079 4348 Fiat
3108 4311 3306 4348 manus
3336 4299 3430 4348 tua
3455 4309 3546 4347 su-

1894 4385 1995 4440 per
2029 4369 2210 4420 virum
2233 4369 2485 4440 arietem:
2511 4373 2640 4428 tum,
2669 4373 2717 4418 et
2738 4380 2898 4434 super
2925 4367 3107 4434 ﬁlium
3127 4367 3367 4421 hominis
3386 4380 3547 4436 quem

1898 4436 2241 4508 confirmasti
2271 4436 2391 4508 tibi.

1975 4506 2153 4580 (⁷1038)
2180 4508 2257 4560 En
2284 4506 2546 4580 aliumex
2565 4506 2917 4580 imperfectis
2932 4509 3358 4580 sensibus,quae
3375 4522 3556 4580 super

117 4581 395 4653 nimium,
430 4587 505 4639 de
528 4601 596 4638 eo
634 4584 797 4653 quod,
825 4574 1396 4652 subintelligendum
1419 4583 1679 4644 videtur;
1715 4574 1794 4635 vi-
1829 4574 1872 4636 D
1906 4574 2334 4635 adnotavimus.
2371 4577 2612 4653 Scilicet
2637 4574 2736 4649 per
2759 4578 2900 4653 illud
2925 4580 2989 4634 (le
3009 4597 3067 4635 eo
3089 4579 3228 4649 quod
3250 4574 3327 4633 ad
3357 4574 3555 4653 divum

115 4651 192 4724 de
219 4654 426 4724 divum
491 4651 944 4724 Hieronymum.
1006 4651 1429 4724 Augustinum,
1492 4653 1578 4706 vel
1617 4654 1795 4718 alios;

113 4721 420 4796 velhetiam
458 4721 914 4796 intelligendum
944 4743 955 4779 :
980 4721 1127 4788 nota:
1169 4726 1409 4794 loquere.
1431 4732 1528 4777 aut
1552 4725 1795 4777 similia:

187 4794 390 4863 Hujus
423 4794 781 4851 assertionis
804 4802 1213 4867 argumentum
1243 4797 1581 4866 praibebunt
1604 4813 1799 4849 exem-

119 4864 377 4936 pla,quae
402 4875 746 4938 sequentur
768 4886 800 4921 a
821 4864 950 4920 divo
978 4867 1206 4920 llieron.
1243 4864 1436 4929 allata,
1463 4885 1586 4936 qum
1613 4867 1804 4920 innuit

118 4945 323 4992 auctor
357 4948 571 4994 noster
604 4941 668 4993 in
697 4942 971 4992 adnotata
995 4939 1331 5008 imperfecta
1368 4940 1800 5007 propositione:

114 5013 175 5082 de
203 5013 494 5082 exemplis
527 5015 798 5065 istorum.
853 5010 1028 5063 Divus
1081 5008 1234 5062 enim
1281 5010 1665 5077 Hieronymus
1700 5009 1806 5062 hoc

117 5078 236 5133 loco
273 5078 580 5137 iia'habet
613 5099 626 5134 :
653 5081 984 5135 «Utrumne
1006 5082 1324 5144 Abraham,
1348 5082 1544 5138 .Iaco'n,
1571 5088 1626 5132 et
1649 5082 1804 5151 Moy-

114 5167 223 5221 ses,
263 5155 480 5218 lsaias,
519 5161 583 5207 et
621 5154 815 5206 caeteri
868 5152 1163 5222 prophetae
1216 5152 1354 5204 illud
1394 5152 1806 5219 ignoraverint.

113 5239 178 5275 an
215 5241 329 5280 non
353 5227 382 5279 ?
415 5235 463 5279 A
499 5225 736 5295 quibus
754 5221 880 5276 esse
906 5223 1249 5295 praedictum
1267 5224 1577 5277 adventum
1599 5221 1810 5275 Christi

112 5298 164 5347 et
205 5294 598 5353 vocationem
661 5295 952 5363 gentium,
1004 5294 1308 5362 Scriptura
1367 5299 1811 5347 commemorat.

108 5367 407 5440 Abraham
445 5369 695 5440 quippe
722 5366 870 5440 vidit
891 5367 1059 5440 diem
1093 5367 1242 5433 ejus,
1277 5369 1335 5440 et
1359 5367 1590 5440 laetatus
1618 5370 1724 5440 est,
1761 5369 1817 5418 et

111 5436 325 5493 dicitur
357 5442 410 5494 ei
439 5435 655 5509 (3mm.
698 5451 819 5496 vni,
841 5437 945 5492 56:
988 5435 1116 5489 Gen.
1145 5437 1443 5509 xx11,_i8):
1479 5438 1814 5509 Benedicer

111 5515 196 5563 tur
223 5529 282 5565 2n
314 5506 550 5566 semine
587 5513 698 5562 tuo
727 5523 922 5561 omnes
952 5512 1158 5577 gentes.
1195 5508 1261 5560 Et
1290 5507 1468 5560 Jacob
1498 5509 1565 5559 de
1597 5524 1682 5569 eo,
1716 5506 1813 5575 qui

103 5581 402 5638 oriundus
435 5586 612 5638 esset
652 5593 726 5629 ex
764 5578 935 5644 Juda,
975 5579 1320 5649 prophetice
1370 5577 1630 5647 loquitur
1659 5577 1816 5642 (Gen.

108 5666 256 5721 xux,
294 5657 396 5712 10:
453 5657 526 5710 Et
587 5649 873 5721 τ’ρειῖςῖζιῗξ
904 5651 1248 5721 exspectatio
1290 5650 1557 5721 gentium.
1594 5649 1820 5718 Moyses

115 5717 361 5804 quoque
393 5727 688 5798 majores
719 5717 946 5776 divitias
974 5720 1211 5794 Egypti
1259 5717 1574 5791 thesauris,
1611 5717 1819 5791 oppro-

1910 4653 2321 4722 Hicronymum
2361 4649 2541 4703 mittit
2601 4650 2725 4704 loco
2757 4651 2856 4722 cit,
2891 4653 2984 4706 ubi
3023 4653 3103 4705 ait
3133 4668 3143 4705 :
3170 4674 3195 4699 ‹‹
3221 4653 3334 4705 Aut
3357 4649 3556 4722 igitur,

1902 4726 2070 4793 juxta
2095 4720 2911 4792 Montauuni,patriarchas'et
2931 4724 3244 4794 prephetns
3262 4723 3318 4776 in
3343 4720 3558 4776 exstasi

1913 4800 2135 4850 locutos
2167 4794 2593 4862 accipiendum,
2621 4799 2675 4848 et
2701 4795 2953 4850 nescisse
2987 4813 3112 4866 qua:
3147 4795 3397 4848 dixerint
3423 4811 3434 4858 ;
3460 4796 3560 4847 aut

1914 4869 1958 4920 si
1997 4869 2102 4920 hoc
2137 4866 2378 4938 impium
2436 4873 2523 4919 cst
2581 4867 2847 4935 (spiritus
2881 4868 3094 4938 quippe
3147 4866 3561 4938 prophetarum

1919 4938 2214 5010 prophetis
2247 4937 2547 5010 subjectus
2597 4945 2705 5004 est)
2757 4937 3164 4992 intellcxciunt
3206 4940 3404 5007 utique
3436 4953 3562 5010 qua:

1919 5007 2090 5064 locuti
2128 5012 2284 5079 sunt.
2323 5007 2386 5058 Et
2421 5010 2464 5060 si
2503 5010 2929 5076 intellexerunt,
2958 5010 3236 5079 quzeritur
3268 5007 3562 5079 quomodo

1921 5097 2073 5135 nunc
2101 5077 2372 5150 Paulus,d
2388 5079 2676 5150 icat.quod
2700 5077 3313 5150 aliisgenea‘ationibus
3329 5095 3438 5131 non
3455 5077 3568 5150 luit

1923 5161 2119 5207 notum
2151 5149 2329 5200 fuisse
2345 5148 2558 5202 Christi
2586 5148 2867 5218 apostolis
2892 5153 3227 5205 revelatum.
3252 5153 3367 5203 Aut
3389 5149 3570 5217 igitur

1924 5224 2066 5276 illud
2103 5225 2188 5273 est
2214 5222 2876 5291 respondendum,quod
2907 5229 3068 5276 caute
3086 5220 3298 5275 Paulus
3329 5221 3570 5290 signan-

1923 5301 2123 5362 terque
2151 5293 2403 5363 testatus
2437 5291 2698 5363 sit,_tiliis
2749 5294 3054 5347 hominum
3086 5293 3352 5363 ignotum
3389 5292 3571 5363 fuisse

1927 5362 2290 5434 mysterium:
2325 5374 2465 5434 non__
2488 5361 2623 5434 tiliis
2653 5363 2773 5427 Dei,
2823 5367 2890 5418 ad
2929 5382 3074 5434 quos
3107 5361 3367 5432 loquitur
3399 5362 3570 5429 (Psal.

1926 5428 2084 5495 xv'ui,
2119 5428 2352 5504 ('i)_:_Ego
2385 5429 2548 5504 nitri,
2583 5432 2662 5504 (lii
2693 5435 2838 5504 estis,
2889 5428 3073 5504 et'ﬁlii
3102 5428 3313 5489 Excelsi
3343 5428 3527 5488 onmes
3556 5453 3576 5489 :

1928 5505 2078 5576 quod
2116 5499 2332 5576 scilicet
2384 5496 2461 5559 hi,
2497 5503 2593 5576 qui
2646 5496 2916 5576 spiritum
2967 5496 3296 5575 adoptionis
3336 5518 3574 5576 accepej

1930 5567 2166 5647 rint,_de
2199 5567 2412 5637 quibus
2443 5567 2781 5638 patriarcha
2814 5580 2869 5630 et
2901 5567 3195 5647 prophetas
3225 5567 3580 5642 l'uerint,Dei

1929 5645 2166 5703 scierint
2195 5647 2649 5700 sacramentum.
2685 5666 2711 5693 ιι

1999 5714 2191 5790 (1039)
2223 5709 2356 5764 Luc.
2402 5726 2458 5782 κ,
2531 5716 2585 5789 4,
2625 5717 2752 5774 mul
2807 5720 2851 5776 li
2895 5718 3169 5792 “quia
3203 5735 3241 5768 ι.
3303 5715 3602 5784 nus,(div
