3978 6210
408 357 524 415 559

1433 350 1773 409 ATTONIS
1820 346 2399 408 VERCELLENSIS
2444 347 2793 407 EPISCOPI

3701 349 3829 409 560

414 485 743 541 cohazredes
774 488 913 539 sunt
946 481 1161 545 Isracli,
1194 486 1250 536 et
1269 480 1480 535 melius
1506 481 1756 549 Christo,
1783 486 1846 533 ut.
1878 480 2053 533 biBi‘O-
2082 483 2136 547 Α
2167 483 2599 532 sacramentum
2632 483 2721 532 est
2745 477 2797 531 ei
2828 476 3167 543 revelatum,
3195 481 3255 532 ut
3281 495 3396 532 non
3418 477 3611 534 solum
3636 480 3832 551 genti-

414 576 568 629 ditas
602 580 800 628 nostra
825 572 1062 636 dicitur,
1092 573 1202 625 sint
1230 575 1281 625 ct
1312 571 1615 624 colurreiies
1639 570 1840 623 Christi
1874 570 2050 634 (Deut.

411 681 569 729 xvm,
601 664 672 729 2;
708 662 857 717 Psat.
891 678 982 726 xv,
1014 661 1091 729 5),
1118 665 1181 712 ut
1211 658 1356 711 illud
1384 676 1396 712 :
1432 660 1677 713 Haeredes
1708 658 1924 728 quidem
1958 658 2057 710 Dei

412 753 585 823 (Rom.
619 766 742 815 vm,
776 751 885 817 17).
918 756 1023 803 etc.
1061 748 1139 802 De
1168 748 1448 818 exemplis
1473 748 1825 801 hmreditatis
1848 747 2050 814 (1040).

414 842 554 895 ltem
587 841 657 894 de
679 838 943 909 exemplo
974 840 1394 902 membrorum,
1441 837 1509 890 ad
1546 837 1675 899 hoc,
1730 836 1881 905 quod
1934 835 2049 887 ait:

409 929 834 997 Conwrporutes
863 927 1064 997 (1041).
1098 926 1177 979 De
1207 942 1271 980 eo
1297 925 1449 995 quod
1478 926 1533 978 in
1561 925 1791 979 duobus
1827 927 2053 994 poterat

410 1017 630 1088 aliquid
656 1017 714 1070 in
750 1033 864 1070 uno
896 1032 1134 1087 corpore
1172 1015 1465 1068 diversum
1513 1012 1837 1083 suspicari:
1896 1012 1954 1064 in
1987 1028 2052 1065 eo

410 1106 560 1176 quod
621 1105 843 1169 subdit,
901 1108 958 1158 et
1012 1105 1452 1174 comparticipes,
1504 1102 1695 1156 omnis
1745 1099 2052 1154 diversitas

406 1192 600 1249 ablata
628 1198 738 1248 est.
761 1192 869 1248 Ubi
902 1192 1400 1264 comparticipatio
1432 1195 1537 1257 est,
1560 1188 1755 1245 omnia
1787 1205 2049 1243 commu-

406 1282 504 1338 nia
532 1287 690 1337 sunt.
726 1282 806 1338 De
835 1298 902 1336 eo
933 1281 1088 1351 quod
1115 1280 1503 1335 dicendo.Per
1518 1279 1892 1347 Evangelium,
1915 1282 2049 1346 etc.,

404 1371 743 1443 superbiam
774 1370 1062 1427 excludit:
1110 1370 1262 1440 quod
1296 1369 1451 1422 enim
1484 1368 1588 1436 sic,
1636 1385 1749 1422 non
1783 1368 1915 1434 sibi,
1949 1367 2049 1420 sed

406 1461 508 1517 Dei
535 1460 735 1533 gratiae
754 1459 1017 1515 ascribit.
1039 1458 1165 1512 Non
1182 1457 1338 1512 enim
1358 1456 1706 1511 humilitatis
1724 1455 2050 1527 discipulus

404 1554 633 1622 poterat
662 1549 963 1621 superbire
984 1546 1053 1601 de
1083 1547 1348 1613 scientia,
1391 1546 1488 1617 qui
1522 1562 1582 1600 se
1612 1546 1824 1599 Christi
1859 1562 2049 1616 perse-

404 1643 666 1694 cutorem
696 1641 754 1693 et
784 1636 1046 1692 Ecclesiae
1077 1640 1426 1691 vastatorem
1461 1633 2048 1689 commemorat.Nam

406 1732 547 1783 sunt
573 1726 673 1798 qui
722 1743 855 1782 eum
900 1724 1349 1797 reprehendunt,
1385 1724 1484 1794 qui
1516 1724 1660 1777 dixit
1690 1723 1799 1778 sibi
1834 1722 2047 1778 revela-

407 1821 557 1882 tum,
589 1815 744 1887 quod
776 1815 1090 1886 prophetas
1119 1813 1310 1868 latuit.

477 1904 784 1976 Sequitur:
844 1904 988 1960 Mihi
1039 1903 1269 1956 minimo
1326 1902 1593 1967 omnium,
1645 1909 1750 1956 etc.
1800 1902 1863 1955 Et
1896 1905 2048 1955 recte

404 1992 714 2050 humiliato
744 1992 880 2047 data
899 1996 989 2046 est
1020 1990 1139 2045 haec
1168 1991 1377 2061 gratia,
1410 1989 1688 2061 quoniam
1719 1991 1922 2059 omnis,
1952 1993 2048 2060 qui

401 2099 460 2138 se
487 2082 765 2152 humiliat,
800 2081 1139 2135 exattabitur
1184 2080 1404 2149 (Matth.
1437 2097 1597 2148 χχιιι,
1633 2080 1699 2132 12
1725 2104 1739 2145 ;
1770 2082 1897 2133 Luc.
1932 2095 2043 2145 xiv,

403 2172 513 2244 11).
550 2176 625 2227 De
656 2186 722 2225 eo
753 2170 931 2241 quod,
964 2169 1011 2223 si
1047 2169 1455 2236 investigabiles
1500 2169 1704 2237 (1042),
1754 2167 2045 2238 quomodo

398 2260 874 2331 evangetimntur,
898 2262 955 2313 et
987 2257 1395 2313 absconditum
1422 2257 1711 2328 quomodo
1736 2257 2043 2326 profertur,

400 2349 563 2417 Quod
588 2349 818 2403 duobus
842 2346 1030 2401 modis
1050 2345 1333 2401 solvitur:
1358 2345 1475 2401 sive
1508 2345 1647 2415 quia
1663 2350 1797 2398 ante
1829 2343 2045 2398 Christi

402 2438 721 2494 adventum
752 2439 916 2492 erant
962 2433 1399 2506 investigabiles
1445 2438 1500 2488 et
1530 2434 1908 2495 abscondita),
1944 2434 2043 2488 sed

402 2530 537 2599 post
564 2525 794 2581 Domini
817 2524 1126 2580 adventum
1152 2526 1291 2577 sunt
1315 2521 1575 2577 revelata:
1600 2539 1612 2576 :
1645 2521 1761 2576 sive
1785 2539 1910 2592 qua:
1945 2538 2046 2576 na-

399 2620 537 2671 tura
565 2632 672 2671 sua
702 2613 924 2669 homini
978 2611 1410 2684 investigabiles
1442 2616 1628 2679 erant,
1672 2611 1779 2677 ha},
1814 2616 1925 2665 Deo
1958 2627 2046 2666 re-

399 2704 649 2772 velante,
682 2707 821 2759 sunt
853 2702 1158 2774 congnitze.
1191 2702 1337 2765 Quia
1358 2700 1515 2754 aliud
1543 2705 1633 2755 est
1652 2701 1723 2754 ad
1754 2706 2043 2755 secretum

398 2793 633 2867 proprio
656 2793 887 2865 ingenio
905 2790 1727 2865 pervenire,quod,postquam
1745 2789 2046 2844 inventum

403 2883 504 2951 sit,
539 2883 756 2938 desinit
803 2898 931 2937 esse
964 2878 1367 2950 investigabile
1408 2894 1420 2931 :
1457 2877 1637 2941 aliud,
1671 2878 1822 2948 quod
1857 2895 1957 2949 per
1986 2895 2048 2933 se

399 2973 647 3028 inveniri
680 2989 792 3027 non
840 2975 1053 3042 potest,
1108 2969 1223 3022 Deo
1287 2965 1598 3032 revelante,
1659 2982 2043 3037 cognoscere;

401 3062 578 3134 quod,
611 3077 743 3117 cum
778 3059 1001 3124 scieris,
1030 3061 1086 3112 et
1115 3057 1243 3113 aliis
1276 3056 1508 3122 dixeris,
1542 3055 1926 3111 nihilominus
1958 3058 2045 3111 in-

396 3151 738 3223 vestigabile
780 3154 1118 3221 permanet:
1152 3147 1303 3201 sicut
1340 3145 1448 3199 fuit
1480 3145 1607 3211 tibi,
1652 3162 1916 3217 quosque
1946 3163 2044 3201 co-

2166 568 2275 621 bus
2310 568 2407 621 sed
2442 573 2498 620 et
2522 567 2920 637 principatibus
2934 571 2985 622 et
3012 567 3367 638 potestatibus
3383 584 3480 639 per
3504 568 3827 625 Ecclesium

2167 656 2476 710 manifesta
2506 658 2668 711 iieret
2718 656 3023 728 multiplex
3053 656 3339 727 sapientia
3370 658 3488 728 Dei,
3522 675 3650 729 quae
3684 660 3826 729 jux-

2164 751 2223 801 ta
2254 748 2613 818 prOpositum
2646 752 2904 802 veterum
2939 748 3286 801 saeculorum
3326 746 3465 802 alim
3495 747 3822 814 destinata,

2164 853 2319 889 nunc
2363 842 2772 891 consummata
2822 837 3052 891 videtur
3081 836 3140 890 in
3201 836 3448 892 Christo.
3510 837 3824 909 Multiplex

2164 942 2393 995 quoque
2425 926 2523 980 Dei
2571 926 2857 997 sapientia
2907 942 3008 994 per
3057 925 3374 981 Ecelesiam
3425 926 3525 981 Dei
3568 944 3728 982 nunc
3757 932 3823 983 et

2164 1014 2586 1083 principatibus
2624 1020 2679 1069 et
2729 1014 3114 1085 potestatibus
3168 1015 3419 1070 revelata
3467 1019 3577 1085 est,
3629 1033 3817 1088 quam

2162 1101 2301 1156 olim
2335 1103 2487 1158 Deus
2507 1104 2763 1157 futuram
2788 1103 2846 1156 in
2869 1120 2975 1158 sua
2998 1107 3191 1158 mente
3212 1104 3631 1172 decreverat,et
3653 1122 3817 1161 nunc

2161 1208 2289 1246 esse
2317 1193 2653 1263 perfectam,
2685 1209 2752 1248 ex
2774 1208 2861 1257 eo,
2884 1194 3037 1264 quod
3060 1193 3349 1265 videmus,
3373 1195 3814 1266 cognoscimus.

2163 1285 2239 1334 De
2268 1297 2334 1335 eo
2366 1282 2518 1352 quod
2553 1298 2694 1336 crux
2724 1298 2838 1336 non
2884 1281 3075 1337 solum
3106 1282 3294 1351 nobis,
3346 1283 3447 1338 sed
3480 1289 3537 1339 et
3582 1284 3817 1357 angelis

2164 1370 2525 1441 mysterium,
2561 1371 2712 1441 quod
2746 1371 3112 1443 ignorabant,
3136 1372 3399 1444 aperuit;
3432 1373 3586 1429 unde
3618 1390 3816 1429 rever-

2161 1461 2319 1513 tente
2350 1475 2480 1512 cum
2510 1475 2747 1531 corpore
2777 1460 2849 1515 ad
2890 1459 3097 1515 ccelum
3130 1461 3373 1517 dicunt:
3406 1463 3548 1533 Quis
3577 1466 3657 1517 est
3685 1465 3813 1530 iste,

2160 1547 2257 1617 qui
2284 1548 2431 1601 venit
2459 1547 2524 1602 de
2552 1549 2757 1602 Etiam?
2812 1549 2939 1617 (Isa.
2992 1565 3149 1616 LXIII,
3186 1551 3258 1620 1),
3293 1555 3402 1605 etc.
3436 1555 3514 1607 De
3552 1568 3619 1607 eo
3649 1554 3812 1624 quod

2161 1635 2464 1706 multiplex
2495 1641 2603 1704 est,
2636 1641 2692 1692 et
2721 1635 2909 1692 multa
2944 1638 3218 1694 varietate
3250 1639 3528 1696 distincta
3558 1640 3683 1697 haec
3714 1658 3811 1697 sa-

2161 1723 2379 1794 pientia
2401 1725 2606 1794 (10/13).
2639 1724 2781 1781 Vide
2802 1742 2983 1781 cunas
3005 1725 3221 1782 Christi
3246 1745 3259 1795 ;
3282 1728 3412 1784 vide
3443 1730 3664 1801 pariter
3692 1748 3809 1787 cce-

2158 1810 2303 1866 lum.
2332 1812 2672 1883 Vagientem
2692 1814 2748 1867 in
2782 1830 3037 1886 praesepe
3066 1815 3193 1871 vide
3217 1834 3230 1883 ;
3257 1817 3393 1871 audi
3418 1818 3659 1890 angelos
3686 1820 3811 1876 lau-

2156 1901 2361 1956 dantes
2401 1904 2548 1971 (Luc.
2576 1920 2639 1969 ιι,
2670 1903 2757 1969 13,
2785 1904 3152 1974 14).Ηθιοόθε
3195 1907 3567 1978 persequitur
3585 1909 3804 1977 (Matth.

2157 2007 2217 2059 ιι,
2248 1992 2304 2057 3)
2336 2007 2350 2056 ;
2387 2007 2593 2062 magus
2615 1991 3130 2057 adorat,Phariszei
3154 1993 3426 2065 ignorant
3454 2014 3625 2068 quem
3659 2000 3808 2055 stel-

2156 2077 2212 2133 la
2240 2079 2576 2135 manifestat
2605 2080 2813 2150 (Matth.
2857 2098 2914 2146 ιι,
2947 2082 3022 2152 3).
3056 2082 3390 2154 Baptizatur
3416 2102 3449 2140 a
3475 2102 3659 2152 servo,
3694 2090 3805 2144 sed

2157 2184 2190 2221 a
2222 2168 2386 2223 Patre
2443 2167 2737 2223 laudatur.
2790 2170 2974 2242 Aquis
3023 2172 3327 2244 mergitur,
3378 2174 3474 2229 sed
3521 2174 3809 2233 columba

2156 2257 2489 2323 descendit;
2523 2258 2639 2313 imo
2666 2258 2919 2329 Spiritus
2944 2258 3002 2313 iu
3023 2259 3313 2317 columba.
3345 2264 3433 2318 Ad
3465 2265 3806 2336 passionem

2156 2347 2329 2416 venit,
2364 2351 2420 2401 et
2453 2346 2620 2401 timet
2673 2348 2812 2417 pati,
2864 2347 2986 2403 vult
3015 2348 3257 2405 calicem
3306 2352 3556 2409 transire
3587 2354 3804 2427 (Matth.

2157 2453 2307 2501 xxvr,
2337 2438 2447 2506 30),
2482 2440 2539 2490 et
2587 2436 2818 2491 Petrum
2859 2436 3143 2508 increpat,
3175 2440 3313 2511 quia
3340 2441 3580 2498 calicem
3612 2445 3802 2502 timet.

2157 2525 2303 2588 Quid
2337 2524 2445 2579 hac
2479 2524 2708 2580 stulitia
2729 2526 3097 2597 prudentius,
3130 2529 3407 2586 varietate
3438 2532 3801 2604 distinctius,

2156 2613 2443 2684 sapientia
2464 2614 2796 2682 obscurius,
2817 2631 2993 2686 quam
3029 2616 3163 2671 fecit
3191 2617 3249 2672 in
3273 2618 3501 2676 Christo
3522 2622 3666 2678 Jesu
3692 2624 3803 2680 Do-

2157 2692 2321 2755 mino.
2348 2706 2581 2756 nostro?
2611 2703 2759 2757 Sunt
2799 2704 2899 2775 qui
2933 2704 3105 2759 istam
3130 2705 3478 2777 juncturam
3509 2713 3803 2770 sermonis

2155 2789 2419 2845 Ecclesiae
2451 2791 2660 2847 factam
2693 2791 3029 2865 intelligunt
3059 2796 3263 2868 (1046).

2226 2966 2528 3038 Sequitur:
2556 2969 2617 3023 In
2648 2986 2750 3042 quo
2783 2970 3041 3026 habemus
3068 2971 3353 3044 ﬁduciam,
3385 2980 3495 3033 etc.
3527 2978 3685 3035 Nihil
3718 2989 3809 3039 est

2157 3057 2310 3111 unde
2343 3058 2551 3127 magis,
2601 3075 2777 3129 quam
2810 3060 2880 3114 de
2913 3078 3057 3132 pura
3104 3064 3462 3122 conscientia
3510 3070 3805 3128 confidere

2156 3146 2472 3217 possimus,
2505 3153 2570 3201 ut
2598 3145 2780 3203 illud:
2814 3148 2875 3203 Si
2905 3165 2995 3204 cor
3022 3156 3269 3208 nostrum
3316 3171 3426 3210 non
3455 3160 3807 3229 reprehendit

395 3256 728 3314 gnosceres.
757 3238 914 3294 Unde
937 3234 1246 3290 Psalmista
1270 3250 1282 3287 :
1310 3235 1503 3302 Quium
1523 3252 1723 3305 magna
1742 3236 2045 3291 multitudo
2076 3226 2117 3292 C
2153 3251 2249 3289 nos
2279 3235 2323 3303 (1
2350 3239 2512 3291 Joan.
2548 3253 2630 3305 ιιι,
2662 3237 2776 3308 2|),
2808 3243 2915 3294 etc.
2948 3242 3217 3309 Magnum
3271 3249 3360 3299 est
3406 3226 3624 3303 habere
3654 3250 3805 3305 {idu-

398 3330 711 3386 dulcedinis
743 3327 914 3398 (Psal.
972 3342 1103 3389 xxx,
1135 3325 1247 3394 20),
1283 3328 1392 3378 etc.
1424 3324 1619 3378 Potest
1661 3328 1720 3378 et
1763 3324 1843 3378 ita
1872 3324 2048 3380 intel-

399 3419 540 3490 ligi:
593 3417 749 3489 quod
803 3415 932 3488 ipsa
962 3413 1178 3469 saecula
1209 3413 1352 3467 illud
1386 3412 1798 3483 ignoraverint,
1832 3413 1889 3468 id
1938 3421 2045 3481 est,

401 3508 671 3564 homines
728 3505 789 3559 in
846 3502 1058 3559 saeculo
1111 3501 1422 3557 rationales
1470 3518 1536 3557 ac
1595 3502 1908 3573 spiritales.
1969 3503 2049 3558 De

401 3593 686 3667 exemplis
716 3592 913 3647 saeculi
942 3590 1146 3660 (1043).

473 3682 784 3754 Sequitur:
822 3682 885 3737 Ut
932 3683 1295 3735 innotesceret
1321 3696 1466 3734 nunc
1496 3681 1698 3751 (1044),
1731 3685 1839 3736 etc.
1872 3682 2050 3738 Juxta

405 3775 628 3829 donum
650 3770 847 3842 gratiae
879 3769 1002 3835 Dei,
1026 3786 1151 3840 quae
1184 3770 1316 3824 data
1343 3775 1432 3824 est
1459 3769 1755 3841 Apostolo,
1782 3775 1847 3825 ut
1876 3787 2046 3826 evan-

400 3862 637 3918 elizaret
664 3859 896 3915 divitias
926 3858 1360 3930 investigabiles
1387 3858 2043 3929 Christi.ldcircoipsam

402 4042 637 4100 Hieron.
669 4039 792 4095 loco
824 4054 973 4110 reges
1004 4036 1064 4092 in
1096 4036 1243 4091 hanc
1272 4036 1444 4107 epist.
1480 4035 1639 4110 legit,
1663 4036 1824 4105 justi)
1856 4037 2045 4091 volue-

400 4080 534 4172 runt
564 4113 743 4168 videre
768 4080 913 4182 quaeV
940 4125 1029 4165 vos
1058 4110 1270 4175 videtis,
1308 4080 1371 4163 1et
1402 4124 1510 4162 non
1535 4080 1832 4168 tinviderunt
1864 4112 1916 4161 et
1946 4125 2045 4162 au-

400 4188 535 4244 dire
562 4201 682 4256 qum
711 4181 940 4256 auditis,
971 4186 1155 4256 etnon
1196 4181 1509 4256 audierunt.

470 4248 651 4330 (1040)
681 4255 814 4330 Scil.
848 4248 977 4309 vide
1008 4249 1637 4330 divumiiieronhymﬁn
1663 4248 1834 4330 bane.
1857 4248 2040 4330 Epist.

396 4331 457 4385 in
474 4321 878 4401 'supracitatos
902 4328 1114 4392 textus,
1150 4323 1391 4392 scilicet,
1415 4322 1568 4375 Deut.
1593 4337 1750 4383 xvm,
1772 4321 1923 4374 Psat.
1948 4337 2043 4386 xv,

399 4403 733 4542 "()(TM‘lullta
754 4470 925 4525 divus
946 4465 1302 4542 Hieronym_.:
1321 4486 1347 4511 ‹‹
1374 4460 1822 4542 (ξοιιοοιροι-ιιιρε
1845 4465 2040 4516 autem

392 4532 533 4598 illud
568 4543 879 4615 significat,
915 4543 978 4615 ut
1026 4532 1523 4615 quemadmodum
1555 4532 1612 4585 in
1655 4548 1771 4615 uino
1802 4547 2041 4602 corpore

389 4595 726 4688 ﬁiﬁéa'sﬁiit
775 4595 1077 4666 me’mbra':
1112 4606 1270 4659 verbi
1320 4620 1520 4688 causa,
1571 4603 1749 4682 oculi,
1804 4595 2036 4684 manus,
2070 4595 2115 4659 D

387 4675 582 4752 aures,
615 4686 789 4757 pedes
838 4686 1050 4757 venter;
1085 4683 1140 4731 et
1170 4692 1362 4757 genua
1390 4690 1403 4729 ε
1430 4679 1486 4727 et
1516 4689 1647 4757 eum
1682 4675 1739 4727 in
1773 4690 1897 4755 uno.
1920 4677 2040 4731 sint

386 4745 644 4827 corpore,
669 4755 922 4827 habeant
944 4747 1483 4827 dilferentiassuas,
1503 4751 1557 4798 et
1579 4762 1680 4827 pro
1704 4762 1764 4827 se
1786 4745 2032 4827 invicem

385 4816 656 4882 laetentur
685 4830 739 4878 et
763 4824 997 4877 doleant
1022 4836 1033 4871 :
1071 4819 1153 4871 sic
1188 4816 1321 4889 licet
1347 4817 1603 4869 diversas
1625 4816 1876 4871 habeant
1904 4836 2031 4889 gra-

385 4900 517 4964 tias,
552 4896 611 4949 hi
643 4894 742 4964 qui
770 4894 827 4946 in
860 4889 1072 4944 Christi
1098 4888 1422 4964 credidere,
1454 4890 1509 4940 in
1545 4892 1884 4964 unotamen
1911 4888 2028 4945 Sint

385 4942 909 5033 Ecciesize‘corpore
941 4959 1292 5033 conglobati.
1314 4960 1379 5012 Et
1411 4942 1467 5012 in
1488 4960 1881 5033 superieribus
1904 4963 2027 5032 qui-

383 5042 515 5095 dem
547 5032 785 5092 duobus
810 5034 1019 5096 verbis,
1056 5034 1109 5084 Id
1141 5038 1248 5095 est,
1284 5032 1339 5083 in
1372 5048 1437 5085 eo
1466 5033 1617 5101 quod
1651 5032 1752 5096 ait,
1783 5034 2023 5088 coluere-

379 5114 470 5167 des
498 5118 551 5165 et
581 5104 1021 5183 concorporales,
1069 5108 1291 5183 poterat
1338 5104 1395 5156 in
1431 5120 1543 5157 uno
1574 5105 2023 5183 COPP‘OrthiY-er.

378 5198 511 5238 sum
544 5178 762 5249 aliquid
790 5173 1103 5246 suspicari.
1141 5173 1218 5249 Ex
1249 5191 1312 5249 eo
1345 5181 1537 5228 autem
1572 5173 1723 5245 quod
1758 5176 2017 5249 addidit:

374 5258 428 5308 et
458 5247 876 5321 compdrticipes
913 5247 1300 5312 promissionis
1331 5248 1387 5299 in
1415 5249 1633 5321 Christo
1663 5249 1803 5316 Jesu,
1828 5247 2020 5302 omnis

374 5318 607 5396 penitus
630 5319 935 5396 diversitas
958 5325 1258 5396 amputata
1279 5325 1384 5371 est.
1415 5318 1514 5396 Ubi
1542 5319 1696 5373 enim
1726 5336 1843 5373 uua
1867 5335 2019 5373 eom-

372 5389 743 5467 participatio
774 5397 884 5467 est,
917 5389 1183 5467 universa
1210 5391 1546 5467 communia
1575 5396 1735 5444 sunt.
1776 5412 1795 5437 ιι

445 5461 627 5539 (17042)
662 5465 741 5519 Ita
774 5462 937 5539 VAulg.
959 5462 1180 5539 _;_divus
1204 5468 1394 5539 tamen
1420 5462 1801 5532 Hieronymus
1834 5461 2012 5539 inres-

368 5532 642 5607 tigabites,
675 5535 827 5607 quod
866 5532 1071 5607 melius
1104 5534 1469 5603 negationem
1501 5539 1704 5607 sonat:
1751 5548 1886 5607 nam
1918 5534 2011 5585 in-

363 5603 707 5682 vestigabiles
728 5625 762 5662 ιι
791 5605 964 5661 verbo
987 5606 1267 5682 investigo,
1296 5620 1408 5682 res,
1442 5621 1567 5675 quas
1602 5603 1870 5682 inveniri,
1906 5619 2008 5674 po-

360 5673 660 5761 tiusquam
694 5696 813 5761 eas,
846 5692 975 5751 quea
1006 5691 1122 5732 non
1153 5673 1656 5749 inveniriqueunt,
1682 5673 2003 5747 exprimere

365 5754 610 5821 videtur.

2160 3324 2342 3391 ciam;
2374 3325 2465 3379 sed
2502 3325 2685 3395 (1047)
2736 3328 2795 3381 in
2830 3328 3174 3398 conﬁdentia,
3210 3336 3273 3386 ut
3332 3334 3558 3391 ﬁrmior
3606 3337 3684 3394 sit
3710 3357 3806 3395 ac-

2157 3429 2352 3480 cessus,
2384 3418 2447 3468 ut
2477 3416 2817 3471 accedentes
2847 3415 3068 3488 aliquid
3102 3420 3172 3475 de
3201 3422 3331 3492 ejus
3363 3426 3673 3495 majestate
3705 3446 3803 3485 as-

2159 3520 2487 3574 sumamus,
2542 3504 2712 3575 quasi
2770 3505 2841 3560 de
2910 3507 3073 3562 radio
3133 3508 3274 3566 solis
3312 3511 3566 3570 calorem
3623 3522 3804 3590 atque

2157 3592 2549 3664 splendorem.
2612 3593 2691 3648 De
2721 3610 2807 3663 eo,
2868 3596 3023 3666 quod
3064 3597 3165 3668 qui
3219 3600 3569 3672 sapientiam
3603 3606 3799 3675 habet,

2158 3681 2447 3753 intelligat
2478 3682 2535 3736 in
2563 3680 2791 3737 Christo
2818 3682 3190 3755 sapientiam,
3222 3686 3499 3748 similiter
3526 3695 3599 3751 de
3623 3697 3801 3767 justi-

2153 3770 2255 3835 tia,
2315 3770 2575 3839 veritate,
2635 3787 2775 3842 pace
2823 3776 2880 3826 et
2962 3774 3230 3832 castitate
3284 3783 3477 3849 potest
3550 3783 3798 3861 intelligi

2157 3860 2363 3932 (1048).

2226 3950 2407 4020 (1049)
2440 3948 2748 4019 Sequitur:
2808 3950 3039 4022 Propter
3087 3953 3234 4023 quod
3289 3964 3436 4028 peto,
3472 3965 3587 4017 etc.
3633 3970 3709 4023 De
3738 3984 3804 4024 eo

2224 4107 2417 4187 (.1013)
2433 4107 2605 4162 Divus
2630 4107 3011 4187 Hieronymus
3034 4109 3094 4165 in
3117 4111 3268 4187 hanc
3292 4115 3392 4187 Ep.
3412 4134 3424 4171 :
3446 4142 3475 4168 ‹‹
3510 4121 3801 4181 Saeculum

2156 4179 2370 4259 quippe
2392 4179 2727 4259 frequenter
2747 4179 2857 4259 pro
2874 4180 3130 4259 his,_qi_iaa_
3150 4184 3209 4239 in
3230 4179 3441 4259 sesc-ulc
3472 4179 3782 4251 versantur

2154 4242 2456 4331 accipiturt
2491 4242 2653 4331 Sicut
2682 4242 2896 4331 Paulus
2926 4242 3265 4331 adCalatas
3296 4242 3800 4331 loquitur‘di-cens

2154 4321 2300 4389 (Gal.
2333 4338 2374 4385 1,
2406 4323 2486 4396 li):
2526 4323 2588 4396 Ut
2634 4323 2873 4396 eriperet
2920 4340 3016 4379 nos
3046 4325 3113 4380 de
3156 4321 3417 4395 presenti
3462 4321 3802 4396 secutor—ie;

2151 4408 2359 4473 quam:
2382 4415 2401 4441 ιι
2440 4393 2508 4473 Et
2537 4393 2594 4447 in
2628 4393 2740 4473 alio
2771 4393 2894 4450 loco
2924 4393 3235 4473 (ΕρΙιεδζ-ιι,
3267 4403 3322 4472 7)
3349 4420 3365 4473 :
3399 4404 3463 4461 Ut
3490 4393 3803 4467 ostenderet

2149 4465 2210 4517 in
2240 4466 2480 4539 venturis
2508 4465 2747 4539 saeculis,
2782 4483 2885 4539 pro
2928 4483 2993 4522 eo
3026 4469 3181 4539 quod
3213 4465 3322 4538 est,
3354 4472 3449 4530 his
3498 4465 3779 4539 omnibus

2151 4551 2276 4605 quae
2305 4534 2362 4589 in
2393 4525 2941 4607 supervenientibus
2972 4525 3203 4595 sazlculis
3228 4525 3446 4601 future:
3465 4525 3797 4607 eEEﬁiIm’

2218 4607 2401 4688 (1044)
2430 4607 2721 4688 Yulg.,_ut
2752 4610 3083 4688 innotescat.
3118 4613 3293 4670 Divus
3353 4624 3561 4676 autem
3592 4624 3800 4681 Hiero-

2149 4695 2306 4749 nym,
2340 4678 2398 4732 in
2430 4678 2581 4733 hanc
2615 4682 2715 4749 Ep.
2748 4689 2809 4734 ut
2838 4682 3217 4738 innotesceret.

2215 4750 2398 4836 (1045)
2431 4750 2574 4836 yide
2617 4750 2741 4804 scil.
2773 4751 2971 4836 divum
3010 4754 3445 4836 Hieronymum,
3481 4777 3515 4817 a
3546 4781 3667 4836 quo
3699 4783 3791 4823 ex-

2143 4822 2537 4906 cerpita‘hetin
2573 4822 2983 4906 compendium
3009 4822 3242 4906 redacta
3285 4829 3406 4886 hinc
3431 4822 3795 4906 expl‘anatid,

2210 4892 2391 4961 (1040)
2427 4894 2595 4947 Divus
2654 4892 2883 4949 Hieron.
2944 4895 3000 4949 in
3034 4897 3242 4953 hanc.':
3280 4922 3307 4949 ‹‹
3356 4892 3529 4959 Licet‘
3573 4892 3797 4965 enim—a—

2139 4960 2431 5049 plerisque
2466 4967 2797 5049 secundum
2831 4966 3129 5049 ordinem,
3154 4960 3792 5049 .juncturamque-s-er:

2137 5037 2348 5121 monis,
2384 5042 2439 5089 et
2465 5036 2714 5121 Ecclesia
2735 5037 2887 5091 facta
2921 5036 3406 5113 intelligi'possit,
3434 5053 3494 5101 et
3513 5036 3793 5121 ipsum,

2134 5106 2189 5187 id
2221 5111 2333 5187 est,
2372 5108 2700 5177 propositio,
2762 5126 2941 5187 qtam
3004 5106 3140 5187 nos-
3167 5106 3402 5187 genere.
3441 5106 3705 5178 naturali
3736 5106 3793 5179 id

2134 5175 2335 5262 μιῐίηο
2368 5175 2637 5262 sermone
2688 5175 3046 5262 propositum
3086 5175 3376 5262 habemus
3404 5175 3790 5262 expressam:

2132 5253 2328 5303 tamen
2360 5250 2647 5320 sapientia
2679 5251 2866 5330 magis
2892 5251 2944 5304 in
2979 5254 3207 5330 Christo
3233 5258 3383 5330 facta
3410 5250 3610 5330 potest
3640 5250 3793 5322 reso;

2132 5336 2276 5403 pare.
2302 5329 2733 5403 q'uamfce‘teraaz
2764 5324 3000 5403 fatuum
3024 5327 3229 5403 guippe
3258 5329 3357 5383 Dei
3382 5324 3698 5403 snpientius
3717 5341 3791 5393 est

2128 5389 2440 5445 hominibus
2470 5394 2517 5463 (Ι
2546 5394 2665 5448 Cor.
2702 5411 2738 5464 1,
2771 5395 2884 5459 25).
2934 5389 3076 5450 Vide
3107 5389 3187 5451 rel
3219 5406 3420 5456 contra
3445 5389 3786 5464 Ἁνίέήόέῖιὲ

2126 5464 2381 5584 ἰίέιέῗέ)
2414 5463 2549 5518 Seil.
2605 5466 2700 5519 sed
2726 5463 2777 5519 et
2836 5466 3039 5522 habere
3094 5469 3358 5537 ﬁduciam
3404 5475 3466 5528 in
3498 5463 3781 5550 conﬁden-

2151 5541 2230 5595 ia,
2263 5541 2369 5586 etc.

2218 5605 2373 5676 10.18)
2403 5604 2548 5659 Vide
2578 5606 2776 5662 divum
2810 5607 3041 5664 Hieron.
3077 5608 3183 5665 hoc
3216 5609 3364 5668 loco.

2216 5676 2373 5751 1049)
2405 5676 2467 5734 In
2500 5682 2696 5753 autog.
2732 5695 2917 5753 marg.
2952 5678 3047 5737 hic
3075 5682 3311 5755 legitur.
3345 5701 3477 5767 cap.
3511 5690 3582 5752 X.
