  <div class='ocr_page' id='page_1' title='image "/cluster/home/n/w/nwhite01/storage/ocr_20150623/134-135/uva.x000829784/319.png"; bbox 0 0 3978 6210; ppageno 0'>
   <div class='ocr_carea' id='block_1_1' title="bbox 356 327 475 390">
    <p class='ocr_par' dir='ltr' id='par_1_1' title="bbox 356 327 475 390">
     <span class='ocr_line' id='line_1_1' title="bbox 356 327 475 390; baseline 0 -1"><span class='ocrx_word' id='word_1_1' title='bbox 356 327 475 390; x_wconf 79' lang='lat'><strong>561</strong></span> 
     </span>
    </p>
   </div>
   <div class='ocr_carea' id='block_1_2' title="bbox 1363 326 2733 391">
    <p class='ocr_par' dir='ltr' id='par_1_2' title="bbox 1363 326 2733 391">
     <span class='ocr_line' id='line_1_2' title="bbox 1363 326 2733 391; baseline 0 -2"><span class='ocrx_word' id='word_1_2' title='bbox 1363 328 1699 390; x_wconf 84' lang='lat' dir='ltr'><strong>ATTONIS</strong></span> <span class='ocrx_word' id='word_1_3' title='bbox 1743 326 2331 391; x_wconf 81' lang='lat' dir='ltr'><strong>VERCELLENSIS</strong></span> <span class='ocrx_word' id='word_1_4' title='bbox 2376 327 2733 391; x_wconf 87' lang='lat' dir='ltr'><strong>EPISCOPI</strong></span> 
     </span>
    </p>
   </div>
   <div class='ocr_carea' id='block_1_3' title="bbox 3666 325 3809 388">
    <p class='ocr_par' dir='ltr' id='par_1_3' title="bbox 3666 325 3809 388">
     <span class='ocr_line' id='line_1_3' title="bbox 3666 325 3809 388; baseline -0.014 1"><span class='ocrx_word' id='word_1_5' title='bbox 3666 325 3809 388; x_wconf 70' lang='lat'><strong>568</strong></span> 
     </span>
    </p>
   </div>
   <div class='ocr_carea' id='block_1_4' title="bbox 368 451 3806 532">
    <p class='ocr_par' dir='ltr' id='par_1_4' title="bbox 368 451 3806 532">
     <span class='ocr_line' id='line_1_4' title="bbox 368 451 3806 532; baseline -0.001 -16"><span class='ocrx_word' id='word_1_6' title='bbox 368 457 871 517; x_wconf 68' lang='lat' dir='ltr'><strong>mordioEcclesiie</strong></span> <span class='ocrx_word' id='word_1_7' title='bbox 886 459 1121 515; x_wconf 88' lang='lat' dir='ltr'><strong>fuerunt</strong></span> <span class='ocrx_word' id='word_1_8' title='bbox 1159 457 1280 514; x_wconf 75' lang='lat' dir='ltr'><strong>haec</strong></span> <span class='ocrx_word' id='word_1_9' title='bbox 1300 460 1520 524; x_wconf 85' lang='lat' dir='ltr'><strong>omnia,</strong></span> <span class='ocrx_word' id='word_1_10' title='bbox 1555 460 1609 515; x_wconf 88' lang='lat' dir='ltr'><strong>id</strong></span> <span class='ocrx_word' id='word_1_11' title='bbox 1631 465 1739 528; x_wconf 89' lang='lat' dir='ltr'><strong>est,</strong></span> <span class='ocrx_word' id='word_1_12' title='bbox 1765 458 2013 531; x_wconf 82' lang='lat' dir='ltr'><strong>apostoli</strong></span> <span class='ocrx_word' id='word_1_13' title='bbox 2044 462 2095 527; x_wconf 82' lang='grc' dir='ltr'>Α</span> <span class='ocrx_word' id='word_1_14' title='bbox 2198 461 2512 531; x_wconf 83' lang='lat' dir='ltr'><strong>Sequitur:</strong></span> <span class='ocrx_word' id='word_1_15' title='bbox 2546 462 2630 515; x_wconf 74' lang='lat' dir='ltr'><strong>Ex</strong></span> <span class='ocrx_word' id='word_1_16' title='bbox 2657 475 2759 532; x_wconf 86' lang='lat' dir='ltr'><strong>quo</strong></span> <span class='ocrx_word' id='word_1_17' title='bbox 2790 463 2966 516; x_wconf 87' lang='lat' dir='ltr'><strong>totum</strong></span> <span class='ocrx_word' id='word_1_18' title='bbox 2994 451 3214 531; x_wconf 77' lang='lat' dir='ltr'><strong>corpus,</strong></span> <span class='ocrx_word' id='word_1_19' title='bbox 3249 460 3353 514; x_wconf 90' lang='lat' dir='ltr'><strong>etc.</strong></span> <span class='ocrx_word' id='word_1_20' title='bbox 3392 462 3469 514; x_wconf 91' lang='lat' dir='ltr'><strong>De</strong></span> <span class='ocrx_word' id='word_1_21' title='bbox 3501 473 3570 514; x_wconf 91' lang='lat' dir='ltr'><strong>eo</strong></span> <span class='ocrx_word' id='word_1_22' title='bbox 3598 459 3806 530; x_wconf 86' lang='lat' dir='ltr'><strong>quod,</strong></span> 
     </span>
    </p>
   </div>
   <div class='ocr_carea' id='block_1_5' title="bbox 369 546 2013 620">
    <p class='ocr_par' dir='ltr' id='par_1_5' title="bbox 369 546 2013 620">
     <span class='ocr_line' id='line_1_5' title="bbox 369 546 2013 620; baseline -0.001 -16"><span class='ocrx_word' id='word_1_23' title='bbox 369 554 426 604; x_wconf 88' lang='lat' dir='ltr'><strong>et</strong></span> <span class='ocrx_word' id='word_1_24' title='bbox 455 548 781 620; x_wconf 63' lang='lat' dir='ltr'><strong>propheta);</strong></span> <span class='ocrx_word' id='word_1_25' title='bbox 815 565 931 603; x_wconf 92' lang='lat' dir='ltr'><strong>non</strong></span> <span class='ocrx_word' id='word_1_26' title='bbox 981 546 1086 618; x_wconf 87' lang='lat' dir='ltr'><strong>illi,</strong></span> <span class='ocrx_word' id='word_1_27' title='bbox 1120 548 1218 618; x_wconf 90' lang='lat' dir='ltr'><strong>qui</strong></span> <span class='ocrx_word' id='word_1_28' title='bbox 1253 553 1386 603; x_wconf 85' lang='lat' dir='ltr'><strong>ante</strong></span> <span class='ocrx_word' id='word_1_29' title='bbox 1443 549 1653 605; x_wconf 82' lang='lat' dir='ltr'><strong>Christi</strong></span> <span class='ocrx_word' id='word_1_30' title='bbox 1700 549 2013 603; x_wconf 81' lang='lat' dir='ltr'><strong>adventum</strong></span> 
     </span>
    </p>
   </div>
   <div class='ocr_carea' id='block_1_6' title="bbox 356 636 2021 709">
    <p class='ocr_par' dir='ltr' id='par_1_6' title="bbox 356 636 2021 709">
     <span class='ocr_line' id='line_1_6' title="bbox 356 636 2021 709; baseline -0.002 -15"><span class='ocrx_word' id='word_1_31' title='bbox 356 639 624 707; x_wconf 75' lang='lat' dir='ltr'><strong>fuerunt,</strong></span> <span class='ocrx_word' id='word_1_32' title='bbox 645 638 743 691; x_wconf 90' lang='lat' dir='ltr'><strong>sed</strong></span> <span class='ocrx_word' id='word_1_33' title='bbox 767 636 959 708; x_wconf 83' lang='lat' dir='ltr'><strong>qualis</strong></span> <span class='ocrx_word' id='word_1_34' title='bbox 982 636 1435 709; x_wconf 79' lang='lat' dir='ltr'><strong>Agahus(1076),</strong></span> <span class='ocrx_word' id='word_1_35' title='bbox 1459 644 1515 693; x_wconf 89' lang='lat' dir='ltr'><strong>et</strong></span> <span class='ocrx_word' id='word_1_36' title='bbox 1531 655 1685 692; x_wconf 91' lang='lat' dir='ltr'><strong>nunc</strong></span> <span class='ocrx_word' id='word_1_37' title='bbox 1705 643 2021 693; x_wconf 89' lang='lat' dir='ltr'><strong>suntevan-</strong></span> 
     </span>
    </p>
   </div>
   <div class='ocr_carea' id='block_1_7' title="bbox 370 726 2021 800">
    <p class='ocr_par' dir='ltr' id='par_1_7' title="bbox 370 726 2021 800">
     <span class='ocr_line' id='line_1_7' title="bbox 370 726 2021 800; baseline -0.002 -17"><span class='ocrx_word' id='word_1_38' title='bbox 370 727 609 800; x_wconf 74' lang='lat' dir='ltr'><strong>gelistze,</strong></span> <span class='ocrx_word' id='word_1_39' title='bbox 642 742 893 797; x_wconf 86' lang='lat' dir='ltr'><strong>quorum</strong></span> <span class='ocrx_word' id='word_1_40' title='bbox 922 726 1098 796; x_wconf 86' lang='lat' dir='ltr'><strong>pedes</strong></span> <span class='ocrx_word' id='word_1_41' title='bbox 1127 726 1276 780; x_wconf 89' lang='lat' dir='ltr'><strong>beati</strong></span> <span class='ocrx_word' id='word_1_42' title='bbox 1312 731 1450 781; x_wconf 90' lang='lat' dir='ltr'><strong>sunt</strong></span> <span class='ocrx_word' id='word_1_43' title='bbox 1499 729 1625 794; x_wconf 84' lang='lat' dir='ltr'><strong>(Isa.</strong></span> <span class='ocrx_word' id='word_1_44' title='bbox 1654 745 1749 791; x_wconf 85' lang='lat' dir='ltr'><strong>LII,</strong></span> <span class='ocrx_word' id='word_1_45' title='bbox 1769 728 1845 797; x_wconf 91' lang='grc'><strong>7).</strong></span> <span class='ocrx_word' id='word_1_46' title='bbox 1872 728 2021 781; x_wconf 85' lang='lat' dir='ltr'><strong>Sunt</strong></span> 
     </span>
    </p>
   </div>
   <div class='ocr_carea' id='block_1_8' title="bbox 371 814 2019 886">
    <p class='ocr_par' dir='ltr' id='par_1_8' title="bbox 371 814 2019 886">
     <span class='ocr_line' id='line_1_8' title="bbox 371 814 2019 886; baseline -0.003 -15"><span class='ocrx_word' id='word_1_47' title='bbox 371 821 430 872; x_wconf 89' lang='lat' dir='ltr'><strong>et</strong></span> <span class='ocrx_word' id='word_1_48' title='bbox 468 816 641 870; x_wconf 91' lang='lat' dir='ltr'><strong>modo</strong></span> <span class='ocrx_word' id='word_1_49' title='bbox 677 815 940 869; x_wconf 90' lang='lat' dir='ltr'><strong>doctores</strong></span> <span class='ocrx_word' id='word_1_50' title='bbox 979 819 1037 868; x_wconf 90' lang='lat' dir='ltr'><strong>et</strong></span> <span class='ocrx_word' id='word_1_51' title='bbox 1067 819 1353 885; x_wconf 74' lang='lat' dir='ltr'><strong>pastores.</strong></span> <span class='ocrx_word' id='word_1_52' title='bbox 1387 815 1491 878; x_wconf 88' lang='lat' dir='ltr'><strong>Qui</strong></span> <span class='ocrx_word' id='word_1_53' title='bbox 1525 816 1790 870; x_wconf 89' lang='lat' dir='ltr'><strong>doctores</strong></span> <span class='ocrx_word' id='word_1_54' title='bbox 1814 814 2019 886; x_wconf 82' lang='lat'>(1077),</span> 
     </span>
    </p>
   </div>
   <div class='ocr_carea' id='block_1_9' title="bbox 371 902 2023 979">
    <p class='ocr_par' dir='ltr' id='par_1_9' title="bbox 371 902 2023 979">
     <span class='ocr_line' id='line_1_9' title="bbox 371 902 2023 979; baseline -0.001 -19"><span class='ocrx_word' id='word_1_55' title='bbox 371 906 484 979; x_wconf 88' lang='lat' dir='ltr'><strong>ipsi</strong></span> <span class='ocrx_word' id='word_1_56' title='bbox 519 910 657 960; x_wconf 90' lang='lat' dir='ltr'><strong>sunt</strong></span> <span class='ocrx_word' id='word_1_57' title='bbox 680 908 977 975; x_wconf 80' lang='lat' dir='ltr'><strong>pastores;</strong></span> <span class='ocrx_word' id='word_1_58' title='bbox 1012 902 1256 974; x_wconf 90' lang='lat' dir='ltr'><strong>quiaille</strong></span> <span class='ocrx_word' id='word_1_59' title='bbox 1287 904 1570 959; x_wconf 81' lang='lat' dir='ltr'><strong>veraciter</strong></span> <span class='ocrx_word' id='word_1_60' title='bbox 1584 904 1787 974; x_wconf 86' lang='lat' dir='ltr'><strong>pascit,</strong></span> <span class='ocrx_word' id='word_1_61' title='bbox 1812 905 2023 975; x_wconf 87' lang='lat' dir='ltr'><strong>quido-</strong></span> 
     </span>
    </p>
   </div>
   <div class='ocr_carea' id='block_1_10' title="bbox 373 991 2018 1064">
    <p class='ocr_par' dir='ltr' id='par_1_10' title="bbox 373 991 2018 1064">
     <span class='ocr_line' id='line_1_10' title="bbox 373 991 2018 1064; baseline -0.002 -13"><span class='ocrx_word' id='word_1_62' title='bbox 373 1000 484 1051; x_wconf 89' lang='lat' dir='ltr'><strong>cet.</strong></span> <span class='ocrx_word' id='word_1_63' title='bbox 521 995 581 1047; x_wconf 85' lang='lat' dir='ltr'><strong>In</strong></span> <span class='ocrx_word' id='word_1_64' title='bbox 606 991 919 1064; x_wconf 89' lang='lat' dir='ltr'><strong>primordio</strong></span> <span class='ocrx_word' id='word_1_65' title='bbox 952 1008 1157 1047; x_wconf 87' lang='lat' dir='ltr'><strong>omnes</strong></span> <span class='ocrx_word' id='word_1_66' title='bbox 1181 994 1465 1047; x_wconf 88' lang='lat' dir='ltr'><strong>docebant</strong></span> <span class='ocrx_word' id='word_1_67' title='bbox 1499 993 1587 1047; x_wconf 85' lang='lat' dir='ltr'><strong>vel</strong></span> <span class='ocrx_word' id='word_1_68' title='bbox 1620 993 2018 1064; x_wconf 85' lang='lat' dir='ltr'><strong>baptizabant;</strong></span> 
     </span>
    </p>
   </div>
   <div class='ocr_carea' id='block_1_11' title="bbox 374 1079 2019 1154">
    <p class='ocr_par' dir='ltr' id='par_1_11' title="bbox 374 1079 2019 1154">
     <span class='ocr_line' id='line_1_11' title="bbox 374 1079 2019 1154; baseline -0.001 -17"><span class='ocrx_word' id='word_1_69' title='bbox 374 1083 529 1154; x_wconf 91' lang='lat' dir='ltr'><strong>quod</strong></span> <span class='ocrx_word' id='word_1_70' title='bbox 553 1097 708 1135; x_wconf 89' lang='lat' dir='ltr'><strong>nunc</strong></span> <span class='ocrx_word' id='word_1_71' title='bbox 725 1097 835 1135; x_wconf 91' lang='lat' dir='ltr'><strong>non</strong></span> <span class='ocrx_word' id='word_1_72' title='bbox 862 1079 1013 1143; x_wconf 89' lang='lat' dir='ltr'><strong>licet,</strong></span> <span class='ocrx_word' id='word_1_73' title='bbox 1042 1099 1111 1135; x_wconf 92' lang='lat' dir='ltr'><strong>ne</strong></span> <span class='ocrx_word' id='word_1_74' title='bbox 1128 1082 1410 1136; x_wconf 89' lang='lat' dir='ltr'><strong>vilescant</strong></span> <span class='ocrx_word' id='word_1_75' title='bbox 1433 1082 1698 1137; x_wconf 67' lang='lat' dir='ltr'><strong>Ecclesia:</strong></span> <span class='ocrx_word' id='word_1_76' title='bbox 1724 1082 2019 1154; x_wconf 66' lang='lat' dir='ltr'><strong>mystvria.</strong></span> 
     </span>
    </p>
   </div>
   <div class='ocr_carea' id='block_1_12' title="bbox 371 1168 2021 1241">
    <p class='ocr_par' dir='ltr' id='par_1_12' title="bbox 371 1168 2021 1241">
     <span class='ocr_line' id='line_1_12' title="bbox 371 1168 2021 1241; baseline -0.001 -14"><span class='ocrx_word' id='word_1_77' title='bbox 371 1172 454 1227; x_wconf 89' lang='lat' dir='ltr'><strong>Ad</strong></span> <span class='ocrx_word' id='word_1_78' title='bbox 490 1170 627 1241; x_wconf 78' lang='lat' dir='ltr'><strong>quid</strong></span> <span class='ocrx_word' id='word_1_79' title='bbox 662 1174 803 1224; x_wconf 89' lang='lat' dir='ltr'><strong>sunt</strong></span> <span class='ocrx_word' id='word_1_80' title='bbox 827 1168 1055 1224; x_wconf 91' lang='lat' dir='ltr'><strong>diversa</strong></span> <span class='ocrx_word' id='word_1_81' title='bbox 1085 1170 1277 1225; x_wconf 80' lang='lat' dir='ltr'><strong>ofﬁcia</strong></span> <span class='ocrx_word' id='word_1_82' title='bbox 1296 1171 1324 1225; x_wconf 86' lang='lat'><strong><em>?</em></strong></span> <span class='ocrx_word' id='word_1_83' title='bbox 1343 1171 1426 1226; x_wconf 81' lang='lat' dir='ltr'><strong>Ad</strong></span> <span class='ocrx_word' id='word_1_84' title='bbox 1449 1171 1873 1239; x_wconf 63' lang='lat' dir='ltr'><strong>aediﬁcationem</strong></span> <span class='ocrx_word' id='word_1_85' title='bbox 1901 1188 2021 1225; x_wconf 86' lang='lat' dir='ltr'><strong>cor-</strong></span> 
     </span>
    </p>
   </div>
   <div class='ocr_carea' id='block_1_13' title="bbox 371 1254 2023 1333">
    <p class='ocr_par' dir='ltr' id='par_1_13' title="bbox 371 1254 2023 1333">
     <span class='ocr_line' id='line_1_13' title="bbox 371 1254 2023 1333; baseline -0.002 -17"><span class='ocrx_word' id='word_1_86' title='bbox 371 1254 525 1333; x_wconf 86' lang='lat' dir='ltr'><strong>poris</strong></span> <span class='ocrx_word' id='word_1_87' title='bbox 573 1258 796 1313; x_wconf 81' lang='lat' dir='ltr'><strong>Christi.</strong></span> <span class='ocrx_word' id='word_1_88' title='bbox 849 1258 961 1313; x_wconf 87' lang='lat' dir='ltr'><strong>Sed</strong></span> <span class='ocrx_word' id='word_1_89' title='bbox 994 1275 1301 1330; x_wconf 89' lang='lat' dir='ltr'><strong>quousque</strong></span> <span class='ocrx_word' id='word_1_90' title='bbox 1324 1259 1352 1313; x_wconf 76' lang='lat' dir='ltr'><strong>‘I</strong></span> <span class='ocrx_word' id='word_1_91' title='bbox 1396 1260 1701 1330; x_wconf 83' lang='lat' dir='ltr'><strong>Sequitur:</strong></span> <span class='ocrx_word' id='word_1_92' title='bbox 1734 1261 1908 1314; x_wconf 86' lang='lat' dir='ltr'><strong>Donec</strong></span> <span class='ocrx_word' id='word_1_93' title='bbox 1937 1256 2023 1315; x_wconf 81' lang='lat' dir='ltr'><strong>oc-</strong></span> 
     </span>
    </p>
   </div>
   <div class='ocr_carea' id='block_1_14' title="bbox 374 1348 2027 1418">
    <p class='ocr_par' dir='ltr' id='par_1_14' title="bbox 374 1348 2027 1418">
     <span class='ocr_line' id='line_1_14' title="bbox 374 1348 2027 1418; baseline -0.001 -13"><span class='ocrx_word' id='word_1_94' title='bbox 374 1365 687 1415; x_wconf 84' lang='lat' dir='ltr'><strong>curramus,</strong></span> <span class='ocrx_word' id='word_1_95' title='bbox 721 1352 831 1402; x_wconf 91' lang='lat' dir='ltr'><strong>etc.</strong></span> <span class='ocrx_word' id='word_1_96' title='bbox 859 1363 872 1400; x_wconf 90' lang='lat'>:</span> <span class='ocrx_word' id='word_1_97' title='bbox 917 1364 1064 1418; x_wconf 90' lang='lat' dir='ltr'><strong>quos</strong></span> <span class='ocrx_word' id='word_1_98' title='bbox 1089 1364 1291 1414; x_wconf 88' lang='lat' dir='ltr'><strong>omnes,</strong></span> <span class='ocrx_word' id='word_1_99' title='bbox 1326 1348 1438 1402; x_wconf 87' lang='lat' dir='ltr'><strong>nisi</strong></span> <span class='ocrx_word' id='word_1_100' title='bbox 1463 1349 1767 1404; x_wconf 89' lang='lat' dir='ltr'><strong>credentes</strong></span> <span class='ocrx_word' id='word_1_101' title='bbox 1786 1350 1813 1403; x_wconf 82' lang='lat'><strong>?</strong></span> <span class='ocrx_word' id='word_1_102' title='bbox 1828 1350 1891 1403; x_wconf 88' lang='lat' dir='ltr'><strong>Et</strong></span> <span class='ocrx_word' id='word_1_103' title='bbox 1938 1353 2027 1403; x_wconf 90' lang='lat' dir='ltr'><strong>est</strong></span> 
     </span>
    </p>
   </div>
   <div class='ocr_carea' id='block_1_15' title="bbox 377 1435 2030 1503">
    <p class='ocr_par' dir='ltr' id='par_1_15' title="bbox 377 1435 2030 1503">
     <span class='ocr_line' id='line_1_15' title="bbox 377 1435 2030 1503; baseline -0.002 -8"><span class='ocrx_word' id='word_1_104' title='bbox 377 1455 589 1495; x_wconf 85' lang='lat' dir='ltr'><strong>sensus</strong></span> <span class='ocrx_word' id='word_1_105' title='bbox 616 1455 627 1493; x_wconf 93' lang='lat'><strong>:</strong></span> <span class='ocrx_word' id='word_1_106' title='bbox 653 1440 784 1491; x_wconf 70' lang='lat' dir='ltr'><strong>Haec</strong></span> <span class='ocrx_word' id='word_1_107' title='bbox 806 1435 997 1491; x_wconf 85' lang='lat' dir='ltr'><strong>officia</strong></span> <span class='ocrx_word' id='word_1_108' title='bbox 1027 1442 1165 1491; x_wconf 88' lang='lat' dir='ltr'><strong>sunt</strong></span> <span class='ocrx_word' id='word_1_109' title='bbox 1205 1437 1554 1503; x_wconf 88' lang='lat' dir='ltr'><strong>necessaria,</strong></span> <span class='ocrx_word' id='word_1_110' title='bbox 1586 1439 1766 1492; x_wconf 90' lang='lat' dir='ltr'><strong>donec</strong></span> <span class='ocrx_word' id='word_1_111' title='bbox 1799 1438 2030 1492; x_wconf 82' lang='lat' dir='ltr'><strong>totaEc—</strong></span> 
     </span>
    </p>
   </div>
   <div class='ocr_carea' id='block_1_16' title="bbox 378 1525 2030 1598">
    <p class='ocr_par' dir='ltr' id='par_1_16' title="bbox 378 1525 2030 1598">
     <span class='ocr_line' id='line_1_16' title="bbox 378 1525 2030 1598; baseline -0.002 -15"><span class='ocrx_word' id='word_1_112' title='bbox 378 1527 558 1583; x_wconf 89' lang='lat' dir='ltr'><strong>clesia</strong></span> <span class='ocrx_word' id='word_1_113' title='bbox 578 1528 640 1582; x_wconf 87' lang='lat' dir='ltr'><strong>in</strong></span> <span class='ocrx_word' id='word_1_114' title='bbox 669 1541 989 1581; x_wconf 74' lang='lat' dir='ltr'><strong>mensuram</strong></span> <span class='ocrx_word' id='word_1_115' title='bbox 1007 1527 1191 1580; x_wconf 60' lang='lat' dir='ltr'><strong>cvetatis</strong></span> <span class='ocrx_word' id='word_1_116' title='bbox 1206 1526 1580 1596; x_wconf 76' lang='lat' dir='ltr'><strong>plenitudinis</strong></span> <span class='ocrx_word' id='word_1_117' title='bbox 1610 1525 1811 1580; x_wconf 86' lang='lat' dir='ltr'><strong>Christi</strong></span> <span class='ocrx_word' id='word_1_118' title='bbox 1836 1541 2030 1598; x_wconf 91' lang='lat' dir='ltr'><strong>perve-</strong></span> 
     </span>
    </p>
   </div>
   <div class='ocr_carea' id='block_1_17' title="bbox 383 1613 2029 1686">
    <p class='ocr_par' dir='ltr' id='par_1_17' title="bbox 383 1613 2029 1686">
     <span class='ocr_line' id='line_1_17' title="bbox 383 1613 2029 1686; baseline -0.001 -15"><span class='ocrx_word' id='word_1_119' title='bbox 383 1616 507 1671; x_wconf 90' lang='lat' dir='ltr'><strong>niat</strong></span> <span class='ocrx_word' id='word_1_120' title='bbox 532 1633 543 1671; x_wconf 91' lang='lat'><strong>:</strong></span> <span class='ocrx_word' id='word_1_121' title='bbox 569 1614 722 1686; x_wconf 91' lang='lat' dir='ltr'><strong>quod</strong></span> <span class='ocrx_word' id='word_1_122' title='bbox 754 1620 811 1669; x_wconf 93' lang='lat' dir='ltr'><strong>et</strong></span> <span class='ocrx_word' id='word_1_123' title='bbox 838 1614 899 1669; x_wconf 90' lang='lat' dir='ltr'><strong>in</strong></span> <span class='ocrx_word' id='word_1_124' title='bbox 929 1614 1037 1669; x_wconf 90' lang='lat' dir='ltr'><strong>hac</strong></span> <span class='ocrx_word' id='word_1_125' title='bbox 1088 1614 1207 1669; x_wconf 90' lang='lat' dir='ltr'><strong>vita</strong></span> <span class='ocrx_word' id='word_1_126' title='bbox 1240 1614 1451 1685; x_wconf 88' lang='lat' dir='ltr'><strong>partim</strong></span> <span class='ocrx_word' id='word_1_127' title='bbox 1503 1614 1935 1685; x_wconf 88' lang='lat' dir='ltr'><strong>impletur;sed</strong></span> <span class='ocrx_word' id='word_1_128' title='bbox 1969 1613 2029 1669; x_wconf 91' lang='lat' dir='ltr'><strong>in</strong></span> 
     </span>
    </p>
   </div>
   <div class='ocr_carea' id='block_1_18' title="bbox 382 1702 2029 1776">
    <p class='ocr_par' dir='ltr' id='par_1_18' title="bbox 382 1702 2029 1776">
     <span class='ocr_line' id='line_1_18' title="bbox 382 1702 2029 1776; baseline -0.002 -16"><span class='ocrx_word' id='word_1_129' title='bbox 382 1706 499 1760; x_wconf 84' lang='lat' dir='ltr'><strong>ﬁne</strong></span> <span class='ocrx_word' id='word_1_130' title='bbox 531 1703 843 1776; x_wconf 82' lang='lat' dir='ltr'><strong>perficitur.</strong></span> <span class='ocrx_word' id='word_1_131' title='bbox 878 1703 981 1757; x_wconf 89' lang='lat' dir='ltr'><strong>Hic</strong></span> <span class='ocrx_word' id='word_1_132' title='bbox 1009 1702 1305 1773; x_wconf 89' lang='lat' dir='ltr'><strong>impletur,</strong></span> <span class='ocrx_word' id='word_1_133' title='bbox 1329 1719 1486 1768; x_wconf 89' lang='lat' dir='ltr'><strong>cum,</strong></span> <span class='ocrx_word' id='word_1_134' title='bbox 1518 1703 1599 1757; x_wconf 86' lang='lat' dir='ltr'><strong>ita</strong></span> <span class='ocrx_word' id='word_1_135' title='bbox 1624 1702 1950 1757; x_wconf 87' lang='lat' dir='ltr'><strong>solidumur</strong></span> <span class='ocrx_word' id='word_1_136' title='bbox 1971 1703 2029 1757; x_wconf 94' lang='lat' dir='ltr'><strong>in</strong></span> 
     </span>
    </p>
   </div>
   <div class='ocr_carea' id='block_1_19' title="bbox 2127 546 3802 619">
    <p class='ocr_par' dir='ltr' id='par_1_19' title="bbox 2127 546 3802 619">
     <span class='ocr_line' id='line_1_19' title="bbox 2127 546 3802 619; baseline 0.001 -18"><span class='ocrx_word' id='word_1_137' title='bbox 2127 563 2259 602; x_wconf 91' lang='lat' dir='ltr'><strong>cum</strong></span> <span class='ocrx_word' id='word_1_138' title='bbox 2294 549 2352 603; x_wconf 92' lang='lat' dir='ltr'><strong>in</strong></span> <span class='ocrx_word' id='word_1_139' title='bbox 2386 549 2499 603; x_wconf 84' lang='lat' dir='ltr'><strong>fine</strong></span> <span class='ocrx_word' id='word_1_140' title='bbox 2519 549 2825 604; x_wconf 89' lang='lat' dir='ltr'><strong>Dominum</strong></span> <span class='ocrx_word' id='word_1_141' title='bbox 2858 548 3044 619; x_wconf 87' lang='grc'>(1081)</span> <span class='ocrx_word' id='word_1_142' title='bbox 3066 547 3413 612; x_wconf 88' lang='lat' dir='ltr'><strong>viderimus,</strong></span> <span class='ocrx_word' id='word_1_143' title='bbox 3445 552 3502 602; x_wconf 91' lang='lat' dir='ltr'><strong>et</strong></span> <span class='ocrx_word' id='word_1_144' title='bbox 3525 546 3587 601; x_wconf 93' lang='lat' dir='ltr'><strong>in</strong></span> <span class='ocrx_word' id='word_1_145' title='bbox 3615 563 3802 603; x_wconf 88' lang='lat' dir='ltr'><strong>men-</strong></span> 
     </span>
    </p>
   </div>
   <div class='ocr_carea' id='block_1_20' title="bbox 2128 635 3803 709">
    <p class='ocr_par' dir='ltr' id='par_1_20' title="bbox 2128 635 3803 709">
     <span class='ocr_line' id='line_1_20' title="bbox 2128 635 3803 709; baseline 0.001 -19"><span class='ocrx_word' id='word_1_146' title='bbox 2128 653 2327 691; x_wconf 85' lang='lat' dir='ltr'><strong>suram</strong></span> <span class='ocrx_word' id='word_1_147' title='bbox 2345 638 2525 692; x_wconf 72' lang='lat' dir='ltr'><strong>aelatis</strong></span> <span class='ocrx_word' id='word_1_148' title='bbox 2540 636 2921 709; x_wconf 85' lang='lat' dir='ltr'><strong>plenitudinis</strong></span> <span class='ocrx_word' id='word_1_149' title='bbox 2933 636 3148 692; x_wconf 90' lang='lat' dir='ltr'><strong>Christi</strong></span> <span class='ocrx_word' id='word_1_150' title='bbox 3165 635 3626 707; x_wconf 88' lang='lat' dir='ltr'><strong>pervenerimus,</strong></span> <span class='ocrx_word' id='word_1_151' title='bbox 3642 640 3803 691; x_wconf 88' lang='lat' dir='ltr'><strong>tunc</strong></span> 
     </span>
    </p>
   </div>
   <div class='ocr_carea' id='block_1_21' title="bbox 2128 724 3802 798">
    <p class='ocr_par' dir='ltr' id='par_1_21' title="bbox 2128 724 3802 798">
     <span class='ocr_line' id='line_1_21' title="bbox 2128 724 3802 798; baseline 0.001 -20"><span class='ocrx_word' id='word_1_152' title='bbox 2128 729 2313 779; x_wconf 90' lang='lat' dir='ltr'><strong>totum</strong></span> <span class='ocrx_word' id='word_1_153' title='bbox 2346 742 2558 798; x_wconf 90' lang='lat' dir='ltr'><strong>corpus</strong></span> <span class='ocrx_word' id='word_1_154' title='bbox 2586 727 2733 797; x_wconf 85' lang='lat' dir='ltr'><strong>ejus,</strong></span> <span class='ocrx_word' id='word_1_155' title='bbox 2766 726 2919 797; x_wconf 91' lang='lat' dir='ltr'><strong>quod</strong></span> <span class='ocrx_word' id='word_1_156' title='bbox 2954 742 3110 782; x_wconf 91' lang='lat' dir='ltr'><strong>nunc</strong></span> <span class='ocrx_word' id='word_1_157' title='bbox 3145 724 3443 780; x_wconf 90' lang='lat' dir='ltr'><strong>divulsum</strong></span> <span class='ocrx_word' id='word_1_158' title='bbox 3484 724 3802 780; x_wconf 72' lang='lat' dir='ltr'><strong>etdilace~</strong></span> 
     </span>
    </p>
   </div>
   <div class='ocr_carea' id='block_1_22' title="bbox 2131 815 3797 887">
    <p class='ocr_par' dir='ltr' id='par_1_22' title="bbox 2131 815 3797 887">
     <span class='ocr_line' id='line_1_22' title="bbox 2131 815 3797 887; baseline 0.002 -20"><span class='ocrx_word' id='word_1_159' title='bbox 2131 818 2323 868; x_wconf 91' lang='lat' dir='ltr'><strong>ratum</strong></span> <span class='ocrx_word' id='word_1_160' title='bbox 2354 815 2602 881; x_wconf 91' lang='lat' dir='ltr'><strong>videtur,</strong></span> <span class='ocrx_word' id='word_1_161' title='bbox 2634 815 2694 869; x_wconf 90' lang='lat' dir='ltr'><strong>in</strong></span> <span class='ocrx_word' id='word_1_162' title='bbox 2727 831 2894 869; x_wconf 89' lang='lat' dir='ltr'><strong>suam</strong></span> <span class='ocrx_word' id='word_1_163' title='bbox 2928 815 3797 887; x_wconf 81' lang='lat' dir='ltr'><strong>compagem,juncturamque</strong></span> 
     </span>
    </p>
   </div>
   <div class='ocr_carea' id='block_1_23' title="bbox 2132 902 3799 975">
    <p class='ocr_par' dir='ltr' id='par_1_23' title="bbox 2132 902 3799 975">
     <span class='ocr_line' id='line_1_23' title="bbox 2132 902 3799 975; baseline 0.001 -19"><span class='ocrx_word' id='word_1_164' title='bbox 2132 903 2443 971; x_wconf 81' lang='lat' dir='ltr'><strong>redigetur.</strong></span> <span class='ocrx_word' id='word_1_165' title='bbox 2478 903 2821 975; x_wconf 83' lang='lat' dir='ltr'><strong>Exemplum</strong></span> <span class='ocrx_word' id='word_1_166' title='bbox 2855 902 3111 958; x_wconf 76' lang='lat' dir='ltr'><strong>hominis</strong></span> <span class='ocrx_word' id='word_1_167' title='bbox 3143 902 3311 957; x_wconf 88' lang='lat' dir='ltr'><strong>divisi</strong></span> <span class='ocrx_word' id='word_1_168' title='bbox 3337 919 3439 973; x_wconf 87' lang='lat' dir='ltr'><strong>per</strong></span> <span class='ocrx_word' id='word_1_169' title='bbox 3469 907 3699 973; x_wconf 85' lang='lat' dir='ltr'><strong>partes:</strong></span> <span class='ocrx_word' id='word_1_170' title='bbox 3734 908 3799 958; x_wconf 84' lang='lat' dir='ltr'><strong>et</strong></span> 
     </span>
    </p>
   </div>
   <div class='ocr_carea' id='block_1_24' title="bbox 2132 991 3799 1063">
    <p class='ocr_par' dir='ltr' id='par_1_24' title="bbox 2132 991 3799 1063">
     <span class='ocr_line' id='line_1_24' title="bbox 2132 991 3799 1063; baseline 0.001 -18"><span class='ocrx_word' id='word_1_171' title='bbox 2132 1007 2236 1045; x_wconf 91' lang='lat' dir='ltr'><strong>nec</strong></span> <span class='ocrx_word' id='word_1_172' title='bbox 2268 1009 2332 1046; x_wconf 92' lang='lat' dir='ltr'><strong>os</strong></span> <span class='ocrx_word' id='word_1_173' title='bbox 2363 991 2481 1046; x_wconf 90' lang='lat' dir='ltr'><strong>ossi</strong></span> <span class='ocrx_word' id='word_1_174' title='bbox 2505 992 2811 1063; x_wconf 83' lang='lat' dir='ltr'><strong>jungatur,</strong></span> <span class='ocrx_word' id='word_1_175' title='bbox 2844 996 2946 1046; x_wconf 90' lang='lat' dir='ltr'><strong>eta</strong></span> <span class='ocrx_word' id='word_1_176' title='bbox 2972 992 3217 1058; x_wconf 90' lang='lat' dir='ltr'><strong>medico,</strong></span> <span class='ocrx_word' id='word_1_177' title='bbox 3244 991 3799 1062; x_wconf 88' lang='lat' dir='ltr'><strong>priusquamsane-</strong></span> 
     </span>
    </p>
   </div>
   <div class='ocr_carea' id='block_1_25' title="bbox 2130 1079 3799 1151">
    <p class='ocr_par' dir='ltr' id='par_1_25' title="bbox 2130 1079 3799 1151">
     <span class='ocr_line' id='line_1_25' title="bbox 2130 1079 3799 1151; baseline 0.001 -18"><span class='ocrx_word' id='word_1_178' title='bbox 2130 1084 2245 1150; x_wconf 87' lang='lat' dir='ltr'><strong>tur,</strong></span> <span class='ocrx_word' id='word_1_179' title='bbox 2281 1081 2544 1135; x_wconf 86' lang='lat' dir='ltr'><strong>membra</strong></span> <span class='ocrx_word' id='word_1_180' title='bbox 2575 1082 2698 1135; x_wconf 86' lang='lat' dir='ltr'><strong>suis</strong></span> <span class='ocrx_word' id='word_1_181' title='bbox 2730 1081 2788 1134; x_wconf 93' lang='lat' dir='ltr'><strong>in</strong></span> <span class='ocrx_word' id='word_1_182' title='bbox 2839 1079 2983 1135; x_wconf 90' lang='lat' dir='ltr'><strong>locis</strong></span> <span class='ocrx_word' id='word_1_183' title='bbox 3031 1087 3323 1151; x_wconf 89' lang='lat' dir='ltr'><strong>ponantur</strong></span> <span class='ocrx_word' id='word_1_184' title='bbox 3374 1080 3579 1151; x_wconf 89' lang='grc'><strong>(1082).</strong></span> <span class='ocrx_word' id='word_1_185' title='bbox 3637 1084 3799 1135; x_wconf 81' lang='lat' dir='ltr'><strong>item</strong></span> 
     </span>
    </p>
   </div>
   <div class='ocr_carea' id='block_1_26' title="bbox 2132 1167 3808 1240">
    <p class='ocr_par' dir='ltr' id='par_1_26' title="bbox 2132 1167 3808 1240">
     <span class='ocr_line' id='line_1_26' title="bbox 2132 1167 3808 1240; baseline -0.001 -17"><span class='ocrx_word' id='word_1_186' title='bbox 2132 1167 2540 1223; x_wconf 89' lang='lat' dir='ltr'><strong>similitudode</strong></span> <span class='ocrx_word' id='word_1_187' title='bbox 2560 1168 2818 1240; x_wconf 88' lang='lat' dir='ltr'><strong>parvulo,</strong></span> <span class='ocrx_word' id='word_1_188' title='bbox 2838 1170 3028 1239; x_wconf 89' lang='lat' dir='ltr'><strong>cujus,</strong></span> <span class='ocrx_word' id='word_1_189' title='bbox 3060 1174 3115 1223; x_wconf 89' lang='lat' dir='ltr'><strong>te</strong></span> <span class='ocrx_word' id='word_1_190' title='bbox 3132 1184 3247 1223; x_wconf 92' lang='lat' dir='ltr'><strong>non</strong></span> <span class='ocrx_word' id='word_1_191' title='bbox 3268 1167 3521 1232; x_wconf 87' lang='lat' dir='ltr'><strong>vidente,</strong></span> <span class='ocrx_word' id='word_1_192' title='bbox 3543 1167 3808 1239; x_wconf 86' lang='lat' dir='ltr'><strong>implen-</strong></span> 
     </span>
    </p>
   </div>
   <div class='ocr_carea' id='block_1_27' title="bbox 2132 1255 3803 1329">
    <p class='ocr_par' dir='ltr' id='par_1_27' title="bbox 2132 1255 3803 1329">
     <span class='ocr_line' id='line_1_27' title="bbox 2132 1255 3803 1329; baseline 0.001 -19"><span class='ocrx_word' id='word_1_193' title='bbox 2132 1261 2230 1310; x_wconf 88' lang='lat' dir='ltr'><strong>tur</strong></span> <span class='ocrx_word' id='word_1_194' title='bbox 2259 1258 2541 1323; x_wconf 90' lang='lat' dir='ltr'><strong>membra,</strong></span> <span class='ocrx_word' id='word_1_195' title='bbox 2574 1263 2631 1312; x_wconf 92' lang='lat' dir='ltr'><strong>et</strong></span> <span class='ocrx_word' id='word_1_196' title='bbox 2657 1257 2956 1329; x_wconf 90' lang='lat' dir='ltr'><strong>perficitur</strong></span> <span class='ocrx_word' id='word_1_197' title='bbox 2999 1261 3136 1312; x_wconf 70' lang='lat' dir='ltr'><strong>satas</strong></span> <span class='ocrx_word' id='word_1_198' title='bbox 3164 1256 3370 1328; x_wconf 89' lang='lat'>(1083).</span> <span class='ocrx_word' id='word_1_199' title='bbox 3406 1255 3494 1311; x_wconf 88' lang='lat' dir='ltr'><strong>Ita</strong></span> <span class='ocrx_word' id='word_1_200' title='bbox 3522 1255 3803 1311; x_wconf 82' lang='lat' dir='ltr'><strong>Christus</strong></span> 
     </span>
    </p>
   </div>
   <div class='ocr_carea' id='block_1_28' title="bbox 2134 1346 3801 1418">
    <p class='ocr_par' dir='ltr' id='par_1_28' title="bbox 2134 1346 3801 1418">
     <span class='ocr_line' id='line_1_28' title="bbox 2134 1346 3801 1418; baseline 0 -17"><span class='ocrx_word' id='word_1_201' title='bbox 2134 1347 2398 1402; x_wconf 89' lang='lat' dir='ltr'><strong>medicus</strong></span> <span class='ocrx_word' id='word_1_202' title='bbox 2428 1346 2797 1418; x_wconf 90' lang='lat' dir='ltr'><strong>omnipotens</strong></span> <span class='ocrx_word' id='word_1_203' title='bbox 2829 1350 2893 1401; x_wconf 90' lang='lat' dir='ltr'><strong>ut</strong></span> <span class='ocrx_word' id='word_1_204' title='bbox 2933 1346 3265 1418; x_wconf 86' lang='lat' dir='ltr'><strong>perficiatur</strong></span> <span class='ocrx_word' id='word_1_205' title='bbox 3323 1361 3559 1417; x_wconf 86' lang='lat' dir='ltr'><strong>corpus,</strong></span> <span class='ocrx_word' id='word_1_206' title='bbox 3614 1346 3801 1417; x_wconf 84' lang='lat' dir='ltr'><strong>pedes</strong></span> 
     </span>
    </p>
   </div>
   <div class='ocr_carea' id='block_1_29' title="bbox 2136 1433 3799 1507">
    <p class='ocr_par' dir='ltr' id='par_1_29' title="bbox 2136 1433 3799 1507">
     <span class='ocr_line' id='line_1_29' title="bbox 2136 1433 3799 1507; baseline -0.001 -16"><span class='ocrx_word' id='word_1_207' title='bbox 2136 1434 2404 1507; x_wconf 89' lang='lat' dir='ltr'><strong>pedibus,</strong></span> <span class='ocrx_word' id='word_1_208' title='bbox 2420 1434 2620 1491; x_wconf 90' lang='lat' dir='ltr'><strong>oculos</strong></span> <span class='ocrx_word' id='word_1_209' title='bbox 2634 1434 2819 1491; x_wconf 89' lang='lat' dir='ltr'><strong>oculis</strong></span> <span class='ocrx_word' id='word_1_210' title='bbox 2824 1434 3023 1507; x_wconf 92' lang='lat' dir='ltr'><strong>jungit</strong></span> <span class='ocrx_word' id='word_1_211' title='bbox 3042 1439 3129 1505; x_wconf 82' lang='lat' dir='ltr'><strong>;et</strong></span> <span class='ocrx_word' id='word_1_212' title='bbox 3151 1434 3418 1491; x_wconf 89' lang='lat' dir='ltr'><strong>membra</strong></span> <span class='ocrx_word' id='word_1_213' title='bbox 3438 1433 3640 1490; x_wconf 89' lang='lat' dir='ltr'><strong>omnia</strong></span> <span class='ocrx_word' id='word_1_214' title='bbox 3655 1434 3716 1489; x_wconf 91' lang='lat' dir='ltr'><strong>in</strong></span> <span class='ocrx_word' id='word_1_215' title='bbox 3732 1450 3799 1490; x_wconf 85' lang='lat' dir='ltr'><strong>se</strong></span> 
     </span>
    </p>
   </div>
   <div class='ocr_carea' id='block_1_30' title="bbox 2138 1522 2796 1595">
    <p class='ocr_par' dir='ltr' id='par_1_30' title="bbox 2138 1522 2796 1595">
     <span class='ocr_line' id='line_1_30' title="bbox 2138 1522 2796 1595; baseline 0.002 -18"><span class='ocrx_word' id='word_1_216' title='bbox 2138 1522 2423 1578; x_wconf 88' lang='lat' dir='ltr'><strong>charitate</strong></span> <span class='ocrx_word' id='word_1_217' title='bbox 2440 1524 2796 1595; x_wconf 83' lang='lat' dir='ltr'><strong>junguntur.</strong></span> 
     </span>
    </p>
   </div>
   <div class='ocr_carea' id='block_1_31' title="bbox 2208 1701 3800 1773">
    <p class='ocr_par' dir='ltr' id='par_1_31' title="bbox 2208 1701 3800 1773">
     <span class='ocr_line' id='line_1_31' title="bbox 2208 1701 3800 1773; baseline 0.002 -19"><span class='ocrx_word' id='word_1_218' title='bbox 2208 1701 2392 1773; x_wconf 79' lang='grc'>(1084)</span> <span class='ocrx_word' id='word_1_219' title='bbox 2418 1701 2727 1773; x_wconf 88' lang='lat' dir='ltr'><strong>Sequitur:</strong></span> <span class='ocrx_word' id='word_1_220' title='bbox 2761 1703 2867 1757; x_wconf 83' lang='lat' dir='ltr'><strong>Hoc</strong></span> <span class='ocrx_word' id='word_1_221' title='bbox 2914 1717 3047 1773; x_wconf 85' lang='lat' dir='ltr'><strong>ergo</strong></span> <span class='ocrx_word' id='word_1_222' title='bbox 3089 1701 3229 1771; x_wconf 80' lang='lat' dir='ltr'><strong>dico,</strong></span> <span class='ocrx_word' id='word_1_223' title='bbox 3260 1704 3370 1756; x_wconf 92' lang='lat' dir='ltr'><strong>etc.</strong></span> <span class='ocrx_word' id='word_1_224' title='bbox 3421 1701 3503 1757; x_wconf 92' lang='lat' dir='ltr'><strong>De</strong></span> <span class='ocrx_word' id='word_1_225' title='bbox 3532 1717 3599 1757; x_wconf 92' lang='lat' dir='ltr'><strong>eo</strong></span> <span class='ocrx_word' id='word_1_226' title='bbox 3635 1702 3800 1773; x_wconf 87' lang='lat' dir='ltr'><strong>quod</strong></span> 
     </span>
    </p>
   </div>
   <div class='ocr_carea' id='block_1_32' title="bbox 383 1789 3801 1891">
    <p class='ocr_par' dir='ltr' id='par_1_32' title="bbox 383 1789 3801 1891">
     <span class='ocr_line' id='line_1_32' title="bbox 383 1789 3801 1891; baseline -0.001 -43"><span class='ocrx_word' id='word_1_227' title='bbox 383 1794 499 1848; x_wconf 83' lang='lat' dir='ltr'><strong>fide</strong></span> <span class='ocrx_word' id='word_1_228' title='bbox 528 1797 585 1848; x_wconf 90' lang='lat' dir='ltr'><strong>et</strong></span> <span class='ocrx_word' id='word_1_229' title='bbox 615 1791 915 1860; x_wconf 89' lang='lat' dir='ltr'><strong>charitate,</strong></span> <span class='ocrx_word' id='word_1_230' title='bbox 950 1796 1013 1846; x_wconf 91' lang='lat' dir='ltr'><strong>ut</strong></span> <span class='ocrx_word' id='word_1_231' title='bbox 1042 1808 1157 1846; x_wconf 92' lang='lat' dir='ltr'><strong>non</strong></span> <span class='ocrx_word' id='word_1_232' title='bbox 1207 1807 1545 1846; x_wconf 87' lang='lat' dir='ltr'><strong>moveamur</strong></span> <span class='ocrx_word' id='word_1_233' title='bbox 1585 1793 1736 1846; x_wconf 84' lang='lat' dir='ltr'><strong>omni</strong></span> <span class='ocrx_word' id='word_1_234' title='bbox 1760 1800 1915 1847; x_wconf 85' lang='lat' dir='ltr'><strong>vento</strong></span> <span class='ocrx_word' id='word_1_235' title='bbox 1945 1791 2033 1846; x_wconf 86' lang='lat' dir='ltr'><strong>do-</strong></span> <span class='ocrx_word' id='word_1_236' title='bbox 2062 1828 2109 1891; x_wconf 80' lang='grc' dir='ltr'><strong>Β</strong></span> <span class='ocrx_word' id='word_1_237' title='bbox 2140 1790 2199 1844; x_wconf 92' lang='lat' dir='ltr'><strong>in</strong></span> <span class='ocrx_word' id='word_1_238' title='bbox 2230 1795 2419 1862; x_wconf 80' lang='lat' dir='ltr'><strong>ccepta</strong></span> <span class='ocrx_word' id='word_1_239' title='bbox 2470 1789 2808 1859; x_wconf 88' lang='lat' dir='ltr'><strong>intentione,</strong></span> <span class='ocrx_word' id='word_1_240' title='bbox 2840 1790 2897 1845; x_wconf 91' lang='lat' dir='ltr'><strong>id</strong></span> <span class='ocrx_word' id='word_1_241' title='bbox 2929 1795 3039 1862; x_wconf 89' lang='lat' dir='ltr'><strong>est,</strong></span> <span class='ocrx_word' id='word_1_242' title='bbox 3071 1806 3210 1862; x_wconf 91' lang='lat' dir='ltr'><strong>erga</strong></span> <span class='ocrx_word' id='word_1_243' title='bbox 3259 1789 3612 1846; x_wconf 84' lang='lat' dir='ltr'><strong>moralitatis</strong></span> <span class='ocrx_word' id='word_1_244' title='bbox 3645 1808 3801 1863; x_wconf 78' lang='lat' dir='ltr'><strong>prse-</strong></span> 
     </span>
    </p>
   </div>
   <div class='ocr_carea' id='block_1_33' title="bbox 383 1880 2030 1953">
    <p class='ocr_par' dir='ltr' id='par_1_33' title="bbox 383 1880 2030 1953">
     <span class='ocr_line' id='line_1_33' title="bbox 383 1880 2030 1953; baseline -0.002 -15"><span class='ocrx_word' id='word_1_245' title='bbox 383 1885 604 1939; x_wconf 68' lang='lat' dir='ltr'><strong>ctrinae.</strong></span> <span class='ocrx_word' id='word_1_246' title='bbox 629 1880 950 1951; x_wconf 87' lang='lat' dir='ltr'><strong>Perficitur,</strong></span> <span class='ocrx_word' id='word_1_247' title='bbox 976 1897 1106 1935; x_wconf 91' lang='lat' dir='ltr'><strong>cum</strong></span> <span class='ocrx_word' id='word_1_248' title='bbox 1137 1883 1323 1935; x_wconf 87' lang='lat' dir='ltr'><strong>totum</strong></span> <span class='ocrx_word' id='word_1_249' title='bbox 1357 1896 1568 1952; x_wconf 89' lang='lat' dir='ltr'><strong>corpus</strong></span> <span class='ocrx_word' id='word_1_250' title='bbox 1588 1880 1886 1953; x_wconf 83' lang='lat' dir='ltr'><strong>impletur.</strong></span> <span class='ocrx_word' id='word_1_251' title='bbox 1922 1881 2030 1936; x_wconf 90' lang='lat' dir='ltr'><strong>Sed</strong></span> 
     </span>
    </p>
   </div>
   <div class='ocr_carea' id='block_1_34' title="bbox 385 1967 2032 2043">
    <p class='ocr_par' dir='ltr' id='par_1_34' title="bbox 385 1967 2032 2043">
     <span class='ocr_line' id='line_1_34' title="bbox 385 1967 2032 2043; baseline -0.002 -17"><span class='ocrx_word' id='word_1_252' title='bbox 385 1986 567 2043; x_wconf 87' lang='lat' dir='ltr'><strong>quare</strong></span> <span class='ocrx_word' id='word_1_253' title='bbox 596 1968 899 2042; x_wconf 89' lang='lat' dir='ltr'><strong>parvulum</strong></span> <span class='ocrx_word' id='word_1_254' title='bbox 935 1985 996 2024; x_wconf 92' lang='lat' dir='ltr'><strong>se</strong></span> <span class='ocrx_word' id='word_1_255' title='bbox 1025 1967 1165 2023; x_wconf 85' lang='lat' dir='ltr'><strong>dicit</strong></span> <span class='ocrx_word' id='word_1_256' title='bbox 1193 1968 1550 2040; x_wconf 85' lang='lat' dir='ltr'><strong>Apostolus?</strong></span> <span class='ocrx_word' id='word_1_257' title='bbox 1581 1968 1942 2039; x_wconf 85' lang='lat' dir='ltr'><strong>Humilitate,</strong></span> <span class='ocrx_word' id='word_1_258' title='bbox 1958 1987 2032 2023; x_wconf 90' lang='lat' dir='ltr'><strong>an</strong></span> 
     </span>
    </p>
   </div>
   <div class='ocr_carea' id='block_1_35' title="bbox 384 2057 2031 2132">
    <p class='ocr_par' dir='ltr' id='par_1_35' title="bbox 384 2057 2031 2132">
     <span class='ocr_line' id='line_1_35' title="bbox 384 2057 2031 2132; baseline 0.001 -19"><span class='ocrx_word' id='word_1_259' title='bbox 384 2059 525 2132; x_wconf 88' lang='lat' dir='ltr'><strong>quia</strong></span> <span class='ocrx_word' id='word_1_260' title='bbox 554 2075 622 2113; x_wconf 85' lang='lat' dir='ltr'><strong>ex</strong></span> <span class='ocrx_word' id='word_1_261' title='bbox 655 2061 817 2131; x_wconf 89' lang='lat' dir='ltr'><strong>parte</strong></span> <span class='ocrx_word' id='word_1_262' title='bbox 844 2057 1015 2123; x_wconf 65' lang='lat' dir='ltr'><strong>videt,</strong></span> <span class='ocrx_word' id='word_1_263' title='bbox 1051 2061 1109 2112; x_wconf 91' lang='lat' dir='ltr'><strong>et</strong></span> <span class='ocrx_word' id='word_1_264' title='bbox 1157 2074 1226 2112; x_wconf 81' lang='lat' dir='ltr'><strong>ex</strong></span> <span class='ocrx_word' id='word_1_265' title='bbox 1256 2062 1417 2128; x_wconf 89' lang='lat' dir='ltr'><strong>parte</strong></span> <span class='ocrx_word' id='word_1_266' title='bbox 1444 2058 1798 2129; x_wconf 85' lang='lat' dir='ltr'><strong>prophetat?</strong></span> <span class='ocrx_word' id='word_1_267' title='bbox 1835 2060 1881 2129; x_wconf 88' lang='lat'><strong>(1</strong></span> <span class='ocrx_word' id='word_1_268' title='bbox 1910 2058 2031 2114; x_wconf 84' lang='lat' dir='ltr'><strong>Cor.</strong></span> 
     </span>
    </p>
   </div>
   <div class='ocr_carea' id='block_1_36' title="bbox 383 2146 2034 2225">
    <p class='ocr_par' dir='ltr' id='par_1_36' title="bbox 383 2146 2034 2225">
     <span class='ocr_line' id='line_1_36' title="bbox 383 2146 2034 2225; baseline 0 -22"><span class='ocrx_word' id='word_1_269' title='bbox 383 2165 507 2213; x_wconf 85' lang='lat' dir='ltr'><strong>xm,</strong></span> <span class='ocrx_word' id='word_1_270' title='bbox 543 2149 619 2218; x_wconf 89' lang='lat'><strong>9.)</strong></span> <span class='ocrx_word' id='word_1_271' title='bbox 680 2147 824 2202; x_wconf 90' lang='lat' dir='ltr'><strong>Nam</strong></span> <span class='ocrx_word' id='word_1_272' title='bbox 857 2146 917 2200; x_wconf 90' lang='lat' dir='ltr'><strong>in</strong></span> <span class='ocrx_word' id='word_1_273' title='bbox 949 2146 1385 2218; x_wconf 87' lang='lat' dir='ltr'><strong>comparatione</strong></span> <span class='ocrx_word' id='word_1_274' title='bbox 1428 2147 1711 2225; x_wconf 72' lang='lat' dir='ltr'><strong>Judaismi</strong></span> <span class='ocrx_word' id='word_1_275' title='bbox 1744 2148 2034 2219; x_wconf 87' lang='lat' dir='ltr'><strong>perfectus</strong></span> 
     </span>
    </p>
   </div>
   <div class='ocr_carea' id='block_1_37' title="bbox 384 2235 2028 2307">
    <p class='ocr_par' dir='ltr' id='par_1_37' title="bbox 384 2235 2028 2307">
     <span class='ocr_line' id='line_1_37' title="bbox 384 2235 2028 2307; baseline -0.001 -14"><span class='ocrx_word' id='word_1_276' title='bbox 384 2243 530 2303; x_wconf 88' lang='lat' dir='ltr'><strong>erat,</strong></span> <span class='ocrx_word' id='word_1_277' title='bbox 562 2242 625 2291; x_wconf 90' lang='lat' dir='ltr'><strong>ut</strong></span> <span class='ocrx_word' id='word_1_278' title='bbox 656 2235 799 2292; x_wconf 90' lang='lat' dir='ltr'><strong>illud</strong></span> <span class='ocrx_word' id='word_1_279' title='bbox 827 2254 839 2291; x_wconf 88' lang='lat'><strong>:</strong></span> <span class='ocrx_word' id='word_1_280' title='bbox 874 2235 1004 2290; x_wconf 82' lang='lat' dir='ltr'><strong>Cum</strong></span> <span class='ocrx_word' id='word_1_281' title='bbox 1036 2251 1207 2289; x_wconf 83' lang='lat' dir='ltr'><strong>essem</strong></span> <span class='ocrx_word' id='word_1_282' title='bbox 1234 2236 1706 2306; x_wconf 85' lang='lat' dir='ltr'><strong>parvulus(lbid.,</strong></span> <span class='ocrx_word' id='word_1_283' title='bbox 1732 2238 1838 2307; x_wconf 85' lang='lat'>11),</span> <span class='ocrx_word' id='word_1_284' title='bbox 1874 2241 1982 2291; x_wconf 90' lang='lat' dir='ltr'><strong>etc.</strong></span> <span class='ocrx_word' id='word_1_285' title='bbox 2016 2256 2028 2304; x_wconf 92' lang='lat'><strong>;</strong></span> 
     </span>
    </p>
   </div>
   <div class='ocr_carea' id='block_1_38' title="bbox 380 2323 2037 2396">
    <p class='ocr_par' dir='ltr' id='par_1_38' title="bbox 380 2323 2037 2396">
     <span class='ocr_line' id='line_1_38' title="bbox 380 2323 2037 2396; baseline -0.001 -14"><span class='ocrx_word' id='word_1_286' title='bbox 380 2326 440 2382; x_wconf 92' lang='lat' dir='ltr'><strong>in</strong></span> <span class='ocrx_word' id='word_1_287' title='bbox 474 2325 907 2395; x_wconf 88' lang='lat' dir='ltr'><strong>comparatione</strong></span> <span class='ocrx_word' id='word_1_288' title='bbox 928 2323 1549 2395; x_wconf 68' lang='lat' dir='ltr'><strong>futurzeintelligentias</strong></span> <span class='ocrx_word' id='word_1_289' title='bbox 1569 2325 1862 2396; x_wconf 87' lang='lat' dir='ltr'><strong>parvulus,</strong></span> <span class='ocrx_word' id='word_1_290' title='bbox 1897 2326 2037 2396; x_wconf 91' lang='lat' dir='ltr'><strong>quia</strong></span> 
     </span>
    </p>
   </div>
   <div class='ocr_carea' id='block_1_39' title="bbox 382 2411 2033 2484">
    <p class='ocr_par' dir='ltr' id='par_1_39' title="bbox 382 2411 2033 2484">
     <span class='ocr_line' id='line_1_39' title="bbox 382 2411 2033 2484; baseline -0.001 -14"><span class='ocrx_word' id='word_1_291' title='bbox 382 2432 454 2470; x_wconf 82' lang='lat' dir='ltr'><strong>ex</strong></span> <span class='ocrx_word' id='word_1_292' title='bbox 483 2418 646 2484; x_wconf 87' lang='lat' dir='ltr'><strong>parte</strong></span> <span class='ocrx_word' id='word_1_293' title='bbox 672 2413 801 2467; x_wconf 85' lang='lat' dir='ltr'><strong>scit.</strong></span> <span class='ocrx_word' id='word_1_294' title='bbox 839 2411 936 2467; x_wconf 90' lang='lat' dir='ltr'><strong>Ille</strong></span> <span class='ocrx_word' id='word_1_295' title='bbox 964 2428 1118 2477; x_wconf 91' lang='lat' dir='ltr'><strong>vero,</strong></span> <span class='ocrx_word' id='word_1_296' title='bbox 1168 2411 1268 2482; x_wconf 89' lang='lat' dir='ltr'><strong>qui</strong></span> <span class='ocrx_word' id='word_1_297' title='bbox 1299 2413 1441 2467; x_wconf 85' lang='lat' dir='ltr'><strong>dicit</strong></span> <span class='ocrx_word' id='word_1_298' title='bbox 1470 2429 1602 2467; x_wconf 89' lang='lat' dir='ltr'><strong>eum</strong></span> <span class='ocrx_word' id='word_1_299' title='bbox 1636 2431 1750 2468; x_wconf 89' lang='lat' dir='ltr'><strong>non</strong></span> <span class='ocrx_word' id='word_1_300' title='bbox 1796 2414 2033 2469; x_wconf 88' lang='lat' dir='ltr'><strong>humili-</strong></span> 
     </span>
    </p>
   </div>
   <div class='ocr_carea' id='block_1_40' title="bbox 379 2499 2029 2572">
    <p class='ocr_par' dir='ltr' id='par_1_40' title="bbox 379 2499 2029 2572">
     <span class='ocr_line' id='line_1_40' title="bbox 379 2499 2029 2572; baseline 0 -14"><span class='ocrx_word' id='word_1_301' title='bbox 379 2507 519 2568; x_wconf 84' lang='lat' dir='ltr'><strong>tate,</strong></span> <span class='ocrx_word' id='word_1_302' title='bbox 554 2501 653 2556; x_wconf 91' lang='lat' dir='ltr'><strong>sed</strong></span> <span class='ocrx_word' id='word_1_303' title='bbox 685 2501 757 2555; x_wconf 91' lang='lat' dir='ltr'><strong>de</strong></span> <span class='ocrx_word' id='word_1_304' title='bbox 787 2499 1144 2555; x_wconf 85' lang='lat' dir='ltr'><strong>conscientia</strong></span> <span class='ocrx_word' id='word_1_305' title='bbox 1166 2500 1333 2555; x_wconf 90' lang='lat' dir='ltr'><strong>illum</strong></span> <span class='ocrx_word' id='word_1_306' title='bbox 1367 2500 1475 2556; x_wconf 93' lang='lat' dir='ltr'><strong>hoc</strong></span> <span class='ocrx_word' id='word_1_307' title='bbox 1494 2501 1830 2572; x_wconf 87' lang='lat' dir='ltr'><strong>protulisse,</strong></span> <span class='ocrx_word' id='word_1_308' title='bbox 1851 2504 2029 2558; x_wconf 91' lang='lat' dir='ltr'><strong>dicit:</strong></span> 
     </span>
    </p>
   </div>
   <div class='ocr_carea' id='block_1_41' title="bbox 382 2587 2033 2662">
    <p class='ocr_par' dir='ltr' id='par_1_41' title="bbox 382 2587 2033 2662">
     <span class='ocr_line' id='line_1_41' title="bbox 382 2587 2033 2662; baseline 0 -16"><span class='ocrx_word' id='word_1_309' title='bbox 382 2588 691 2662; x_wconf 81' lang='lat' dir='ltr'><strong>Apostolus</strong></span> <span class='ocrx_word' id='word_1_310' title='bbox 720 2587 873 2642; x_wconf 88' lang='lat' dir='ltr'><strong>acris</strong></span> <span class='ocrx_word' id='word_1_311' title='bbox 903 2588 1085 2658; x_wconf 92' lang='lat'>(1078)</span> <span class='ocrx_word' id='word_1_312' title='bbox 1127 2588 1367 2659; x_wconf 84' lang='lat' dir='ltr'><strong>ingenii,</strong></span> <span class='ocrx_word' id='word_1_313' title='bbox 1417 2590 1720 2660; x_wconf 85' lang='lat' dir='ltr'><strong>pugnabat</strong></span> <span class='ocrx_word' id='word_1_314' title='bbox 1752 2591 2033 2646; x_wconf 88' lang='lat' dir='ltr'><strong>adversus</strong></span> 
     </span>
    </p>
   </div>
   <div class='ocr_carea' id='block_1_42' title="bbox 382 2676 2036 2750">
    <p class='ocr_par' dir='ltr' id='par_1_42' title="bbox 382 2676 2036 2750">
     <span class='ocr_line' id='line_1_42' title="bbox 382 2676 2036 2750; baseline -0.001 -14"><span class='ocrx_word' id='word_1_315' title='bbox 382 2694 629 2747; x_wconf 87' lang='lat' dir='ltr'><strong>errores,</strong></span> <span class='ocrx_word' id='word_1_316' title='bbox 665 2682 722 2733; x_wconf 93' lang='lat' dir='ltr'><strong>et</strong></span> <span class='ocrx_word' id='word_1_317' title='bbox 752 2676 918 2748; x_wconf 89' lang='lat' dir='ltr'><strong>quasi</strong></span> <span class='ocrx_word' id='word_1_318' title='bbox 943 2676 1002 2730; x_wconf 92' lang='lat' dir='ltr'><strong>in</strong></span> <span class='ocrx_word' id='word_1_319' title='bbox 1037 2677 1215 2747; x_wconf 90' lang='lat' dir='ltr'><strong>puppi</strong></span> <span class='ocrx_word' id='word_1_320' title='bbox 1248 2682 1434 2743; x_wconf 90' lang='lat' dir='ltr'><strong>stans,</strong></span> <span class='ocrx_word' id='word_1_321' title='bbox 1458 2678 1923 2750; x_wconf 90' lang='lat' dir='ltr'><strong>gubernaculum</strong></span> <span class='ocrx_word' id='word_1_322' title='bbox 1956 2684 2036 2734; x_wconf 86' lang='lat' dir='ltr'><strong>te-</strong></span> 
     </span>
    </p>
   </div>
   <div class='ocr_carea' id='block_1_43' title="bbox 383 2764 2033 2837">
    <p class='ocr_par' dir='ltr' id='par_1_43' title="bbox 383 2764 2033 2837">
     <span class='ocr_line' id='line_1_43' title="bbox 383 2764 2033 2837; baseline 0 -13"><span class='ocrx_word' id='word_1_323' title='bbox 383 2783 552 2836; x_wconf 88' lang='lat' dir='ltr'><strong>nens,</strong></span> <span class='ocrx_word' id='word_1_324' title='bbox 578 2769 922 2837; x_wconf 88' lang='lat' dir='ltr'><strong>spumantes</strong></span> <span class='ocrx_word' id='word_1_325' title='bbox 954 2764 1248 2819; x_wconf 64' lang='lat' dir='ltr'><strong>haereseon</strong></span> <span class='ocrx_word' id='word_1_326' title='bbox 1282 2766 1496 2821; x_wconf 88' lang='lat' dir='ltr'><strong>fluctus</strong></span> <span class='ocrx_word' id='word_1_327' title='bbox 1545 2766 1678 2821; x_wconf 83' lang='lat' dir='ltr'><strong>fidei</strong></span> <span class='ocrx_word' id='word_1_328' title='bbox 1721 2767 2033 2824; x_wconf 84' lang='lat' dir='ltr'><strong>securitate</strong></span> 
     </span>
    </p>
   </div>
   <div class='ocr_carea' id='block_1_44' title="bbox 384 2853 2031 2928">
    <p class='ocr_par' dir='ltr' id='par_1_44' title="bbox 384 2853 2031 2928">
     <span class='ocr_line' id='line_1_44' title="bbox 384 2853 2031 2928; baseline 0 -17"><span class='ocrx_word' id='word_1_329' title='bbox 384 2855 723 2926; x_wconf 87' lang='lat' dir='ltr'><strong>frangebat;</strong></span> <span class='ocrx_word' id='word_1_330' title='bbox 748 2870 864 2908; x_wconf 90' lang='lat' dir='ltr'><strong>non</strong></span> <span class='ocrx_word' id='word_1_331' title='bbox 886 2856 1081 2907; x_wconf 92' lang='lat' dir='ltr'><strong>tamen</strong></span> <span class='ocrx_word' id='word_1_332' title='bbox 1105 2869 1368 2921; x_wconf 87' lang='lat' dir='ltr'><strong>securus,</strong></span> <span class='ocrx_word' id='word_1_333' title='bbox 1390 2853 2031 2928; x_wconf 89' lang='lat' dir='ltr'><strong>etintrepidusprospi-</strong></span> 
     </span>
    </p>
   </div>
   <div class='ocr_carea' id='block_1_45' title="bbox 386 2940 2030 3013">
    <p class='ocr_par' dir='ltr' id='par_1_45' title="bbox 386 2940 2030 3013">
     <span class='ocr_line' id='line_1_45' title="bbox 386 2940 2030 3013; baseline 0.001 -15"><span class='ocrx_word' id='word_1_334' title='bbox 386 2944 578 2999; x_wconf 88' lang='lat' dir='ltr'><strong>ciebat</strong></span> <span class='ocrx_word' id='word_1_335' title='bbox 603 2941 787 3013; x_wconf 90' lang='lat'>(1079)</span> <span class='ocrx_word' id='word_1_336' title='bbox 817 2945 1020 2996; x_wconf 90' lang='lat' dir='ltr'><strong>ventos</strong></span> <span class='ocrx_word' id='word_1_337' title='bbox 1046 2940 1182 2995; x_wconf 93' lang='lat' dir='ltr'><strong>hinc</strong></span> <span class='ocrx_word' id='word_1_338' title='bbox 1230 2942 1366 2996; x_wconf 90' lang='lat' dir='ltr'><strong>inde</strong></span> <span class='ocrx_word' id='word_1_339' title='bbox 1416 2943 1760 3013; x_wconf 85' lang='lat' dir='ltr'><strong>proﬂantes;</strong></span> <span class='ocrx_word' id='word_1_340' title='bbox 1785 2946 1880 2999; x_wconf 88' lang='lat' dir='ltr'><strong>sed</strong></span> <span class='ocrx_word' id='word_1_341' title='bbox 1915 2961 2030 2999; x_wconf 91' lang='lat' dir='ltr'><strong>non</strong></span> 
     </span>
    </p>
   </div>
   <div class='ocr_carea' id='block_1_46' title="bbox 387 3029 2030 3102">
    <p class='ocr_par' dir='ltr' id='par_1_46' title="bbox 387 3029 2030 3102">
     <span class='ocr_line' id='line_1_46' title="bbox 387 3029 2030 3102; baseline 0.001 -15"><span class='ocrx_word' id='word_1_342' title='bbox 387 3036 512 3088; x_wconf 90' lang='lat' dir='ltr'><strong>erat</strong></span> <span class='ocrx_word' id='word_1_343' title='bbox 557 3029 640 3085; x_wconf 91' lang='lat' dir='ltr'><strong>illi</strong></span> <span class='ocrx_word' id='word_1_344' title='bbox 690 3046 896 3085; x_wconf 89' lang='lat' dir='ltr'><strong>secura</strong></span> <span class='ocrx_word' id='word_1_345' title='bbox 940 3029 1200 3084; x_wconf 88' lang='lat' dir='ltr'><strong>victoria.</strong></span> <span class='ocrx_word' id='word_1_346' title='bbox 1252 3032 1533 3102; x_wconf 90' lang='lat' dir='ltr'><strong>Sperabat</strong></span> <span class='ocrx_word' id='word_1_347' title='bbox 1567 3036 1781 3088; x_wconf 67' lang='lat' dir='ltr'><strong>&#39;tamen</strong></span> <span class='ocrx_word' id='word_1_348' title='bbox 1815 3038 1899 3097; x_wconf 90' lang='lat' dir='ltr'><strong>ut,</strong></span> <span class='ocrx_word' id='word_1_349' title='bbox 1931 3034 2030 3088; x_wconf 92' lang='lat' dir='ltr'><strong>Dei</strong></span> 
     </span>
    </p>
   </div>
   <div class='ocr_carea' id='block_1_47' title="bbox 2142 1877 3799 1950">
    <p class='ocr_par' dir='ltr' id='par_1_47' title="bbox 2142 1877 3799 1950">
     <span class='ocr_line' id='line_1_47' title="bbox 2142 1877 3799 1950; baseline 0.001 -17"><span class='ocrx_word' id='word_1_350' title='bbox 2142 1884 2311 1950; x_wconf 91' lang='lat' dir='ltr'><strong>cepta</strong></span> <span class='ocrx_word' id='word_1_351' title='bbox 2340 1882 2689 1950; x_wconf 88' lang='lat' dir='ltr'><strong>perseverat,</strong></span> <span class='ocrx_word' id='word_1_352' title='bbox 2742 1884 2799 1934; x_wconf 92' lang='lat' dir='ltr'><strong>et</strong></span> <span class='ocrx_word' id='word_1_353' title='bbox 2858 1894 3007 1950; x_wconf 90' lang='lat' dir='ltr'><strong>quos</strong></span> <span class='ocrx_word' id='word_1_354' title='bbox 3060 1877 3329 1950; x_wconf 88' lang='lat' dir='ltr'><strong>superius</strong></span> <span class='ocrx_word' id='word_1_355' title='bbox 3364 1879 3799 1945; x_wconf 88' lang='lat' dir='ltr'><strong>obsecraverat,</strong></span> 
     </span>
    </p>
   </div>
   <div class='ocr_carea' id='block_1_48' title="bbox 2143 1967 3804 2039">
    <p class='ocr_par' dir='ltr' id='par_1_48' title="bbox 2143 1967 3804 2039">
     <span class='ocr_line' id='line_1_48' title="bbox 2143 1967 3804 2039; baseline 0.001 -17"><span class='ocrx_word' id='word_1_356' title='bbox 2143 1984 2298 2023; x_wconf 92' lang='lat' dir='ltr'><strong>nunc</strong></span> <span class='ocrx_word' id='word_1_357' title='bbox 2321 1968 2689 2023; x_wconf 89' lang='lat' dir='ltr'><strong>invocatione</strong></span> <span class='ocrx_word' id='word_1_358' title='bbox 2703 1967 2955 2023; x_wconf 85' lang='lat' dir='ltr'><strong>nominis</strong></span> <span class='ocrx_word' id='word_1_359' title='bbox 2970 1968 3190 2023; x_wconf 90' lang='lat' dir='ltr'><strong>domini</strong></span> <span class='ocrx_word' id='word_1_360' title='bbox 3206 1968 3578 2039; x_wconf 87' lang='lat' dir='ltr'><strong>constringit.</strong></span> <span class='ocrx_word' id='word_1_361' title='bbox 3608 1969 3679 2023; x_wconf 88' lang='lat' dir='ltr'><strong>Et</strong></span> <span class='ocrx_word' id='word_1_362' title='bbox 3702 1973 3804 2024; x_wconf 89' lang='lat' dir='ltr'><strong>est</strong></span> 
     </span>
    </p>
   </div>
   <div class='ocr_carea' id='block_1_49' title="bbox 2143 2057 3802 2129">
    <p class='ocr_par' dir='ltr' id='par_1_49' title="bbox 2143 2057 3802 2129">
     <span class='ocr_line' id='line_1_49' title="bbox 2143 2057 3802 2129; baseline 0 -18"><span class='ocrx_word' id='word_1_363' title='bbox 2143 2073 2392 2112; x_wconf 86' lang='lat' dir='ltr'><strong>sensus:</strong></span> <span class='ocrx_word' id='word_1_364' title='bbox 2427 2057 2561 2111; x_wconf 89' lang='lat' dir='ltr'><strong>Dico</strong></span> <span class='ocrx_word' id='word_1_365' title='bbox 2615 2058 2800 2123; x_wconf 92' lang='lat' dir='ltr'><strong>vobis,</strong></span> <span class='ocrx_word' id='word_1_366' title='bbox 2833 2074 2864 2113; x_wconf 93' lang='grc' dir='ltr'>ο</span> <span class='ocrx_word' id='word_1_367' title='bbox 2896 2057 3151 2129; x_wconf 86' lang='lat' dir='ltr'><strong>Ephesii,</strong></span> <span class='ocrx_word' id='word_1_368' title='bbox 3187 2061 3244 2111; x_wconf 87' lang='lat' dir='ltr'><strong>et</strong></span> <span class='ocrx_word' id='word_1_369' title='bbox 3281 2058 3503 2128; x_wconf 87' lang='lat' dir='ltr'><strong>adjuro,</strong></span> <span class='ocrx_word' id='word_1_370' title='bbox 3534 2060 3619 2127; x_wconf 90' lang='lat' dir='ltr'><strong>ut,</strong></span> <span class='ocrx_word' id='word_1_371' title='bbox 3648 2057 3802 2128; x_wconf 85' lang='lat' dir='ltr'><strong>quis.</strong></span> 
     </span>
    </p>
   </div>
   <div class='ocr_carea' id='block_1_50' title="bbox 2143 2145 3799 2217">
    <p class='ocr_par' dir='ltr' id='par_1_50' title="bbox 2143 2145 3799 2217">
     <span class='ocr_line' id='line_1_50' title="bbox 2143 2145 3799 2217; baseline -0.001 -16"><span class='ocrx_word' id='word_1_372' title='bbox 2143 2162 2386 2201; x_wconf 90' lang='lat' dir='ltr'><strong>occursu</strong></span> <span class='ocrx_word' id='word_1_373' title='bbox 2397 2145 2441 2200; x_wconf 93' lang='lat' dir='ltr'><strong>ri</strong></span> <span class='ocrx_word' id='word_1_374' title='bbox 2455 2146 2593 2201; x_wconf 81' lang='lat' dir='ltr'><strong>estis</strong></span> <span class='ocrx_word' id='word_1_375' title='bbox 2606 2145 2664 2199; x_wconf 94' lang='lat' dir='ltr'><strong>in</strong></span> <span class='ocrx_word' id='word_1_376' title='bbox 2683 2162 3020 2201; x_wconf 89' lang='lat' dir='ltr'><strong>mensuram</strong></span> <span class='ocrx_word' id='word_1_377' title='bbox 3034 2146 3222 2201; x_wconf 68' lang='lat' dir='ltr'><strong>aetatis</strong></span> <span class='ocrx_word' id='word_1_378' title='bbox 3237 2145 3619 2217; x_wconf 89' lang='lat' dir='ltr'><strong>plenitudinis</strong></span> <span class='ocrx_word' id='word_1_379' title='bbox 3630 2145 3799 2200; x_wconf 88' lang='lat' dir='ltr'><strong>Chri-</strong></span> 
     </span>
    </p>
   </div>
   <div class='ocr_carea' id='block_1_51' title="bbox 2143 2234 3799 2307">
    <p class='ocr_par' dir='ltr' id='par_1_51' title="bbox 2143 2234 3799 2307">
     <span class='ocr_line' id='line_1_51' title="bbox 2143 2234 3799 2307; baseline 0 -19"><span class='ocrx_word' id='word_1_380' title='bbox 2143 2234 2240 2297; x_wconf 89' lang='lat' dir='ltr'><strong>sti,</strong></span> <span class='ocrx_word' id='word_1_381' title='bbox 2271 2250 2381 2289; x_wconf 87' lang='lat' dir='ltr'><strong>non</strong></span> <span class='ocrx_word' id='word_1_382' title='bbox 2409 2235 2723 2301; x_wconf 85' lang='lat' dir='ltr'><strong>ambuletis,</strong></span> <span class='ocrx_word' id='word_1_383' title='bbox 2757 2239 2898 2290; x_wconf 77' lang='lat' dir='ltr'><strong>sicut</strong></span> <span class='ocrx_word' id='word_1_384' title='bbox 2927 2234 3217 2307; x_wconf 79' lang='lat' dir='ltr'><strong>ambulant</strong></span> <span class='ocrx_word' id='word_1_385' title='bbox 3246 2242 3448 2304; x_wconf 81' lang='lat' dir='ltr'><strong>gentes,</strong></span> <span class='ocrx_word' id='word_1_386' title='bbox 3499 2234 3558 2288; x_wconf 92' lang='lat' dir='ltr'><strong>id</strong></span> <span class='ocrx_word' id='word_1_387' title='bbox 3590 2238 3700 2304; x_wconf 86' lang='lat' dir='ltr'><strong>est,</strong></span> <span class='ocrx_word' id='word_1_388' title='bbox 3735 2234 3799 2288; x_wconf 85' lang='lat' dir='ltr'><strong>in</strong></span> 
     </span>
    </p>
   </div>
   <div class='ocr_carea' id='block_1_52' title="bbox 2142 2320 3797 2395">
    <p class='ocr_par' dir='ltr' id='par_1_52' title="bbox 2142 2320 3797 2395">
     <span class='ocr_line' id='line_1_52' title="bbox 2142 2320 3797 2395; baseline -0.001 -18"><span class='ocrx_word' id='word_1_389' title='bbox 2142 2324 2384 2377; x_wconf 82' lang='lat' dir='ltr'><strong>vanitate</strong></span> <span class='ocrx_word' id='word_1_390' title='bbox 2411 2339 2597 2377; x_wconf 77' lang='lat' dir='ltr'><strong>sensus</strong></span> <span class='ocrx_word' id='word_1_391' title='bbox 2622 2325 2713 2377; x_wconf 86' lang='lat' dir='ltr'><strong>sui</strong></span> <span class='ocrx_word' id='word_1_392' title='bbox 2741 2339 2762 2384; x_wconf 87' lang='lat'><strong><em>;</em></strong></span> <span class='ocrx_word' id='word_1_393' title='bbox 2793 2322 2930 2394; x_wconf 88' lang='lat' dir='ltr'><strong>quia</strong></span> <span class='ocrx_word' id='word_1_394' title='bbox 2960 2339 3072 2377; x_wconf 92' lang='lat' dir='ltr'><strong>non</strong></span> <span class='ocrx_word' id='word_1_395' title='bbox 3107 2326 3246 2377; x_wconf 88' lang='lat' dir='ltr'><strong>sunt</strong></span> <span class='ocrx_word' id='word_1_396' title='bbox 3266 2323 3337 2377; x_wconf 92' lang='lat' dir='ltr'><strong>de</strong></span> <span class='ocrx_word' id='word_1_397' title='bbox 3362 2320 3576 2395; x_wconf 90' lang='lat' dir='ltr'><strong>populo</strong></span> <span class='ocrx_word' id='word_1_398' title='bbox 3608 2322 3797 2393; x_wconf 87' lang='lat' dir='ltr'><strong>gravi,</strong></span> 
     </span>
    </p>
   </div>
   <div class='ocr_carea' id='block_1_53' title="bbox 2142 2410 3795 2482">
    <p class='ocr_par' dir='ltr' id='par_1_53' title="bbox 2142 2410 3795 2482">
     <span class='ocr_line' id='line_1_53' title="bbox 2142 2410 3795 2482; baseline 0.001 -17"><span class='ocrx_word' id='word_1_399' title='bbox 2142 2412 2201 2465; x_wconf 91' lang='lat' dir='ltr'><strong>in</strong></span> <span class='ocrx_word' id='word_1_400' title='bbox 2234 2428 2349 2482; x_wconf 94' lang='lat' dir='ltr'><strong>quo</strong></span> <span class='ocrx_word' id='word_1_401' title='bbox 2381 2412 2536 2466; x_wconf 91' lang='lat' dir='ltr'><strong>Deus</strong></span> <span class='ocrx_word' id='word_1_402' title='bbox 2567 2411 2843 2466; x_wconf 86' lang='lat' dir='ltr'><strong>laudatur</strong></span> <span class='ocrx_word' id='word_1_403' title='bbox 2871 2428 2883 2466; x_wconf 92' lang='lat'><strong>:</strong></span> <span class='ocrx_word' id='word_1_404' title='bbox 2917 2417 2973 2467; x_wconf 89' lang='lat' dir='ltr'><strong>et</strong></span> <span class='ocrx_word' id='word_1_405' title='bbox 3002 2412 3076 2465; x_wconf 91' lang='lat' dir='ltr'><strong>ob</strong></span> <span class='ocrx_word' id='word_1_406' title='bbox 3105 2411 3215 2466; x_wconf 89' lang='lat' dir='ltr'><strong>hoc</strong></span> <span class='ocrx_word' id='word_1_407' title='bbox 3245 2410 3545 2466; x_wconf 89' lang='lat' dir='ltr'><strong>obscurati</strong></span> <span class='ocrx_word' id='word_1_408' title='bbox 3577 2415 3795 2475; x_wconf 89' lang='lat' dir='ltr'><strong>mente,</strong></span> 
     </span>
    </p>
   </div>
   <div class='ocr_carea' id='block_1_54' title="bbox 2141 2499 3798 2572">
    <p class='ocr_par' dir='ltr' id='par_1_54' title="bbox 2141 2499 3798 2572">
     <span class='ocr_line' id='line_1_54' title="bbox 2141 2499 3798 2572; baseline 0 -18"><span class='ocrx_word' id='word_1_409' title='bbox 2141 2500 2201 2555; x_wconf 91' lang='lat' dir='ltr'><strong>id</strong></span> <span class='ocrx_word' id='word_1_410' title='bbox 2233 2503 2322 2555; x_wconf 85' lang='lat' dir='ltr'><strong>est</strong></span> <span class='ocrx_word' id='word_1_411' title='bbox 2351 2500 2508 2565; x_wconf 65' lang='lat' dir='ltr'><strong>cmci,</strong></span> <span class='ocrx_word' id='word_1_412' title='bbox 2541 2501 2675 2554; x_wconf 89' lang='lat' dir='ltr'><strong>facti</strong></span> <span class='ocrx_word' id='word_1_413' title='bbox 2700 2505 2841 2555; x_wconf 90' lang='lat' dir='ltr'><strong>sunt</strong></span> <span class='ocrx_word' id='word_1_414' title='bbox 2871 2499 3040 2572; x_wconf 83' lang='lat' dir='ltr'><strong>;quia</strong></span> <span class='ocrx_word' id='word_1_415' title='bbox 3060 2516 3161 2572; x_wconf 92' lang='lat' dir='ltr'><strong>per</strong></span> <span class='ocrx_word' id='word_1_416' title='bbox 3176 2505 3505 2555; x_wconf 87' lang='lat' dir='ltr'><strong>creaturam</strong></span> <span class='ocrx_word' id='word_1_417' title='bbox 3528 2504 3798 2571; x_wconf 85' lang='lat' dir='ltr'><strong>poterant</strong></span> 
     </span>
    </p>
   </div>
   <div class='ocr_carea' id='block_1_55' title="bbox 2142 2587 3799 2661">
    <p class='ocr_par' dir='ltr' id='par_1_55' title="bbox 2142 2587 3799 2661">
     <span class='ocr_line' id='line_1_55' title="bbox 2142 2587 3799 2661; baseline 0.001 -18"><span class='ocrx_word' id='word_1_418' title='bbox 2142 2605 2457 2661; x_wconf 88' lang='lat' dir='ltr'><strong>agnoscere</strong></span> <span class='ocrx_word' id='word_1_419' title='bbox 2485 2593 2838 2657; x_wconf 88' lang='lat' dir='ltr'><strong>Creatorem,</strong></span> <span class='ocrx_word' id='word_1_420' title='bbox 2872 2588 3082 2660; x_wconf 89' lang='lat' dir='ltr'><strong>etquia</strong></span> <span class='ocrx_word' id='word_1_421' title='bbox 3112 2587 3597 2657; x_wconf 85' lang='lat' dir='ltr'><strong>nolunt,alienati</strong></span> <span class='ocrx_word' id='word_1_422' title='bbox 3618 2606 3659 2644; x_wconf 88' lang='lat' dir='ltr'><strong>a</strong></span> <span class='ocrx_word' id='word_1_423' title='bbox 3682 2589 3799 2645; x_wconf 79' lang='lat' dir='ltr'><strong>vita</strong></span> 
     </span>
    </p>
   </div>
   <div class='ocr_carea' id='block_1_56' title="bbox 2139 2676 3797 2749">
    <p class='ocr_par' dir='ltr' id='par_1_56' title="bbox 2139 2676 3797 2749">
     <span class='ocr_line' id='line_1_56' title="bbox 2139 2676 3797 2749; baseline 0.001 -16"><span class='ocrx_word' id='word_1_424' title='bbox 2139 2679 2270 2739; x_wconf 86' lang='lat' dir='ltr'><strong>Dei;</strong></span> <span class='ocrx_word' id='word_1_425' title='bbox 2290 2695 2403 2733; x_wconf 92' lang='lat' dir='ltr'><strong>non</strong></span> <span class='ocrx_word' id='word_1_426' title='bbox 2433 2677 2689 2733; x_wconf 88' lang='lat' dir='ltr'><strong>estenim</strong></span> <span class='ocrx_word' id='word_1_427' title='bbox 2717 2677 2983 2745; x_wconf 88' lang='lat' dir='ltr'><strong>vita,nisi</strong></span> <span class='ocrx_word' id='word_1_428' title='bbox 3003 2678 3061 2732; x_wconf 91' lang='lat' dir='ltr'><strong>in</strong></span> <span class='ocrx_word' id='word_1_429' title='bbox 3094 2676 3231 2745; x_wconf 90' lang='lat' dir='ltr'><strong>Deo,</strong></span> <span class='ocrx_word' id='word_1_430' title='bbox 3264 2694 3298 2732; x_wconf 93' lang='lat' dir='ltr'><strong>a</strong></span> <span class='ocrx_word' id='word_1_431' title='bbox 3318 2693 3434 2749; x_wconf 91' lang='lat' dir='ltr'><strong>quo</strong></span> <span class='ocrx_word' id='word_1_432' title='bbox 3458 2678 3797 2734; x_wconf 86' lang='lat' dir='ltr'><strong>recedentes</strong></span> 
     </span>
    </p>
   </div>
   <div class='ocr_carea' id='block_1_57' title="bbox 2141 2766 3800 2839">
    <p class='ocr_par' dir='ltr' id='par_1_57' title="bbox 2141 2766 3800 2839">
     <span class='ocr_line' id='line_1_57' title="bbox 2141 2766 3800 2839; baseline 0.001 -18"><span class='ocrx_word' id='word_1_433' title='bbox 2141 2767 2213 2821; x_wconf 91' lang='lat' dir='ltr'><strong>ad</strong></span> <span class='ocrx_word' id='word_1_434' title='bbox 2249 2783 2359 2822; x_wconf 92' lang='lat' dir='ltr'><strong>non</strong></span> <span class='ocrx_word' id='word_1_435' title='bbox 2393 2783 2521 2822; x_wconf 90' lang='lat' dir='ltr'><strong>esse</strong></span> <span class='ocrx_word' id='word_1_436' title='bbox 2544 2766 2811 2838; x_wconf 87' lang='lat' dir='ltr'><strong>tendunt,</strong></span> <span class='ocrx_word' id='word_1_437' title='bbox 2836 2776 3055 2838; x_wconf 84' lang='lat' dir='ltr'><strong>propter</strong></span> <span class='ocrx_word' id='word_1_438' title='bbox 3072 2768 3624 2839; x_wconf 61' lang='lat' dir='ltr'><strong>ignorantiam,qua°</strong></span> <span class='ocrx_word' id='word_1_439' title='bbox 3636 2770 3716 2823; x_wconf 83' lang='lat' dir='ltr'><strong>est</strong></span> <span class='ocrx_word' id='word_1_440' title='bbox 3737 2770 3800 2823; x_wconf 84' lang='lat' dir='ltr'><strong>in</strong></span> 
     </span>
    </p>
   </div>
   <div class='ocr_carea' id='block_1_58' title="bbox 2139 2855 3800 2928">
    <p class='ocr_par' dir='ltr' id='par_1_58' title="bbox 2139 2855 3800 2928">
     <span class='ocr_line' id='line_1_58' title="bbox 2139 2855 3800 2928; baseline 0.001 -18"><span class='ocrx_word' id='word_1_441' title='bbox 2139 2856 2275 2911; x_wconf 82' lang='lat' dir='ltr'><strong>illis.</strong></span> <span class='ocrx_word' id='word_1_442' title='bbox 2329 2855 2475 2910; x_wconf 91' lang='lat' dir='ltr'><strong>Nota</strong></span> <span class='ocrx_word' id='word_1_443' title='bbox 2533 2855 2688 2927; x_wconf 88' lang='lat' dir='ltr'><strong>quod</strong></span> <span class='ocrx_word' id='word_1_444' title='bbox 2739 2857 2971 2911; x_wconf 67' lang='lat' dir='ltr'><strong>caecitas</strong></span> <span class='ocrx_word' id='word_1_445' title='bbox 3010 2856 3228 2911; x_wconf 89' lang='lat' dir='ltr'><strong>mentis</strong></span> <span class='ocrx_word' id='word_1_446' title='bbox 3259 2860 3664 2928; x_wconf 89' lang='lat' dir='ltr'><strong>contemptum</strong></span> <span class='ocrx_word' id='word_1_447' title='bbox 3698 2858 3800 2912; x_wconf 86' lang='lat' dir='ltr'><strong>Dei</strong></span> 
     </span>
    </p>
   </div>
   <div class='ocr_carea' id='block_1_59' title="bbox 2140 2944 3800 3018">
    <p class='ocr_par' dir='ltr' id='par_1_59' title="bbox 2140 2944 3800 3018">
     <span class='ocr_line' id='line_1_59' title="bbox 2140 2944 3800 3018; baseline 0.002 -20"><span class='ocrx_word' id='word_1_448' title='bbox 2140 2949 2397 3016; x_wconf 85' lang='lat' dir='ltr'><strong>generat.</strong></span> <span class='ocrx_word' id='word_1_449' title='bbox 2428 2944 2574 2999; x_wconf 90' lang='lat' dir='ltr'><strong>Nota</strong></span> <span class='ocrx_word' id='word_1_450' title='bbox 2604 2945 2756 3015; x_wconf 90' lang='lat' dir='ltr'><strong>quod</strong></span> <span class='ocrx_word' id='word_1_451' title='bbox 2794 2944 3073 3000; x_wconf 91' lang='lat' dir='ltr'><strong>indoctus</strong></span> <span class='ocrx_word' id='word_1_452' title='bbox 3105 2949 3162 3000; x_wconf 90' lang='lat' dir='ltr'><strong>et</strong></span> <span class='ocrx_word' id='word_1_453' title='bbox 3191 2961 3379 3000; x_wconf 68' lang='lat' dir='ltr'><strong>caecus</strong></span> <span class='ocrx_word' id='word_1_454' title='bbox 3410 2962 3526 3000; x_wconf 92' lang='lat' dir='ltr'><strong>non</strong></span> <span class='ocrx_word' id='word_1_455' title='bbox 3560 2945 3800 3018; x_wconf 87' lang='lat' dir='ltr'><strong>dicitur,</strong></span> 
     </span>
    </p>
   </div>
   <div class='ocr_carea' id='block_1_60' title="bbox 2142 3032 3799 3104">
    <p class='ocr_par' dir='ltr' id='par_1_60' title="bbox 2142 3032 3799 3104">
     <span class='ocr_line' id='line_1_60' title="bbox 2142 3032 3799 3104; baseline 0.002 -17"><span class='ocrx_word' id='word_1_456' title='bbox 2142 3033 2255 3088; x_wconf 92' lang='lat' dir='ltr'><strong>nisi</strong></span> <span class='ocrx_word' id='word_1_457' title='bbox 2286 3034 2385 3104; x_wconf 92' lang='lat' dir='ltr'><strong>qui</strong></span> <span class='ocrx_word' id='word_1_458' title='bbox 2420 3034 2567 3088; x_wconf 91' lang='lat' dir='ltr'><strong>scire</strong></span> <span class='ocrx_word' id='word_1_459' title='bbox 2599 3040 2655 3087; x_wconf 90' lang='lat' dir='ltr'><strong>et</strong></span> <span class='ocrx_word' id='word_1_460' title='bbox 2678 3032 2874 3089; x_wconf 90' lang='lat' dir='ltr'><strong>videre</strong></span> <span class='ocrx_word' id='word_1_461' title='bbox 2906 3038 3121 3104; x_wconf 90' lang='lat' dir='ltr'><strong>potest.</strong></span> <span class='ocrx_word' id='word_1_462' title='bbox 3156 3032 3319 3089; x_wconf 89' lang='lat' dir='ltr'><strong>Unde</strong></span> <span class='ocrx_word' id='word_1_463' title='bbox 3352 3050 3460 3089; x_wconf 87' lang='lat' dir='ltr'><strong>nec</strong></span> <span class='ocrx_word' id='word_1_464' title='bbox 3495 3033 3799 3091; x_wconf 89' lang='lat' dir='ltr'><strong>indoctum</strong></span> 
     </span>
    </p>
   </div>
   <div class='ocr_carea' id='block_1_61' title="bbox 388 3118 3802 3193">
    <p class='ocr_par' dir='ltr' id='par_1_61' title="bbox 388 3118 3802 3193">
     <span class='ocr_line' id='line_1_61' title="bbox 388 3118 3802 3193; baseline 0.001 -17"><span class='ocrx_word' id='word_1_465' title='bbox 388 3119 623 3190; x_wconf 86' lang='lat' dir='ltr'><strong>auxilio,</strong></span> <span class='ocrx_word' id='word_1_466' title='bbox 660 3119 730 3174; x_wconf 91' lang='lat' dir='ltr'><strong>de</strong></span> <span class='ocrx_word' id='word_1_467' title='bbox 761 3123 954 3173; x_wconf 89' lang='lat' dir='ltr'><strong>mente</strong></span> <span class='ocrx_word' id='word_1_468' title='bbox 983 3120 1112 3189; x_wconf 88' lang='lat' dir='ltr'><strong>ejus</strong></span> <span class='ocrx_word' id='word_1_469' title='bbox 1145 3118 1380 3189; x_wconf 88' lang='lat' dir='ltr'><strong>repulsa</strong></span> <span class='ocrx_word' id='word_1_470' title='bbox 1406 3119 1766 3177; x_wconf 89' lang='lat' dir='ltr'><strong>dubitatione</strong></span> <span class='ocrx_word' id='word_1_471' title='bbox 1790 3122 2034 3176; x_wconf 82' lang='lat' dir='ltr'><strong>firmiter</strong></span> <span class='ocrx_word' id='word_1_472' title='bbox 2081 3192 2087 3193; x_wconf 14' lang='grc' dir='ltr'>ί</span> <span class='ocrx_word' id='word_1_473' title='bbox 2140 3120 2356 3176; x_wconf 88' lang='lat' dir='ltr'><strong>animal</strong></span> <span class='ocrx_word' id='word_1_474' title='bbox 2390 3122 2650 3182; x_wconf 89' lang='lat' dir='ltr'><strong>brutum.</strong></span> <span class='ocrx_word' id='word_1_475' title='bbox 2684 3138 2788 3176; x_wconf 91' lang='lat' dir='ltr'><strong>nec</strong></span> <span class='ocrx_word' id='word_1_476' title='bbox 2819 3138 3036 3177; x_wconf 66' lang='lat' dir='ltr'><strong>caecum</strong></span> <span class='ocrx_word' id='word_1_477' title='bbox 3071 3120 3325 3193; x_wconf 84' lang='lat' dir='ltr'><strong>lapidem</strong></span> <span class='ocrx_word' id='word_1_478' title='bbox 3358 3122 3802 3180; x_wconf 84' lang='lat' dir='ltr'><strong>dicimus.Gen-</strong></span> 
     </span>
    </p>
   </div>
   <div class='ocr_carea' id='block_1_62' title="bbox 388 3192 3802 3283">
    <p class='ocr_par' dir='ltr' id='par_1_62' title="bbox 388 3192 3802 3283">
     <span class='ocr_line' id='line_1_62' title="bbox 388 3192 3802 3283; baseline 0.001 -18"><span class='ocrx_word' id='word_1_479' title='bbox 388 3210 647 3266; x_wconf 88' lang='lat' dir='ltr'><strong>crederet</strong></span> <span class='ocrx_word' id='word_1_480' title='bbox 675 3208 923 3276; x_wconf 88' lang='lat' dir='ltr'><strong>veritati,</strong></span> <span class='ocrx_word' id='word_1_481' title='bbox 957 3213 1013 3261; x_wconf 88' lang='lat' dir='ltr'><strong>et</strong></span> <span class='ocrx_word' id='word_1_482' title='bbox 1042 3213 1281 3278; x_wconf 87' lang='lat' dir='ltr'><strong>augeret</strong></span> <span class='ocrx_word' id='word_1_483' title='bbox 1300 3224 1429 3263; x_wconf 90' lang='lat' dir='ltr'><strong>eam</strong></span> <span class='ocrx_word' id='word_1_484' title='bbox 1460 3209 1517 3262; x_wconf 93' lang='lat' dir='ltr'><strong>in</strong></span> <span class='ocrx_word' id='word_1_485' title='bbox 1548 3210 1856 3265; x_wconf 90' lang='lat' dir='ltr'><strong>dilectione</strong></span> <span class='ocrx_word' id='word_1_486' title='bbox 1875 3211 2033 3266; x_wconf 89' lang='lat' dir='ltr'><strong>Chri-</strong></span> <span class='ocrx_word' id='word_1_487' title='bbox 2064 3192 2106 3258; x_wconf 62' lang='grc' dir='ltr'><strong>(ἶ</strong></span> <span class='ocrx_word' id='word_1_488' title='bbox 2149 3210 2300 3264; x_wconf 90' lang='lat' dir='ltr'><strong>tium</strong></span> <span class='ocrx_word' id='word_1_489' title='bbox 2332 3226 2469 3265; x_wconf 91' lang='lat' dir='ltr'><strong>vero</strong></span> <span class='ocrx_word' id='word_1_490' title='bbox 2489 3213 2701 3265; x_wconf 90' lang='lat' dir='ltr'><strong>natura</strong></span> <span class='ocrx_word' id='word_1_491' title='bbox 2732 3209 2841 3265; x_wconf 86' lang='lat' dir='ltr'><strong>fuit</strong></span> <span class='ocrx_word' id='word_1_492' title='bbox 2879 3216 3058 3266; x_wconf 92' lang='lat' dir='ltr'><strong>Deum</strong></span> <span class='ocrx_word' id='word_1_493' title='bbox 3091 3192 3439 3282; x_wconf 88' lang='lat' dir='ltr'><strong>cognoscere</strong></span> <span class='ocrx_word' id='word_1_494' title='bbox 3471 3228 3665 3283; x_wconf 88' lang='lat' dir='ltr'><strong>posse.</strong></span> <span class='ocrx_word' id='word_1_495' title='bbox 3688 3214 3802 3268; x_wconf 83' lang='lat' dir='ltr'><strong>Sed</strong></span> 
     </span>
    </p>
   </div>
   <div class='ocr_carea' id='block_1_63' title="bbox 388 3296 2034 3371">
    <p class='ocr_par' dir='ltr' id='par_1_63' title="bbox 388 3296 2034 3371">
     <span class='ocr_line' id='line_1_63' title="bbox 388 3296 2034 3371; baseline 0.001 -18"><span class='ocrx_word' id='word_1_496' title='bbox 388 3298 484 3365; x_wconf 89' lang='lat' dir='ltr'><strong>sti,</strong></span> <span class='ocrx_word' id='word_1_497' title='bbox 519 3313 691 3369; x_wconf 90' lang='lat' dir='ltr'><strong>quem</strong></span> <span class='ocrx_word' id='word_1_498' title='bbox 725 3297 942 3351; x_wconf 88' lang='lat' dir='ltr'><strong>sciebat</strong></span> <span class='ocrx_word' id='word_1_499' title='bbox 999 3301 1056 3350; x_wconf 90' lang='lat' dir='ltr'><strong>et</strong></span> <span class='ocrx_word' id='word_1_500' title='bbox 1085 3296 1175 3349; x_wconf 90' lang='lat' dir='ltr'><strong>sui</strong></span> <span class='ocrx_word' id='word_1_501' title='bbox 1209 3300 1265 3350; x_wconf 89' lang='lat' dir='ltr'><strong>et</strong></span> <span class='ocrx_word' id='word_1_502' title='bbox 1296 3296 1475 3351; x_wconf 88' lang='lat' dir='ltr'><strong>totius</strong></span> <span class='ocrx_word' id='word_1_503' title='bbox 1524 3298 1791 3353; x_wconf 63' lang='lat' dir='ltr'><strong>Ecclesia;</strong></span> <span class='ocrx_word' id='word_1_504' title='bbox 1839 3306 2034 3371; x_wconf 89' lang='lat' dir='ltr'><strong>caput.</strong></span> 
     </span>
    </p>
   </div>
   <div class='ocr_carea' id='block_1_64' title="bbox 385 3383 2040 3456">
    <p class='ocr_par' dir='ltr' id='par_1_64' title="bbox 385 3383 2040 3456">
     <span class='ocr_line' id='line_1_64' title="bbox 385 3383 2040 3456; baseline 0 -13"><span class='ocrx_word' id='word_1_505' title='bbox 385 3387 700 3443; x_wconf 89' lang='lat' dir='ltr'><strong>Sciendum</strong></span> <span class='ocrx_word' id='word_1_506' title='bbox 733 3390 822 3440; x_wconf 90' lang='lat' dir='ltr'><strong>est</strong></span> <span class='ocrx_word' id='word_1_507' title='bbox 853 3385 1007 3456; x_wconf 91' lang='lat' dir='ltr'><strong>quod</strong></span> <span class='ocrx_word' id='word_1_508' title='bbox 1044 3383 1137 3438; x_wconf 91' lang='lat' dir='ltr'><strong>hic</strong></span> <span class='ocrx_word' id='word_1_509' title='bbox 1166 3384 1329 3440; x_wconf 91' lang='lat' dir='ltr'><strong>locus</strong></span> <span class='ocrx_word' id='word_1_510' title='bbox 1360 3384 1418 3439; x_wconf 89' lang='lat' dir='ltr'><strong>in</strong></span> <span class='ocrx_word' id='word_1_511' title='bbox 1453 3386 1648 3442; x_wconf 79' lang='lat' dir='ltr'><strong>Graeco</strong></span> <span class='ocrx_word' id='word_1_512' title='bbox 1673 3387 2040 3444; x_wconf 84' lang='lat' dir='ltr'><strong>manifestior</strong></span> 
     </span>
    </p>
   </div>
   <div class='ocr_carea' id='block_1_65' title="bbox 387 3473 2037 3547">
    <p class='ocr_par' dir='ltr' id='par_1_65' title="bbox 387 3473 2037 3547">
     <span class='ocr_line' id='line_1_65' title="bbox 387 3473 2037 3547; baseline 0.001 -16"><span class='ocrx_word' id='word_1_513' title='bbox 387 3476 493 3543; x_wconf 79' lang='lat' dir='ltr'><strong>fit;</strong></span> <span class='ocrx_word' id='word_1_514' title='bbox 527 3476 667 3547; x_wconf 90' lang='lat' dir='ltr'><strong>quia</strong></span> <span class='ocrx_word' id='word_1_515' title='bbox 696 3475 837 3529; x_wconf 89' lang='lat' dir='ltr'><strong>dum</strong></span> <span class='ocrx_word' id='word_1_516' title='bbox 870 3473 1111 3529; x_wconf 89' lang='lat' dir='ltr'><strong>verbum</strong></span> <span class='ocrx_word' id='word_1_517' title='bbox 1143 3490 1174 3528; x_wconf 81' lang='grc' dir='ltr'>θ</span> <span class='ocrx_word' id='word_1_518' title='bbox 1202 3474 1376 3529; x_wconf 88' lang='lat' dir='ltr'><strong>verbo</strong></span> <span class='ocrx_word' id='word_1_519' title='bbox 1424 3476 1793 3547; x_wconf 83' lang='lat' dir='ltr'><strong>transfertur,</strong></span> <span class='ocrx_word' id='word_1_520' title='bbox 1827 3493 2037 3533; x_wconf 90' lang='lat' dir='ltr'><strong>sensus</strong></span> 
     </span>
    </p>
   </div>
   <div class='ocr_carea' id='block_1_66' title="bbox 388 3564 971 3634">
    <p class='ocr_par' dir='ltr' id='par_1_66' title="bbox 388 3564 971 3634">
     <span class='ocr_line' id='line_1_66' title="bbox 388 3564 971 3634; baseline -0.01 -12"><span class='ocrx_word' id='word_1_521' title='bbox 388 3566 735 3622; x_wconf 87' lang='lat' dir='ltr'><strong>obscuratur</strong></span> <span class='ocrx_word' id='word_1_522' title='bbox 764 3564 971 3634; x_wconf 90' lang='grc'>(1080).</span> 
     </span>
    </p>
   </div>
   <div class='ocr_carea' id='block_1_67' title="bbox 394 3668 2040 3744">
    <p class='ocr_par' dir='ltr' id='par_1_67' title="bbox 394 3668 2040 3744">
     <span class='ocr_line' id='line_1_67' title="bbox 394 3668 2040 3744; baseline 0.002 -20"><span class='ocrx_word' id='word_1_523' title='bbox 394 3670 629 3744; x_wconf 81' lang='lat' dir='ltr'><strong>Filium,</strong></span> <span class='ocrx_word' id='word_1_524' title='bbox 663 3670 806 3723; x_wconf 91' lang='lat' dir='ltr'><strong>dum</strong></span> <span class='ocrx_word' id='word_1_525' title='bbox 827 3668 1093 3723; x_wconf 90' lang='lat' dir='ltr'><strong>eamdem</strong></span> <span class='ocrx_word' id='word_1_526' title='bbox 1127 3668 1523 3739; x_wconf 88' lang='lat' dir='ltr'><strong>operationem</strong></span> <span class='ocrx_word' id='word_1_527' title='bbox 1556 3685 1685 3726; x_wconf 88' lang='lat' dir='ltr'><strong>esse</strong></span> <span class='ocrx_word' id='word_1_528' title='bbox 1728 3688 1843 3726; x_wconf 91' lang='lat' dir='ltr'><strong>non</strong></span> <span class='ocrx_word' id='word_1_529' title='bbox 1875 3678 2040 3744; x_wconf 87' lang='lat' dir='ltr'><strong>putat</strong></span> 
     </span>
    </p>
   </div>
   <div class='ocr_carea' id='block_1_68' title="bbox 392 3742 842 3797">
    <p class='ocr_par' dir='ltr' id='par_1_68' title="bbox 392 3742 842 3797">
     <span class='ocr_line' id='line_1_68' title="bbox 392 3742 842 3797; baseline -0.02 -1"><span class='ocrx_word' id='word_1_530' title='bbox 392 3742 777 3797; x_wconf 89' lang='lat' dir='ltr'><strong>diversorum.</strong></span> <span class='ocrx_word' id='word_1_531' title='bbox 814 3761 842 3787; x_wconf 84' lang='grc'><strong>››</strong></span> 
     </span>
    </p>
   </div>
   <div class='ocr_carea' id='block_1_69' title="bbox 467 3809 2039 3882">
    <p class='ocr_par' dir='ltr' id='par_1_69' title="bbox 467 3809 2039 3882">
     <span class='ocr_line' id='line_1_69' title="bbox 467 3809 2039 3882; baseline 0.003 -17"><span class='ocrx_word' id='word_1_532' title='bbox 467 3812 649 3882; x_wconf 87' lang='lat'>(1076)</span> <span class='ocrx_word' id='word_1_533' title='bbox 683 3810 904 3882; x_wconf 83' lang='lat' dir='ltr'><strong>Unuse</strong></span> <span class='ocrx_word' id='word_1_534' title='bbox 935 3809 1322 3881; x_wconf 88' lang='lat' dir='ltr'><strong>septuaginta,</strong></span> <span class='ocrx_word' id='word_1_535' title='bbox 1372 3812 1546 3882; x_wconf 85' lang='lat' dir='ltr'><strong>juxta</strong></span> <span class='ocrx_word' id='word_1_536' title='bbox 1604 3813 1854 3879; x_wconf 68' lang='lat' dir='ltr'><strong>Graecos,</strong></span> <span class='ocrx_word' id='word_1_537' title='bbox 1899 3814 2039 3870; x_wconf 89' lang='lat' dir='ltr'><strong>Jesu</strong></span> 
     </span>
    </p>
   </div>
   <div class='ocr_carea' id='block_1_70' title="bbox 394 3880 2039 3952">
    <p class='ocr_par' dir='ltr' id='par_1_70' title="bbox 394 3880 2039 3952">
     <span class='ocr_line' id='line_1_70' title="bbox 394 3880 2039 3952; baseline 0.001 -14"><span class='ocrx_word' id='word_1_538' title='bbox 394 3880 608 3939; x_wconf 85' lang='lat' dir='ltr'><strong>Christi</strong></span> <span class='ocrx_word' id='word_1_539' title='bbox 634 3880 938 3952; x_wconf 89' lang='lat' dir='ltr'><strong>dicipulis,</strong></span> <span class='ocrx_word' id='word_1_540' title='bbox 970 3880 1068 3952; x_wconf 85' lang='lat' dir='ltr'><strong>qui</strong></span> <span class='ocrx_word' id='word_1_541' title='bbox 1106 3880 1320 3936; x_wconf 82' lang='lat' dir='ltr'><strong>famem</strong></span> <span class='ocrx_word' id='word_1_542' title='bbox 1351 3880 1408 3936; x_wconf 88' lang='lat' dir='ltr'><strong>in</strong></span> <span class='ocrx_word' id='word_1_543' title='bbox 1444 3889 1562 3938; x_wconf 88' lang='lat' dir='ltr'><strong>tota</strong></span> <span class='ocrx_word' id='word_1_544' title='bbox 1593 3889 1750 3939; x_wconf 89' lang='lat' dir='ltr'><strong>terra</strong></span> <span class='ocrx_word' id='word_1_545' title='bbox 1783 3886 2039 3940; x_wconf 89' lang='lat' dir='ltr'><strong>futuram</strong></span> 
     </span>
    </p>
   </div>
   <div class='ocr_carea' id='block_1_71' title="bbox 393 3953 2040 4028">
    <p class='ocr_par' dir='ltr' id='par_1_71' title="bbox 393 3953 2040 4028">
     <span class='ocr_line' id='line_1_71' title="bbox 393 3953 2040 4028; baseline 0.001 -19"><span class='ocrx_word' id='word_1_546' title='bbox 393 3953 664 4028; x_wconf 66' lang='lat' dir='ltr'><strong>praedixit</strong></span> <span class='ocrx_word' id='word_1_547' title='bbox 708 3954 843 4028; x_wconf 68' lang='lat' dir='ltr'><strong>(Act.</strong></span> <span class='ocrx_word' id='word_1_548' title='bbox 903 3953 1122 4028; x_wconf 83' lang='lat' dir='ltr'><strong>x1,_23),</strong></span> <span class='ocrx_word' id='word_1_549' title='bbox 1165 3970 1363 4028; x_wconf 79' lang='lat' dir='ltr'><strong>g_uam_</strong></span> <span class='ocrx_word' id='word_1_550' title='bbox 1402 3953 1642 4028; x_wconf 79' lang='lat' dir='ltr'><strong>Claudio</strong></span> <span class='ocrx_word' id='word_1_551' title='bbox 1696 3956 2040 4028; x_wconf 84' lang='lat' dir='ltr'><strong>imperante,</strong></span> 
     </span>
    </p>
   </div>
   <div class='ocr_carea' id='block_1_72' title="bbox 397 4024 2041 4097">
    <p class='ocr_par' dir='ltr' id='par_1_72' title="bbox 397 4024 2041 4097">
     <span class='ocr_line' id='line_1_72' title="bbox 397 4024 2041 4097; baseline 0.002 -17"><span class='ocrx_word' id='word_1_552' title='bbox 397 4024 604 4096; x_wconf 79' lang='lat' dir='ltr'><strong>quarto</strong></span> <span class='ocrx_word' id='word_1_553' title='bbox 635 4025 823 4097; x_wconf 89' lang='lat' dir='ltr'><strong>ipsius</strong></span> <span class='ocrx_word' id='word_1_554' title='bbox 854 4024 1034 4097; x_wconf 82' lang='lat' dir='ltr'><strong>regni,</strong></span> <span class='ocrx_word' id='word_1_555' title='bbox 1068 4029 1126 4097; x_wconf 90' lang='lat' dir='ltr'><strong>et</strong></span> <span class='ocrx_word' id='word_1_556' title='bbox 1154 4025 1365 4079; x_wconf 87' lang='lat' dir='ltr'><strong>Christi</strong></span> <span class='ocrx_word' id='word_1_557' title='bbox 1397 4025 1463 4079; x_wconf 86' lang='grc'>44</span> <span class='ocrx_word' id='word_1_558' title='bbox 1495 4042 1646 4081; x_wconf 92' lang='lat' dir='ltr'><strong>anno</strong></span> <span class='ocrx_word' id='word_1_559' title='bbox 1668 4024 1931 4082; x_wconf 86' lang='lat' dir='ltr'><strong>evenisse</strong></span> <span class='ocrx_word' id='word_1_560' title='bbox 1956 4024 2041 4083; x_wconf 59' lang='lat' dir='ltr'><strong>te;</strong></span> 
     </span>
    </p>
   </div>
   <div class='ocr_carea' id='block_1_73' title="bbox 396 4095 2039 4169">
    <p class='ocr_par' dir='ltr' id='par_1_73' title="bbox 396 4095 2039 4169">
     <span class='ocr_line' id='line_1_73' title="bbox 396 4095 2039 4169; baseline 0.001 -16"><span class='ocrx_word' id='word_1_561' title='bbox 396 4095 586 4154; x_wconf 80' lang='lat' dir='ltr'><strong>statur</strong></span> <span class='ocrx_word' id='word_1_562' title='bbox 614 4095 854 4169; x_wconf 81' lang='lat' dir='ltr'><strong>sanctus</strong></span> <span class='ocrx_word' id='word_1_563' title='bbox 880 4095 1217 4169; x_wconf 31' lang='lat' dir='ltr'><strong>Lucashloco</strong></span> <span class='ocrx_word' id='word_1_564' title='bbox 1249 4097 1374 4165; x_wconf 87' lang='lat' dir='ltr'><strong>cit.,</strong></span> <span class='ocrx_word' id='word_1_565' title='bbox 1408 4103 1465 4151; x_wconf 89' lang='lat' dir='ltr'><strong>et</strong></span> <span class='ocrx_word' id='word_1_566' title='bbox 1486 4097 1555 4152; x_wconf 93' lang='lat' dir='ltr'><strong>de</strong></span> <span class='ocrx_word' id='word_1_567' title='bbox 1578 4115 1693 4168; x_wconf 88' lang='lat' dir='ltr'><strong>qua</strong></span> <span class='ocrx_word' id='word_1_568' title='bbox 1726 4098 1879 4153; x_wconf 90' lang='lat' dir='ltr'><strong>inter</strong></span> <span class='ocrx_word' id='word_1_569' title='bbox 1909 4116 2039 4169; x_wconf 89' lang='lat' dir='ltr'><strong>pro-</strong></span> 
     </span>
    </p>
   </div>
   <div class='ocr_carea' id='block_1_74' title="bbox 391 4166 2037 4295">
    <p class='ocr_par' dir='ltr' id='par_1_74' title="bbox 391 4166 2037 4295">
     <span class='ocr_line' id='line_1_74' title="bbox 394 4166 2037 4242; baseline 0.001 -18"><span class='ocrx_word' id='word_1_570' title='bbox 394 4170 563 4225; x_wconf 84' lang='lat' dir='ltr'><strong>fauos</strong></span> <span class='ocrx_word' id='word_1_571' title='bbox 611 4168 926 4224; x_wconf 90' lang='lat' dir='ltr'><strong>Suetonius</strong></span> <span class='ocrx_word' id='word_1_572' title='bbox 958 4168 1017 4223; x_wconf 91' lang='lat' dir='ltr'><strong>in</strong></span> <span class='ocrx_word' id='word_1_573' title='bbox 1050 4166 1289 4223; x_wconf 92' lang='lat' dir='ltr'><strong>Claudio</strong></span> <span class='ocrx_word' id='word_1_574' title='bbox 1321 4185 1447 4240; x_wconf 90' lang='lat' dir='ltr'><strong>cap.</strong></span> <span class='ocrx_word' id='word_1_575' title='bbox 1492 4169 1570 4235; x_wconf 90' lang='grc'><strong>18,</strong></span> <span class='ocrx_word' id='word_1_576' title='bbox 1596 4166 1820 4242; x_wconf 70' lang='lat' dir='ltr'><strong>Joseph</strong></span> <span class='ocrx_word' id='word_1_577' title='bbox 1846 4166 2037 4242; x_wconf 83' lang='lat' dir='ltr'><strong>Antiq.</strong></span> 
     </span>
     <span class='ocr_line' id='line_1_75' title="bbox 391 4240 868 4295; baseline -0.004 0"><span class='ocrx_word' id='word_1_578' title='bbox 391 4240 496 4295; x_wconf 91' lang='lat' dir='ltr'><strong>lib.</strong></span> <span class='ocrx_word' id='word_1_579' title='bbox 528 4258 619 4295; x_wconf 83' lang='lat' dir='ltr'><strong>xx.</strong></span> <span class='ocrx_word' id='word_1_580' title='bbox 674 4257 799 4295; x_wconf 85' lang='lat' dir='ltr'><strong>can.</strong></span> <span class='ocrx_word' id='word_1_581' title='bbox 832 4241 868 4292; x_wconf 89' lang='lat'>2</span> 
     </span>
    </p>
   </div>
   <div class='ocr_carea' id='block_1_75' title="bbox 417 4258 799 4296">
    <p class='ocr_par' dir='ltr' id='par_1_75' title="bbox 417 4258 799 4296">
     <span class='ocr_line' id='line_1_76' title="bbox 417 4258 799 4296; baseline -0.003 0"><span class='ocrx_word' id='word_1_582' title='bbox 417 4258 496 4296; x_wconf 77' lang='grc' dir='ltr'><strong>ιι).</strong></span> <span class='ocrx_word' id='word_1_583' title='bbox 528 4258 619 4296; x_wconf 74' lang='lat' dir='ltr'><strong>XX.</strong></span> <span class='ocrx_word' id='word_1_584' title='bbox 674 4258 799 4296; x_wconf 65' lang='lat' dir='ltr'><strong>CBD.</strong></span> 
     </span>
    </p>
   </div>
   <div class='ocr_carea' id='block_1_76' title="bbox 393 4257 2038 4439">
    <p class='ocr_par' dir='ltr' id='par_1_76' title="bbox 393 4257 2038 4439">
     <span class='ocr_line' id='line_1_77' title="bbox 393 4257 2038 4439; baseline -0.002 -71"><span class='ocrx_word' id='word_1_585' title='bbox 393 4257 648 4439; x_wconf 51' lang='lat' dir='ltr'><strong>:DQ§7‘7)</strong></span> <span class='ocrx_word' id='word_1_586' title='bbox 674 4257 891 4367; x_wconf 45' lang='lat' dir='ltr'><strong>(iiiipim‘o</strong></span> <span class='ocrx_word' id='word_1_587' title='bbox 921 4326 1108 4383; x_wconf 88' lang='lat' dir='ltr'><strong>marg.</strong></span> <span class='ocrx_word' id='word_1_588' title='bbox 1143 4310 1420 4383; x_wconf 89' lang='lat' dir='ltr'><strong>leguntur</strong></span> <span class='ocrx_word' id='word_1_589' title='bbox 1450 4310 1625 4366; x_wconf 89' lang='lat' dir='ltr'><strong>verba</strong></span> <span class='ocrx_word' id='word_1_590' title='bbox 1653 4311 1776 4365; x_wconf 74' lang='lat' dir='ltr'><strong>haec</strong></span> <span class='ocrx_word' id='word_1_591' title='bbox 1800 4328 1814 4367; x_wconf 88' lang='lat'><strong>:</strong></span> <span class='ocrx_word' id='word_1_592' title='bbox 1842 4319 1895 4366; x_wconf 85' lang='lat' dir='ltr'><strong>et</strong></span> <span class='ocrx_word' id='word_1_593' title='bbox 1926 4350 1937 4362; x_wconf 93' lang='lat'><strong>.</strong></span> <span class='ocrx_word' id='word_1_594' title='bbox 1976 4355 1986 4365; x_wconf 91' lang='lat'><strong>.</strong></span> <span class='ocrx_word' id='word_1_595' title='bbox 2025 4352 2038 4365; x_wconf 91' lang='lat'><strong>.</strong></span> 
     </span>
     <span class='ocr_line' id='line_1_78' title="bbox 430 4400 650 4439; baseline -0.005 0"><span class='ocrx_word' id='word_1_596' title='bbox 430 4400 490 4439; x_wconf 86' lang='lat' dir='ltr'><strong>oc</strong></span> <span class='ocrx_word' id='word_1_597' title='bbox 546 4400 650 4438; x_wconf 84' lang='lat' dir='ltr'><strong>res.</strong></span> 
     </span>
    </p>
   </div>
   <div class='ocr_carea' id='block_1_77' title="bbox 430 4386 650 4439">
    <p class='ocr_par' dir='ltr' id='par_1_77' title="bbox 430 4386 650 4439">
     <span class='ocr_line' id='line_1_79' title="bbox 430 4386 650 4439; baseline -0.005 0"><span class='ocrx_word' id='word_1_598' title='bbox 430 4386 650 4439; x_wconf 85' lang='lat' dir='ltr'><strong>actores.</strong></span> 
     </span>
    </p>
   </div>
   <div class='ocr_carea' id='block_1_78' title="bbox 465 4451 2039 4531">
    <p class='ocr_par' dir='ltr' id='par_1_78' title="bbox 465 4451 2039 4531">
     <span class='ocr_line' id='line_1_80' title="bbox 465 4451 2039 4531; baseline -0.002 -22"><span class='ocrx_word' id='word_1_599' title='bbox 465 4454 901 4531; x_wconf 76' lang='lat' dir='ltr'><strong>(1078)_I_n_cod.</strong></span> <span class='ocrx_word' id='word_1_600' title='bbox 934 4453 1147 4531; x_wconf 81' lang='lat' dir='ltr'><strong>legitur</strong></span> <span class='ocrx_word' id='word_1_601' title='bbox 1176 4455 1336 4531; x_wconf 77' lang='lat' dir='ltr'><strong>sacri.</strong></span> <span class='ocrx_word' id='word_1_602' title='bbox 1376 4451 1499 4531; x_wconf 79' lang='lat' dir='ltr'><strong>Sed</strong></span> <span class='ocrx_word' id='word_1_603' title='bbox 1533 4455 1657 4531; x_wconf 82' lang='lat' dir='ltr'><strong>tum</strong></span> <span class='ocrx_word' id='word_1_604' title='bbox 1693 4451 2039 4531; x_wconf 76' lang='lat' dir='ltr'><strong>frequentia,</strong></span> 
     </span>
    </p>
   </div>
   <div class='ocr_carea' id='block_1_79' title="bbox 394 4522 2040 4597">
    <p class='ocr_par' dir='ltr' id='par_1_79' title="bbox 394 4522 2040 4597">
     <span class='ocr_line' id='line_1_81' title="bbox 394 4522 2040 4597; baseline -0.002 -15"><span class='ocrx_word' id='word_1_605' title='bbox 394 4530 523 4582; x_wconf 89' lang='lat' dir='ltr'><strong>tum</strong></span> <span class='ocrx_word' id='word_1_606' title='bbox 554 4522 669 4580; x_wconf 83' lang='lat' dir='ltr'><strong>divi</strong></span> <span class='ocrx_word' id='word_1_607' title='bbox 701 4522 1073 4597; x_wconf 33' lang='lat' dir='ltr'><strong>Hieroymi‘in</strong></span> <span class='ocrx_word' id='word_1_608' title='bbox 1098 4525 1251 4578; x_wconf 92' lang='lat' dir='ltr'><strong>hunc</strong></span> <span class='ocrx_word' id='word_1_609' title='bbox 1274 4527 1498 4578; x_wconf 88' lang='lat' dir='ltr'><strong>textum</strong></span> <span class='ocrx_word' id='word_1_610' title='bbox 1518 4522 1711 4591; x_wconf 90' lang='lat' dir='ltr'><strong>verba,</strong></span> <span class='ocrx_word' id='word_1_611' title='bbox 1736 4522 2040 4578; x_wconf 89' lang='lat' dir='ltr'><strong>rectiorem</strong></span> 
     </span>
    </p>
   </div>
   <div class='ocr_carea' id='block_1_80' title="bbox 396 4597 1179 4653">
    <p class='ocr_par' dir='ltr' id='par_1_80' title="bbox 396 4597 1179 4653">
     <span class='ocr_line' id='line_1_82' title="bbox 396 4597 1179 4653; baseline -0.005 0"><span class='ocrx_word' id='word_1_612' title='bbox 396 4598 547 4653; x_wconf 88' lang='lat' dir='ltr'><strong>hanc</strong></span> <span class='ocrx_word' id='word_1_613' title='bbox 579 4597 885 4652; x_wconf 90' lang='lat' dir='ltr'><strong>lectionem</strong></span> <span class='ocrx_word' id='word_1_614' title='bbox 919 4611 1179 4651; x_wconf 89' lang='lat' dir='ltr'><strong>suasere.</strong></span> 
     </span>
    </p>
   </div>
   <div class='ocr_carea' id='block_1_81' title="bbox 471 4661 2043 4739">
    <p class='ocr_par' dir='ltr' id='par_1_81' title="bbox 471 4661 2043 4739">
     <span class='ocr_line' id='line_1_83' title="bbox 471 4661 2043 4739; baseline 0.001 -20"><span class='ocrx_word' id='word_1_615' title='bbox 471 4669 657 4739; x_wconf 79' lang='lat'>(1079)</span> <span class='ocrx_word' id='word_1_616' title='bbox 687 4668 926 4739; x_wconf 12' lang='lat' dir='ltr'><strong>Iisdem!</strong></span> <span class='ocrx_word' id='word_1_617' title='bbox 954 4663 1309 4739; x_wconf 80' lang='lat' dir='ltr'><strong>supradictis</strong></span> <span class='ocrx_word' id='word_1_618' title='bbox 1343 4662 1449 4739; x_wconf 18' lang='lat' dir='ltr'><strong>Ade_</strong></span> <span class='ocrx_word' id='word_1_619' title='bbox 1471 4661 1664 4717; x_wconf 89' lang='lat' dir='ltr'><strong>causis</strong></span> <span class='ocrx_word' id='word_1_620' title='bbox 1678 4665 2043 4734; x_wconf 79' lang='lat' dir='ltr'><strong>prospiciebat</strong></span> 
     </span>
    </p>
   </div>
   <div class='ocr_carea' id='block_1_82' title="bbox 400 4731 1610 4809">
    <p class='ocr_par' dir='ltr' id='par_1_82' title="bbox 400 4731 1610 4809">
     <span class='ocr_line' id='line_1_84' title="bbox 400 4731 1610 4809; baseline -0.004 -16"><span class='ocrx_word' id='word_1_621' title='bbox 400 4731 528 4794; x_wconf 85' lang='lat' dir='ltr'><strong>loco</strong></span> <span class='ocrx_word' id='word_1_622' title='bbox 556 4731 884 4808; x_wconf 66' lang='lat' dir='ltr'><strong>proﬁciebat</strong></span> <span class='ocrx_word' id='word_1_623' title='bbox 912 4731 1225 4809; x_wconf 71' lang='lat' dir='ltr'><strong>legendum</strong></span> <span class='ocrx_word' id='word_1_624' title='bbox 1254 4731 1610 4809; x_wconf 81' lang='lat' dir='ltr'><strong>putavimus.</strong></span> 
     </span>
    </p>
   </div>
   <div class='ocr_carea' id='block_1_83' title="bbox 472 4803 2046 4892">
    <p class='ocr_par' dir='ltr' id='par_1_83' title="bbox 472 4803 2046 4892">
     <span class='ocr_line' id='line_1_85' title="bbox 472 4803 2046 4892; baseline -0.001 -29"><span class='ocrx_word' id='word_1_625' title='bbox 472 4803 831 4892; x_wconf 58' lang='lat' dir='ltr'>(10&#39;80)Quia</span> <span class='ocrx_word' id='word_1_626' title='bbox 890 4803 1614 4892; x_wconf 39' lang='lat' dir='ltr'><strong>pst&#39;atpo‘ptxt&#39;be;gdi02ntu$</strong></span> <span class='ocrx_word' id='word_1_627' title='bbox 1642 4803 1701 4858; x_wconf 92' lang='lat' dir='ltr'><strong>in</strong></span> <span class='ocrx_word' id='word_1_628' title='bbox 1732 4808 1944 4892; x_wconf 63' lang='lat' dir='ltr'><strong>Greco.</strong></span> <span class='ocrx_word' id='word_1_629' title='bbox 1978 4808 2046 4862; x_wconf 89' lang='lat' dir='ltr'><strong>Et</strong></span> 
     </span>
    </p>
   </div>
   <div class='ocr_carea' id='block_1_84' title="bbox 400 4873 2047 4951">
    <p class='ocr_par' dir='ltr' id='par_1_84' title="bbox 400 4873 2047 4951">
     <span class='ocr_line' id='line_1_86' title="bbox 400 4873 2047 4951; baseline -0.001 -15"><span class='ocrx_word' id='word_1_630' title='bbox 400 4873 595 4936; x_wconf 79' lang='lat' dir='ltr'><strong>omnis</strong></span> <span class='ocrx_word' id='word_1_631' title='bbox 617 4873 977 4951; x_wconf 83' lang='lat' dir='ltr'><strong>metaphora,</strong></span> <span class='ocrx_word' id='word_1_632' title='bbox 1001 4873 1048 4934; x_wconf 89' lang='lat' dir='ltr'><strong>si</strong></span> <span class='ocrx_word' id='word_1_633' title='bbox 1074 4873 1145 4931; x_wconf 88' lang='lat' dir='ltr'><strong>de</strong></span> <span class='ocrx_word' id='word_1_634' title='bbox 1163 4891 1279 4929; x_wconf 89' lang='lat' dir='ltr'><strong>una</strong></span> <span class='ocrx_word' id='word_1_635' title='bbox 1299 4873 1357 4928; x_wconf 90' lang='lat' dir='ltr'><strong>in</strong></span> <span class='ocrx_word' id='word_1_636' title='bbox 1380 4873 1555 4951; x_wconf 70' lang='lat' dir='ltr'><strong>aliam</strong></span> <span class='ocrx_word' id='word_1_637' title='bbox 1578 4875 1840 4948; x_wconf 88' lang='lat' dir='ltr'><strong>linguam</strong></span> <span class='ocrx_word' id='word_1_638' title='bbox 1862 4882 2047 4934; x_wconf 85' lang='lat' dir='ltr'><strong>trans-</strong></span> 
     </span>
    </p>
   </div>
   <div class='ocr_carea' id='block_1_85' title="bbox 399 4946 2043 5023">
    <p class='ocr_par' dir='ltr' id='par_1_85' title="bbox 399 4946 2043 5023">
     <span class='ocr_line' id='line_1_87' title="bbox 399 4946 2043 5023; baseline -0.001 -16"><span class='ocrx_word' id='word_1_639' title='bbox 399 4952 639 5021; x_wconf 84' lang='lat' dir='ltr'><strong>feratur,</strong></span> <span class='ocrx_word' id='word_1_640' title='bbox 691 4946 1043 5023; x_wconf 80' lang='lat' dir='ltr'><strong>quandoque</strong></span> <span class='ocrx_word' id='word_1_641' title='bbox 1092 4961 1355 5023; x_wconf 75' lang='lat' dir='ltr'><strong>sensum,</strong></span> <span class='ocrx_word' id='word_1_642' title='bbox 1404 4946 1523 5002; x_wconf 89' lang='lat' dir='ltr'><strong>fere</strong></span> <span class='ocrx_word' id='word_1_643' title='bbox 1574 4946 1805 5020; x_wconf 80' lang='lat' dir='ltr'><strong>semper</strong></span> <span class='ocrx_word' id='word_1_644' title='bbox 1851 4954 2043 5005; x_wconf 91' lang='lat' dir='ltr'><strong>tamen</strong></span> 
     </span>
    </p>
   </div>
   <div class='ocr_carea' id='block_1_86' title="bbox 397 5017 1286 5085">
    <p class='ocr_par' dir='ltr' id='par_1_86' title="bbox 397 5017 1286 5085">
     <span class='ocr_line' id='line_1_88' title="bbox 397 5017 1286 5085; baseline -0.009 -6"><span class='ocrx_word' id='word_1_645' title='bbox 397 5024 542 5085; x_wconf 90' lang='lat' dir='ltr'><strong>vim,</strong></span> <span class='ocrx_word' id='word_1_646' title='bbox 574 5017 636 5077; x_wconf 81' lang='lat' dir='ltr'><strong>et</strong></span> <span class='ocrx_word' id='word_1_647' title='bbox 653 5017 1017 5078; x_wconf 79' lang='lat' dir='ltr'><strong>venustatem</strong></span> <span class='ocrx_word' id='word_1_648' title='bbox 1051 5017 1286 5073; x_wconf 89' lang='lat' dir='ltr'><strong>amittit.</strong></span> 
     </span>
    </p>
   </div>
   <div class='ocr_carea' id='block_1_87' title="bbox 494 5090 1172 5148">
    <p class='ocr_par' dir='ltr' id='par_1_87' title="bbox 494 5090 1172 5148">
     <span class='ocr_line' id='line_1_89' title="bbox 494 5090 1172 5148; baseline -0.009 0"><span class='ocrx_word' id='word_1_649' title='bbox 494 5093 653 5148; x_wconf 78' lang='lat'>1081)</span> <span class='ocrx_word' id='word_1_650' title='bbox 682 5094 743 5148; x_wconf 92' lang='lat' dir='ltr'><strong>In</strong></span> <span class='ocrx_word' id='word_1_651' title='bbox 776 5091 902 5146; x_wconf 90' lang='lat' dir='ltr'><strong>cod.</strong></span> <span class='ocrx_word' id='word_1_652' title='bbox 935 5090 1172 5145; x_wconf 88' lang='lat' dir='ltr'><strong>Domini.</strong></span> 
     </span>
    </p>
   </div>
   <div class='ocr_carea' id='block_1_88' title="bbox 467 5093 2047 5238">
    <p class='ocr_par' dir='ltr' id='par_1_88' title="bbox 467 5093 2047 5238">
     <span class='ocr_line' id='line_1_90' title="bbox 494 5093 1172 5148; baseline -0.007 -1"><span class='ocrx_word' id='word_1_653' title='bbox 494 5094 625 5148; x_wconf 92' lang='lat'>1081</span> <span class='ocrx_word' id='word_1_654' title='bbox 682 5094 743 5148; x_wconf 92' lang='lat' dir='ltr'><strong>In</strong></span> <span class='ocrx_word' id='word_1_655' title='bbox 776 5093 902 5146; x_wconf 90' lang='lat' dir='ltr'><strong>cod.</strong></span> <span class='ocrx_word' id='word_1_656' title='bbox 935 5093 1172 5145; x_wconf 88' lang='lat' dir='ltr'><strong>Domini.</strong></span> 
     </span>
     <span class='ocr_line' id='line_1_91' title="bbox 467 5093 2047 5238; baseline 0 -20"><span class='ocrx_word' id='word_1_657' title='bbox 467 5093 653 5238; x_wconf 52' lang='lat' dir='ltr'>i1082j</span> <span class='ocrx_word' id='word_1_658' title='bbox 679 5164 762 5218; x_wconf 87' lang='lat' dir='ltr'><strong>Ad</strong></span> <span class='ocrx_word' id='word_1_659' title='bbox 806 5159 1279 5238; x_wconf 83' lang='lat' dir='ltr'><strong>i_ntellige_nti_am_</strong></span> <span class='ocrx_word' id='word_1_660' title='bbox 1310 5160 1490 5238; x_wconf 79' lang='lat' dir='ltr'><strong>hujus</strong></span> <span class='ocrx_word' id='word_1_661' title='bbox 1540 5162 1628 5215; x_wconf 88' lang='lat' dir='ltr'><strong>vix</strong></span> <span class='ocrx_word' id='word_1_662' title='bbox 1675 5160 1939 5238; x_wconf 66' lang='lat' dir='ltr'><strong>indicata:</strong></span> <span class='ocrx_word' id='word_1_663' title='bbox 1989 5168 2047 5238; x_wconf 84' lang='lat' dir='ltr'><strong>et</strong></span> 
     </span>
    </p>
   </div>
   <div class='ocr_carea' id='block_1_89' title="bbox 396 5232 2047 5363">
    <p class='ocr_par' dir='ltr' id='par_1_89' title="bbox 396 5232 2047 5363">
     <span class='ocr_line' id='line_1_92' title="bbox 400 5232 2047 5306; baseline -0.002 -14"><span class='ocrx_word' id='word_1_664' title='bbox 400 5232 757 5306; x_wconf 68' lang='lat' dir='ltr'><strong>imperfecta:</strong></span> <span class='ocrx_word' id='word_1_665' title='bbox 791 5232 1195 5287; x_wconf 79' lang='lat' dir='ltr'><strong>similitudinis</strong></span> <span class='ocrx_word' id='word_1_666' title='bbox 1225 5232 1335 5301; x_wconf 81' lang='lat' dir='ltr'><strong>divi</strong></span> <span class='ocrx_word' id='word_1_667' title='bbox 1364 5233 1695 5305; x_wconf 83' lang='lat' dir='ltr'><strong>Hieronymi</strong></span> <span class='ocrx_word' id='word_1_668' title='bbox 1718 5238 1942 5288; x_wconf 84' lang='lat' dir='ltr'><strong>textum</strong></span> <span class='ocrx_word' id='word_1_669' title='bbox 1966 5235 2047 5289; x_wconf 86' lang='lat' dir='ltr'><strong>af-</strong></span> 
     </span>
     <span class='ocr_line' id='line_1_93' title="bbox 396 5304 2045 5363; baseline -0.001 0"><span class='ocrx_word' id='word_1_670' title='bbox 396 5309 548 5363; x_wconf 87' lang='lat' dir='ltr'><strong>ferre</strong></span> <span class='ocrx_word' id='word_1_671' title='bbox 571 5306 760 5363; x_wconf 85' lang='lat' dir='ltr'><strong>juvat.</strong></span> <span class='ocrx_word' id='word_1_672' title='bbox 794 5305 891 5363; x_wconf 83' lang='lat' dir='ltr'><strong>qui</strong></span> <span class='ocrx_word' id='word_1_673' title='bbox 928 5305 1007 5360; x_wconf 92' lang='lat' dir='ltr'><strong>ita</strong></span> <span class='ocrx_word' id='word_1_674' title='bbox 1035 5304 1091 5359; x_wconf 88' lang='lat' dir='ltr'><strong>in</strong></span> <span class='ocrx_word' id='word_1_675' title='bbox 1126 5305 1280 5359; x_wconf 90' lang='lat' dir='ltr'><strong>hunc</strong></span> <span class='ocrx_word' id='word_1_676' title='bbox 1326 5304 1519 5360; x_wconf 92' lang='lat' dir='ltr'><strong>locum</strong></span> <span class='ocrx_word' id='word_1_677' title='bbox 1564 5304 1773 5360; x_wconf 86' lang='lat' dir='ltr'><strong>habet:</strong></span> <span class='ocrx_word' id='word_1_678' title='bbox 1809 5329 1835 5353; x_wconf 89' lang='grc'><em>‹‹</em></span> <span class='ocrx_word' id='word_1_679' title='bbox 1869 5306 2045 5361; x_wconf 86' lang='lat' dir='ltr'><strong>Totas</strong></span> 
     </span>
    </p>
   </div>
   <div class='ocr_carea' id='block_1_90' title="bbox 421 5320 2045 5374">
    <p class='ocr_par' dir='ltr' id='par_1_90' title="bbox 421 5320 2045 5374">
     <span class='ocr_line' id='line_1_94' title="bbox 421 5320 2045 5374; baseline -0.001 -12"><span class='ocrx_word' id='word_1_680' title='bbox 421 5320 760 5373; x_wconf 77' lang='lat' dir='ltr'><strong>errejuval,</strong></span> <span class='ocrx_word' id='word_1_681' title='bbox 794 5320 891 5374; x_wconf 70' lang='lat' dir='ltr'><strong>qun</strong></span> <span class='ocrx_word' id='word_1_682' title='bbox 928 5320 1007 5360; x_wconf 80' lang='grc' dir='ltr'><strong>ιιθ,</strong></span> <span class='ocrx_word' id='word_1_683' title='bbox 1035 5322 1091 5359; x_wconf 83' lang='grc' dir='ltr'><strong>ιιι</strong></span> <span class='ocrx_word' id='word_1_684' title='bbox 1127 5320 1280 5359; x_wconf 88' lang='lat' dir='ltr'><strong>nunc</strong></span> <span class='ocrx_word' id='word_1_685' title='bbox 1326 5320 1519 5360; x_wconf 78' lang='lat' dir='ltr'><strong>locum</strong></span> <span class='ocrx_word' id='word_1_686' title='bbox 1564 5320 1773 5360; x_wconf 71' lang='lat' dir='ltr'><strong>Habet:</strong></span> <span class='ocrx_word' id='word_1_687' title='bbox 1809 5329 1835 5353; x_wconf 74' lang='grc' dir='ltr'><strong>(ι</strong></span> <span class='ocrx_word' id='word_1_688' title='bbox 1870 5320 2045 5361; x_wconf 73' lang='lat' dir='ltr'><strong>&#39;t&#39;otas</strong></span> 
     </span>
    </p>
   </div>
   <div class='ocr_carea' id='block_1_91' title="bbox 400 5376 2045 5433">
    <p class='ocr_par' dir='ltr' id='par_1_91' title="bbox 400 5376 2045 5433">
     <span class='ocr_line' id='line_1_95' title="bbox 400 5376 2045 5433; baseline -0.001 0"><span class='ocrx_word' id='word_1_689' title='bbox 400 5376 779 5433; x_wconf 79' lang='lat' dir='ltr'><strong>rationabiles</strong></span> <span class='ocrx_word' id='word_1_690' title='bbox 797 5381 1091 5432; x_wconf 85' lang='lat' dir='ltr'><strong>creaturas</strong></span> <span class='ocrx_word' id='word_1_691' title='bbox 1112 5378 1219 5432; x_wconf 92' lang='lat' dir='ltr'><strong>sub</strong></span> <span class='ocrx_word' id='word_1_692' title='bbox 1237 5378 1412 5432; x_wconf 88' lang='lat' dir='ltr'><strong>unius</strong></span> <span class='ocrx_word' id='word_1_693' title='bbox 1435 5376 1801 5431; x_wconf 88' lang='lat' dir='ltr'><strong>rationabilis</strong></span> <span class='ocrx_word' id='word_1_694' title='bbox 1825 5378 2045 5431; x_wconf 87' lang='lat' dir='ltr'><strong>anima-</strong></span> 
     </span>
    </p>
   </div>
   <div class='ocr_carea' id='block_1_92' title="bbox 398 5447 2044 5520">
    <p class='ocr_par' dir='ltr' id='par_1_92' title="bbox 398 5447 2044 5520">
     <span class='ocr_line' id='line_1_96' title="bbox 398 5447 2044 5520; baseline -0.001 -17"><span class='ocrx_word' id='word_1_695' title='bbox 398 5448 472 5503; x_wconf 92' lang='lat' dir='ltr'><strong>lis</strong></span> <span class='ocrx_word' id='word_1_696' title='bbox 504 5447 899 5520; x_wconf 56' lang='lat' dir='ltr'><strong>iutclligamus</strong></span> <span class='ocrx_word' id='word_1_697' title='bbox 928 5448 1212 5519; x_wconf 87' lang='lat' dir='ltr'><strong>exemplo,</strong></span> <span class='ocrx_word' id='word_1_698' title='bbox 1245 5454 1302 5504; x_wconf 91' lang='lat' dir='ltr'><strong>et</strong></span> <span class='ocrx_word' id='word_1_699' title='bbox 1332 5449 1721 5520; x_wconf 87' lang='lat' dir='ltr'><strong>quodcunque</strong></span> <span class='ocrx_word' id='word_1_700' title='bbox 1753 5448 1823 5502; x_wconf 91' lang='lat' dir='ltr'><strong>de</strong></span> <span class='ocrx_word' id='word_1_701' title='bbox 1864 5447 2044 5517; x_wconf 88' lang='lat' dir='ltr'><strong>hujus</strong></span> 
     </span>
    </p>
   </div>
   <div class='ocr_carea' id='block_1_93' title="bbox 400 5519 2045 5592">
    <p class='ocr_par' dir='ltr' id='par_1_93' title="bbox 400 5519 2045 5592">
     <span class='ocr_line' id='line_1_97' title="bbox 400 5519 2045 5592; baseline 0 -18"><span class='ocrx_word' id='word_1_702' title='bbox 400 5519 684 5592; x_wconf 79' lang='lat' dir='ltr'><strong>membris</strong></span> <span class='ocrx_word' id='word_1_703' title='bbox 713 5520 1051 5584; x_wconf 88' lang='lat' dir='ltr'><strong>dixerimus,</strong></span> <span class='ocrx_word' id='word_1_704' title='bbox 1082 5525 1139 5575; x_wconf 90' lang='lat' dir='ltr'><strong>et</strong></span> <span class='ocrx_word' id='word_1_705' title='bbox 1167 5519 1451 5592; x_wconf 81' lang='lat' dir='ltr'><strong>partibus,</strong></span> <span class='ocrx_word' id='word_1_706' title='bbox 1488 5520 1596 5592; x_wconf 87' lang='lat' dir='ltr'><strong>hoc</strong></span> <span class='ocrx_word' id='word_1_707' title='bbox 1628 5520 1887 5592; x_wconf 83' lang='lat' dir='ltr'><strong>sciamus</strong></span> <span class='ocrx_word' id='word_1_708' title='bbox 1916 5536 2045 5574; x_wconf 87' lang='lat' dir='ltr'><strong>esse</strong></span> 
     </span>
    </p>
   </div>
   <div class='ocr_carea' id='block_1_94' title="bbox 401 5589 2046 5674">
    <p class='ocr_par' dir='ltr' id='par_1_94' title="bbox 401 5589 2046 5674">
     <span class='ocr_line' id='line_1_98' title="bbox 401 5589 2046 5674; baseline -0.001 -28"><span class='ocrx_word' id='word_1_709' title='bbox 401 5591 767 5674; x_wconf 67' lang='lat' dir='ltr'><strong>referendum</strong></span> <span class='ocrx_word' id='word_1_710' title='bbox 794 5592 861 5646; x_wconf 90' lang='lat' dir='ltr'><strong>ad</strong></span> <span class='ocrx_word' id='word_1_711' title='bbox 891 5589 1370 5674; x_wconf 77' lang='lat' dir='ltr'><strong>unamquamque</strong></span> <span class='ocrx_word' id='word_1_712' title='bbox 1394 5589 1798 5674; x_wconf 78' lang='lat' dir='ltr'><strong>rationabilem</strong></span> <span class='ocrx_word' id='word_1_713' title='bbox 1825 5597 2046 5645; x_wconf 86' lang='lat' dir='ltr'><strong>creatu-</strong></span> 
     </span>
    </p>
   </div>
   <div class='ocr_carea' id='block_1_95' title="bbox 400 5663 2041 5738">
    <p class='ocr_par' dir='ltr' id='par_1_95' title="bbox 400 5663 2041 5738">
     <span class='ocr_line' id='line_1_99' title="bbox 400 5663 2041 5738; baseline -0.002 -19"><span class='ocrx_word' id='word_1_714' title='bbox 400 5680 547 5720; x_wconf 90' lang='lat' dir='ltr'><strong>ram.</strong></span> <span class='ocrx_word' id='word_1_715' title='bbox 586 5663 859 5738; x_wconf 80' lang='lat' dir='ltr'><strong>Putemus</strong></span> <span class='ocrx_word' id='word_1_716' title='bbox 872 5664 1000 5738; x_wconf 71' lang='lat' dir='ltr'><strong>,boc</strong></span> <span class='ocrx_word' id='word_1_717' title='bbox 1031 5663 1248 5719; x_wconf 87' lang='lat' dir='ltr'><strong>animal</strong></span> <span class='ocrx_word' id='word_1_718' title='bbox 1279 5663 1363 5718; x_wconf 87' lang='lat' dir='ltr'><strong>ita</strong></span> <span class='ocrx_word' id='word_1_719' title='bbox 1393 5665 1690 5738; x_wconf 85' lang='lat' dir='ltr'><strong>perartus,</strong></span> <span class='ocrx_word' id='word_1_720' title='bbox 1721 5677 1897 5716; x_wconf 87' lang='lat' dir='ltr'><strong>venas</strong></span> <span class='ocrx_word' id='word_1_721' title='bbox 1919 5677 2041 5715; x_wconf 86' lang='lat' dir='ltr'><strong>car-</strong></span> 
     </span>
    </p>
   </div>
   <div class='ocr_carea' id='block_1_96' title="bbox 404 5733 2047 5809">
    <p class='ocr_par' dir='ltr' id='par_1_96' title="bbox 404 5733 2047 5809">
     <span class='ocr_line' id='line_1_100' title="bbox 404 5733 2047 5809; baseline -0.002 -16"><span class='ocrx_word' id='word_1_722' title='bbox 404 5749 626 5809; x_wconf 82' lang='lat' dir='ltr'><strong>nesque</strong></span> <span class='ocrx_word' id='word_1_723' title='bbox 645 5733 983 5807; x_wconf 86' lang='lat' dir='ltr'><strong>laceratum,</strong></span> <span class='ocrx_word' id='word_1_724' title='bbox 1009 5741 1075 5793; x_wconf 92' lang='lat' dir='ltr'><strong>ut</strong></span> <span class='ocrx_word' id='word_1_725' title='bbox 1096 5752 1201 5792; x_wconf 90' lang='lat' dir='ltr'><strong>nec</strong></span> <span class='ocrx_word' id='word_1_726' title='bbox 1224 5752 1288 5791; x_wconf 93' lang='lat' dir='ltr'><strong>os</strong></span> <span class='ocrx_word' id='word_1_727' title='bbox 1309 5733 1429 5791; x_wconf 85' lang='lat' dir='ltr'><strong>ossi</strong></span> <span class='ocrx_word' id='word_1_728' title='bbox 1452 5733 1686 5799; x_wconf 82' lang='lat' dir='ltr'><strong>haereat,</strong></span> <span class='ocrx_word' id='word_1_729' title='bbox 1710 5747 1815 5787; x_wconf 90' lang='lat' dir='ltr'><strong>nec</strong></span> <span class='ocrx_word' id='word_1_730' title='bbox 1835 5747 2047 5789; x_wconf 85' lang='lat' dir='ltr'><strong>nervus</strong></span> 
     </span>
    </p>
   </div>
   <div class='ocr_carea' id='block_1_97' title="bbox 2149 3298 3801 3372">
    <p class='ocr_par' dir='ltr' id='par_1_97' title="bbox 2149 3298 3801 3372">
     <span class='ocr_line' id='line_1_101' title="bbox 2149 3298 3801 3372; baseline 0.001 -18"><span class='ocrx_word' id='word_1_731' title='bbox 2149 3299 2373 3354; x_wconf 83' lang='lat' dir='ltr'><strong>utinam</strong></span> <span class='ocrx_word' id='word_1_732' title='bbox 2407 3299 2701 3353; x_wconf 80' lang='lat' dir='ltr'><strong>sufﬁceret</strong></span> <span class='ocrx_word' id='word_1_733' title='bbox 2732 3314 3001 3370; x_wconf 89' lang='lat' dir='ltr'><strong>peccasse</strong></span> <span class='ocrx_word' id='word_1_734' title='bbox 3036 3324 3050 3365; x_wconf 84' lang='lat'><strong>;</strong></span> <span class='ocrx_word' id='word_1_735' title='bbox 3078 3298 3165 3354; x_wconf 91' lang='lat' dir='ltr'><strong>vel</strong></span> <span class='ocrx_word' id='word_1_736' title='bbox 3196 3316 3325 3354; x_wconf 90' lang='lat' dir='ltr'><strong>sero</strong></span> <span class='ocrx_word' id='word_1_737' title='bbox 3343 3305 3583 3371; x_wconf 88' lang='lat' dir='ltr'><strong>agerent</strong></span> <span class='ocrx_word' id='word_1_738' title='bbox 3613 3302 3801 3372; x_wconf 70' lang='lat' dir='ltr'><strong>poeni-</strong></span> 
     </span>
    </p>
   </div>
   <div class='ocr_carea' id='block_1_98' title="bbox 2146 3387 3800 3461">
    <p class='ocr_par' dir='ltr' id='par_1_98' title="bbox 2146 3387 3800 3461">
     <span class='ocr_line' id='line_1_102' title="bbox 2146 3387 3800 3461; baseline 0.004 -20"><span class='ocrx_word' id='word_1_739' title='bbox 2146 3388 2412 3443; x_wconf 91' lang='lat' dir='ltr'><strong>tentiam.</strong></span> <span class='ocrx_word' id='word_1_740' title='bbox 2447 3387 2557 3442; x_wconf 91' lang='lat' dir='ltr'><strong>Sed</strong></span> <span class='ocrx_word' id='word_1_741' title='bbox 2590 3387 2729 3457; x_wconf 91' lang='lat' dir='ltr'><strong>quid</strong></span> <span class='ocrx_word' id='word_1_742' title='bbox 2761 3387 2951 3443; x_wconf 81' lang='lat' dir='ltr'><strong>dicit?</strong></span> <span class='ocrx_word' id='word_1_743' title='bbox 2973 3389 3076 3457; x_wconf 83' lang='lat' dir='ltr'><strong>Qui</strong></span> <span class='ocrx_word' id='word_1_744' title='bbox 3107 3388 3455 3459; x_wconf 73' lang='lat' dir='ltr'><strong>desperantes</strong></span> <span class='ocrx_word' id='word_1_745' title='bbox 3483 3393 3800 3461; x_wconf 82' lang='lat' dir='ltr'><strong>semetipsos</strong></span> 
     </span>
    </p>
   </div>
   <div class='ocr_carea' id='block_1_99' title="bbox 2146 3475 3793 3552">
    <p class='ocr_par' dir='ltr' id='par_1_99' title="bbox 2146 3475 3793 3552">
     <span class='ocr_line' id='line_1_103' title="bbox 2146 3475 3793 3552; baseline 0.004 -22"><span class='ocrx_word' id='word_1_746' title='bbox 2146 3477 2350 3549; x_wconf 84' lang='lat'>(1085),</span> <span class='ocrx_word' id='word_1_747' title='bbox 2385 3476 2439 3530; x_wconf 91' lang='lat' dir='ltr'><strong>id</strong></span> <span class='ocrx_word' id='word_1_748' title='bbox 2467 3480 2578 3540; x_wconf 88' lang='lat' dir='ltr'><strong>est,</strong></span> <span class='ocrx_word' id='word_1_749' title='bbox 2609 3475 2710 3547; x_wconf 91' lang='lat' dir='ltr'><strong>qui</strong></span> <span class='ocrx_word' id='word_1_750' title='bbox 2742 3477 3142 3548; x_wconf 89' lang='lat' dir='ltr'><strong>desperantde</strong></span> <span class='ocrx_word' id='word_1_751' title='bbox 3173 3477 3291 3532; x_wconf 88' lang='lat' dir='ltr'><strong>vita</strong></span> <span class='ocrx_word' id='word_1_752' title='bbox 3320 3478 3538 3545; x_wconf 87' lang='lat' dir='ltr'><strong>futura,</strong></span> <span class='ocrx_word' id='word_1_753' title='bbox 3565 3479 3657 3535; x_wconf 88' lang='lat' dir='ltr'><strong>vel</strong></span> <span class='ocrx_word' id='word_1_754' title='bbox 3686 3482 3793 3552; x_wconf 90' lang='lat' dir='ltr'><strong>qui</strong></span> 
     </span>
    </p>
   </div>
   <div class='ocr_carea' id='block_1_100' title="bbox 2148 3563 3807 3639">
    <p class='ocr_par' dir='ltr' id='par_1_100' title="bbox 2148 3563 3807 3639">
     <span class='ocr_line' id='line_1_104' title="bbox 2148 3563 3807 3639; baseline 0.003 -19"><span class='ocrx_word' id='word_1_755' title='bbox 2148 3564 2439 3620; x_wconf 90' lang='lat' dir='ltr'><strong>malorum</strong></span> <span class='ocrx_word' id='word_1_756' title='bbox 2472 3563 2763 3636; x_wconf 90' lang='lat' dir='ltr'><strong>supplicia</strong></span> <span class='ocrx_word' id='word_1_757' title='bbox 2791 3582 2906 3619; x_wconf 90' lang='lat' dir='ltr'><strong>non</strong></span> <span class='ocrx_word' id='word_1_758' title='bbox 2927 3581 3056 3620; x_wconf 89' lang='lat' dir='ltr'><strong>esse</strong></span> <span class='ocrx_word' id='word_1_759' title='bbox 3087 3566 3551 3639; x_wconf 86' lang='lat' dir='ltr'><strong>credunt(1086).</strong></span> <span class='ocrx_word' id='word_1_760' title='bbox 3579 3568 3715 3624; x_wconf 90' lang='lat' dir='ltr'><strong>Ideo</strong></span> <span class='ocrx_word' id='word_1_761' title='bbox 3740 3585 3807 3625; x_wconf 85' lang='lat' dir='ltr'><strong>se</strong></span> 
     </span>
    </p>
   </div>
   <div class='ocr_carea' id='block_1_101' title="bbox 2142 3670 3806 3743">
    <p class='ocr_par' dir='ltr' id='par_1_101' title="bbox 2142 3670 3806 3743">
     <span class='ocr_line' id='line_1_105' title="bbox 2142 3670 3806 3743; baseline 0.002 -17"><span class='ocrx_word' id='word_1_762' title='bbox 2142 3673 2434 3743; x_wconf 88' lang='lat' dir='ltr'><strong>jungatur</strong></span> <span class='ocrx_word' id='word_1_763' title='bbox 2464 3671 2536 3725; x_wconf 89' lang='lat' dir='ltr'><strong>ad</strong></span> <span class='ocrx_word' id='word_1_764' title='bbox 2567 3686 2850 3743; x_wconf 59' lang='lat' dir='ltr'><strong>nervum;</strong></span> <span class='ocrx_word' id='word_1_765' title='bbox 2872 3672 3190 3743; x_wconf 87' lang='lat' dir='ltr'><strong>separatim</strong></span> <span class='ocrx_word' id='word_1_766' title='bbox 3209 3670 3363 3727; x_wconf 91' lang='lat' dir='ltr'><strong>oculi</strong></span> <span class='ocrx_word' id='word_1_767' title='bbox 3377 3673 3806 3743; x_wconf 80' lang='lat' dir='ltr'><strong>jaceant,seor—</strong></span> 
     </span>
    </p>
   </div>
   <div class='ocr_carea' id='block_1_102' title="bbox 2149 3740 3803 3816">
    <p class='ocr_par' dir='ltr' id='par_1_102' title="bbox 2149 3740 3803 3816">
     <span class='ocr_line' id='line_1_106' title="bbox 2149 3740 3803 3816; baseline 0.002 -18"><span class='ocrx_word' id='word_1_768' title='bbox 2149 3740 2284 3816; x_wconf 76' lang='lat' dir='ltr'><strong>sum</strong></span> <span class='ocrx_word' id='word_1_769' title='bbox 2316 3759 2508 3812; x_wconf 89' lang='lat' dir='ltr'><strong>nares,</strong></span> <span class='ocrx_word' id='word_1_770' title='bbox 2527 3758 2735 3816; x_wconf 78' lang='lat' dir='ltr'><strong>manus</strong></span> <span class='ocrx_word' id='word_1_771' title='bbox 2752 3740 3143 3816; x_wconf 53' lang='lat' dir='ltr'><strong>alium&#39;locum</strong></span> <span class='ocrx_word' id='word_1_772' title='bbox 3161 3740 3414 3816; x_wconf 79' lang='lat' dir='ltr'><strong>teneant,</strong></span> <span class='ocrx_word' id='word_1_773' title='bbox 3431 3743 3548 3800; x_wconf 91' lang='lat' dir='ltr'><strong>alio</strong></span> <span class='ocrx_word' id='word_1_774' title='bbox 3563 3740 3803 3816; x_wconf 80' lang='lat' dir='ltr'><strong>proiecti</strong></span> 
     </span>
    </p>
   </div>
   <div class='ocr_carea' id='block_1_103' title="bbox 2150 3812 3808 3884">
    <p class='ocr_par' dir='ltr' id='par_1_103' title="bbox 2150 3812 3808 3884">
     <span class='ocr_line' id='line_1_107' title="bbox 2150 3812 3808 3884; baseline 0.002 -16"><span class='ocrx_word' id='word_1_775' title='bbox 2150 3815 2271 3869; x_wconf 87' lang='lat' dir='ltr'><strong>sint</strong></span> <span class='ocrx_word' id='word_1_776' title='bbox 2295 3816 2492 3883; x_wconf 86' lang='lat' dir='ltr'><strong>pedes,</strong></span> <span class='ocrx_word' id='word_1_777' title='bbox 2518 3818 2575 3868; x_wconf 91' lang='lat' dir='ltr'><strong>et</strong></span> <span class='ocrx_word' id='word_1_778' title='bbox 2597 3812 2820 3884; x_wconf 89' lang='lat' dir='ltr'><strong>reliqua</strong></span> <span class='ocrx_word' id='word_1_779' title='bbox 2842 3814 3108 3868; x_wconf 89' lang='lat' dir='ltr'><strong>membra</strong></span> <span class='ocrx_word' id='word_1_780' title='bbox 3128 3814 3187 3868; x_wconf 92' lang='lat' dir='ltr'><strong>in</strong></span> <span class='ocrx_word' id='word_1_781' title='bbox 3206 3815 3364 3869; x_wconf 90' lang='lat' dir='ltr'><strong>hunc</strong></span> <span class='ocrx_word' id='word_1_782' title='bbox 3387 3812 3629 3871; x_wconf 55' lang='lat' dir='ltr'><strong>modu&#39;m</strong></span> <span class='ocrx_word' id='word_1_783' title='bbox 3654 3817 3808 3873; x_wconf 88' lang='lat' dir='ltr'><strong>inter</strong></span> 
     </span>
    </p>
   </div>
   <div class='ocr_carea' id='block_1_104' title="bbox 2151 3884 3805 3957">
    <p class='ocr_par' dir='ltr' id='par_1_104' title="bbox 2151 3884 3805 3957">
     <span class='ocr_line' id='line_1_108' title="bbox 2151 3884 3805 3957; baseline 0.002 -17"><span class='ocrx_word' id='word_1_784' title='bbox 2151 3902 2212 3940; x_wconf 89' lang='lat' dir='ltr'><strong>se</strong></span> <span class='ocrx_word' id='word_1_785' title='bbox 2243 3885 2511 3957; x_wconf 84' lang='lat' dir='ltr'><strong>dispersa</strong></span> <span class='ocrx_word' id='word_1_786' title='bbox 2547 3884 2685 3957; x_wconf 85' lang='lat' dir='ltr'><strong>_sint</strong></span> <span class='ocrx_word' id='word_1_787' title='bbox 2741 3891 2798 3957; x_wconf 85' lang='lat' dir='ltr'><strong>et</strong></span> <span class='ocrx_word' id='word_1_788' title='bbox 2826 3884 3033 3940; x_wconf 87' lang='lat' dir='ltr'><strong>divisa.</strong></span> <span class='ocrx_word' id='word_1_789' title='bbox 3068 3886 3267 3957; x_wconf 14' lang='lat' dir='ltr'><strong>,Finge</strong></span> <span class='ocrx_word' id='word_1_790' title='bbox 3316 3885 3573 3957; x_wconf 90' lang='lat' dir='ltr'><strong>aliquem</strong></span> <span class='ocrx_word' id='word_1_791' title='bbox 3607 3889 3805 3944; x_wconf 85' lang='lat' dir='ltr'><strong>venire</strong></span> 
     </span>
    </p>
   </div>
   <div class='ocr_carea' id='block_1_105' title="bbox 2152 3954 3802 4028">
    <p class='ocr_par' dir='ltr' id='par_1_105' title="bbox 2152 3954 3802 4028">
     <span class='ocr_line' id='line_1_109' title="bbox 2152 3954 3802 4028; baseline 0.003 -17"><span class='ocrx_word' id='word_1_792' title='bbox 2152 3960 2323 4011; x_wconf 82' lang='lat' dir='ltr'><strong>tantae</strong></span> <span class='ocrx_word' id='word_1_793' title='bbox 2346 3954 2616 4028; x_wconf 64' lang='lat' dir='ltr'><strong>scientiae</strong></span> <span class='ocrx_word' id='word_1_794' title='bbox 2642 3955 2960 4028; x_wconf 89' lang='lat' dir='ltr'><strong>medicum,</strong></span> <span class='ocrx_word' id='word_1_795' title='bbox 2980 3956 3077 4028; x_wconf 87' lang='lat' dir='ltr'><strong>qui</strong></span> <span class='ocrx_word' id='word_1_796' title='bbox 3094 3954 3264 4028; x_wconf 72' lang='lat' dir='ltr'><strong>juxta</strong></span> <span class='ocrx_word' id='word_1_797' title='bbox 3294 3954 3525 4013; x_wconf 82' lang='lat' dir='ltr'><strong>fabulas</strong></span> <span class='ocrx_word' id='word_1_798' title='bbox 3545 3959 3802 4016; x_wconf 88' lang='lat' dir='ltr'><strong>ethnico-</strong></span> 
     </span>
    </p>
   </div>
   <div class='ocr_carea' id='block_1_106' title="bbox 2152 4025 3802 4103">
    <p class='ocr_par' dir='ltr' id='par_1_106' title="bbox 2152 4025 3802 4103">
     <span class='ocr_line' id='line_1_110' title="bbox 2152 4025 3802 4103; baseline 0.002 -22"><span class='ocrx_word' id='word_1_799' title='bbox 2152 4043 2306 4091; x_wconf 90' lang='lat' dir='ltr'><strong>rum,</strong></span> <span class='ocrx_word' id='word_1_800' title='bbox 2331 4025 2729 4097; x_wconf 68' lang='lat' dir='ltr'><strong>IEsculapium</strong></span> <span class='ocrx_word' id='word_1_801' title='bbox 2761 4025 3214 4103; x_wconf 69' lang='lat' dir='ltr'><strong>possit_im_itari,</strong></span> <span class='ocrx_word' id='word_1_802' title='bbox 3252 4035 3311 4084; x_wconf 91' lang='lat' dir='ltr'><strong>et</strong></span> <span class='ocrx_word' id='word_1_803' title='bbox 3338 4028 3395 4103; x_wconf 85' lang='lat' dir='ltr'><strong>in</strong></span> <span class='ocrx_word' id='word_1_804' title='bbox 3421 4045 3633 4103; x_wconf 87' lang='lat' dir='ltr'><strong>novam</strong></span> <span class='ocrx_word' id='word_1_805' title='bbox 3657 4031 3802 4103; x_wconf 84' lang='lat' dir='ltr'><strong>figu-</strong></span> 
     </span>
    </p>
   </div>
   <div class='ocr_carea' id='block_1_107' title="bbox 2153 4098 3804 4168">
    <p class='ocr_par' dir='ltr' id='par_1_107' title="bbox 2153 4098 3804 4168">
     <span class='ocr_line' id='line_1_111' title="bbox 2153 4098 3804 4168; baseline 0.003 -16"><span class='ocrx_word' id='word_1_806' title='bbox 2153 4114 2301 4161; x_wconf 89' lang='lat' dir='ltr'><strong>ram,</strong></span> <span class='ocrx_word' id='word_1_807' title='bbox 2338 4113 2668 4168; x_wconf 90' lang='lat' dir='ltr'><strong>novumque</strong></span> <span class='ocrx_word' id='word_1_808' title='bbox 2692 4114 2924 4165; x_wconf 87' lang='lat' dir='ltr'><strong>nomen,</strong></span> <span class='ocrx_word' id='word_1_809' title='bbox 2947 4098 3215 4154; x_wconf 89' lang='lat' dir='ltr'><strong>Virbium</strong></span> <span class='ocrx_word' id='word_1_810' title='bbox 3239 4099 3527 4155; x_wconf 89' lang='lat' dir='ltr'><strong>suscitare</strong></span> <span class='ocrx_word' id='word_1_811' title='bbox 3558 4119 3571 4156; x_wconf 92' lang='lat'><strong>:</strong></span> <span class='ocrx_word' id='word_1_812' title='bbox 3597 4098 3804 4157; x_wconf 66' lang='lat' dir='ltr'><strong>hiche-</strong></span> 
     </span>
    </p>
   </div>
   <div class='ocr_carea' id='block_1_108' title="bbox 2152 4167 3805 4241">
    <p class='ocr_par' dir='ltr' id='par_1_108' title="bbox 2152 4167 3805 4241">
     <span class='ocr_line' id='line_1_112' title="bbox 2152 4167 3805 4241; baseline 0.002 -17"><span class='ocrx_word' id='word_1_813' title='bbox 2152 4184 2315 4241; x_wconf 9' lang='lat' dir='ltr'><strong>cersse</strong></span> <span class='ocrx_word' id='word_1_814' title='bbox 2338 4167 2575 4223; x_wconf 88' lang='lat' dir='ltr'><strong>habebit</strong></span> <span class='ocrx_word' id='word_1_815' title='bbox 2597 4170 3058 4241; x_wconf 90' lang='lat' dir='ltr'><strong>unumquodque</strong></span> <span class='ocrx_word' id='word_1_816' title='bbox 3081 4171 3410 4225; x_wconf 89' lang='lat' dir='ltr'><strong>membrum</strong></span> <span class='ocrx_word' id='word_1_817' title='bbox 3434 4187 3544 4227; x_wconf 89' lang='lat' dir='ltr'><strong>suo</strong></span> <span class='ocrx_word' id='word_1_818' title='bbox 3564 4171 3692 4228; x_wconf 90' lang='lat' dir='ltr'><strong>loco</strong></span> <span class='ocrx_word' id='word_1_819' title='bbox 3721 4190 3805 4228; x_wconf 88' lang='lat' dir='ltr'><strong>re-</strong></span> 
     </span>
    </p>
   </div>
   <div class='ocr_carea' id='block_1_109' title="bbox 2152 4240 3803 4322">
    <p class='ocr_par' dir='ltr' id='par_1_109' title="bbox 2152 4240 3803 4322">
     <span class='ocr_line' id='line_1_113' title="bbox 2152 4240 3803 4322; baseline 0.003 -28"><span class='ocrx_word' id='word_1_820' title='bbox 2152 4240 2413 4322; x_wconf 73' lang='lat' dir='ltr'><strong>stituere,</strong></span> <span class='ocrx_word' id='word_1_821' title='bbox 2429 4245 2483 4293; x_wconf 91' lang='lat' dir='ltr'><strong>et</strong></span> <span class='ocrx_word' id='word_1_822' title='bbox 2498 4256 2837 4322; x_wconf 72' lang='lat' dir='ltr'><strong>compagem</strong></span> <span class='ocrx_word' id='word_1_823' title='bbox 2850 4240 3132 4322; x_wconf 79' lang='lat' dir='ltr'><strong>copulare</strong></span> <span class='ocrx_word' id='word_1_824' title='bbox 3155 4258 3281 4297; x_wconf 90' lang='lat' dir='ltr'><strong>com</strong></span> <span class='ocrx_word' id='word_1_825' title='bbox 3290 4241 3442 4314; x_wconf 89' lang='lat' dir='ltr'><strong>pagi,</strong></span> <span class='ocrx_word' id='word_1_826' title='bbox 3467 4244 3803 4322; x_wconf 80' lang='lat' dir='ltr'><strong>et_quodam</strong></span> 
     </span>
    </p>
   </div>
   <div class='ocr_carea' id='block_1_110' title="bbox 2150 4310 3800 4385">
    <p class='ocr_par' dir='ltr' id='par_1_110' title="bbox 2150 4310 3800 4385">
     <span class='ocr_line' id='line_1_114' title="bbox 2150 4310 3800 4385; baseline 0.001 -20"><span class='ocrx_word' id='word_1_827' title='bbox 2150 4310 2376 4385; x_wconf 79' lang='lat' dir='ltr'><strong>glutine</strong></span> <span class='ocrx_word' id='word_1_828' title='bbox 2406 4310 3009 4385; x_wconf 84' lang='lat' dir='ltr'><strong>par_tibus_restitutis,</strong></span> <span class='ocrx_word' id='word_1_829' title='bbox 3037 4329 3219 4368; x_wconf 85' lang='lat' dir='ltr'><strong>unum</strong></span> <span class='ocrx_word' id='word_1_830' title='bbox 3243 4310 3456 4385; x_wconf 70' lang='lat' dir='ltr'><strong>corpus</strong></span> <span class='ocrx_word' id='word_1_831' title='bbox 3484 4310 3738 4371; x_wconf 83' lang='lat' dir='ltr'><strong>efficere.</strong></span> <span class='ocrx_word' id='word_1_832' title='bbox 3772 4338 3800 4366; x_wconf 71' lang='grc' dir='ltr'><strong>ιι</strong></span> 
     </span>
    </p>
   </div>
   <div class='ocr_carea' id='block_1_111' title="bbox 2221 4381 3793 4459">
    <p class='ocr_par' dir='ltr' id='par_1_111' title="bbox 2221 4381 3793 4459">
     <span class='ocr_line' id='line_1_115' title="bbox 2221 4381 3793 4459; baseline 0.004 -25"><span class='ocrx_word' id='word_1_833' title='bbox 2221 4381 2463 4459; x_wconf 48' lang='grc' dir='ltr'>(1083)“ε‹</span> <span class='ocrx_word' id='word_1_834' title='bbox 2494 4381 2776 4459; x_wconf 71' lang='grc' dir='ltr'><strong>Ρειι-νιιιιιε</strong></span> <span class='ocrx_word' id='word_1_835' title='bbox 2807 4381 3047 4451; x_wconf 83' lang='lat' dir='ltr'><strong>crescat,</strong></span> <span class='ocrx_word' id='word_1_836' title='bbox 3080 4388 3136 4439; x_wconf 90' lang='lat' dir='ltr'><strong>et</strong></span> <span class='ocrx_word' id='word_1_837' title='bbox 3165 4381 3390 4440; x_wconf 79' lang='lat' dir='ltr'><strong>occulto</strong></span> <span class='ocrx_word' id='word_1_838' title='bbox 3418 4401 3539 4440; x_wconf 67' lang='lat' dir='ltr'><strong>aevo</strong></span> <span class='ocrx_word' id='word_1_839' title='bbox 3568 4387 3630 4441; x_wconf 93' lang='lat' dir='ltr'><strong>in</strong></span> <span class='ocrx_word' id='word_1_840' title='bbox 3665 4404 3793 4459; x_wconf 86' lang='lat' dir='ltr'><strong>per-</strong></span> 
     </span>
    </p>
   </div>
   <div class='ocr_carea' id='block_1_112' title="bbox 2153 4452 3803 4528">
    <p class='ocr_par' dir='ltr' id='par_1_112' title="bbox 2153 4452 3803 4528">
     <span class='ocr_line' id='line_1_116' title="bbox 2153 4452 3803 4528; baseline 0.004 -21"><span class='ocrx_word' id='word_1_841' title='bbox 2153 4452 2359 4528; x_wconf 75' lang='lat' dir='ltr'><strong>fectam</strong></span> <span class='ocrx_word' id='word_1_842' title='bbox 2381 4453 2912 4528; x_wconf 76' lang='lat' dir='ltr'><strong>adolescatzetatem</strong></span> <span class='ocrx_word' id='word_1_843' title='bbox 2942 4472 3152 4528; x_wconf 89' lang='lat' dir='ltr'><strong>;su_um</strong></span> <span class='ocrx_word' id='word_1_844' title='bbox 3176 4472 3391 4511; x_wconf 88' lang='lat' dir='ltr'><strong>manus</strong></span> <span class='ocrx_word' id='word_1_845' title='bbox 3414 4452 3803 4528; x_wconf 48' lang='lat' dir='ltr'><strong>augmen-tum</strong></span> 
     </span>
    </p>
   </div>
   <div class='ocr_carea' id='block_1_113' title="bbox 2151 4523 3806 4600">
    <p class='ocr_par' dir='ltr' id='par_1_113' title="bbox 2151 4523 3806 4600">
     <span class='ocr_line' id='line_1_117' title="bbox 2151 4523 3806 4600; baseline 0.003 -21"><span class='ocrx_word' id='word_1_846' title='bbox 2151 4523 2409 4600; x_wconf 87' lang='lat' dir='ltr'><strong>habebit,</strong></span> <span class='ocrx_word' id='word_1_847' title='bbox 2441 4541 2548 4600; x_wconf 80' lang='lat' dir='ltr'><strong>sua</strong></span> <span class='ocrx_word' id='word_1_848' title='bbox 2567 4525 2742 4600; x_wconf 84' lang='lat' dir='ltr'><strong>pedes</strong></span> <span class='ocrx_word' id='word_1_849' title='bbox 2762 4525 3017 4600; x_wconf 81' lang='lat' dir='ltr'><strong>sentient</strong></span> <span class='ocrx_word' id='word_1_850' title='bbox 3034 4526 3413 4600; x_wconf 75' lang='lat' dir='ltr'><strong>incrementa;</strong></span> <span class='ocrx_word' id='word_1_851' title='bbox 3426 4523 3649 4600; x_wconf 71' lang='lat' dir='ltr'><strong>venter,</strong></span> <span class='ocrx_word' id='word_1_852' title='bbox 3663 4530 3806 4585; x_wconf 90' lang='lat' dir='ltr'><strong>dum</strong></span> 
     </span>
    </p>
   </div>
   <div class='ocr_carea' id='block_1_114' title="bbox 2154 4595 3803 4667">
    <p class='ocr_par' dir='ltr' id='par_1_114' title="bbox 2154 4595 3803 4667">
     <span class='ocr_line' id='line_1_118' title="bbox 2154 4595 3803 4667; baseline 0.003 -16"><span class='ocrx_word' id='word_1_853' title='bbox 2154 4595 2476 4667; x_wconf 82' lang='lat' dir='ltr'><strong>nescimus,</strong></span> <span class='ocrx_word' id='word_1_854' title='bbox 2501 4595 2815 4667; x_wconf 87' lang='lat' dir='ltr'><strong>impletur;</strong></span> <span class='ocrx_word' id='word_1_855' title='bbox 2850 4596 3100 4664; x_wconf 91' lang='lat' dir='ltr'><strong>humeri,</strong></span> <span class='ocrx_word' id='word_1_856' title='bbox 3128 4598 3269 4653; x_wconf 87' lang='lat' dir='ltr'><strong>dum</strong></span> <span class='ocrx_word' id='word_1_857' title='bbox 3320 4598 3610 4654; x_wconf 86' lang='lat' dir='ltr'><strong>falluntur</strong></span> <span class='ocrx_word' id='word_1_858' title='bbox 3630 4595 3803 4667; x_wconf 84' lang='lat' dir='ltr'><strong>oculi,</strong></span> 
     </span>
    </p>
   </div>
   <div class='ocr_carea' id='block_1_115' title="bbox 2152 4666 3806 4742">
    <p class='ocr_par' dir='ltr' id='par_1_115' title="bbox 2152 4666 3806 4742">
     <span class='ocr_line' id='line_1_119' title="bbox 2152 4666 3806 4742; baseline 0.003 -20"><span class='ocrx_word' id='word_1_859' title='bbox 2152 4666 2493 4734; x_wconf 88' lang='lat' dir='ltr'><strong>dilatantur,</strong></span> <span class='ocrx_word' id='word_1_860' title='bbox 2525 4666 2808 4742; x_wconf 34' lang='lat' dir='ltr'><strong>et’omnia</strong></span> <span class='ocrx_word' id='word_1_861' title='bbox 2821 4669 3086 4724; x_wconf 87' lang='lat' dir='ltr'><strong>membra</strong></span> <span class='ocrx_word' id='word_1_862' title='bbox 3099 4685 3203 4741; x_wconf 91' lang='lat' dir='ltr'><strong>per</strong></span> <span class='ocrx_word' id='word_1_863' title='bbox 3232 4673 3427 4741; x_wconf 88' lang='lat' dir='ltr'><strong>partes</strong></span> <span class='ocrx_word' id='word_1_864' title='bbox 3447 4671 3623 4742; x_wconf 83' lang='lat' dir='ltr'><strong>juxta</strong></span> <span class='ocrx_word' id='word_1_865' title='bbox 3644 4666 3806 4727; x_wconf 59' lang='lat' dir='ltr'><strong>mené</strong></span> 
     </span>
    </p>
   </div>
   <div class='ocr_carea' id='block_1_116' title="bbox 2153 4737 3806 4807">
    <p class='ocr_par' dir='ltr' id='par_1_116' title="bbox 2153 4737 3806 4807">
     <span class='ocr_line' id='line_1_120' title="bbox 2153 4737 3806 4807; baseline 0.005 -16"><span class='ocrx_word' id='word_1_866' title='bbox 2153 4754 2351 4792; x_wconf 90' lang='lat' dir='ltr'><strong>suram</strong></span> <span class='ocrx_word' id='word_1_867' title='bbox 2388 4754 2556 4792; x_wconf 89' lang='lat' dir='ltr'><strong>suam</strong></span> <span class='ocrx_word' id='word_1_868' title='bbox 2589 4737 2673 4792; x_wconf 91' lang='lat' dir='ltr'><strong>sic</strong></span> <span class='ocrx_word' id='word_1_869' title='bbox 2714 4745 3002 4803; x_wconf 86' lang='lat' dir='ltr'><strong>crescunt,</strong></span> <span class='ocrx_word' id='word_1_870' title='bbox 3036 4737 3119 4794; x_wconf 57' lang='lat' dir='ltr'><strong>ut</strong></span> <span class='ocrx_word' id='word_1_871' title='bbox 3156 4737 3351 4795; x_wconf 81' lang='lat' dir='ltr'><strong>tamen</strong></span> <span class='ocrx_word' id='word_1_872' title='bbox 3385 4737 3502 4796; x_wconf 79' lang='lat' dir='ltr'><strong>non</strong></span> <span class='ocrx_word' id='word_1_873' title='bbox 3535 4742 3673 4807; x_wconf 89' lang='lat' dir='ltr'><strong>sibi,</strong></span> <span class='ocrx_word' id='word_1_874' title='bbox 3707 4743 3806 4800; x_wconf 85' lang='lat' dir='ltr'><strong>sed</strong></span> 
     </span>
    </p>
   </div>
   <div class='ocr_carea' id='block_1_117' title="bbox 2155 4808 3769 4881">
    <p class='ocr_par' dir='ltr' id='par_1_117' title="bbox 2155 4808 3769 4881">
     <span class='ocr_line' id='line_1_121' title="bbox 2155 4808 3769 4881; baseline 0.003 -16"><span class='ocrx_word' id='word_1_875' title='bbox 2155 4808 2717 4881; x_wconf 9' lang='lat' dir='ltr'><strong>corporigvideantur</strong></span> <span class='ocrx_word' id='word_1_876' title='bbox 2747 4812 2979 4881; x_wconf 84' lang='lat' dir='ltr'><strong>augeri:</strong></span> <span class='ocrx_word' id='word_1_877' title='bbox 3016 4834 3046 4861; x_wconf 86' lang='grc'><strong>››</strong></span> <span class='ocrx_word' id='word_1_878' title='bbox 3076 4811 3156 4867; x_wconf 91' lang='lat' dir='ltr'><strong>ita</strong></span> <span class='ocrx_word' id='word_1_879' title='bbox 3185 4811 3356 4866; x_wconf 91' lang='lat' dir='ltr'><strong>divus</strong></span> <span class='ocrx_word' id='word_1_880' title='bbox 3395 4812 3635 4868; x_wconf 89' lang='lat' dir='ltr'><strong>Hieron.</strong></span> <span class='ocrx_word' id='word_1_881' title='bbox 3667 4815 3769 4870; x_wconf 90' lang='lat' dir='ltr'><strong>ibi.</strong></span> 
     </span>
    </p>
   </div>
   <div class='ocr_carea' id='block_1_118' title="bbox 2224 4879 3666 4955">
    <p class='ocr_par' dir='ltr' id='par_1_118' title="bbox 2224 4879 3666 4955">
     <span class='ocr_line' id='line_1_122' title="bbox 2224 4879 3666 4955; baseline 0.005 -22"><span class='ocrx_word' id='word_1_882' title='bbox 2224 4879 2409 4955; x_wconf 39' lang='lat' dir='ltr'>(108st)</span> <span class='ocrx_word' id='word_1_883' title='bbox 2441 4882 2502 4955; x_wconf 82' lang='lat' dir='ltr'><strong>In</strong></span> <span class='ocrx_word' id='word_1_884' title='bbox 2533 4884 2736 4955; x_wconf 22' lang='lat' dir='ltr'><strong>autog.‘</strong></span> <span class='ocrx_word' id='word_1_885' title='bbox 2766 4879 3078 4955; x_wconf 23' lang='lat' dir='ltr'><strong>[purgabic</strong></span> <span class='ocrx_word' id='word_1_886' title='bbox 3134 4881 3349 4955; x_wconf 84' lang='lat' dir='ltr'><strong>legitur</strong></span> <span class='ocrx_word' id='word_1_887' title='bbox 3378 4899 3505 4955; x_wconf 91' lang='lat' dir='ltr'><strong>cap.</strong></span> <span class='ocrx_word' id='word_1_888' title='bbox 3538 4884 3666 4940; x_wconf 83' lang='lat' dir='ltr'><strong>XVI</strong></span> 
     </span>
    </p>
   </div>
   <div class='ocr_carea' id='block_1_119' title="bbox 2224 4952 3804 5018">
    <p class='ocr_par' dir='ltr' id='par_1_119' title="bbox 2224 4952 3804 5018">
     <span class='ocr_line' id='line_1_123' title="bbox 2224 4952 3804 5018; baseline 0.004 -13"><span class='ocrx_word' id='word_1_889' title='bbox 2224 4953 2409 5018; x_wconf 80' lang='grc'>(1085)</span> <span class='ocrx_word' id='word_1_890' title='bbox 2466 4953 2636 5006; x_wconf 87' lang='lat' dir='ltr'><strong>Juxta</strong></span> <span class='ocrx_word' id='word_1_891' title='bbox 2683 4952 2919 5008; x_wconf 24' lang='lat' dir='ltr'><strong>divium‘</strong></span> <span class='ocrx_word' id='word_1_892' title='bbox 2956 4952 3571 5018; x_wconf 54' lang='lat' dir='ltr'><strong>Hieronfdesperantes</strong></span> <span class='ocrx_word' id='word_1_893' title='bbox 3605 4955 3804 5013; x_wconf 86' lang='lat' dir='ltr'><strong>minus</strong></span> 
     </span>
    </p>
   </div>
   <div class='ocr_carea' id='block_1_120' title="bbox 2155 5020 3810 5096">
    <p class='ocr_par' dir='ltr' id='par_1_120' title="bbox 2155 5020 3810 5096">
     <span class='ocr_line' id='line_1_124' title="bbox 2155 5020 3810 5096; baseline 0.004 -19"><span class='ocrx_word' id='word_1_894' title='bbox 2155 5027 2308 5078; x_wconf 89' lang='lat' dir='ltr'><strong>recte</strong></span> <span class='ocrx_word' id='word_1_895' title='bbox 2320 5040 2352 5076; x_wconf 91' lang='lat' dir='ltr'><strong>a</strong></span> <span class='ocrx_word' id='word_1_896' title='bbox 2367 5022 2407 5077; x_wconf 88' lang='lat' dir='ltr'>G</span> <span class='ocrx_word' id='word_1_897' title='bbox 2418 5040 2561 5096; x_wconf 78' lang='lat' dir='ltr'><strong>raeco</strong></span> <span class='ocrx_word' id='word_1_898' title='bbox 2576 5020 2979 5096; x_wconf 80' lang='grc' dir='ltr'><strong>ἀπηλεγοῦντες</strong></span> <span class='ocrx_word' id='word_1_899' title='bbox 2999 5023 3217 5085; x_wconf 71' lang='grc' dir='ltr'><strong>ἑαύτους</strong></span> <span class='ocrx_word' id='word_1_900' title='bbox 3233 5026 3289 5080; x_wconf 93' lang='lat' dir='ltr'><strong>in</strong></span> <span class='ocrx_word' id='word_1_901' title='bbox 3302 5020 3433 5096; x_wconf 3' lang='lat' dir='ltr'><strong>(Lati</strong></span> <span class='ocrx_word' id='word_1_902' title='bbox 3444 5044 3587 5082; x_wconf 93' lang='lat' dir='ltr'><strong>num</strong></span> <span class='ocrx_word' id='word_1_903' title='bbox 3616 5027 3810 5083; x_wconf 89' lang='lat' dir='ltr'><strong>reddi-</strong></span> 
     </span>
    </p>
   </div>
   <div class='ocr_carea' id='block_1_121' title="bbox 2153 5093 3809 5172">
    <p class='ocr_par' dir='ltr' id='par_1_121' title="bbox 2153 5093 3809 5172">
     <span class='ocr_line' id='line_1_125' title="bbox 2153 5093 3809 5172; baseline 0.004 -24"><span class='ocrx_word' id='word_1_904' title='bbox 2153 5097 2277 5172; x_wconf 74' lang='lat' dir='ltr'><strong>tum</strong></span> <span class='ocrx_word' id='word_1_905' title='bbox 2312 5099 2435 5149; x_wconf 84' lang='lat' dir='ltr'><strong>est:</strong></span> <span class='ocrx_word' id='word_1_906' title='bbox 2470 5093 2815 5172; x_wconf 51' lang='lat' dir='ltr'><strong>desperantes</strong></span> <span class='ocrx_word' id='word_1_907' title='bbox 2832 5096 3045 5167; x_wconf 88' lang='lat' dir='ltr'><strong>quippe</strong></span> <span class='ocrx_word' id='word_1_908' title='bbox 3066 5098 3259 5172; x_wconf 65' lang='lat' dir='ltr'><strong>Greece</strong></span> <span class='ocrx_word' id='word_1_909' title='bbox 3289 5093 3809 5172; x_wconf 62' lang='grc' dir='ltr'><strong>ἀπηλεγοῦντεςιρ-</strong></span> 
     </span>
    </p>
   </div>
   <div class='ocr_carea' id='block_1_122' title="bbox 2154 5163 3808 5241">
    <p class='ocr_par' dir='ltr' id='par_1_122' title="bbox 2154 5163 3808 5241">
     <span class='ocr_line' id='line_1_126' title="bbox 2154 5163 3808 5241; baseline 0.005 -23"><span class='ocrx_word' id='word_1_910' title='bbox 2154 5165 2446 5241; x_wconf 81' lang='lat' dir='ltr'><strong>pellantur</strong></span> <span class='ocrx_word' id='word_1_911' title='bbox 2469 5191 2482 5228; x_wconf 71' lang='grc' dir='ltr'>ς</span> <span class='ocrx_word' id='word_1_912' title='bbox 2517 5163 2894 5241; x_wconf 40' lang='lat' dir='ltr'><strong>sinuosae;</strong></span> <span class='ocrx_word' id='word_1_913' title='bbox 2907 5163 3100 5241; x_wconf 77' lang='lat' dir='ltr'><strong>autem</strong></span> <span class='ocrx_word' id='word_1_914' title='bbox 3118 5167 3174 5221; x_wconf 91' lang='lat' dir='ltr'><strong>hi</strong></span> <span class='ocrx_word' id='word_1_915' title='bbox 3195 5184 3261 5222; x_wconf 90' lang='lat' dir='ltr'><strong>su</strong></span> <span class='ocrx_word' id='word_1_916' title='bbox 3272 5173 3355 5238; x_wconf 86' lang='lat' dir='ltr'><strong>nt,</strong></span> <span class='ocrx_word' id='word_1_917' title='bbox 3375 5163 3473 5238; x_wconf 88' lang='lat' dir='ltr'><strong>qui</strong></span> <span class='ocrx_word' id='word_1_918' title='bbox 3487 5163 3808 5241; x_wconf 70' lang='lat' dir='ltr'><strong>postquam</strong></span> 
     </span>
    </p>
   </div>
   <div class='ocr_carea' id='block_1_123' title="bbox 2156 5237 3809 5310">
    <p class='ocr_par' dir='ltr' id='par_1_123' title="bbox 2156 5237 3809 5310">
     <span class='ocr_line' id='line_1_127' title="bbox 2156 5237 3809 5310; baseline 0.004 -20"><span class='ocrx_word' id='word_1_919' title='bbox 2156 5237 2538 5310; x_wconf 77' lang='lat' dir='ltr'><strong>peccaverint,</strong></span> <span class='ocrx_word' id='word_1_920' title='bbox 2574 5254 2689 5310; x_wconf 76' lang='lat' dir='ltr'><strong>non</strong></span> <span class='ocrx_word' id='word_1_921' title='bbox 2722 5237 2923 5310; x_wconf 85' lang='lat' dir='ltr'><strong>dolent</strong></span> <span class='ocrx_word' id='word_1_922' title='bbox 2946 5237 3461 5310; x_wconf 85' lang='lat' dir='ltr'><strong>;quinequaquam</strong></span> <span class='ocrx_word' id='word_1_923' title='bbox 3488 5237 3809 5298; x_wconf 74' lang='lat' dir='ltr'><strong>sentientes</strong></span> 
     </span>
    </p>
   </div>
   <div class='ocr_carea' id='block_1_124' title="bbox 2156 5308 3811 5392">
    <p class='ocr_par' dir='ltr' id='par_1_124' title="bbox 2156 5308 3811 5392">
     <span class='ocr_line' id='line_1_128' title="bbox 2156 5308 3811 5392; baseline 0.005 -31"><span class='ocrx_word' id='word_1_924' title='bbox 2156 5308 2381 5392; x_wconf 59' lang='lat' dir='ltr'><strong>puina&#39;n</strong></span> <span class='ocrx_word' id='word_1_925' title='bbox 2401 5325 2592 5392; x_wconf 64' lang='lat' dir='ltr'><strong>suam,</strong></span> <span class='ocrx_word' id='word_1_926' title='bbox 2611 5308 3597 5392; x_wconf 50' lang='lat' dir='ltr'><strong>ferunturinpronum,et&#39;tanquam</strong></span> <span class='ocrx_word' id='word_1_927' title='bbox 3614 5313 3811 5392; x_wconf 66' lang='lat' dir='ltr'><strong>bestia!</strong></span> 
     </span>
    </p>
   </div>
   <div class='ocr_carea' id='block_1_125' title="bbox 2155 5378 3811 5449">
    <p class='ocr_par' dir='ltr' id='par_1_125' title="bbox 2155 5378 3811 5449">
     <span class='ocr_line' id='line_1_129' title="bbox 2155 5378 3811 5449; baseline 0.005 -18"><span class='ocrx_word' id='word_1_928' title='bbox 2155 5380 2373 5433; x_wconf 86' lang='lat' dir='ltr'><strong>ferrum</strong></span> <span class='ocrx_word' id='word_1_929' title='bbox 2404 5380 2685 5443; x_wconf 90' lang='lat' dir='ltr'><strong>videntes,</strong></span> <span class='ocrx_word' id='word_1_930' title='bbox 2720 5378 2775 5433; x_wconf 93' lang='lat' dir='ltr'><strong>in</strong></span> <span class='ocrx_word' id='word_1_931' title='bbox 2813 5378 3058 5435; x_wconf 80' lang='lat' dir='ltr'><strong>mortem</strong></span> <span class='ocrx_word' id='word_1_932' title='bbox 3090 5385 3288 5449; x_wconf 86' lang='lat' dir='ltr'><strong>ruunt,</strong></span> <span class='ocrx_word' id='word_1_933' title='bbox 3314 5378 3811 5440; x_wconf 84' lang='lat' dir='ltr'><strong>scilicetindoleu-</strong></span> 
     </span>
    </p>
   </div>
   <div class='ocr_carea' id='block_1_126' title="bbox 2154 5449 3807 5525">
    <p class='ocr_par' dir='ltr' id='par_1_126' title="bbox 2154 5449 3807 5525">
     <span class='ocr_line' id='line_1_130' title="bbox 2154 5449 3807 5525; baseline 0.006 -24"><span class='ocrx_word' id='word_1_934' title='bbox 2154 5449 2735 5525; x_wconf 76' lang='lat' dir='ltr'><strong>tes_,_sive_i_ndolorii.</strong></span> <span class='ocrx_word' id='word_1_935' title='bbox 2770 5450 2912 5505; x_wconf 88' lang='lat' dir='ltr'><strong>Nam</strong></span> <span class='ocrx_word' id='word_1_936' title='bbox 2946 5456 3002 5506; x_wconf 90' lang='lat' dir='ltr'><strong>et</strong></span> <span class='ocrx_word' id='word_1_937' title='bbox 3032 5451 3269 5525; x_wconf 79' lang='lat' dir='ltr'><strong>quidam</strong></span> <span class='ocrx_word' id='word_1_938' title='bbox 3295 5451 3807 5525; x_wconf 80' lang='lat' dir='ltr'><strong>philosophorum,</strong></span> 
     </span>
    </p>
   </div>
   <div class='ocr_carea' id='block_1_127' title="bbox 2154 5518 3810 5593">
    <p class='ocr_par' dir='ltr' id='par_1_127' title="bbox 2154 5518 3810 5593">
     <span class='ocr_line' id='line_1_131' title="bbox 2154 5518 3810 5593; baseline 0.003 -19"><span class='ocrx_word' id='word_1_939' title='bbox 2154 5518 2378 5593; x_wconf 83' lang='lat' dir='ltr'><strong>scilicet</strong></span> <span class='ocrx_word' id='word_1_940' title='bbox 2407 5518 3116 5593; x_wconf 53' lang='lat' dir='ltr'><strong>Dionysiuscognomen&#39;to</strong></span> <span class='ocrx_word' id='word_1_941' title='bbox 3141 5518 3611 5582; x_wconf 75' lang='lat' dir='ltr'><strong>Metathemenus</strong></span> <span class='ocrx_word' id='word_1_942' title='bbox 3642 5518 3810 5580; x_wconf 75' lang='grc' dir='ltr'>ἀναλέ</span> 
     </span>
    </p>
   </div>
   <div class='ocr_carea' id='block_1_128' title="bbox 2153 5588 3351 5666">
    <p class='ocr_par' dir='ltr' id='par_1_128' title="bbox 2153 5588 3351 5666">
     <span class='ocr_line' id='line_1_132' title="bbox 2153 5588 3351 5666; baseline 0.005 -24"><span class='ocrx_word' id='word_1_943' title='bbox 2153 5588 2471 5666; x_wconf 37' lang='grc' dir='ltr'><strong>γηςῖφμᾘὶῥ</strong></span> <span class='ocrx_word' id='word_1_944' title='bbox 2491 5588 2601 5666; x_wconf 83' lang='lat' dir='ltr'><strong>est,</strong></span> <span class='ocrx_word' id='word_1_945' title='bbox 2633 5588 2964 5666; x_wconf 66' lang='lat' dir='ltr'><strong>indoldriam</strong></span> <span class='ocrx_word' id='word_1_946' title='bbox 2998 5594 3351 5666; x_wconf 57' lang='lat' dir='ltr'><strong>praedicavit.</strong></span> 
     </span>
    </p>
   </div>
   <div class='ocr_carea' id='block_1_129' title="bbox 2224 5661 3812 5787">
    <p class='ocr_par' dir='ltr' id='par_1_129' title="bbox 2224 5661 3812 5787">
     <span class='ocr_line' id='line_1_133' title="bbox 2224 5661 3812 5787; baseline 0.005 -72"><span class='ocrx_word' id='word_1_947' title='bbox 2224 5661 2407 5787; x_wconf 61' lang='lat'>(11086)</span> <span class='ocrx_word' id='word_1_948' title='bbox 2438 5662 2801 5745; x_wconf 77' lang='lat' dir='ltr'><strong>Divinatione</strong></span> <span class='ocrx_word' id='word_1_949' title='bbox 2831 5661 3250 5749; x_wconf 37' lang='lat' dir='ltr'><strong>pene-dixerim</strong></span> <span class='ocrx_word' id='word_1_950' title='bbox 3284 5664 3446 5747; x_wconf 80' lang='lat' dir='ltr'><strong>hisce</strong></span> <span class='ocrx_word' id='word_1_951' title='bbox 3473 5668 3671 5725; x_wconf 89' lang='lat' dir='ltr'><strong>verbis</strong></span> <span class='ocrx_word' id='word_1_952' title='bbox 3717 5668 3812 5729; x_wconf 82' lang='lat' dir='ltr'><strong>in-</strong></span> 
     </span>
     <span class='ocr_line' id='line_1_134' title="bbox 2224 5730 3805 5787; baseline 0.001 -2"><span class='ocrx_word' id='word_1_953' title='bbox 2224 5730 2233 5785; x_wconf 86' lang='lat' dir='ltr'><strong>l</strong></span> <span class='ocrx_word' id='word_1_954' title='bbox 2260 5734 2509 5787; x_wconf 75' lang='lat' dir='ltr'><strong>mendis.</strong></span> <span class='ocrx_word' id='word_1_955' title='bbox 2539 5738 2826 5787; x_wconf 79' lang='lat' dir='ltr'><strong>rectamne</strong></span> <span class='ocrx_word' id='word_1_956' title='bbox 2857 5735 3090 5787; x_wconf 78' lang='lat' dir='ltr'><strong>lectioni</strong></span> <span class='ocrx_word' id='word_1_957' title='bbox 3123 5736 3440 5787; x_wconf 73' lang='lat' dir='ltr'><strong>reddendi:</strong></span> <span class='ocrx_word' id='word_1_958' title='bbox 3469 5754 3623 5787; x_wconf 69' lang='lat' dir='ltr'><strong>onus</strong></span> <span class='ocrx_word' id='word_1_959' title='bbox 3652 5738 3766 5787; x_wconf 69' lang='lat' dir='ltr'><strong>fuit.</strong></span> <span class='ocrx_word' id='word_1_960' title='bbox 3790 5754 3805 5787; x_wconf 70' lang='grc' dir='ltr'>ε</span> 
     </span>
    </p>
   </div>
   <div class='ocr_carea' id='block_1_130' title="bbox 2154 5730 3805 5812">
    <p class='ocr_par' dir='ltr' id='par_1_130' title="bbox 2154 5730 3805 5812">
     <span class='ocr_line' id='line_1_135' title="bbox 2154 5730 3805 5812; baseline 0.005 -25"><span class='ocrx_word' id='word_1_961' title='bbox 2154 5730 2509 5806; x_wconf 71' lang='grc' dir='ltr'><strong>ιθηὶεθιιᾱὶε,</strong></span> <span class='ocrx_word' id='word_1_962' title='bbox 2539 5730 3092 5807; x_wconf 66' lang='grc' dir='ltr'><strong>ιεθοιωᾳιιθἸθοιίοιιί</strong></span> <span class='ocrx_word' id='word_1_963' title='bbox 3123 5736 3440 5795; x_wconf 78' lang='lat' dir='ltr'><strong>reddendis</strong></span> <span class='ocrx_word' id='word_1_964' title='bbox 3469 5754 3623 5812; x_wconf 82' lang='lat' dir='ltr'><strong>Opus</strong></span> <span class='ocrx_word' id='word_1_965' title='bbox 3652 5738 3805 5796; x_wconf 81' lang='lat' dir='ltr'><strong>fuit:</strong></span> 
     </span>
    </p>
   </div>
  </div>
