3978 6210
182 374 296 436 569

729 375 1143 439 EXPOSITIO
1189 378 1267 439 IN
1314 380 1741 441 EPISTOLAS
1785 378 2050 443 PAULI.
2084 411 2162 426 -
2192 376 2267 440 IN
2314 378 2562 441 EPIST.
2611 380 2714 441 AD
2760 377 3039 439 EPHES.

3473 376 3594 437 570

181 509 412 565 tradunt
440 507 1155 571 immunditim,facientes
1188 512 1473 583 quidquid
1507 531 1717 584 corpus
1741 530 1834 568 vo-
1869 516 1919 581 Α
1953 513 2008 567 in
2043 513 2163 568 solo
2218 514 2358 569 Jesu
2396 531 2407 567 :
2444 513 2539 568 alii
2591 512 2744 567 enim
2804 528 2871 566 ex
2916 515 3080 583 parte
3136 508 3588 580 cognoscebant.

192 597 373 663 luerit,
406 614 541 652 caro
566 597 986 653 desideraverit
1011 606 1065 653 et
1098 601 1275 656 libido
1304 605 1677 673 suggesserit.
1732 604 1834 657 Fa-

190 688 345 741 ciunt
375 686 481 741 hoc
516 689 575 741 in
606 690 929 750 avaritiam,
958 691 1096 743 dum
1158 708 1457 762 nunquam
1491 693 1838 747 luxuriando

190 781 545 841 saturantur,
583 792 687 830 nec
720 794 921 831 eorum
953 779 1221 848 voluptas
1240 781 1557 835 terminum
1619 781 1791 834 habet
1825 800 1837 846 ;

192 865 323 936 quia
355 864 509 919 ultra
534 881 881 920 Concessum
916 867 1019 920 viri
1053 868 1122 921 ad
1160 868 1430 922 feminam
1479 870 1841 939 conjunctio-

197 970 349 1018 nem,
384 955 452 1007 ad
485 956 710 1025 majora
738 957 1409 1016 conscendunt.masculi
1435 959 1490 1012 in
1554 960 1843 1013 masculos

200 1043 622 1113 turpitudinem
658 1051 987 1115 operantes,
1016 1051 1069 1099 et
1110 1049 1435 1102 mercedem
1487 1050 1699 1103 erroris
1752 1050 1843 1102 sui

199 1132 540 1202 recipientes
573 1134 629 1187 in
664 1134 1018 1206 semetipsis.
1058 1141 1131 1189 De
1162 1153 1226 1191 eo
1260 1138 1410 1207 quod
1474 1140 1846 1208 Operationem

198 1221 563 1276 immunditiis
594 1226 788 1287 omnis,
824 1227 881 1279 in
908 1228 1166 1295 avaritia,
1202 1243 1316 1279 non
1349 1228 1415 1279 ad
1452 1227 1848 1291 avaritiam,ut

200 1318 391 1378 sonat,
426 1309 766 1382 simpliciter
796 1318 1106 1384 pertinere,
1142 1317 1243 1369 sed
1276 1316 1344 1369 ad
1404 1314 1730 1377 libidinem,
1774 1314 1845 1368 ad

202 1397 744 1455 Thessalonicenses
778 1402 1065 1468 scribens,
1098 1403 1467 1459 demonstrat
1514 1403 1843 1475 Apostolus-

196 1485 290 1539 Ait
317 1487 470 1541 enim
510 1504 522 1541 :
556 1490 675 1544 Haec
695 1493 771 1544 est
802 1492 953 1545 enim
988 1492 1237 1546 voluntas
1268 1494 1365 1547 Dei
1394 1494 1437 1560 (I
1472 1493 1649 1547 Thess.
1672 1494 1844 1562 v1,3),

199 1578 332 1641 etc.,
362 1592 552 1647 usque
586 1595 598 1631 :
637 1582 699 1635 Bt
730 1596 799 1633 ne
830 1582 952 1651 quis
998 1582 1471 1651 supergrediatur,
1520 1598 1693 1652 neque
1737 1584 1847 1636 cir-

201 1668 511 1720 cumveniat
542 1668 605 1721 in
632 1670 847 1738 negotio
876 1672 1119 1739 fratrum
1151 1687 1309 1724 suum
1332 1671 1665 1741 (1807).Qua
1691 1671 1845 1725 enim

202 1756 726 1825 consequentia,vel
758 1757 966 1825 hic,vel
989 1758 1168 1823 ibi,de
1201 1760 1576 1814 immunditia
1605 1761 1849 1830 loquens

201 1843 384 1897 subito
413 1846 485 1900 de
521 1846 769 1900 avaritia
797 1847 1174 1918 disputaret?

268 1934 443 2004 (1088)
475 1936 757 2005 Sequitur
788 1953 800 1990 :
844 1938 937 1991 Vos
966 1940 1167 2003 autem,
1201 1944 1312 1992 etc.
1348 1938 1493 1993 Nam
1544 1941 1592 1993 si
1652 1956 1853 1995 omnes

203 2022 600 2091 audirent,aut
621 2024 912 2079 discerent
930 2026 1249 2093 Christum,
1272 2028 1369 2097 qui
1403 2029 1606 2082 audire
1661 2030 1856 2083 viden-

204 2114 310 2175 tur,
339 2129 453 2166 non
488 2113 787 2179 diceret,si
813 2119 1130 2177 tamen,etc.
1159 2116 1325 2171 Novit
1355 2116 1505 2170 enim
1536 2117 1851 2179 Christum,

206 2201 297 2270 qui
330 2203 1250 2273 novitsapientiam,prudentiam
1278 2207 1777 2276 atquejustitiam,
1800 2212 1855 2261 et

204 2290 645 2347 veritatem.lste
666 2291 802 2346 talis
834 2309 945 2347 non
982 2298 1171 2364 potest
1199 2294 1498 2348 ambulare
1522 2295 1577 2348 in
1601 2295 1854 2349 vanitate

214 2380 418 2447 cordis,
454 2397 561 2433 nec
593 2381 903 2435 caecitatem
940 2382 1171 2446 habere,
1231 2384 1369 2454 quia
1423 2383 1619 2439 lumen
1653 2385 1806 2438 videt
1839 2403 1851 2451 ;

217 2482 329 2520 non
363 2484 422 2522 se
453 2468 635 2522 tradit
680 2470 1076 2541 impudicitiae,
1138 2472 1276 2542 quia
1324 2478 1640 2527 amatorem
1702 2474 1855 2529 videt

218 2556 537 2611 munditia.
573 2557 868 2613 Discamus
891 2558 1187 2613 Christum
1216 2578 1227 2625 ;
1253 2561 1305 2614 id
1325 2566 1432 2625 est,
1456 2562 1758 2617 veniamus
1780 2564 1850 2618 ad

208 2661 359 2709 eum,
392 2648 493 2717 qui
531 2647 813 2701 veraciter
835 2648 1025 2703 dicere
1048 2654 1275 2719 potest:
1310 2652 1386 2703 An
1418 2653 1853 2719 experimentum

208 2735 401 2803 (1089),
429 2739 547 2790 etc.
586 2752 598 2788 :
632 2736 767 2805 quia
792 2736 847 2790 in
881 2737 1008 2807 ipso
1050 2738 1323 2792 audimus
1354 2739 1669 2795 Christum.
1704 2742 1848 2796 Nam

207 2819 259 2868 et
288 2831 385 2885 per
414 2814 679 2870 ocultam
714 2816 1176 2886 inspirationem,
1214 2820 1446 2888 quando
1486 2820 1629 2888 vult,
1664 2822 1848 2876 docet.

276 2902 419 2959 Sicut
446 2910 535 2959 est
567 2906 771 2959 veritas
803 2908 859 2958 in
899 2907 1062 2961 Iesu:
1116 2907 1230 2961 Hoc
1276 2925 1484 2963 nomen
1537 2909 1851 2981 aliquando

208 2991 526 3063 hominem,
565 2998 629 3047 ut
660 2993 800 3049 illuc
834 3012 845 3049 :
878 2996 1094 3050 l'ocabis
1121 3013 1312 3051 nomen
1337 3000 1457 3068 ejus
1484 3001 1660 3054 Jesum
1687 3001 1853 3067 (Luc.

210 3097 246 3149 1,
278 3082 361 3151 31)
395 3101 406 3149 ;
440 3082 768 3151 aliquando
819 3084 1095 3149 Verbum,
1138 3090 1201 3138 ut
1232 3084 1373 3139 illud
1410 3102 1421 3140 :
1457 3088 1621 3141 Nobis
1673 3092 1854 3142 autem

209 3186 343 3224 unus
373 3174 650 3226 Dominus
691 3176 856 3226 Jesus
921 3189 990 3227 ea:
1020 3190 1122 3243 quo
1176 3177 1358 3228 omnia
1391 3176 1439 3245 (I
1468 3176 1586 3230 Cor.
1621 3194 1740 3245 vm,
1773 3177 1849 3246 6),

2018 605 2065 671 (1
2096 608 2223 657 For.
2255 621 2377 670 xiii,
2409 605 2482 675 9).
2526 604 2580 657 1n
2617 603 2737 657 solo
2767 603 2903 657 Jesu
2932 602 3203 672 apparuit
3234 600 3465 665 veritas,
3490 598 3591 669 qui

1951 694 2315 747 confidenter
2340 693 2481 747 dicit
2507 711 2519 749 :
2545 694 2651 759 Ego
2679 709 2797 745 sum
2842 695 3041 745 veritas
3072 692 3246 759 (Joan.
3280 706 3394 755 xw,
3423 688 3594 758 6).De

1949 797 2015 835 eo
2047 782 2198 851 quod
2235 782 2344 835 ista
2364 782 2572 835 veritas
2606 798 2717 835 non
2751 780 2807 833 in
2841 779 3007 845 valle,
3042 780 3139 833 sed
3175 779 3233 832 in
3294 783 3513 845 monte,
3538 782 3594 831 et

1952 886 2083 924 cum
2118 870 2226 929 lex,
2256 876 2309 924 et
2360 871 2665 941 prophetia
2716 869 3080 939 intelligitur,
3139 868 3404 933 videtur;
3441 866 3593 920 unde

1954 959 2176 1029 Moyses
2208 965 2262 1012 et
2288 958 2435 1013 Elias
2477 960 2531 1012 in
2568 965 2785 1023 monte,
2835 958 3149 1012 clariﬁcato
3194 956 3463 1019 Domino,
3513 954 3593 1009 vi-

1954 1046 2164 1101 dentur
2196 1049 2210 1116 (
2238 1048 2440 1102 Matth.
2465 1066 2600 1112 xvn,
2625 1052 2699 1117 '3).

2027 1137 2333 1205 Sequitur:
2371 1139 2639 1206 Deponere
2693 1154 2803 1205 vos,
2836 1141 2944 1190 etc.
2978 1136 3046 1190 Et
3077 1138 3164 1189 est
3195 1135 3335 1189 ordo
3388 1133 3596 1187 verbo-

1955 1241 2084 1277 rum
2113 1240 2124 1277 :
2166 1227 2257 1278 Vos
2280 1234 2471 1277 autem
2500 1242 2607 1278 non
2630 1229 2707 1278 ita
2730 1226 2994 1278 didicistis
3023 1224 3387 1290 Christum,si
3418 1226 3603 1275 tamen.

1957 1313 2122 1366 illum
2155 1312 2407 1381 audistis,
2430 1320 2526 1367 aut
2563 1315 2620 1367 in
2653 1314 2753 1366 illo
2782 1313 2956 1367 edocti
2986 1315 3117 1366 estis
3148 1313 3433 1381 deponere,
3467 1315 3599 1374 etc.,

1960 1417 2165 1471 usque,
2199 1404 2410 1455 erroris
2435 1407 2519 1455 :et
2541 1401 2821 1455 subdere:
2856 1400 3003 1454 Sicut
3036 1401 3330 1453 estveritas
3364 1401 3425 1453 in
3453 1399 3599 1453 Jesu.

1959 1489 2029 1542 Ut
2052 1489 2127 1543 sit
2157 1506 2399 1543 sensus:
2438 1490 2737 1553 Quomodo
2756 1494 2845 1543 est
2876 1488 3163 1543 veritasin
3189 1491 3346 1552 Jesu,
3380 1486 3463 1541 sic
3494 1486 3604 1540 erit

1958 1578 2016 1631 in
2051 1578 2232 1643 vobis,
2266 1580 2363 1648 qui
2390 1578 2660 1633 didicistis
2694 1579 2987 1643 Christum,
3021 1578 3070 1631 el
3100 1577 3248 1632 docti
3287 1578 3415 1630 estis
3440 1575 3602 1645 depo-

1958 1683 2092 1721 nere
2121 1668 2448 1723 secundum.
2480 1669 2627 1722 Nota
2652 1684 2766 1738 quo
2817 1666 3197 1733 conversatio,
3232 1681 3346 1719 non
3396 1668 3605 1719 natura

1959 1758 2338 1828 deponenda;
2374 1758 2431 1811 id
2466 1762 2573 1822 est,
2600 1756 2756 1811 mala
2786 1756 2997 1811 veteris
3046 1754 3305 1810 hominis
3334 1753 3472 1822 vita,
3505 1751 3606 1823 qui

1881 1884 1927 1948 B
1962 1845 2219 1916 quotidie
2240 1848 2636 1916 corrumpitur,
2667 1852 2723 1900 et
2745 1846 2814 1899 ad
2836 1846 3033 1916 pejora
3054 1844 3261 1899 tendit.
3286 1843 3433 1897 Nota
3450 1842 3604 1913 quod

1964 1935 2081 1989 haec
2115 1935 2408 2005 corruptio
2441 1952 2554 1989 non
2587 1939 2675 1989 est
2700 1933 2820 1997 illa,
2856 1934 2925 1987 de
2957 1950 3071 2003 qua
3094 1933 3310 1987 dicitur
3342 1932 3493 1986 :Etsi
3514 1946 3607 1985 ex-
3646 1942 3653 1949 ’

1960 2026 2133 2079 terior
2168 2024 2328 2078 homo
2358 2028 2540 2078 noster
2567 2024 2941 2093 corrumpitur
2961 2023 3162 2091 (1090),
3196 2026 3305 2075 etc.

2033 2114 2306 2181 Sequitur
2332 2129 2341 2165 :
2381 2113 2741 2166 Renovamini
2756 2115 2938 2165 autem
2956 2112 3154 2179 spiritu
3174 2110 3375 2163 mentis
3396 2108 3603 2179 (1091),

1962 2207 2070 2255 etc.
2105 2200 2183 2254 De
2205 2218 2270 2255 eo
2302 2202 2454 2271 quod
2485 2218 2587 2255 nec
2621 2205 2815 2255 mente
2846 2201 3067 2269 absque
3098 2198 3453 2270 spiritu,nec
3486 2196 3605 2267 spi-

1962 2289 2073 2343 ritu
2099 2292 2321 2360 absque
2343 2296 2535 2344 mente
2552 2306 2917 2345 renovamur.
2943 2288 3105 2343 Sicut
3120 2286 3604 2357 oramusspiritu,

1963 2396 2198 2433 oramus
2212 2386 2267 2432 et
2289 2386 2501 2433 mente.
2528 2380 2609 2433 Ita
2625 2377 3193 2448 renovamurspiritu
3226 2375 3605 2441 mentis,cum

1964 2484 2128 2522 mens
2170 2469 2391 2522 munda
2425 2467 2599 2522 fuerit
2638 2487 2649 2532 ;
2686 2474 2823 2521 tunc
2850 2467 2899 2521 ei
2927 2465 3201 2536 jungitur
3249 2464 3514 2535 spiritus,
3552 2467 3608 2517 et

1961 2555 2265 2611 induimus
2297 2574 2504 2611 novum
2521 2556 2840 2611 hominem.
2868 2555 3017 2620 Quid
3042 2554 3198 2608 enim
3224 2553 3281 2606 in
3312 2552 3607 2606 Salvatore

1960 2662 2075 2699 non
2090 2650 2408 2699 estnovum
2436 2645 2800 2716 ?Conceptus
2830 2644 3036 2713 (1092),
3064 2641 3355 2710 nativitas,
3378 2646 3603 2711 partus,

1960 2735 2245 2802 doctrina,
2273 2734 2409 2801 vita,
2443 2751 2602 2799 crux,
2629 2733 2997 2801 resurrectio,
3031 2735 3088 2787 et
3120 2732 3189 2786 ad
3214 2730 3386 2785 cmlos
3405 2746 3607 2784 ascen-

1960 2823 2067 2878 sio.
2089 2824 2185 2878 Hie
2203 2828 2277 2877 est
2310 2826 2369 2878 in
2391 2825 2640 2894 justitia,
2687 2828 2794 2878 etc.
2828 2822 2932 2885 Qui
2966 2838 3097 2875 vero
3120 2820 3281 2874 illam
3316 2818 3603 2883 imitatur,

1958 2911 2067 2965 iste
2093 2930 2304 2966 novum
2338 2913 2636 2967 hominem
2656 2912 2898 2965 indutus
2921 2914 3027 2965 est.
3054 2910 3133 2964 De
3149 2926 3213 2964 eo
3237 2908 3389 2979 quod
3405 2908 3611 2961 erectio

1963 3000 2021 3053 in
2058 3001 2272 3055 Laetine
2296 3002 2567 3071 signficat
2597 3003 3059 3070 generationnem,
3088 2999 3207 3052 sive
3236 2998 3608 3053 nativitatem.

1961 3089 2017 3143 in
2050 3090 2243 3144 Graeco
2278 3096 2495 3157 autem,
2528 3092 2800 3160 facturam
2832 3089 3012 3159 (1093]
3051 3106 3062 3143 :
3099 3086 3261 3142 Unde
3294 3103 3407 3139 non
3442 3086 3611 3139 intel-

1962 3177 2166 3249 ligitur
2189 3196 2221 3233 a
2251 3179 2474 3246 multis,
2506 3180 2658 3249 quod
2705 3178 3007 3249 Sapientia
3039 3175 3217 3230 dicit:
3264 3176 3529 3229 Dominus
3550 3176 3613 3229 in

208 3258 521 3330 significat-
561 3260 755 3314 Potest
791 3265 987 3315 autem
1021 3265 1077 3314 et
1129 3261 1208 3315 ita
1240 3263 1483 3333 intelligi
1521 3281 1533 3318 :
1570 3265 1719 3319 Sicut
1776 3270 1855 3319 est
1884 3251 1925 3316 C
1961 3269 2236 3338 principio
2266 3269 2470 3321 creavit
2501 3284 2587 3320 me
2610 3269 2792 3335 (Prov.
2830 3282 2955 3331 vm,
2988 3265 3057 3316 22
3078 3280 3097 3325 ,·
3130 3256 3294 3317 Eccti.
3319 3278 3470 3327 xxxv,
3500 3263 3608 3331 14).

206 3350 390 3404 veritas
422 3352 479 3404 in
524 3349 669 3413 Iesu,
713 3350 864 3420 quod
924 3350 981 3403 in
1034 3350 1193 3404 nullo
1228 3352 1712 3421 patriarcharum,
1770 3354 1856 3408 vel

204 3439 655 3509 prophetarum,
678 3437 737 3491 in
762 3437 923 3493 nullo
946 3439 1340 3509 apostolorum
1357 3442 1567 3496 veritas
1590 3443 1721 3509 fuit,
1745 3443 1857 3497 nisi

210 3578 341 3637 nam
374 3562 430 3615 in
453 3562 761 3637 codiceita
783 3567 1016 3637 exarata
1036 3569 1301 3637 prostant
1323 3566 1631 3619 :matorum
1651 3568 1859 3637 suppli-

210 3636 441 3688 cationes
469 3651 525 3688 se
546 3632 803 3688 credunt.
839 3635 1090 3704 Scopum
1118 3636 1430 3705 attigerim,
1484 3654 1555 3689 an
1590 3632 1726 3704 non,
1753 3632 1857 3691 Ἰρ-

214 3706 673 3776 ctorumjudicio
698 3705 944 3759 libenter
977 3705 1490 3776 relinquam.lllud
1522 3708 1708 3761 solum
1752 3711 1858 3763 ad-

213 3775 337 3829 dam
368 3795 380 3843 ;
415 3776 565 3831 nihil
604 3793 731 3850 meo
764 3776 1003 3850 arbitrio
1036 3775 1857 3850 iislbrmandisverbisinges-

209 3852 351 3909 tum,
387 3854 601 3918 printer
629 3847 881 3901 litteram
914 3851 936 3901 i
966 3849 1118 3902 inter
1148 3850 1293 3903 duas
1324 3850 1547 3903 litteras
1574 3868 1602 3904 ε
1632 3868 1665 3904 α
1697 3847 1856 3906 verbi

210 3919 909 3990 suppliciaquodsupptica
929 3921 1210 3989 scriptum
1251 3926 1338 3975 est
1364 3939 1376 3975 :
1398 3922 1680 3990 particula
1701 3925 1857 3977 enim

212 3992 467 4059 negativa
480 3990 951 4063 nonimimediate
967 4008 1031 4044 su
1045 3992 1357 4062 bsequens,
1376 4009 1407 4062 q
1420 3995 1648 4047 uamvis
1668 3995 1858 4063 potius

212 4062 857 4135 tionvideaturret‘erre;
874 4068 1217 4135 cumtamen
1234 4062 1746 4135 nullumpunctum
1767 4084 1859 4120 su-

213 4133 575 4206 perlitteram
605 4131 1029 4206 ibic,nec_ali_bi
1062 4134 1177 4188 fere
1197 4131 1774 4206 unquam'appareat;
1805 4142 1861 4191 et

214 4204 333 4257 dua;
366 4204 573 4259 litterae
602 4204 935 4277 tiparvulee
969 4204 1132 4259 lineae
1180 4204 1531 4270 superioris,
1554 4204 1678 4277 qua}
1703 4208 1857 4263 litte-

214 4291 329 4329 ram
354 4286 370 4329 t
391 4291 596 4331 secare
610 4277 776 4347 solet,
791 4278 1143 4347 ope,junctae
1160 4279 1277 4331 sint
1300 4277 1407 4331 hoc
1430 4280 1599 4332 modo
1622 4282 1669 4333 ti
1688 4300 1701 4343 ς
1726 4282 1859 4334 abs-

215 4360 321 4415 que
342 4347 695 4419 dit'ﬁcultate
727 4345 850 4402 loco
881 4350 995 4402 tion
1020 4349 1099 4401 ita
1132 4348 1241 4419 legi
1276 4366 1445 4418 posse
1476 4350 1719 4404 videtur.

282 4419 461 4487 (1087)
498 4420 515 4473 Ι
550 4418 765 4473 Thess.
800 4436 872 4481 iv,
924 4420 978 4473 6.
1030 4418 1207 4473 Divus
1266 4421 1439 4474 etiam
1494 4420 1723 4475 Hieron.
1780 4422 1861 4475 ita

212 4485 364 4559 hunc
395 4485 631 4543 textum
682 4488 1118 4559 interpretatur,
1153 4496 1215 4545 ut
1246 4491 1361 4544 divi
1412 4492 1573 4544 Pauli
1617 4492 1859 4547 intentio

214 4558 503 4632 fueritnos
536 4561 608 4615 ad
627 4558 956 4616 castitatem
978 4579 1305 4632 provocare,
1325 4568 1512 4628 eteos,
1538 4564 1630 4630 qui
1653 4580 1858 4618 uxores

211 4628 446 4693 habent,
500 4648 761 4697 monere,
812 4638 875 4686 ut
937 4621 1045 4688 sua
1102 4621 1379 4697 contenti,
1433 4621 1630 4688 fratris
1687 4651 1860 4689 uxore
1892 4621 1937 4685 D

219 4701 400 4766 abuti,
425 4707 479 4756 et
498 4702 688 4758 alieno
728 4703 987 4758 thalamo
1039 4721 1166 4758 sese
1222 4706 1553 4759 immiscere
1591 4723 1705 4759 non
1764 4724 1861 4760 au-

219 4770 414 4847 deant.
441 4773 626 4847 liabet
650 4774 741 4828 hic
772 4775 885 4829 divi
916 4775 1247 4847 Hieronymi
1292 4778 1857 4832 animadversionem

217 4842 426 4919 de_hac
458 4844 639 4919 Epist.
661 4847 891 4911 referre,
926 4863 1099 4917 quam
1116 4842 1249 4901 etin
1279 4849 1559 4919 principio
1582 4852 1708 4915 ejus
1727 4850 1858 4904 dem

212 4912 407 4989 habet,
442 4912 686 4985 scilicet,
720 4919 868 4973 inter
892 4912 1082 4973 omnes
1108 4912 1586 4989 Pauli'Episto'tas,
1607 4912 1751 4975 hunc
1781 4922 1861 4976 vel

209 4988 452 5041 maxime
479 4996 532 5042 et
562 4989 743 5043 verbis
769 4993 820 5043 et
848 4991 1098 5044 sensibus
1128 4988 1451 5045 involutam.

279 5058 467 5132 (1088)
505 5060 787 5132 ln_autog.
825 5077 1009 5132 marg.
1046 5061 1363 5132 hiclegitur
1391 5079 1516 5132 cap.
1544 5062 1713 5116 XVII.

281 5129 468 5199 (1089)
506 5131 521 5204 l
557 5130 685 5186 Cor.
712 5129 870 5204 [xu],
914 5129 979 5197 3,
991 5150 1064 5187 an
1119 5129 1553 5202 experimentum
1611 5135 1861 5204 quaeritis

209 5199 473 5273 ejustqui
496 5202 559 5273 in
592 5218 676 5273 me
704 5203 951 5273 loquitur
981 5199 1261 5260 Christus?

280 5271 465 5341 (1090)
501 5270 553 5345 (II
583 5272 710 5328 Cor.
766 5270 845 5345 iv,
885 5277 950 5328 16
1003 5278 1130 5331 Etsi
1185 5279 1426 5331 exterior
1469 5280 1649 5330 noster
1704 5277 1859 5331 homo

213 5343 646 5416 corrumpitur,-
674 5346 766 5399 sed
792 5343 960 5416 is,qui
990 5348 1228 5402 interior
1240 5353 1336 5411 est,
1365 5358 1667 5402 renovatur
1695 5347 1759 5401 de
1773 5347 1861 5402 die

209 5412 269 5487 in
297 5413 462 5487 diem.
499 5436 527 5461 «
563 5412 1079 5487 Corruptio'enim,
1104 5423 1183 5473 ait
1214 5420 1382 5473 divus
1412 5420 1669 5487 Hieron.,
1704 5424 1857 5474 exte-

212 5483 380 5538 rioris
414 5483 703 5551 hominis,
732 5483 1023 5544 interioris
1056 5483 1311 5546 hominis
1343 5490 1636 5545 renovatio
1656 5483 1779 5554 est;
1805 5494 1862 5544 et

210 5560 412 5634 contra
444 5556 747 5634 interioris
770 5559 1026 5615 hominis
1061 5564 1375 5634 corruptio,
1426 5561 1725 5617 exterioris
1775 5565 1861 5616 est

207 5631 586 5679 instauratio.
618 5648 645 5673 ››

306 5696 467 5767 1091)
502 5695 681 5767 Vulg.
705 5697 939 5755 lectioni
958 5704 1247 5760 consentit
1268 5709 1555 5773 textus,et
1577 5701 1860 5773 expositio

210 5773 615 5839 subsequens.
649 5773 944 5830 Consentit
957 5777 1014 5830 et
1033 5790 1101 5832 ea
1113 5776 1325 5848 Pelagii
1348 5777 1479 5833 divo
1502 5775 1860 5843 Hieronymo

1969 3362 2044 3409 De
2078 3373 2143 3410 eo
2171 3373 2286 3426 quo
2318 3356 2530 3409 creatio
2562 3360 2738 3426 atque
2771 3353 3047 3415 conditio,
3110 3350 3342 3405 nonnisi
3376 3350 3431 3403 in
3494 3366 3613 3404 ma-

1967 3445 2099 3515 gnis
2155 3445 2329 3499 rebus
2380 3449 2678 3515 ponuntur
2726 3442 2930 3513 (1094).
2988 3439 3210 3495 Aliter:
3250 3440 3614 3495 Renovamini

1966 3568 2623 3645 tributainterpretatio
2668 3568 2721 3621 in
2752 3565 3170 3645 ωηο-βρίθει),
3190 3564 3414 3634 spiritus
3463 3564 3614 3645 enim

1968 3642 2166 3717 mentis
2197 3636 2764 3717 legitur_utrobique.
2801 3641 2871 3693 At
2897 3636 3067 3717 divus
3106 3636 3494 3717 Hieronymus
3552 3636 3614 3689 in

1966 3714 2169 3782 spiritu
2200 3706 2388 3766 sensus
2418 3711 2558 3783 legit
2581 3706 2848 3776 in'textu,
2882 3711 3114 3783 etjuxta
3144 3724 3272 3783 eam
3296 3706 3605 3761 lectionem

1969 3780 2157 3855 pergit
2188 3780 2575 3854 interpretari.
2608 3785 2701 3837 Ait
2721 3782 2873 3837 enim
2912 3800 2923 3836 :
2958 3806 2991 3855 up
3021 3781 3135 3855 Nec
3166 3780 3222 3855 in
3248 3796 3424 3834 sensu
3449 3794 3611 3833 rens-

1966 3852 2174 3931 vamur
2202 3852 2421 3923 absque
2443 3854 2674 3931 spiritu,
2709 3872 2811 3931 nec
2836 3855 2890 3907 in
2909 3853 3114 3931 spiritu
3147 3852 3369 3922 absque
3400 3866 3609 3931 sensu;

1969 3927 2067 3981 sed
2091 3928 2763 3995 renovamurconjuncte
2782 3926 2837 3980 in
2863 3926 3071 3996 spiritu
3096 3940 3305 3978 sensus
3328 3925 3533 3987 nostri,
3551 3925 3615 3974 ut

1969 3999 2273 4075 quomodo
2294 3997 2599 4067 psallimus
2615 3998 2846 4075 spiritu,
2869 3996 3175 4075 psallimus
3200 4000 3257 4075 et
3277 4010 3475 4075 sensu,
3491 4009 3615 4046 ora-

1969 4086 2101 4123 mus
2134 4069 2365 4143 spiritu,
2389 4085 2626 4122 oramus
2656 4074 2712 4122 et
2735 4084 2910 4121 sensu
2939 4083 2952 4121 :
2978 4067 3061 4120 sic
3086 4067 3142 4119 in
3167 4067 3375 4143 spiritu
3400 4078 3613 4143 sensus

1969 4135 2563 4194 nostri'renovemur:
2599 4144 2661 4191 ut
2694 4155 2827 4192 cum
2879 4153 3088 4192 sensus
3138 4135 3395 4189 mundus
3443 4135 3621 4187 fuerit

1969 4217 2144 4281 atque
2177 4227 2249 4285 p_u
2261 4214 2480 4279 rgatus,
2509 4214 2565 4262 et
2588 4209 2838 4285 abomni
2862 4208 3093 4285 macula
3115 4205 3361 4285 sordidae
3380 4220 3618 4285 concre-

1968 4276 2144 4336 tiohis
2177 4276 2424 4343 alienus,
2455 4287 2591 4333 tunc
2623 4280 2670 4332 ei
2699 4280 2987 4347 jungatur
3014 4284 3071 4332 et
3122 4276 3387 4347 spiritus,
3447 4280 3503 4329 et
3532 4276 3617 4331 ita

1970 4354 2223 4423 quodam
2261 4352 2410 4405 inter
2432 4368 2491 4423 se
2516 4351 2758 4423 unitatis
2788 4347 3013 4423 glutine
3035 4347 3401 4423 copulentur,
3426 4352 3489 4400 ut
3512 4362 3615 4400 ne-

1969 4418 2543 4498 quaquam_simplex
2568 4418 2834 4492 spiritus,
2868 4421 2966 4498 sed
2984 4418 3237 4498 spiritus
3256 4434 3465 4498 sensus
3485 4434 3617 4498 esse

1968 4490 2217 4551 dicatur.
2254 4495 2395 4549 Cum
2420 4490 2429 4493 ’
2458 4490 2651 4549 autem
2687 4492 2942 4548 renovati
2978 4490 3264 4546 fuerimus
3296 4490 3351 4542 in
3379 4490 3612 4559 spiritu,

1970 4568 2069 4638 qui
2100 4568 2283 4621 nostri
2318 4584 2526 4621 sensus
2558 4572 2646 4620 est
2682 4565 2947 4637 spiritus,
2982 4568 3122 4617 tunc
3153 4562 3465 4615 induemur
3511 4576 3614 4638 no-

1969 4636 2103 4693 vum
2138 4638 2456 4703 hominem,
2492 4638 2589 4709 qui
2621 4636 2943 4692 secundum
2978 4641 3158 4690 Deum
3192 4638 3420 4688 creatus
3452 4636 3562 4686 est.
3587 4654 3615 4680 ››

2042 4735 2360 4812 (1092)_Ita,
2394 4740 2459 4812 ut
2488 4736 2620 4812 divo
2651 4735 2999 4806 Hieronymo
3034 4728 3617 4812 hujus_expositionis

1971 4804 2192 4861 suetori
2228 4808 2561 4867 famularer.
2586 4808 2741 4862 hunc
2774 4804 2993 4862 textum
3028 4804 3352 4871 emendavi,
3376 4804 3619 4873 quiaita

1963 4878 2123 4948 jacet
2157 4880 2213 4933 in
2267 4882 2394 4934 cod.
2453 4882 2631 4934 (.‘onst'
2678 4896 2847 4934 novus
2887 4882 3047 4949 cept.,
3110 4875 3332 4931 scilicet
3373 4875 3614 4928 verbum

1972 4956 2258 5026 eoncepIus
2287 4951 2345 5005 in
2369 4952 2516 5006 duas
2540 4956 2731 5023 partes
2755 4952 3031 5026 scissum,
3055 4952 3111 5003 et
3134 4949 3283 5026 inter
3304 4952 3615 5026 utranqpe,

1968 5021 2093 5076 loco
2122 5017 2401 5088 nativitas,
2440 5017 2820 5095 per-errorem
2866 5024 3109 5076 fortasse
3166 5018 3449 5090 scriptum
3508 5017 3619 5071 fuit

1967 5109 2155 5148 novas.

2041 5180 2223 5252 (1093)
2254 5180 2503 5234 Sanctus
2533 5182 2894 5252 Augustinus
2925 5197 3056 5235 vero
3084 5179 3184 5233 lib.
3211 5196 3250 5240 ι.
3279 5180 3483 5232 contra
3513 5175 3617 5230 ad-

1966 5268 2123 5323 vers.
2152 5251 2283 5323 leg..
2316 5255 2375 5323 et
2406 5252 2607 5323 proph.
2630 5251 2759 5323 Cap.
2793 5254 2882 5315 ‘23.
2914 5269 3075 5321 aeque
3100 5252 3342 5323 factum,
3376 5253 3617 5323 storea-

1969 5268 2116 5306 vers.
2153 5268 2201 5305 ie
2251 5292 2283 5303 ..
2319 5268 2375 5303 et
2406 5268 2607 5320 proph.
2633 5270 2759 5323 cap.
2794 5268 2882 5315 ιδ,
2914 5269 3075 5321 asque
3100 5268 3342 5313 iactum,
3376 5268 3433 5302 θι
3454 5268 3616 5301 crea-

1969 5328 2090 5377 tum
2115 5322 2171 5375 in
2207 5268 2523 5390 goripturis
2547 5323 2658 5376 dici
2707 5324 2911 5378 asserit
2946 5322 3364 5389 indifferenter,
3400 5319 3518 5373 sive
3544 5318 3616 5373 de

1970 5395 2164 5459 rebus,
2200 5408 2323 5461 quae
2354 5408 2421 5443 ex
2454 5393 2695 5447 materia
2727 5395 2945 5461 aliqua,
2979 5394 3097 5447 sive
3129 5393 3199 5447 de
3231 5391 3343 5458 his,
3390 5407 3516 5460 qua:
3550 5407 3619 5445 ex

1972 5464 2132 5518 nulla
2158 5462 2513 5535 prodierunt.
2551 5463 2665 5516 Hoc
2697 5471 2753 5517 et
2786 5462 3001 5534 pluries
3034 5482 3066 5518 a
3116 5463 3373 5535 profanis
3421 5466 3619 5515 aucto-

1972 5536 2135 5589 ribus
2160 5533 2275 5588 usu
2310 5533 2805 5589 commendatum.
2840 5536 2977 5589 Divo
3008 5540 3204 5589 autem
3266 5533 3616 5604 Hieronymo

1979 5605 2223 5662 assentit
2255 5608 2456 5657 auctor
2485 5610 2699 5659 noster.

2040 5699 2719 5781 (1094)I_t_a.divus_ﬂieron
2731 5746 2741 5758 .
2754 5721 2802 5759 :»
2823 5704 3078 5759 Mundus
3092 5705 3319 5781 creatus
3333 5704 3442 5765 est;
3467 5699 3609 5781 urbs

1973 5771 2434 5833 conditadicitur
2451 5790 2464 5842 ;
2484 5775 2695 5834 domus
2707 5793 2864 5848 vero,
2880 5773 3148 5846 quamvis
3166 5786 3398 5843 magna,
3416 5771 3615 5843 potius
