3978 6210
309 342 428 403 583

1332 325 1667 387 ATTONIS
1712 315 2296 382 VERCELLENSIS
2342 313 2698 375 EPISCOPI

3600 308 3746 371 58‘

316 473 461 529 mini
492 487 625 527 vero
655 466 929 523 monendi
968 468 1125 529 sunt,
1183 461 1322 533 quia
1350 459 1399 515 si
1431 463 1632 514 contra
1660 455 1845 511 Deum
1877 452 1948 506 de
1985 453 2040 519 Α
2068 447 2451 514 Ammonitas,
2485 446 2790 509 Moabitas,
2823 448 2879 500 et
2929 443 3306 509 Chananaaos,
3346 440 3514 513 quasi
3565 440 3742 496 dice-

315 576 558 619 muuere
589 559 715 629 ejus
747 554 1115 627 superbiunt,
1151 551 1196 604 si
1233 565 1352 613 eos,
1386 564 1536 619 quos
1572 562 1670 614 per
1691 541 1951 598 conditio

318 667 449 706 nem
483 651 683 703 tenent
711 643 1000 709 subditos,
1034 637 1283 710 aequales
1307 635 1417 690 sibi
1453 652 1552 707 per
1582 637 1800 688 naturae
1833 645 1965 683 con~

318 738 566 796 sortium
598 751 705 790 nos
736 733 1179 805 recognoscant,
1201 730 1309 781 etc.
1345 724 1476 778 Istis
1506 722 1814 776 dicitur.ut
1844 717 1965 772 sint

320 827 679 891 obedientes,
699 819 1246 891 illisimperatur,ut
1265 813 1564 869 remittant
1584 809 1801 873 minas;
1826 805 1965 877 quia

319 935 437 973 uno
466 918 606 972 sunt
639 910 823 985 pretio
853 906 1220 978 redempti,et
1250 903 1320 957 ad
1353 917 1530 956 unam
1565 898 1961 985 patriamten-

307 1007 476 1062 dunt.
511 982 722 1073 Magna
751 1002 892 1054 sunt
914 996 1072 1067 jura,
1106 991 1401 1058 caelestia;
1436 989 1592 1043 unde
1623 991 1680 1041 et
1708 982 1965 1039 Ecclesia

302 1109 521 1161 servos,
578 1095 637 1145 et
687 1087 925 1154 liberos,
971 1084 1193 1146 doctos,
1243 1084 1299 1135 et
1330 1077 1565 1143 stultos,
1609 1089 1875 1145 magnos,
1898 1074 1964 1161 et

296 1158 829 1255 parvosvaiqualiter
852 1171 1305 1244 recipit.0mnes
1331 1165 1583 1222 Ecclesia
1606 1162 1756 1217 filios
1778 1158 1959 1255 novit;

297 1249 455 1326 unde
484 1264 845 1325 sanctissimi
904 1261 1013 1316 viri
1046 1265 1168 1314 tam
1200 1258 1426 1331 primae,
1484 1269 1661 1325 quam
1694 1249 1962 1306 secundm

306 1357 629 1415 nativitatis
658 1351 895 1410 exordia
951 1350 1289 1409 recolentes,
1324 1343 1577 1400 famulos
1631 1356 1769 1396 suos
1811 1354 1960 1393 nun-

313 1463 493 1519 quam
526 1460 721 1501 servos
751 1441 1079 1509 nominant,
1114 1436 1214 1492 sed
1248 1435 1483 1499 fratres,
1510 1435 1567 1487 et
1587 1431 1659 1485 ad
1692 1426 1960 1485 osculum

308 1539 520 1593 vocant
576 1550 589 1589 :
653 1533 896 1588 horrent
938 1526 1093 1583 enim
1124 1540 1358 1589 nomen,
1392 1521 1545 1593 quod
1581 1536 1693 1574 non
1729 1522 1959 1582 natura,

309 1625 413 1682 sed
440 1622 724 1694 iniquitas
755 1618 908 1674 fecit.
941 1616 1100 1671 Servi
1132 1615 1288 1669 enim
1348 1628 1462 1666 non
1494 1626 1527 1664 a
1556 1608 1757 1673 Cham,
1792 1605 1961 1675 cujus

308 1692 640 1769 maledictio
670 1708 732 1763 in
759 1703 1099 1762 Cbananasis
1142 1699 1384 1772 impleta
1413 1704 1502 1755 est
1531 1699 1719 1767 (Deut.
1752 1712 1844 1755 v11,
1880 1692 1960 1763 2),

310 1818 379 1857 ex
409 1817 524 1873 quo
556 1813 721 1870 reges
752 1795 860 1852 orti
892 1796 1033 1849 sunt
1081 1790 1285 1862 (1143),
1318 1788 1419 1844 sed
1453 1788 1525 1841 ab
1558 1785 1883 1873 injustitia,
1904 1787 1961 1836 et

314 1861 521 1945 mundi
552 1861 864 1958 iniquitate
894 1882 1031 1937 facti
1065 1861 1223 1935 sunt.
1258 1877 1405 1944 Quid
1439 1875 1625 1947 magis
1656 1874 1832 1927 habet
1858 1872 1960 1926 do-
1993 1861 2038 1924 B

311 1980 509 2036 minus
538 1993 572 2032 a
600 1989 785 2039 servo,
818 1975 920 2026 aut
969 1985 1172 2025 servus
1226 1966 1424 2021 minus
1456 1982 1490 2020 a
1518 1962 1755 2018 domino
1776 1961 1803 2015 ?
1836 1960 1960 2017 Non

319 2067 434 2124 nisi
466 2064 702 2122 nomine
733 2060 1167 2116 discernuntur.
1201 2056 1399 2126 Neque
1428 2070 1529 2125 pro
1561 2052 1745 2107 servis
1775 2054 1831 2105 et
1860 2049 1961 2104 do-

317 2155 517 2225 minis,
569 2153 669 2208 sed
725 2165 825 2221 pro
854 2148 1025 2203 bonis
1056 2150 1113 2201 et
1162 2143 1334 2199 malis
1364 2141 1647 2198 Dominus
1670 2138 1962 2209 judicium

310 2224 641 2301 celebravit.
674 2239 820 2295 Nam
851 2253 1051 2292 servus
1080 2235 1292 2298 bonus,
1324 2230 1503 2299 illius,
1523 2235 1581 2285 et
1612 2229 1840 2283 amicus
1863 2224 1964 2281 Dei

310 2338 400 2391 est
433 2351 447 2401 ;
480 2330 759 2387 dominus
786 2342 920 2382 vero
952 2323 1164 2390 malus,
1199 2321 1376 2386 filius,
1409 2325 1467 2375 et
1497 2334 1698 2374 servus
1729 2320 1817 2371 est
1846 2315 1966 2370 dia-

315 2421 456 2492 boli,
488 2425 546 2476 et
576 2419 738 2491 pejor
766 2413 926 2470 omni
956 2411 1252 2468 servitute.

386 2526 573 2597 (1144)
602 2520 880 2594 Sequitur
911 2535 926 2574 :
960 2520 1033 2574 De
1089 2523 1303 2586 extero,
1362 2519 1472 2571 etc.
1536 2514 1617 2569 De
1664 2528 1730 2567 eo
1787 2510 1964 2581 quod,

318 2622 633 2691 postquam
666 2608 894 2666 monuit
921 2606 1257 2679 specialiter
1286 2603 1595 2675 quosdam,
1630 2616 1759 2655 mox
1793 2614 1966 2671 gene-

319 2688 502 2762 ralem
536 2698 994 2758 admonitionem
1026 2695 1305 2763 subdens,
1366 2692 1448 2747 ait
1480 2710 1493 2747 :
1531 2688 1965 2761 Confortamini,

318 2812 436 2851 non
466 2792 530 2847 in
558 2791 747 2857 vobis,
781 2786 882 2842 sed
912 2788 970 2840 in
1008 2785 1243 2839 Domino
1262 2799 1283 2844 ,ο
1313 2798 1427 2836 non
1453 2780 1510 2834 in
1538 2783 1748 2845 vestra,
1781 2777 1880 2832 sed
1912 2778 1972 2831 in

313 2886 434 2957 ejus
461 2879 718 2953 potentia.
752 2876 833 2931 De
852 2890 917 2930 eo
950 2873 1128 2946 quod,
1162 2887 1321 2926 more
1352 2869 1519 2924 ducis
1550 2871 1836 2924 armentis
1867 2865 1972 2920 mi-

315 2953 449 3028 lites
479 2970 549 3025 ad
584 2965 871 3041 prmlium,
905 2979 1044 3045 suo
1070 2966 1281 3027 armat,
1305 2964 1362 3016 et
1392 2957 1590 3031 dirigit
1620 2958 1688 3011 ad
1723 2953 1972 3027 speciale

319 3065 612 3116 certamen
643 3043 955 3127 Apostolus
987 3050 1299 3106 auditores.
1354 3048 1448 3102 Ait
1504 3045 1657 3101 enim
1696 3060 1708 3100 :
1758 3043 1973 3099 Induite

320 3165 412 3206 vos
439 3154 788 3203 armaturam
811 3140 1125 3205 Dei.Quare
1152 3137 1286 3193 Dei?
1306 3135 1631 3206 Quia,sicut
1652 3132 1749 3205 qui
1771 3138 1973 3188 contra

2070 543 2157 592 ret
2187 555 2199 591 :
2235 536 2277 591 Ο
2312 535 2560 607 Ephesii,
2596 552 2723 607 quae
2757 535 2827 588 de
2859 532 3071 605 praeliis
3106 530 3276 587 lsrael
3307 531 3587 586 adversus
3620 547 3742 585 na-

2071 628 2257 681 tiones
2289 624 2534 695 legistis,
2579 623 2848 678 videntur
2903 638 3113 676 sonare
3144 636 3378 675 carnem
3433 625 3738 689 nostram,

2071 720 2204 784 etc.,
2239 717 2303 768 ut
2335 729 2402 767 ex
2434 712 2551 766 illis
2584 710 2984 781 intelligamus
3016 726 3130 764 non
3162 725 3291 765 esse
3324 708 3492 763 nobis
3523 708 3741 763 adver-

2071 819 2172 857 sus
2203 802 2533 871 carnem,id
2567 806 2655 856 est
2682 799 2951 854 homines
2977 799 3077 853 sed
3113 799 3395 853 adversus
3425 798 3741 852 daemones

2070 907 2197 945 esse
2227 896 2522 945 certamen
2575 888 2781 957 (1146).
2825 892 2895 944 In
2922 887 3228 944 caelestibus
3276 903 3409 941 vero
3443 886 3586 941 dicit
3619 902 3738 957 pro

2071 996 2220 1047 aere,
2256 980 2409 1034 unde
2463 994 2596 1033 aves
2653 978 2781 1033 coeli
2834 977 3251 1045 nominamus;
3286 975 3427 1048 quia
3477 976 3591 1031 iste
3624 992 3741 1031 aer

2072 1068 2279 1141 plenus
2310 1072 2399 1124 est
2429 1067 2754 1123 immundis
2785 1067 3110 1138 spiritibus.

2140 1174 2413 1246 Sequitur
2445 1190 2457 1228 :
2487 1175 2784 1244 Propterea
2812 1175 3063 1243 accipite,
3095 1176 3204 1227 etc.
3241 1171 3458 1226 Iterum
3490 1170 3709 1242 repetit

2071 1263 2211 1335 quia
2242 1262 2474 1318 diﬁcilis
2504 1267 2591 1317 est
2621 1261 2878 1332 victoria,
2926 1265 2991 1315 ut
3032 1260 3283 1315 induant
3312 1276 3374 1315 se
3401 1275 3567 1314 arma
3592 1257 3732 1327 Dei,

2072 1352 2145 1407 Ut
2175 1352 2311 1422 quid
2343 1352 2371 1406 ‘I
2405 1353 2465 1407 Ut
2510 1353 2726 1422 possitis
2756 1352 3011 1406 resistere
3039 1351 3100 1405 in
3127 1350 3222 1405 die
3251 1348 3418 1413 malo,
3452 1347 3509 1402 id
3540 1353 3633 1404 est
3666 1347 3733 1404 in

2072 1440 2164 1495 die
2193 1439 2555 1505 temtationis,
2589 1440 2706 1494 sive
2736 1439 2795 1494 in
2825 1439 2919 1494 die
2949 1438 3252 1511 praasentis
3298 1437 3585 1508 temporis
3611 1455 3627 1505 ;
3663 1440 3737 1493 ut

2069 1528 2212 1584 illud
2247 1546 2261 1584 :
2297 1530 2416 1584 Dies
2446 1529 2587 1583 mali
2612 1532 2743 1583 sunt
2771 1528 2988 1599 (Ephes.
3020 1544 3077 1592 v,
3102 1527 3189 1596 16)
3216 1543 3228 1581 :
3262 1525 3383 1581 sive
3410 1524 3472 1580 in
3504 1525 3729 1594 futuro,

2070 1622 2135 1673 ut
2160 1618 2301 1672 illud
2339 1634 2350 1672 :
2390 1619 2453 1674 Ut
2483 1616 2616 1688 quid
2664 1617 2810 1672 vobis
2839 1616 2955 1672 dies
3010 1616 3282 1672 Domini?
3328 1616 3455 1671 Dies
3506 1614 3736 1670 Domini

2070 1707 2311 1763 tenebrae
2344 1710 2395 1761 et
2426 1722 2535 1762 non
2563 1706 2666 1761 tua:
2696 1706 2895 1777 (Amos.
2954 1721 3008 1759 v.
3069 1702 3179 1774 18).
3215 1702 3357 1758 Item
3392 1719 3405 1757 :
3440 1702 3566 1759 Dies
3614 1704 3733 1760 ira?

2069 1795 2185 1851 dies
2212 1796 2315 1850 illa
2344 1794 2600 1865 (Saphon.
2660 1812 2702 1862 1,
2764 1794 2871 1860 15),
2931 1798 3040 1849 etc.
3074 1792 3236 1857 Quod
3266 1809 3400 1848 vero
3439 1793 3581 1848 dicit
3610 1808 3626 1848 :
3662 1794 3731 1848 Et

2070 1887 2129 1940 in
2160 1884 2411 1939 omnibus
2455 1886 2687 1955 perfecti
2733 1891 2903 1949 stare,
2954 1881 3430 1937 subaudiendum
3489 1886 3602 1950 est,
3663 1881 3728 1936 in

2071 1973 2369 2041 omnibus,
2405 1989 2532 2044 quas
2562 1972 2834 2043 superius
2864 1970 3088 2026 monui.

2143 2079 2420 2149 Sequitur
2453 2096 2465 2132 :
2500 2078 2648 2133 State
2675 2093 2827 2149 ergo,
2860 2082 2996 2145 etc.,
3029 2077 3087 2131 id
3117 2081 3227 2145 est,
3259 2076 3434 2133 veluti
3463 2075 3580 2141 ille,
3613 2076 3721 2148 qui

2074 2169 2349 2233 dicebat;
2390 2168 2593 2223 Statuit
2646 2183 2813 2237 supra
2866 2170 3081 2238 petram
3135 2165 3292 2237 pedes
3345 2181 3487 2221 meos
3543 2165 3725 2237 (Psal.

2073 2273 2263 2312 xxxrx:
2295 2257 2372 2323 3),
2397 2260 2739 2311 etc.Bonum
2763 2259 2871 2320 est,
2896 2258 2960 2309 ut
2990 2258 3387 2323 stantem,non
3405 2254 3728 2325 jacentem,

2075 2351 2133 2401 et
2164 2362 2278 2400 non
2313 2345 2683 2413 discinctum,
2705 2344 2801 2399 sed
2839 2343 3166 2399 accinctum
3190 2348 3246 2398 te
3276 2342 3554 2399 inimicus
3585 2348 3730 2399 tuus

2074 2434 2348 2490 inveniat.
2387 2440 2459 2489 De
2493 2450 2557 2489 eo
2612 2434 2765 2505 quod
2800 2432 3041 2488 interior
3069 2432 3243 2488 homo
3283 2432 3462 2487 habet
3490 2430 3732 2489 lumbos

2077 2541 2253 2591 suos;
2289 2523 2442 2578 unde
2475 2523 2759 2578 Dominus
2816 2540 2829 2578 :
2888 2522 3011 2576 Sint
3041 2522 3214 2575 lumbi
3242 2522 3413 2577 vestri
3434 2522 3733 2592 praecincti

2079 2615 2093 2685 ζ
2102 2614 2227 2668 Luc.
2263 2629 2362 2678 xu,
2395 2614 2506 2678 35),
2540 2616 2649 2666 etc.
2686 2611 2966 2682 Sequitur
3011 2627 3023 2665 :
3060 2610 3246 2665 lnduti
3303 2610 3533 2666 loricam
3557 2612 3726 2683 justi-

2079 2704 2188 2757 tize.
2223 2703 2372 2757 Bene
2395 2700 2625 2772 justitia
2680 2699 2874 2756 loricae
2905 2699 3140 2755 nomine
3172 2700 3553 2773 designatur;
3588 2700 3730 2772 quia

2079 2791 2232 2846 sicut
2262 2790 2362 2845 illa
2392 2789 2593 2844 multis
2620 2788 2876 2855 circulis,
2910 2789 2991 2844 ita
3020 2788 3132 2844 ista
3173 2790 3379 2844 multis
3406 2789 3728 2845 virtutibus

2080 2883 2545 2936 consummatur.

2153 2971 2229 3022 Et
2258 2968 2486 3022 calceati
2511 2966 2796 3038 pedes.Isti
2821 2970 2962 3022 sunt
2993 2965 3200 3021 animai
3230 2967 3588 3039 pedes,quos
3611 2965 3729 3023 cal-

2081 3074 2266 3125 ceare,
2299 3058 2356 3111 id
2389 3062 2498 3123 est,
2536 3056 2767 3110 munire
2797 3055 3080 3110 debemus
3120 3061 3456 3111 sanctorum
3491 3052 3731 3112 Patrum

2080 3145 2463 3218 exemplis,ut
2492 3144 2780 3215 intrepide
2812 3144 3192 3216 przedicemus
3223 3143 3602 3217 Evangelium
3630 3162 3645 3213 ;
3670 3150 3737 3201 ut

319 3236 581 3295 visibiles
612 3235 810 3290 hostes
841 3229 1101 3293 dimicat,
1133 3225 1384 3281 visibilia
1415 3241 1578 3279 arma
1610 3222 1859 3293 accipit;
1892 3221 1971 3276 ita
2003 3227 2045 3297 ο
2084 3235 2224 3291 ίιιυά
2261 3253 2273 3291 ε
2308 3235 2483 3303 Quam
2509 3233 2736 3306 pulchri
2786 3234 2946 3305 pedes
2999 3234 3502 3305 euangelizantium
3540 3251 3733 3307 pacem
3778 3260 3785 3263 -

320 3344 486 3384 arma
515 3321 830 3380 invisibilia
858 3324 997 3376 sunt
1025 3315 1357 3373 necessaria
1415 3318 1616 3369 contra
1649 3310 1968 3365 invnsibiles

315 3417 536 3473 hostes.
568 3410 723 3469 Nihil
743 3413 832 3466 est
861 3404 1304 3473 dicere,induite
1331 3419 1430 3457 vos
1461 3406 1821 3457 armaturam
1844 3397 1966 3467 Dei,

318 3505 431 3561 nisi
464 3522 477 3560 :
516 3501 741 3558 luduite
768 3515 869 3554 vos
900 3495 1219 3551 Dominum
1240 3493 1444 3548 Jesum
1466 3491 1766 3546 Christum
1792 3489 1965 3551 (Rom.

316 3609 442 3660 xm,
477 3592 587 3663 14),
621 3589 680 3645 id
711 3592 821 3651 est,
852 3586 1177 3648 veritatem,
1204 3581 1523 3653 justitiam,
1559 3579 1855 3650 pietatem,
1899 3573 1971 3631 'et

319 3688 550 3749 caetera,
584 3693 712 3749 quae
742 3673 1150 3745 intelliguntur
1177 3671 1238 3725 in
1268 3669 1519 3725 Christo.

398 3784 676 3858 Sequitur
728 3797 743 3837 :
792 3782 908 3837 Non
964 3787 1044 3834 est
1072 3778 1227 3833 nobis
1257 3774 1801 3844 colluctatioullis),
1835 3776 1970 3837 etc.,

322 3878 384 3935 id
416 3879 525 3942 est,
559 3873 839 3929 adversus
865 3868 1156 3930 homines,
1191 3866 1289 3937 qui
1327 3880 1396 3919 ex
1424 3879 1596 3919 carne
1626 3866 1896 3918 constant
1916 3865 1974 3916 et

324 3964 654 4038 sanguine;
687 3960 777 4016 sed
831 3957 1089 4014 adversus
1142 3956 1436 4027 principes,
1476 3960 1527 4008 et
1579 3956 1880 4024 potestates,
1914 3950 1972 4004 id

323 4037 541 4127 est,qui
574 4050 687 4108 sibi
720 4047 1115 4121 principatum
1138 4044 1196 4100 in
1229 4042 1400 4099 malis
1422 4042 1762 4098 hominibus
1791 4037 1973 4094 vindi-

323 4150 500 4214 cant;
553 4141 813 4197 adversus
860 4136 1059 4192 mundi
1086 4137 1339 4202 rectores,
1372 4132 1430 4187 id
1464 4136 1571 4202 est,
1602 4130 1972 4194 tenebrarum,

326 4251 443 4291 non
473 4231 622 4301 cceli,
654 4234 711 4285 et
740 4233 902 4285 terra:
957 4242 968 4281 :
1020 4224 1313 4280 daemones
1343 4221 1499 4278 enim
1530 4225 1783 4277 rectores
1813 4221 1972 4286 sunt,

323 4339 442 4380 non
474 4318 701 4390 mundi,
732 4317 834 4373 sed
865 4313 1070 4371 mundi
1102 4316 1453 4369 amatorum.

393 4430 501 4485 Sed
530 4426 749 4501 gratias
780 4423 915 4489 Deo,
951 4420 1050 4493 qui
1078 4420 1227 4477 eruit
1256 4435 1363 4475 nos
1414 4418 1486 4472 de
1542 4414 1818 4471 tenebris.
1849 4413 1975 4501 Ma-

320 4500 567 4576 neamus
589 4530 724 4586 ergo
755 4513 813 4566 in
833 4512 963 4566 luce
991 4526 1057 4566 ac
1085 4510 1372 4565 libertate.
1408 4503 1571 4559 Unde
1597 4508 1656 4558 et
1687 4502 1830 4573 ipsis
1881 4500 1967 4554 di-

2078 3328 2204 3393 (Isa.
2265 3324 2466 3389 L11,7;
2524 3324 2759 3379 Nahum.
2821 3324 2998 3391 1,15;
3035 3324 3183 3378 Rom.
3244 3341 3299 3392 x,
3337 3325 3456 3388 15).
3527 3329 3607 3381 De
3665 3341 3729 3381 eo

2078 3415 2233 3487 quod
2268 3415 2440 3468 finem
2473 3417 2708 3468 scutum
2742 3417 2944 3479 vocat;
2980 3412 3302 3483 quia,sicut
3333 3418 3498 3468 scuto
3533 3415 3731 3470 omnia

2071 3503 2271 3576 jacula
2302 3501 2780 3574 exstinguuntur,
2813 3500 2896 3555 ita
2922 3501 3119 3555 omnia
3147 3502 3534 3571 adversa,1ide
3561 3519 3732 3576 supe-

2079 3598 2301 3648 rantur.
2327 3592 2405 3646 De
2427 3607 2492 3646 eo
2524 3591 2673 3659 quod
2700 3588 2862 3661 galea
2885 3589 3092 3645 salutis
3121 3590 3307 3646 munit
3330 3590 3591 3663 caput,id
3619 3597 3724 3663 est,

2076 3681 2369 3737 interioris
2392 3679 2650 3735 hominis
2673 3679 3053 3734 sensus.Nam
3075 3677 3232 3735 sihis
3253 3679 3532 3735 omnibus
3545 3680 3725 3736 fueris

2078 3770 2343 3839 indutus,
2375 3774 2431 3824 et
2461 3786 2576 3823 non
2606 3768 2824 3823 habeas
2854 3767 3128 3838 gladium,
3156 3772 3211 3822 te
3232 3773 3534 3840 utcunque
3566 3774 3727 3841 potes

2082 3860 2409 3922 defendere,
2442 3858 2543 3912 sed
2576 3856 2881 3911 inimicum
2913 3862 3080 3911 tuum
3141 3873 3257 3911 non
3306 3856 3463 3913 vales
3504 3858 3726 3915 exstin-

2082 3948 2419 4019 guere.ldeo
2452 3945 2683 4001 subdit:
2709 3948 2784 4000 Et
2815 3936 3349 4017 giadiumspiritus;
3380 3948 3536 4002 unde
3566 3948 3722 4003 alibi:

2088 4038 2241 4092 Vivus
2271 4039 2348 4090 est
2375 4036 2527 4090 enim
2554 4051 2728 4090 sermo
2778 4035 2876 4089 Dei
2905 4036 3109 4105 (1147),
3157 4039 3266 4090 etc.
3299 4035 3354 4090 Si
3383 4036 3539 4091 enim
3573 4036 3729 4092 verbi

2084 4125 2343 4198 gladium
2374 4140 2486 4178 non
2520 4123 2817 4194 habueris,
2852 4124 3253 4179 haereticorum
3297 4126 3589 4181 versutias
3620 4142 3729 4182 non

2083 4214 2251 4269 facile
2272 4211 2615 4284 superabis;
2638 4212 2792 4267 sicut
2821 4212 2994 4268 miles
3014 4213 3140 4268 sine
3160 4212 3353 4285 gladio
3375 4230 3490 4269 non
3513 4215 3732 4271 accedit

2086 4303 2157 4358 ad
2191 4300 2434 4372 bellum,
2458 4302 2542 4357 ita
2571 4301 3009 4371 omnisjustitia
3037 4301 3234 4357 intuta
3264 4306 3352 4358 est
3381 4303 3509 4359 sine
3537 4288 3731 4360 verbo.

2157 4406 2432 4480 Sequitur
2461 4425 2473 4463 :
2508 4408 2616 4463 Per
2643 4424 2856 4464 omnem
2884 4409 3207 4476 orationem,
3238 4413 3346 4465 etc.
3381 4413 3458 4465 De
3488 4426 3554 4466 eo
3579 4411 3727 4483 quod

2084 4498 2363 4553 distantia
2392 4500 2481 4553 est
2508 4497 2661 4552 inter
2689 4496 3010 4552 orationem
3042 4502 3100 4553 et
3123 4497 3612 4555 obsecrationem.
3631 4499 3726 4555 Di-

322 4609 475 4666 citur
508 4622 521 4661 :
557 4585 742 4660 Fuisti
782 4598 1090 4671 aliquando
1121 4597 1363 4653 tenebrae
1411 4590 1626 4662 (Ephes.
1660 4607 1715 4653 ν,
1746 4591 1823 4659 8),
1857 4592 1965 4642 etc.
1999 4592 2046 4656 D
2077 4594 2217 4641 cunt
2242 4585 2400 4641 enim
2435 4586 2590 4657 quod
2622 4585 2947 4641 obsecratio
2983 4586 3045 4640 fit
3075 4603 3177 4659 pro
3210 4588 3465 4659 peccatis
3499 4592 3725 4661 praeter-

324 4696 540 4763 Quierit
569 4693 714 4748 forte
745 4687 1141 4760 aliquis,unde
1172 4679 1493 4755 Apostolus
1524 4678 1780 4749 sumpsit
1810 4692 1973 4731 occa-

326 4785 551 4842 sionem
583 4781 695 4837 ista
724 4776 976 4833 dicendi.
1011 4775 1177 4829 Forte
1207 4773 1278 4826 de
1309 4767 1677 4842 praeliis,quze
1704 4765 1766 4820 in
1790 4765 1975 4821 histo-

329 4874 431 4931 riis
447 4869 743 4928 veteribus
767 4864 1082 4920 narrantur
1105 4864 1269 4933 gesta
1289 4876 1324 4913 a
1344 4854 1481 4911 filiis
1505 4854 1679 4910 Israel
1696 4855 1975 4910 adversus

392 5118 578 5189 (1143)
608 5118 672 5172 In
733 5107 1041 5189 Palaestina
1097 5108 1256 5189 scil._
1283 5112 1339 5189 et
1366 5106 1561 5189 Syria,
1606 5106 1864 5189 Sidonia,
1905 5112 1977 5189 .et

322 5179 710 5248 Phoenician
740 5179 1971 5256 ipsisscil.erantglebusieisntmmorrhaeis,

322 5260 630 5324 Hevieis,et
660 5250 1115 5328 quamplurimis
1146 5252 1277 5308 aliis
1310 5252 1643 5328 nationibus
1672 5269 1855 5328 rcges,
1874 5252 1974 5328 qui

324 5353 359 5391 a
385 5337 561 5390 losue
581 5323 751 5406 jux'ta
807 5323 1037 5406 Domini
1071 5331 1420 5406 praeceptum
1456 5341 1556 5395 per
1583 5323 1700 5379 Noe
1733 5323 1975 5378 maledi-

326 5411 483 5461 ctum
521 5397 810 5473 prolatum
843 5397 1206 5451 exterminati
1226 5401 1392 5473 _s_unt_.

402 5465 585 5538 (1144)
619 5471 682 5526 In
724 5474 926 5539 autog._
986 5482 1165 5539 marg.
1226 5467 1319 5522 hic
1354 5466 1487 5539 ﬁleg.
1548 5482 1671 5536 cap.
1733 5465 1887 5534 XXX,
1920 5471 1978 5520 et

332 5537 514 5618 paulo,
539 5549 679 5618 post
699 5537 1001 5618 Dominica
1024 5537 1157 5618 {tibi}
1193 5545 1321 5618 post
1351 5537 1510 5593 Pent.

400 5606 580 5687 (1145)
642 5611 989 5672 Concutoatio
1036 5606 1249 5687 legitur
1304 5610 1363 5664 in
1424 5609 1576 5687 cod.,
1628 5607 1785 5681 quod
1807 5606 1977 5679 juxta

329 5678 534 5754 omnes
561 5678 842 5752 lectiones
870 5678 1248 5742 emendatum
1279 5678 1503 5741 censui.

2084 4676 2203 4746 itis,
2233 4675 2320 4730 vel
2344 4675 2727 4747 praesentibus
2756 4693 2768 4742 ;
2803 4675 2985 4731 oratio
3043 4693 3148 4747 pro
3174 4675 3572 4748 adipiscendis
3607 4695 3725 4750 quae

2083 4780 2401 4836 speramus.
2434 4763 2499 4818 Et
2529 4762 2667 4833 quia
2696 4780 2905 4836 magno
2943 4765 3036 4820 Dei
3065 4781 3306 4837 egemus
3337 4766 3630 4836 adjutoriu
3660 4767 3725 4823 ad

2083 4853 2473 4910 devincendas
2506 4851 2693 4907 hostis
2739 4852 2965 4924 antiqui
2996 4854 3306 4922 versutias;
3340 4855 3557 4912 idcirco
3590 4857 3726 4912 sub-

2154 5104 2471 5174 (1146)Hzec
2493 5104 2787 5178 expositio
2804 5121 2837 5158 a
2864 5103 2996 5159 divo
3019 5103 3367 5178 Hieronymo
3392 5104 3719 5178 desumpta.

2084 5176 2189 5232 Ubi
2224 5178 2365 5232 illud
2401 5181 2668 5241 nostram,
2702 5176 2928 5231 videtur
2958 5177 3149 5245 potius
3181 5176 3643 5248 emendandum,
3673 5180 3724 5232 et

2085 5248 2398 5319 legendum
2431 5248 2823 5312 nationem,vel
2854 5263 3068 5302 earum.

2186 5320 2338 5390 1147)
2372 5319 2539 5375 Hebr.
2574 5336 2649 5381 1v,
2688 5320 2752 5372 12
2784 5336 2796 5373 :
2837 5320 2992 5373 Vivus
3021 5326 3100 5372 est
3132 5320 3282 5373 enim
3312 5335 3490 5374 sermo
3534 5318 3652 5384 Dei,
3681 5324 3727 5373 et

2083 5390 2299 5460 efficax,
2335 5400 2386 5445 et
2412 5391 2812 5460 penetrabilior
2839 5392 2991 5443 omni
3015 5390 3201 5460 gladio
3231 5392 3466 5461 ancipiti
3492 5407 3511 5444 :
3541 5396 3595 5444 et
3618 5404 3730 5460 per-

2086 5464 2300 5531 tingens
2335 5478 2501 5533 usque
2529 5464 2602 5515 ad
2630 5460 2957 5533 divisionem
2986 5463 3277 5524 animaac
3304 5460 3556 5531 spiritus,
3587 5477 3725 5517 com-

2080 5549 2284 5604 pagum
2316 5549 2544 5603 quoque,
2578 5548 2640 5586 ac
2670 5532 3058 5605 medullarum,
3117 5537 3169 5588 et
3223 5533 3493 5588 discretor
3533 5535 3724 5605 cegita-

2086 5603 2320 5674 tionum,
2352 5606 2401 5660 et
2430 5606 2800 5660 intentiouum
2828 5603 3025 5660 cordis.
