3978 6210
144 276 248 335 585

679 270 1094 332 EXPOSITIO
1138 269 1214 329 IN
1265 269 1694 331 EPISTOLAS
1743 269 2001 330 PAULI.
2030 271 2202 330 —lN
2250 271 2495 330 EPIST.
2545 273 2649 330 AD
2694 272 3026 332 PHlLlPP.

3441 277 3562 338 586

143 404 365 478 junxit:
392 404 632 460 Orantes
664 404 817 458 omni
844 410 1084 472 tempore
1115 403 1174 455 in
1202 403 1424 472 spiritu.
1462 402 1526 456 Et
1560 402 1706 456 bene
1738 402 1796 455 in
1829 403 1878 467 Α
1916 402 2287 456 commendat
2319 403 2495 456 etiam
2525 403 2960 472 profectionem.
2995 408 3135 459 Cum
3167 406 3308 460 dicit
3340 408 3564 463 Charis-

149 498 347 568 spiritu
374 493 538 559 dicit,
576 497 643 546 ut
679 509 793 546 non
844 491 1108 545 dicamus
1153 492 1328 546 verba
1359 492 1656 558 meditata,
1707 491 1792 544 vel

147 585 398 655 scripta;
432 581 536 636 sed
571 579 816 635 interior
866 579 1062 644 homo,
1095 579 1152 633 id
1185 583 1291 646 est,
1327 579 1594 649 spiritus,
1629 579 1802 650 pleno

151 670 436 728 desiderio
467 675 618 735 oret,
651 677 707 724 et
735 670 886 724 omni
904 673 1148 738 tempore
1167 672 1308 722 oret.
1335 667 1483 722 Nota
1505 667 1658 738 quod
1684 667 1764 722 ait
1796 685 1812 720 :

153 765 258 818 Per
302 775 550 816 omnem.
601 756 905 828 Multiplex
957 760 1046 811 est
1085 758 1237 810 enim
1273 756 1495 812 oratio:
1527 772 1682 810 nunc
1713 773 1814 827 pro

150 851 340 914 nobis,
373 864 534 904 nunc
566 861 672 918 pro
701 844 854 914 aliis,
887 860 1044 898 nunc
1091 861 1192 914 pro
1247 843 1358 911 his,
1393 861 1518 915 qua:
1551 845 1620 897 ad
1657 845 1812 898 futu-

151 957 272 995 ram
299 937 510 1010 (1M8),
536 951 694 990 nunc
725 951 824 1005 pro
854 933 970 998 his,
999 950 1124 1004 qua:
1153 933 1220 986 ad
1259 937 1600 1002 prmsentem
1631 931 1812 988 vitam

149 1029 463 1101 pertinent.
482 1025 632 1080 Nota
655 1022 811 1095 quod
838 1021 1208 1077 cessantibus
1234 1022 1416 1092 (1140)
1433 1021 1626 1076 verbis
1648 1021 1813 1092 spiri-

148 1123 246 1171 tus
278 1115 453 1170 debet
483 1129 649 1168 orare
676 1128 689 1178 ;
724 1115 780 1166 et
811 1109 1064 1182 qualiter
1116 1109 1392 1174 ostendit,
1455 1126 1588 1163 cum
1621 1108 1765 1162 dicit
1795 1127 1807 1162 :

155 1205 320 1262 Omni
354 1211 604 1273 tempore.
634 1201 704 1255 Et
761 1200 900 1270 quia
957 1198 1260 1253 subaudiri
1317 1201 1541 1268 poterat
1586 1201 1807 1251 certum

156 1301 420 1363 tempus,
452 1289 510 1344 id
543 1295 646 1354 est,
679 1289 806 1343 dies
837 1288 908 1342 ad
941 1285 1304 1358 operandum
1339 1285 1524 1355 (1150)
1548 1285 1684 1340 data
1707 1284 1810 1339 bo-

157 1380 305 1436 mini
333 1395 349 1435 :
381 1379 512 1435 ideo
540 1377 874 1448 subjunxit:
909 1378 972 1431 Et
1003 1378 1061 1430 in
1092 1377 1211 1445 ipso
1243 1375 1534 1442 vigilantes
1561 1375 1622 1428 in
1662 1375 1812 1428 omni

151 1469 452 1537 instantia,
488 1483 560 1521 ne
587 1465 872 1528 videlicet,
906 1463 1085 1519 veluti
1117 1463 1493 1528 dormientes,
1525 1461 1692 1530 lecta,
1725 1461 1808 1516 vel

153 1557 567 1614 commendata
586 1555 872 1609 dicamus.
897 1553 1058 1607 Sicut
1081 1552 1233 1607 enim
1260 1551 1556 1606 dormiens
1581 1551 1811 1622 ignorat

155 1647 310 1718 quod
334 1645 512 1711 dicit;
540 1643 623 1698 ita
645 1641 766 1708 ille,
790 1642 890 1714 qui
914 1642 997 1697 ita
1018 1640 1280 1712 loquitur
1302 1640 1540 1709 orando,
1561 1643 1626 1693 ut
1651 1639 1809 1693 aliud

1927 492 2100 544 simus
2117 491 2512 561 fratergnagni
2538 491 2725 545 meriti
2754 497 3271 563 nionstratur,cum
3297 496 3568 550 charissi-

1931 596 2061 634 mus
2119 597 2245 633 esse
2301 579 2512 633 dicitur
2570 580 2750 634 Pauli.
2801 582 2906 635 Sed
2955 583 3105 636 unde
3138 583 3570 640 charissimus?

1926 668 2198 736 Nunquid
2232 668 2370 738 quia
2401 668 2563 722 illius
2596 673 2715 723 erat
2738 670 3053 724 minister?
3075 672 3339 726 Aitenim
3369 690 3378 726 :
3406 674 3568 729 Mini-

1923 759 2032 810 stcr
2061 758 2118 809 in
2152 757 2414 823 Domino;
2452 756 2506 810 id
2541 762 2649 822 est,
2684 758 2740 811 in
2778 759 3164 829 prmdicando.

1995 845 2274 915 Sequitur
2299 861 2310 898 :
2351 846 2412 901 Ut
2439 849 2772 912 cognoscatis
2800 864 2918 919 qua:
2947 849 3099 902 circa.
3125 866 3221 903 nos
3242 855 3389 916 sunt,
3415 856 3524 906 etc.
3547 870 3560 917 ;

1922 931 1978 986 id
2011 938 2120 998 est,
2154 950 2300 1003 quas
2334 950 2534 1003 pmnas
2593 938 2648 988 et
2699 952 2846 1004 quas
2908 942 3141 990 catenas
3192 939 3467 1009 patimur.
3507 942 3570 995 Ut

1921 1023 2227 1076 consoletur
2255 1023 2414 1076 corda
2450 1027 2644 1092 vestra,
2680 1040 2748 1078 ne
2781 1024 2849 1078 de
2898 1041 3026 1079 mea
3076 1043 3234 1091 cura,
3268 1031 3322 1081 et
3353 1027 3570 1082 sollici-

1923 1110 2127 1164 tudine
2151 1109 2444 1165 laboretis.
2474 1111 2550 1164 De
2574 1128 2638 1164 eo
2662 1113 2814 1181 quod
2839 1113 3079 1182 grandis
3103 1115 3421 1171 consolatio
3445 1133 3572 1171 esse

1921 1202 2148 1268 poterat
2180 1199 2380 1251 audire
2416 1198 2658 1252 Paulum
2694 1200 2886 1254 Romae
2913 1201 2966 1254 in
2992 1202 3229 1257 domina
3251 1205 3574 1270 urbium,et

1923 1285 1981 1339 in
2018 1303 2145 1340 arce
2180 1285 2423 1340 Romani
2460 1287 2688 1358 imperii
2723 1289 2790 1341 de
2822 1306 3068 1354 carcere,
3103 1296 3157 1344 ct
3207 1293 3275 1346 de
3323 1293 3573 1348 vinculis

1926 1374 2390 1444 triumphantem
2423 1393 2435 1440 ;
2471 1379 2526 1430 et
2558 1375 2686 1430 ideo
2719 1376 3035 1447 Tychicum
3071 1379 3253 1449 (1153)
3282 1397 3407 1435 esse
3431 1381 3572 1435 mis-

1922 1479 2076 1529 sum,
2113 1468 2175 1516 ut
2207 1463 2384 1517 vitam
2417 1468 2474 1518 et
2505 1464 3000 1520 conversationem
3024 1467 3186 1520 Pauli
3213 1469 3297 1522 eis
3330 1469 3566 1524 nuntia-

1928 1556 2032 1606 ret.
2067 1551 2277 1622 Magna
2308 1553 2542 1623 quidem
2577 1553 2895 1607 consolatio
2927 1570 3053 1609 esse
3105 1558 3328 1626 poterat
3359 1556 3576 1612 imitari

1918 1638 2259 1706 volentium,
2297 1658 2468 1696 nosse
2515 1641 2712 1696 omnia
2769 1659 2894 1712 qua:
2950 1645 3020 1697 ab
3076 1644 3353 1716 Apostolo
3403 1662 3565 1717 gere-

155 1735 390 1806 cogitet.
419 1733 571 1788 Nota
601 1731 756 1802 quod
789 1735 988 1784 monet
1014 1744 1111 1800 pro
1152 1728 1354 1782 sanctis
1404 1743 1590 1793 orare,
1623 1731 1677 1782 et
1709 1743 1810 1798 pro
1841 1760 1887 1825 Β
1919 1727 2160 1782 bantur.

156 1842 238 1886 se.
272 1827 340 1878 Et
368 1821 644 1878 homines
673 1818 906 1885 tumidi,
939 1823 995 1872 et
1020 1817 1255 1888 superbi
1305 1816 1637 1888 despiciunt
1667 1832 1804 1870 ora-

182 1913 371 1968 tiones
400 1914 745 1965 sanctorum
777 1906 1090 1978 requirere.
1125 1905 1272 1960 Nota
1305 1906 1457 1976 quod
1486 1909 1544 1960 et
1564 1905 1687 1976 ipse
1705 1910 1831 1960 orat

167 2018 267 2073 pro
301 1997 596 2070 Ephesiis,
632 2001 687 2052 et
710 2000 894 2065 rogat,
921 1999 985 2050 ut
1007 1994 1189 2065 etipsi
1215 1997 1384 2048 orent
1411 2010 1515 2064 pro
1547 1993 1694 2064 ipso.
1721 1992 1827 2047 Ubi

161 2089 447 2145 discimus
471 2086 627 2157 quod
653 2089 711 2140 et
740 2083 958 2156 praelati
982 2101 1083 2154 pro
1107 2081 1380 2150 subditis,
1402 2085 1459 2137 et
1479 2081 1700 2136 subditi
1725 2097 1827 2152 pro

169 2177 423 2250 praelatis
445 2175 664 2230 debent
685 2189 870 2228 orare.
900 2172 1010 2227 Sed
1037 2171 1165 2225 vide
1188 2171 1342 2242 quod
1368 2187 1481 2225 non
1507 2186 1610 2242 pro
1634 2169 1825 2241 sospi-

165 2272 284 2322 tate
311 2262 558 2329 carnali,
587 2266 690 2316 aut
717 2278 819 2333 pro
841 2259 1264 2332 temporalibus
1289 2259 1623 2330 quibusque
1650 2259 1825 2313 rebus

166 2359 339 2425 rogat
371 2368 561 2418 orare,
584 2351 682 2404 sed
709 2355 773 2403 ut
795 2351 966 2403 detur
986 2347 1036 2403 ei
1055 2365 1249 2402 sermo
1271 2366 1283 2413 ;
1309 2347 1366 2401 id
1398 2352 1506 2411 est,
1540 2352 1604 2400 ut
1635 2363 1826 2401 sermo

170 2440 466 2504 abundet,
496 2444 555 2492 et
583 2455 645 2492 os
675 2437 933 2510 apertius
981 2436 1257 2507 loquatur
1287 2452 1419 2489 cum
1455 2436 1668 2490 fiducia
1699 2435 1824 2488 sine

172 2529 380 2601 aliqua
407 2525 810 2598 trepidatione.
845 2525 992 2580 Nota
1025 2525 1178 2595 quod
1213 2523 1321 2578 hoc
1351 2523 1546 2594 ipsum
1581 2524 1663 2577 eis
1695 2539 1825 2594 pro-

172 2620 395 2684 desset,
429 2632 576 2686 quos
609 2617 828 2679 monet,
859 2618 922 2668 ut
953 2617 1136 2668 orent.
1172 2611 1276 2666 Ubi
1327 2611 1614 2666 discimus
1664 2627 1828 2665 orare

175 2724 275 2779 pro
307 2705 404 2760 his
433 2721 583 2775 quos
615 2704 898 2758 docemus
924 2702 982 2756 in
1016 2700 1279 2757 Domino.

244 2793 565 2866 Sequitur:
595 2807 696 2863 pro
728 2808 852 2862 quo,
885 2794 996 2846 etc.
1027 2808 1040 2857 ;
1092 2789 1149 2843 id
1201 2793 1309 2857 est,
1357 2788 1686 2859 Evangelia.
1721 2787 1824 2842 Le-

179 2888 349 2956 gatus
377 2879 618 2946 Christi,
653 2879 787 2934 licet
835 2879 891 2932 in
942 2883 1146 2932 catena
1191 2878 1292 2943 sit,
1341 2881 1538 2931 tamen
1566 2875 1827 2930 ofﬁcium

180 2968 616 3041 evangelizandi
639 2966 880 3038 peragit.
905 2966 1016 3021 Sed
1039 2969 1187 3032 orat,
1208 2969 1273 3019 ut
1290 2981 1403 3019 non
1423 2963 1620 3019 dolore
1641 2964 1830 3018 vinca-

180 3065 275 3114 tur
299 3074 314 3125 ;
352 3057 490 3128 quia
510 3072 714 3111 omnes
737 3054 910 3125 legati
933 3053 1094 3108 verbi
1117 3052 1257 3108 talia
1277 3052 1568 3107 sustinere
1591 3052 1822 3106 debent.

2010 1816 2323 1886 Sequitur:
2358 1817 2497 1885 Paw,
2557 1822 2663 1871 etc.
2727 1818 2805 1871 De
2857 1836 2922 1872 eo
2972 1822 3124 1889 quod
3183 1820 3389 1875 ultima
3446 1839 3581 1893 pars

1938 1903 2192 1972 epistola:
2251 1905 2502 1975 precatio
2563 1910 2670 1959 est.
2730 1905 3004 1961 I’recatur
3057 1913 3113 1962 et
3170 1913 3332 1979 optat
3377 1927 3577 1981 pacem

1940 1991 2450 2057 fratribus,deinde
2473 1992 3214 2065 eburitatem,postmodum
3251 1999 3582 2053 {idemﬂaec

1939 2085 2097 2146 sunt,
2129 2098 2256 2151 quae
2291 2082 2605 2152 perfectum
2635 2083 3290 2152 faciuntChristianum,
3315 2089 3410 2141 sed
3446 2087 3583 2142 cha-

1939 2168 2081 2223 ritas
2113 2170 2302 2238 major
2332 2174 2420 2224 est
2453 2186 2588 2241 pace
2622 2173 2669 2239 (1¹
2698 2171 2815 2226 Cor.
2851 2189 2973 2236 xui,
3011 2175 3096 2240 13)
3123 2193 3134 2239 ;
3161 2175 3299 2244 quia
3321 2181 3461 2228 sunt
3483 2176 3581 2246 qui

1937 2257 2205 2320 tolerant,
2231 2274 2377 2328 quos
2411 2275 2521 2312 non
2555 2259 2826 2329 diligunt.
2853 2261 2999 2314 Nota
3022 2263 3175 2331 quod
3201 2262 3326 2316 sine
3359 2263 3470 2317 fide
3495 2282 3579 2318 re-

1940 2345 2099 2415 liqua
2132 2346 2414 2401 inutiliter
2443 2347 2764 2412 habentur;
2799 2354 2862 2403 ut
2889 2349 3062 2403 illud:
3092 2351 3277 2415 Omne,
3311 2353 3449 2422 quod
3477 2369 3581 2406 non

1937 2443 2013 2488 cst
2042 2451 2110 2487 ca:
2140 2435 2265 2501 ﬁde,
2295 2440 2576 2504 peccatum.
2607 2440 2682 2490 cst
2719 2439 2889 2505 (Rom.
2940 2456 3050 2502 xw,
3088 2440 3195 2508 13).
3230 2441 3377 2494 Nota
3407 2441 3583 2494 etiam

1938 2524 2091 2592 quod
2127 2524 2252 2592 ipsa
2284 2523 2428 2578 fides
2457 2542 2587 2577 cum
2648 2526 2884 2596 reliquis
2935 2527 3248 2581 virtutibus
3282 2547 3314 2582 a
3344 2530 3586 2582 Domino

1943 2612 2135 2665 datur.

2007 2701 2284 2771 Sequitur
2326 2719 2338 2756 :
2388 2702 2578 2756 Gratia
2611 2711 2793 2756 autem
2827 2718 2951 2758 cuni
2983 2706 3255 2773 omnibus,
3282 2711 3389 2762 etc.
3420 2708 3492 2760 De
3524 2723 3590 2761 eo

1938 2789 2092 2858 quod
2118 2794 2451 2862 corruptam
2483 2790 2695 2844 habent
2718 2791 2887 2845 fidem
2915 2791 3188 2860 haeretici,
3212 2795 3309 2865 qui
3337 2796 3404 2849 de
3423 2795 3589 2848 Chri-

1939 2883 2027 2932 sto
2059 2894 2172 2931 non
2207 2884 2358 2933 recte
2390 2879 2690 2945 sentiunt;
2723 2887 3057 2952 corruptam
3106 2883 3304 2951 etiam,
3339 2884 3436 2954 qui
3471 2901 3584 2938 non

1938 2969 2095 3020 recta
2125 2965 2443 3020 intentione
2464 2965 2515 3020 ei
2538 2967 2829 3032 serviunt;
2857 2974 3188 3040 corruptam
3213 2975 3267 3024 et
3287 2971 3500 3041 illi,qui
3528 2972 3585 3025 in

1940 3053 2047 3107 hac
2077 3058 2302 3107 tantum
2335 3054 2452 3108 vita
2484 3060 2621 3108 sunt
2653 3059 2954 3124 sperantes
2982 3059 3037 3110 in
3071 3057 3317 3112 Christo.
3340 3063 3463 3112 Non
3488 3059 3586 3113 de-

183 3123 352 3202 Unde
375 3123 680 3215 sequitur:
717 3123 882 3197 Ita—et
911 3145 969 3197 in
1003 3143 1139 3212 ipso,
1173 3145 1281 3196 etc.
1316 3141 1462 3204 Quid
1495 3140 1648 3196 enim
1675 3139 1831 3194 aliud
1863 3123 1904 3190 C
1945 3141 2178 3195 fuerunt
2208 3141 2307 3212 qui
2341 3123 2748 3196 intellexerunt
2769 3150 3092 3214 corruptos,
3120 3145 3217 3215 qui
3242 3146 3590 3201 concubitus

181 3236 340 3290 inter
367 3235 630 3300 adversa,
659 3236 718 3286 et
747 3231 1026 3286 adversus
1051 3246 1251 3302 poenas
1281 3229 1485 3284 debuit
1513 3226 1834 3293 orare,nisi

181 3329 247 3378 ut
280 3320 499 3376 ﬁducia
549 3319 661 3375 sibi
708 3319 948 3374 daretur
995 3319 1068 3374 ad
1124 3318 1620 3373 manifestandum
1654 3317 1834 3371 Evan-

185 3410 406 3483 gelium
429 3410 458 3462 ?
488 3408 635 3462 Nota
665 3407 821 3478 quod
855 3412 996 3461 tunc
1023 3407 1212 3476 major
1235 3407 1447 3460 fiducia
1468 3411 1577 3466 est.
1603 3405 1836 3476 quando

185 3499 421 3570 copiose
454 3501 511 3552 et
540 3494 966 3551 rationabiliter
995 3495 1232 3549 dicitur.

258 3587 444 3658 (1151)
472 3585 787 3657 Sequitur:
827 3585 888 3640 Ut
937 3587 1124 3638 autem
1172 3598 1264 3637 vos
1314 3583 1522 3646 sciatis,
1556 3585 1664 3636 etc.
1695 3581 1842 3635 Nota

188 3677 344 3750 quod
358 3675 478 3730 duo
491 3673 718 3743 dicit,id
732 3676 974 3744 est,quze
991 3671 1141 3726 circa
1155 3687 1248 3726 me
1261 3675 1484 3740 sunt,et
1496 3669 1632 3740 quid
1649 3685 1840 3741 agam.

188 3766 354 3820 Circa
385 3765 582 3836 ipsum
613 3762 756 3833 quid
788 3766 978 3826 erant,
1012 3760 1124 3815 nisi
1156 3764 1370 3814 catena:
1391 3759 1419 3813 ‘I
1440 3759 1509 3812 Et
1539 3758 1678 3829 quid
1712 3774 1844 3830 age-

190 3855 310 3920 bat,
345 3853 462 3908 nisi
492 3851 785 3908 instanter
813 3848 1104 3904 docebat?
1135 3848 1216 3903 De
1258 3847 1350 3901 his
1381 3846 1462 3901 nil
1500 3863 1602 3918 per
1630 3846 1848 3918 episto-

194 3942 311 3997 lam
345 3940 592 4013 pandit;
621 3938 725 3994 sed
757 3937 956 3993 omnia
986 3953 1088 4008 per
1118 3935 1391 4002 missum,
1420 3934 1477 3989 id
1509 3939 1616 4000 est,
1642 3933 1846 4006 Tychi-

191 4048 330 4087 cum
354 4029 544 4101 (1152)
565 4026 828 4083 mandat.
851 4025 1034 4097 Cujus
1057 4025 1212 4080 enim
1237 4023 1495 4080 ostendit
1514 4039 1846 4095 personam,

269 4207 457 4279 (1148)
515 4205 709 4261 Verba
759 4203 902 4268 haec,
955 4218 1169 4257 nunc...
1229 4204 1501 4272 futurum,
1553 4200 1610 4255 in
1663 4217 1848 4273 marg.

199 4279 333 4421 16%?
335 4283 761 4420 Il-i'EIVIT‘ortasse
783 4344 1274 4421 ἱῃεεδδαηῑξὺᾳεμᾳι
1292 4343 1575 4421 referatur
1591 4343 1662 4421 ad
1683 4341 1849 4421 illud,

201 4412 448 4477 in'omm'
490 4423 761 4489 tempore,
819 4418 880 4470 in
927 4416 1076 4489 omni
1126 4412 1548 4489 instantiazvel
1581 4413 1758 4489 etiam
1783 4419 1855 4489 _ut

188 4493 367 4565 jacet,
400 4491 530 4550 scil.
595 4483 665 4545 ut
725 4491 915 4542 mente
973 4486 1170 4557 etiam,
1231 4483 1600 4541 cessantibus
1638 4484 1850 4551 verbis,

1943 3229 2359 3300 experientiam
2395 3229 2653 3300 capiunt,
2688 3231 2788 3299 qui
2812 3231 2982 3301 vulgo
3006 3233 3262 3302 corrupti
3287 3232 3587 3287 dicuntur.

1946 3318 2055 3372 Sed
2088 3317 2381 3387 quomodo
2415 3319 2484 3370 ab
2518 3317 2624 3370 hac
2655 3319 2844 3387 gratia
2874 3319 3147 3389 coniugia
3168 3325 3369 3374 sancta
3395 3319 3590 3375 exclu-

1946 3405 2200 3460 duntur?
2223 3407 2886 3476 Quaproptercorruptio
2905 3407 3443 3477 diciturcujuslibet
3463 3425 3590 3478 pec-

1948 3495 2057 3548 cati
2090 3493 2428 3547 dominatio.
2463 3493 2712 3564 Diligere
2741 3511 2873 3549 vero
2904 3495 3216 3550 Dominum
3251 3496 3307 3550 in
3344 3498 3594 3550 incorru-

1945 3583 2129 3654 ptione
2156 3585 2261 3648 est,
2298 3597 2410 3635 non
2444 3597 2684 3652 regnare
2708 3588 3010 3654 peccatum
3044 3583 3101 3638 in
3137 3588 3334 3639 nostro
3367 3583 3596 3640 mortali

1951 3685 2210 3741 corpore,
2243 3673 2351 3723 etc.
2381 3671 2550 3724 Amen
2572 3675 2767 3725 autem
2791 3672 2958 3742 quasi
2990 3673 3061 3726 ad
3094 3673 3597 3728 conﬁrmationem

1952 3758 2240 3826 omnium,
2265 3774 2390 3828 quae
2415 3757 2684 3830 superius
2712 3760 2928 3832 scripta
2958 3764 3118 3827 sunt,
3148 3761 3203 3815 in
3236 3761 3349 3817 line
3376 3762 3597 3834 posuit;

1955 3863 2057 3918 per
2104 3862 2276 3916 quem
2333 3847 2706 3902 Hebraeorum
2767 3865 3093 3905 sermonem
3154 3867 3289 3904 vera
3320 3855 3376 3906 et
3409 3848 3604 3905 fidelia

1955 3951 2105 4004 esse,
2141 3951 2266 4005 quae
2299 3935 2519 4007 scripta
2551 3940 2710 4001 sunt,
2745 3937 3244 3993 demonstrantur.

2029 4023 2268 4094 Explicit
2295 4025 2546 4093 epistolat
2574 4024 2644 4076 ad
2674 4024 2950 4094 Ephesios.

1961 4215 2218 4256 oremus.

2035 4271 2216 4342 (1150)
2247 4269 2512 4323 Fortasse
2543 4269 2620 4323 ad
2649 4269 2944 4342 orandum.

2037 4340 2218 4412 (1151)
2250 4344 2313 4393 In
2346 4345 2762 4413 autog.marg.
2797 4340 2887 4395 hic
2918 4340 3030 4412 leg.
3065 4357 3191 4413 cap.
3222 4341 3410 4397 XXXI.

2035 4413 2218 4481 (1152)
2253 4413 2315 4465 In
2347 4412 2468 4466 cod.
2509 4412 2752 4466 Titicum.

2040 4484 2220 4556 (1153)
2253 4483 2321 4538 Et
2350 4482 2444 4537 hic
2476 4483 2667 4537 denuo
2699 4483 2945 4536 Titicum.

184 4664 3611 4692 NW

724 4850 1190 4947 INCIPIT
1258 4849 1870 4944 EPISTOLA

1937 4849 2101 4941 AD
2173 4849 3104 4943 PHILIPPENSES.

189 5203 702 5283 Philippensibus
734 5197 1046 5270 Apostolus
1086 5178 1338 5252 verbum
1367 5195 1501 5251 fidei
1535 5195 1868 5283 praedicavit
1894 5209 1942 5272 Ι)
1974 5194 2224 5267 pleniter
2255 5209 2356 5283 eos
2389 5193 2669 5250 instruxit
2708 5199 2766 5250 et
2805 5194 3075 5250 solidavit
3115 5196 3174 5252 in
3218 5199 3351 5255 ﬁde.
3386 5199 3453 5253 Et
3484 5195 3624 5268 quia

197 5301 259 5353 in
290 5282 522 5354 visione
544 5287 913 5354 admonitus,
939 5285 1092 5340 sicut
1116 5283 1175 5338 in
1196 5283 1438 5338 Actibus
1471 5282 1866 5354 apostolorum

200 5385 440 5458 legitur,
505 5384 575 5437 ut
635 5375 936 5432 accederet
990 5373 1061 5428 ad
1119 5389 1239 5439 eos,
1297 5377 1354 5428 et
1400 5371 1650 5443 aperiret
1701 5387 1871 5426 aures

203 5489 410 5530 eorum
443 5470 522 5528 ad
585 5462 947 5521 audiendum
1002 5461 1246 5516 verbum
1303 5459 1405 5515 Dei
1443 5459 1577 5530 (Act.
1611 5475 1724 5525 xvr,
1760 5459 1870 5529 19).

203 5561 427 5622 Mansit
457 5555 626 5616 enim
659 5551 818 5625 apud
858 5548 988 5606 illos
1045 5549 1252 5607 diebus
1307 5546 1531 5617 multis,
1564 5562 1873 5623 quousque

537 5684 812 5742 PATBOL.
859 5675 1182 5744 CXXXIV.

1982 5287 2110 5354 post
2139 5283 2268 5351 ejus
2310 5279 2648 5335 abscessum
2691 5300 2806 5336 non
2849 5288 2986 5338 sunt
3025 5286 3288 5341 translati
3336 5288 3406 5341 ad
3440 5285 3622 5352 aliud,

1981 5370 2133 5425 sicut
2178 5368 2416 5432 Galatae,
2447 5365 2762 5423 laudantur
2791 5371 2862 5424 ab
2886 5372 3182 5442 Apostolo.
3213 5375 3366 5430 Laus
3395 5389 3627 5444 quoque

1980 5459 2250 5520 istorum,
2281 5453 2628 5523 vituperatio
2661 5461 2749 5511 est
2779 5455 3049 5527 aliorum,
3081 5459 3140 5514 id
3183 5467 3272 5517 est
3300 5460 3628 5518 Corinthio-

1981 5561 2133 5603 rum.
2167 5543 2241 5600 Hi
2272 5541 2452 5609 enim,
2485 5557 2616 5600 cum
2651 5544 2926 5618 Apostolo
2962 5548 3316 5620 praedicante
3346 5547 3626 5605 credidis-

3237 5676 3310 5734 19
