3978 6210
81 313 196 372 589

155 439 438 511 Sequitur
471 455 484 492 :
543 440 716 494 Testis
758 440 927 508 enim,
962 443 1070 494 etc.
1109 455 1121 494 :

79 531 148 596 ri,
176 529 365 600 (1156)
385 533 446 582 ut
471 527 642 583 illud.
666 529 774 596 Qui
793 529 1086 583 manducet
1106 546 1324 584 carnem
1350 547 1546 597 meam,
1569 532 1744 596 (.Ioan.

77 636 154 689 γι,
190 619 288 689 57)
319 623 425 672 etc.
458 633 472 674 :
504 617 630 672 sive
660 617 744 672 ita
773 633 871 671 vos
903 615 1103 689 diligo,
1137 617 1305 689 quasi
1340 619 1558 674 viscera
1588 618 1745 672 Chri-

75 708 152 762 sti
186 706 396 776 (1157).
453 710 600 760 Cum
632 704 816 759 Deum
850 709 1063 759 testem
1098 705 1346 774 invocat,
1379 721 1493 760 non
1543 711 1747 760 contra

81 800 444 867 prazceptum
461 792 695 849 Domini
716 793 874 862 facit,
891 794 1025 864 quia
1055 795 1599 865 necessitatejurat;
1625 793 1747 849 vult

89 885 250 940 enim
273 890 339 939 ut
369 882 457 944 illi
477 883 653 938 fidem
673 883 1199 948 accommodent,et
1228 882 1474 954 diligant
1504 883 1743 954 diligen-

84 981 231 1040 tem,
281 977 340 1028 et
388 977 588 1027 ament
646 974 940 1025 amantem
992 987 1073 1025 se.
1129 971 1424 1026 tie-siderat
1470 988 1568 1026 eos
1627 988 1739 1027 non

79 1061 332 1130 carnali,
367 1063 466 1116 sed
510 1059 760 1131 spiritali
809 1075 1004 1114 amore
1037 1060 1242 1130 (1158).

154 1169 478 1240 Sequitur:
511 1168 571 1220 Et
603 1166 701 1222 hoc
730 1181 842 1232 oro,
864 1170 973 1221 etc.
1001 1182 1014 1218 :
1050 1166 1195 1220 Nota
1224 1166 1378 1236 quod
1411 1182 1525 1221 non
1547 1165 1741 1222 solum

81 1257 368 1329 praecipit.
387 1272 513 1326 quae
545 1254 774 1325 iaciant,
797 1255 897 1310 sed
931 1259 1058 1309 orat
1080 1260 1142 1308 ut
1173 1255 1422 1324 faciant;
1457 1255 1594 1326 quia
1624 1272 1738 1311 non

79 1345 322 1402 sut‘ticit
354 1360 524 1399 nosse
555 1344 704 1414 quod
736 1345 1028 1415 agendum
1060 1349 1168 1411 est,
1203 1343 1313 1399 nisi
1359 1343 1512 1399 adsit
1550 1344 1740 1415 gratia

67 1435 302 1505 juvans
337 1437 401 1487 ut
429 1431 627 1504 perﬁci
659 1431 863 1502 possit.

153 1540 440 1612 Sequitur
473 1555 487 1594 :
534 1539 594 1592 In
624 1539 877 1601 scientia,
910 1543 1019 1593 etc.
1054 1539 1198 1594 Nota
1229 1540 1381 1610 quod
1417 1539 1738 1594 scientibus

71 1629 395 1686 scientiam
419 1632 548 1682 orat
577 1625 726 1694 dari,
751 1626 892 1697 quia
919 1627 1047 1681 sine
1075 1626 1324 1681 scientia
1345 1643 1516 1682 nemo
1548 1630 1740 1698 potest

72 1717 500 1780 sinceritatem,
534 1715 590 1768 id
623 1720 713 1770 est
744 1714 1134 1786 integritatem
1166 1715 1400 1783 habere,
1426 1732 1532 1770 nec
1558 1716 1732 1786 potio-

614 309 1035 370 EXPOSITIO
1079 309 1154 368 ΙΝ
1205 309 1634 371 EPISTOLAS
1680 311 1938 373 PAULI.
1972 346 2048 358 —
2079 316 2154 374 ΙΝ
2205 317 2444 376 EPIST.
2498 317 2597 376 AD
2648 318 2976 378 PlllLlPP.

3386 326 3502 383 590

1175 440 1230 494 id
1265 445 1374 510 est,
1409 441 1742 512 incorpora-
1775 450 1826 510 Α
1861 443 1990 498 bem
2027 445 2365 516 replentem,
2400 448 2678 516 majorem
2710 448 2758 503 ei
2800 449 3076 504 invidiam
3110 453 3498 508 cumularent.

1856 532 1998 587 Nota
2026 535 2177 603 quod
2205 536 2329 588 dna-
2364 537 2583 606 species
2616 538 2776 590 bona).
2809 540 3038 592 duabus
3061 543 3365 596 contrariis
3397 562 3498 614 op-

1856 629 2180 690 ponuntur;
2202 626 2270 677 ad
2292 627 2538 695 primam
2559 627 2711 680 enim
2733 629 3039 698 respondet
3059 632 3331 695 secunda,
3355 635 3502 686 bona

1854 709 2007 763 enim
2035 710 2303 766 voluntas
2330 715 2616 768 contraria
2647 721 2732 768 est
2767 716 3093 772 invidentia:
3121 737 3132 784 ;
3167 720 3336 774 tertia
3365 738 3497 775 vero

1853 796 2096 853 adversa
2144 804 2230 854 est
2277 807 2515 871 quartis,
2550 803 2825 872 quoniam
2874 804 3126 860 charitas
3166 824 3300 877 erga
3333 808 3496 863 Chri-

1852 891 2029 953 stum,
2049 887 2132 942 vel
2153 891 2396 944 Paulum
2419 907 2529 944 non
2560 897 2746 962 potest
2773 898 3006 964 propter
3027 898 3491 965 persecutionem

1852 973 2012 1029 Pauli
2042 977 2351 1046 praedicare
2373 979 2688 1034 Christum.
2710 981 2842 1034 Mali
2865 999 2989 1052 quae
3008 1000 3107 1038 sua
3135 990 3259 1038 sunt
3284 986 3487 1056 praedi-

1850 1064 2032 1118 cando
2054 1077 2330 1136 quaerunt,
2353 1085 2462 1122 non
2484 1086 2599 1138 qua:
2618 1072 2745 1124 Jesu
2764 1070 2968 1125 Christi
2989 1074 3251 1144 (Philipp.
3279 1091 3338 1142 ιι,
3361 1075 3451 1143 21)
3474 1093 3486 1128 :

1850 1153 1948 1206 sed
1973 1154 2102 1207 boni
2125 1154 2322 1210 ﬁdeles
2347 1173 2458 1211 non
2480 1158 2801 1228 quemlibet
2824 1158 3264 1226 hominum,sed
3293 1163 3484 1232 ipsum

1849 1240 2160 1297 Dominum
2193 1244 2527 1298 obedienter
2558 1247 2826 1311 audiunt,
2858 1248 2956 1317 qui
2991 1248 3069 1302 ait
3103 1266 3114 1302 :
3151 1266 3274 1319 qua)
3303 1250 3492 1306 dicunt

1845 1331 2031 1398 facite,
2081 1337 2190 1386 etc.
2242 1331 2462 1400 (Matth.
2515 1351 2674 1400 xxni,
2721 1337 2796 1402 3).
2830 1337 2961 1390 Ideo
2994 1338 3242 1393 audiunt
3273 1339 3491 1394 utiliter

1847 1419 2021 1474 etiam
2047 1438 2173 1491 qua:
2207 1419 2426 1476 utiliter
2450 1439 2560 1476 non
2596 1429 2887 1493 aguntur;
2923 1442 3029 1479 sua
3051 1426 3204 1479 enim
3235 1443 3488 1498 QUIBPCPG

1847 1509 2125 1573 student;
2167 1509 2265 1562 sed
2301 1526 2408 1563 sua
2439 1509 2645 1565 docere
2677 1529 2790 1565 non
2824 1513 3058 1566 audent.

1917 1626 2198 1696 Sequitur
2231 1641 2242 1678 :
2298 1627 2441 1694 Quid
2471 1629 2666 1680 enim?
2693 1635 2799 1681 etc.
2835 1628 2903 1681 Et
2931 1633 3018 1683 est
3050 1647 3258 1684 sensus
3295 1647 3306 1683 :
3343 1629 3486 1694 Quid

1845 1713 2025 1778 enim,
2049 1718 2149 1768 aut
2169 1730 2347 1784 quare
2371 1731 2623 1784 movear,
2645 1721 2746 1769 aut
2769 1733 2947 1786 quare
2970 1716 3026 1770 in
3055 1717 3489 1774 tribulationem

74 1824 162 1871 ra,
185 1805 248 1860 id
280 1809 371 1859 est
392 1803 630 1859 utiliora
655 1802 920 1873 probare,
945 1807 1002 1857 et
1024 1803 1214 1857 fructu
1240 1804 1524 1858 bonorum
1552 1804 1732 1858 abun-
1761 1810 1810 1874 Β
1842 1803 2208 1868 mittar,cum
2230 1803 2470 1856 omnino
2489 1805 2775 1872 gaudeam
2799 1806 2950 1876 quod
2971 1808 3126 1859 omni
3155 1808 3324 1861 modo
3347 1825 3490 1862 nun-

73 1896 237 1949 dare.
273 1893 344 1948 Et
372 1893 446 1947 ad
479 1892 622 1963 quid
656 1892 766 1946 hoc
785 1891 812 1945 Ῥ
841 1891 1117 1963 Nunquid
1164 1896 1230 1946 ut
1274 1891 1383 1946 hoc
1413 1892 1733 1947 laudetur?

75 1984 224 2037 Non.
261 1983 374 2037 Sed
406 1981 479 2036 ad
512 1980 732 2034 laudem
761 1980 875 2046 Dei,
908 1983 1232 2035 secundum
1265 1980 1408 2035 illud
1444 1997 1456 2034 :
1509 1981 1736 2036 videant

76 2087 246 2144 opera
276 2078 464 2126 vestra
494 2070 653 2135 bona,
681 2075 791 2123 etc.
823 2069 1040 2136 (Matth.
1071 2085 1124 2135 v,
1160 2070 1268 2139 16).

144 2177 336 2247 (1159)
370 2175 698 2245 Sequitur:
751 2173 904 2228 Sci-re
951 2183 1135 2229 autem
1180 2190 1272 2229 vos
1318 2174 1464 2240 volo,
1507 2177 1732 2245 fratres,

73 2271 183 2322 etc.
220 2265 332 2320 His
374 2263 566 2318 verbis
613 2261 948 2318 consolatur
994 2279 1093 2318 eos
1141 2264 1210 2318 de
1257 2262 1734 2319 tribulationibus

72 2356 232 2410 suis.
265 2353 338 2407 Et
385 2356 475 2406 est
518 2366 724 2406 sensus
757 2367 770 2404 :
822 2350 946 2405 Non
991 2350 1182 2406 solum
1216 2367 1329 2406 non
1362 2352 1598 2419 obsunt,
1633 2353 1734 2407 sed

70 2444 264 2498 etiam
298 2445 572 2512 prosunt,
596 2439 730 2492 dum
755 2455 866 2494 non
901 2455 1004 2509 pro
1027 2439 1292 2508 crimine,
1317 2441 1415 2496 sed
1451 2457 1552 2511 pro
1575 2439 1736 2494 Chri-

70 2537 161 2588 sto
202 2529 428 2602 patior.

145 2634 444 2707 Sequitur
477 2652 490 2687 :
521 2635 600 2688 Ita
629 2639 688 2688 ut
718 2635 961 2699 vincula,
993 2639 1101 2689 etc.
1138 2635 1347 2705 Magna
1377 2635 1504 2689 laus
1537 2636 1734 2690 vincu-

72 2726 270 2782 latum
303 2741 439 2780 esse
469 2741 573 2794 pro
601 2723 824 2779 Christo
857 2726 916 2778 in
944 2727 1096 2779 omni
1119 2725 1382 2794 praetorio
1410 2729 1460 2779 et
1491 2727 1551 2778 in
1579 2729 1736 2779 cxte-

69 2819 153 2871 ris
181 2815 466 2881 omnibus,
498 2812 556 2867 id
605 2817 714 2882 est,
750 2817 884 2868 ante
913 2828 1078 2884 reges
1126 2818 1182 2866 et
1227 2813 1283 2866 in
1316 2814 1539 2868 caeteris
1569 2813 1736 2879 locis,

69 2907 171 2960 ubi
195 2904 443 2975 judices
475 2902 752 2958 resident.
782 2901 1124 2957 Praetorium
1157 2901 1370 2956 dicitur
1399 2903 1568 2973 quasi
1600 2920 1740 2974 prie-

71 2992 436 3066 ceptorium,
461 3007 526 3046 eo
557 2994 711 3062 quod
743 2989 820 3045 ibi
856 2995 1065 3062 prator
1093 2991 1292 3046 sedeat
1321 2991 1392 3045 ad
1424 2991 1740 3046 discutien-

69 3084 248 3138 dum.
301 3081 584 3135 Prietores
629 3079 789 3150 dicti,
822 3079 990 3150 quasi
1032 3084 1434 3152 praeceptores,
1468 3097 1533 3135 eo
1578 3080 1733 3152 quod

1843 1892 2026 1947 tiatur
2067 1891 2381 1946 Christus?
2424 1892 2638 1945 Occasio
2670 1894 2824 1947 enim
2857 1900 2944 1948 est
2975 1895 3206 1964 quando
3241 1913 3352 1949 non
3388 1914 3488 1966 pro

1843 1998 1925 2047 se,
1960 1981 2059 2035 sed
2096 1985 2329 2051 prepter
2359 1979 2516 2034 aliud
2548 1980 2817 2035 Christus
2849 1982 3199 2050 praedicatur
3232 2002 3242 2038 :
3290 1986 3489 2039 veritus

1842 2085 1975 2125 vero
1997 2073 2085 2123 est
2111 2069 2342 2138 quando
2371 2085 2471 2138 pro
2507 2085 2568 2121 se
2599 2068 2723 2139 ipso
2756 2069 3022 2140 diligitur
3052 2070 3338 2126 Christus.
3375 2073 3484 2126 Sed

1843 2157 1962 2213 sive
1991 2156 2111 2226 illo,
2145 2158 2266 2210 sive
2295 2157 2405 2211 isto
2438 2157 2737 2213 nuntietur
2766 2160 2958 2226 modo,
2985 2159 3111 2214 ideo
3143 2162 3395 2229 gaudere
3425 2179 3486 2216 se

1843 2245 2002 2314 dicit,
2028 2245 2165 2316 quia
2185 2244 2451 2300 Christus
2485 2247 2841 2313 nominatur,
2862 2246 3128 2302 Christus
3161 2249 3483 2303 nuntiatur.

1844 2335 1975 2389 Ideo
2001 2333 2214 2388 Paulus
2236 2334 2546 2404 gaudebat,
2571 2335 2710 2405 quia
2736 2351 2838 2405 per
2863 2334 3096 2389 fallaces
3119 2351 3318 2391 verum
3343 2355 3487 2408 prte-

1845 2423 2168 2489 dicabatur,
2201 2428 2256 2476 et
2288 2437 2386 2492 per
2420 2422 2705 2478 malorum
2740 2440 2840 2477 ora
2873 2423 3142 2478 Christus
3173 2427 3485 2479 annuntia—

1847 2511 2035 2564 batur.
2073 2510 2270 2563 Multis
2313 2510 2467 2564 enim
2501 2517 2746 2582 prosunt
2778 2512 3036 2566 docendo
3069 2529 3195 2583 qua:
3239 2531 3350 2567 non
3408 2515 3487 2568 la-

1845 2599 2006 2652 ciunt
2039 2616 2050 2652 :
2088 2599 2182 2651 sed
2223 2598 2388 2670 longe
2419 2599 2688 2668 pluribus
2719 2602 3078 2670 prodessent,
3115 2602 3159 2654 si
3193 2619 3260 2655 ex
3293 2603 3490 2656 animo

1844 2687 2150 2758 diligerent
2179 2704 2306 2757 quae
2337 2688 2641 2742 docebant.
2675 2689 2933 2742 Primum
2968 2690 3248 2760 gaudium
3295 2696 3383 2744 est
3432 2691 3489 2745 in

1848 2776 2147 2840 fratribus,
2173 2776 2272 2846 qui
2299 2777 2448 2828 bona
2476 2777 2799 2844 voluntate;
2825 2779 3149 2832 secundum
3177 2780 3232 2832 in
3258 2780 3370 2845 his,
3391 2781 3488 2850 qui

1847 2863 2002 2918 mala
2030 2863 2325 2918 voluntate
2355 2864 2648 2919 Christum
2691 2867 3027 2936 przcdicant.

1916 2990 2102 3051 Quare
2133 2988 2401 3059 gaudeat,
2434 2990 2689 3059 exponit,
2721 3007 2854 3044 cum
2886 2990 3086 3044 subdit
3119 3008 3132 3046 :
3185 2991 3304 3045 Scio
3342 2994 3489 3046 enim

1845 3080 1975 3149 quia
2005 3077 2101 3132 hoc
2130 3078 2273 3131 mihi
2302 3080 2603 3145 proveniet,
2635 3083 2742 3131 etc.
2777 3079 2845 3131 Et
2885 3084 2973 3132 est
3016 3094 3226 3133 sensus
3259 3095 3271 3130 :
3326 3081 3486 3141 Quod

67 3174 383 3244 praecepta
402 3169 561 3239 dant,
588 3169 644 3223 id
676 3173 786 3235 est,
811 3167 1085 3240 praefecti,
1113 3168 1281 3240 quasi
1308 3169 1732 3240 praapositores.
1767 3171 1809 3236 C
1847 3165 1930 3220 illi
1975 3181 2151 3220 causa
2194 3165 2466 3219 interitus
2499 3165 2610 3219 mei
2643 3166 3042 3236 pronuntiant,
3076 3166 3194 3220 seio
3227 3167 3379 3236 quod
3415 3168 3486 3221 ad

139 3279 346 3351 (1160)
378 3275 697 3347 Sequitur:
755 3276 820 3332 Ut
865 3275 1070 3346 plures,
1119 3279 1253 3341 etc.,
1304 3275 1474 3346 quasi
1523 3275 1679 3331 dicat
1719 3293 1732 3333 :

68 3365 242 3421 Multi
271 3366 490 3419 fratres
511 3362 776 3435 exemplo
802 3362 1167 3417 vinculorum
1201 3379 1488 3427 meorum,
1512 3365 1736 3434 abjecto

67 3456 315 3518 timore,
350 3451 535 3506 libere
567 3452 879 3521 praadicent
906 3451 1226 3507 Christum.
1261 3452 1326 3506 Et
1371 3453 1511 3522 quia
1558 3454 1736 3508 variis

68 3540 517 3600 intentionibus
569 3541 839 3595 homines
893 3541 1211 3612 praedicant
1259 3541 1578 3606 Christum,
1610 3541 1736 3596 ideo

67 3633 280 3689 subdit
320 3648 333 3684 :
390 3627 615 3700 quidam
643 3627 879 3698 quidem,
912 3632 1018 3681 etc.
1054 3627 1132 3680 De
1176 3643 1241 3682 eo
1293 3627 1445 3698 quod
1489 3634 1741 3698 quatuor

66 3735 534 3794 personas,quae
554 3716 849 3771 Christum
873 3715 1206 3787 praedicant,
1224 3715 1316 3770 hic
1339 3716 1738 3771 ostendit.Sed

65 3811 270 3882 prima
293 3812 356 3862 et
378 3805 591 3860 ultima
612 3822 680 3860 ex
706 3803 1069 3876 malignitate
1093 3803 1440 3875 praedicant;
1473 3806 1600 3859 duae
1627 3821 1742 3860 me-

63 3901 172 3954 dias
197 3915 276 3954 ex
307 3897 470 3951 bono
495 3895 713 3949 animo.
738 3894 845 3948 Sed
870 3892 1186 3948 videndum
1211 3893 1352 3965 quid
1377 3894 1528 3948 inter
1557 3911 1618 3949 se
1650 3895 1741 3949 di-

62 3993 252 4044 stent.
290 3983 496 4040 Prima
537 3987 629 4038 est
669 3982 739 4036 de
773 3980 1138 4053 malignitate
1170 3988 1406 4054 prOpter
1436 3982 1742 4054 invidiam,

62 4078 210 4148 quia
245 4073 476 4142 dolent,
502 4078 567 4126 ut
595 4070 756 4127 solus
789 4070 899 4125 sibi
924 4071 1177 4125 vindicet
1199 4070 1503 4126 scientiam
1536 4073 1742 4144 pradi-

63 4165 244 4221 candi
273 4181 289 4231 ;
326 4160 651 4234 praedicant
681 4164 746 4215 ut
776 4161 1042 4215 auferant
1061 4158 1331 4231 gloriam,
1357 4176 1536 4231 quam
1568 4161 1746 4216 habet

60 4253 228 4326 apud
255 4251 600 4317 credentes;
625 4248 892 4303 invident
913 4247 1092 4314 enim,
1111 4248 1251 4318 quia
1268 4247 1530 4303 sentiunt
1552 4266 1683 4303 eum
1712 4266 1746 4304 a

61 4343 185 4397 Deo
221 4339 486 4395 electum
523 4355 534 4393 :
572 4342 871 4410 postrema
900 4338 971 4392 de
1003 4337 1155 4391 malo
1186 4340 1298 4406 est,
1334 4335 1472 4408 quia
1504 4353 1618 4392 non
1651 4354 1744 4391 ca-

57 4439 174 4500 ste,
202 4445 332 4486 non
370 4432 570 4482 sancte
601 4425 899 4481 Christum
936 4425 1341 4497 pronuntiant,
1366 4426 1467 4480 sed
1500 4432 1564 4480 ut
1593 4429 1744 4496 Apo-

1845 3252 2092 3308 salutem
2126 3253 2267 3307 mihi
2301 3253 2631 3323 proveniet;
2666 3253 2764 3307 sed
2799 3257 3072 3324 operante
3104 3254 3351 3316 Christo,
3387 3255 3488 3324 qui

1847 3343 1917 3396 ad
1943 3359 2132 3396 meam
2159 3341 2409 3396 salutem
2434 3341 2631 3395 omnia
2651 3342 2957 3411 gubernat.
2981 3346 3038 3394 et
3059 3341 3302 3395 adversa
3322 3341 3496 3395 vertit

1849 3432 1904 3484 in
1931 3445 2295 3502 prosperum.
2315 3429 2548 3484 Etiamsi
2576 3428 2674 3482 tali
2697 3445 2874 3483 causa
2896 3429 3170 3483 nuntiant
3189 3430 3487 3484 Christum

1849 3523 1911 3572 ut
1940 3534 2045 3589 ego
2077 3518 2265 3588 patiar
2307 3521 2364 3571 et
2407 3517 2651 3579 crucier,
2683 3522 2880 3571 tamen
2914 3533 3047 3588 spes
3081 3534 3210 3572 mea
3239 3518 3297 3571 in
3328 3517 3495 3572 Chri-

1848 3611 1958 3670 sto,
1979 3606 2118 3677 quia
2150 3607 2220 3660 de
2252 3605 2344 3660 his
2373 3606 2650 3660 omnibus
2672 3612 2942 3677 exspecto
2977 3607 3325 3670 mercedem,
3351 3613 3405 3662 et
3435 3612 3502 3662 ut

1850 3699 2261 3750 convertantur
2293 3694 2574 3748 sustineo.
2609 3695 2724 3750 Hoc
2757 3695 2880 3749 loco
2912 3713 3024 3749 non
3074 3703 3160 3749 est
3211 3696 3500 3764 accipien-

1850 3785 2013 3848 dum,
2041 3787 2104 3837 ut
2126 3783 2366 3853 quidam
2393 3789 2618 3853 putant,
2646 3783 3112 3854 praedicationem
3141 3784 3353 3839 Christi
3388 3784 3504 3838 ha:-

1852 3872 2047 3927 reticis
2103 3873 2174 3925 ab
2220 3873 2496 3942 Apostolo
2549 3888 2676 3926 esse
2721 3889 3081 3934 concessam,
3118 3878 3182 3926 ut
3213 3874 3506 3943 quomodo

1852 3959 2050 4014 volunt
2083 3959 2380 4014 Christum
2415 3959 2766 4030 praedicent;
2799 3963 2899 4014 sed
2934 3961 3074 4030 quia
3118 3977 3184 4014 eo
3225 3967 3504 4031 tempore,

1854 4065 1970 4119 quo
2003 4048 2318 4118 Apostolus
2358 4048 2622 4110 docebat,
2656 4054 2822 4101 erant
2874 4049 2972 4118 qui
3026 4048 3154 4102 ideo
3204 4049 3503 4103 Christum

1856 4137 2263 4208 praedicarent,
2297 4141 2360 4189 ut
2413 4135 2694 4203 majorem
2733 4135 3193 4205 persecutionem
3225 4137 3506 4190 adversus

1855 4221 2204 4295 Apostolum
2238 4223 2577 4286 excitarent,
2612 4220 2753 4275 dicit
2805 4239 2865 4276 se
2912 4222 3184 4293 gaudere,
3219 4223 3338 4277 sive
3368 4223 3508 4293 quia

1856 4313 2126 4368 Christus
2149 4327 2380 4382 quoque
2405 4310 2576 4365 modo
2598 4310 2924 4378 nuntiatur,
2954 4311 3072 4365 sive
3098 4310 3236 4381 quia
3260 4310 3504 4366 tribula-

1856 4401 2120 4457 tionibus
2153 4417 2375 4456 merces
2405 4403 2672 4470 augetur.

59 4521 222 4576 stolo
255 4521 529 4573 noceant.
550 4519 696 4572 Cum
723 4515 878 4570 enim
908 4520 1105 4587 aperte
1129 4513 1747 4586 negarentChristum,
1780 4533 1824 4596 D
1931 4518 2212 4588 Sequitur
2246 4533 2258 4570 :
2313 4517 2459 4586 Quia
2503 4517 2563 4570 in
2590 4516 2745 4571 nullo
2775 4515 3106 4587 confundor,
3139 4521 3272 4583 etc.,
3309 4516 3364 4570 id
3398 4521 3506 4584 est,

58 4607 391 4675 ﬁngebant
418 4602 718 4658 Christum
753 4601 1086 4674 praedicare,
1121 4606 1187 4656 ut
1217 4601 1655 4657 tribulationem
1687 4608 1745 4658 et

59 4700 384 4766 majorem
415 4690 667 4747 dolorem
701 4690 1016 4763 Apostolus
1046 4690 1368 4746 habuisset.
1399 4690 1527 4747 Sive
1558 4709 1625 4746 ea
1654 4691 1741 4747 in-

57 4785 356 4841 tentione
379 4780 786 4850 pradicabant,
811 4786 874 4835 ut
895 4786 1202 4853 gravarent
1225 4787 1260 4832 A
1272 4781 1588 4852 postolum,
1607 4799 1747 4853 qua-

55 4876 104 4928 si
141 4874 373 4944 plures
404 4868 722 4942 discipulos
753 4870 1176 4935 facientem,'et
1215 4869 1480 4925 doctrina
1513 4888 1621 4926 sua
1651 4889 1744 4927 or-

133 5121 353 5192 (l156)
380 5119 443 5174 In
499 5123 694 5191 autog.
750 5119 964 5192 legitur
1008 5122 1364 5191 incorporati.
1409 5120 1614 5176 Visum
1659 5125 1749 5176 est

57 5191 296 5265 legere,
333 5191 688 5265 incorporari
710 5211 728 5256 ;
761 5191 1004 5265 scilicet
1029 5198 1093 5245 ut
1144 5193 1334 5263 aptior
1371 5192 1748 5265 expositioret

59 5263 265 5320 menti
290 5263 560 5334 Apostoli
585 5263 1080 5334 accommodatior
1102 5264 1569 5319 redderetur.Ait
1590 5264 1746 5318 enim

58 5333 401 5408 ApostolUs
434 5335 684 5408 :VTestis
737 5333 878 5408 mihi
921 5339 1000 5388 est
1049 5337 1186 5408 Deus
1232 5335 1750 5408 quomodocupiam

60 5404 264 5462 omnes
314 5422 408 5461 vos
459 5407 521 5459 in
568 5404 867 5476 visceribus
905 5410 1037 5462 Jesu
1071 5404 1275 5461 Christi
1302 5423 1320 5460 :
1370 5407 1524 5476 quod
1557 5404 1746 5460 totum

56 5481 252 5533 verbo
277 5477 657 5546 incorporari,
684 5474 1181 5549 scilicetChristo,
1205 5474 1526 5549 exprimere
1549 5483 1751 5549 auctor

61 5555 282 5605 noster
327 5544 592 5620 fortasse
643 5544 849 5603 voluit.
880 5546 1116 5620 Hocque
1145 5544 1478 5605 collaudare
1522 5547 1752 5604 videtur

67 5623 244 5679 intra
284 5619 386 5678 cit.
422 5623 645 5678 textus.

1856 4607 1914 4661 in
1948 4605 2110 4660 nullo
2133 4622 2362 4678 genere,
2388 4622 2502 4678 quo
2533 4605 2801 4661 Christus
2824 4605 3167 4660 nuntiatur:
3205 4621 3510 4676 nunquam

1853 4695 2012 4751 enim
2046 4695 2410 4765 erubescam,
2445 4695 2543 4749 sed
2599 4695 2653 4748 in
2707 4699 2952 4767 utroque
3000 4695 3282 4764 gaudebo.
3319 4694 3425 4761 Qui
3461 4698 3512 4749 et

1852 4801 2024 4853 nunc,
2056 4789 2106 4838 et
2136 4801 2374 4856 semper,
2395 4784 2536 4838 dicit
2567 4784 2940 4857 magnificare
2970 4785 3264 4840 Christum
3300 4785 3357 4838 in
3392 4800 3511 4838 cor-

1855 4891 1992 4946 pore
2017 4890 2144 4941 suo,
2178 4875 2318 4944 quia
2341 4891 2473 4929 cum
2505 4891 2717 4946 corpus
2740 4873 2927 4946 ipsius
2945 4874 3133 4947 poenis
3155 4875 3504 4942 afficeretur,

2329 5001 2356 5027 ὁ

1931 5124 2115 5194 (1157)
2149 5122 2254 5198 Hic
2301 5122 2413 5175 div.
2467 5124 2824 5198 Hieronymi,
2858 5141 2974 5198 seu
3039 5127 3232 5198 potius
3290 5123 3508 5194 Pelagii

1859 5193 2296 5250 Commentaria
2329 5210 2444 5262 prie
2475 5196 2661 5250 oculis
2689 5193 2917 5250 habuit.

1933 5267 2117 5338 (1158)
2148 5265 2298 5338 llaec,
2329 5281 2464 5338 quae
2480 5268 2726 5334 repetita
2760 5269 2966 5330 forent,
2999 5268 3186 5338 magis
3212 5266 3514 5338 magisque

1859 5333 2244 5408 comprobant
2265 5333 2575 5408 legendum
2607 5337 2799 5404 superi
2812 5356 2878 5392 ns
2902 5333 3259 5408 incorporati
3285 5333 3518 5408 locofin-

1858 5404 2160 5478 corporali,
2183 5420 2253 5457 ne
2277 5404 2498 5478 scilicet
2521 5405 2794 5460 inanibus
2819 5404 3518 5478 repetitionibus,quibus

1861 5473 2099 5533 omnino
2131 5479 2290 5529 caret
2319 5473 2608 5546 interpres
2643 5484 2859 5546 noster,
2886 5473 3060 5534 locus
3093 5473 3281 5533 detur.

1857 5587 1860 5592 .
1934 5548 2115 5621 (1159)
2150 5547 2210 5621 l_n
2246 5547 2444 5621 autog.
2482 5563 2665 5619 marg.
2699 5548 2792 5621 hic
2819 5548 2934 5621 leg.
2972 5567 3097 5621 cap.
3135 5551 3232 5621 Ill.

1936 5617 2121 5693 (1160)
2154 5617 2216 5672 In
2247 5618 2442 5691 autog.
2479 5617 2662 5693 marg.
2697 5617 2789 5676 hic
2818 5617 2931 5695 leg.
2963 5617 3091 5694 cap.
3125 5620 3218 5678 1V.
3287 5617 3296 5625 ’
