3978 6210
382 265 491 319 582
1406 261 1737 317 ATTUNIS
1795 259 1830 311 V
1849 257 2029 313 l'lllCli

2153 255 2370 312 ENSlS
2423 252 2765 312 ιεριδαυρι

3673 251 3793 314 588

385 397 535 459 sent,
570 398 798 447 tantum
858 393 915 446 in
976 393 1087 446 lide
1139 397 1195 446 et
1253 391 1498 446 scientia
1557 390 1927 461 profecerunt
1977 389 2038 440 ut
2067 387 2123 452 Α
2155 385 2243 456 pis
2275 384 2478 440 civitas
2509 388 2597 439 est
2626 383 2988 440 Macedoniae.
3021 383 3093 439 Hi
3122 387 3354 455 accepto
3380 384 3555 440 verbo
3587 384 3801 444 verita-

387 482 562 536 etiain
602 481 972 552 Evangelium
1008 480 1387 551 praedicarent
1441 483 1614 550 atque
1656 477 2031 532 defenderent

389 588 422 625 a
455 569 957 641 pseudoapostolis
983 571 1412 640 impugnatum.
1441 569 1682 639 Propter
1709 567 1815 620 hoc
1844 565 1914 620 ab
1937 564 2030 618 his

387 659 561 714 etiam
593 657 803 728 accipit
825 661 1116 729 sumptus,
1140 663 1201 711 ut
1222 656 1353 711 aliis
1378 656 1687 727 przedicare
1716 655 2026 710 sufﬁceret.

387 747 502 801 Hos
536 763 668 802 vero
703 746 1063 813 collaudans,
1099 749 1295 800 monet
1351 763 1469 811 eos,
1530 761 1600 798 ne
1660 742 2030 815 passionibus

384 834 540 889 illius
567 839 910 899 terreantur,
936 835 1150 904 quibus
1171 851 1284 889 non
1310 833 1634 889 destruitur
1655 829 2029 897 Evangelium

381 923 612 991 Christi,
636 924 735 978 sed
769 924 1167 990 confirmatur,
1190 923 1329 992 quia
1360 938 1463 994 pro
1487 939 1547 976 re
1574 920 1721 976 falsa
1741 918 1828 974 vel
1852 918 2031 972 dubia

381 1017 544 1066 tanta
573 1013 824 1083 perferre
856 1028 969 1066 non
1005 1017 1222 1083 posset.
1250 1013 1361 1067 Sed
1395 1011 1663 1082 quamvis
1692 1008 2027 1072 laudentur,

378 1107 544 1154 erant
574 1100 722 1154 inter
751 1115 849 1154 eos
895 1099 1244 1171 imperfecti.
1308 1101 1374 1154 Et
1432 1117 1546 1155 non
1607 1098 1858 1164 mirum;
1894 1095 2032 1166 quia

376 1193 580 1244 sancta
612 1187 864 1243 Ecclesia
921 1188 1200 1260 permista
1263 1193 1369 1253 est,
1414 1188 1554 1259 quia
1586 1203 1720 1242 area
1752 1190 1858 1255 est,
1892 1183 2033 1255 quia

385 1277 589 1332 tandiu
607 1282 778 1332 erunt
795 1295 977 1349 grana
996 1279 1168 1333 mista
1188 1295 1321 1332 cum
1346 1277 1551 1348 paleis,
1573 1290 1880 1346 quousque
1904 1290 2032 1328 ven-

382 1366 742 1436 tilabrojusti
757 1366 1120 1422 discriminis
1139 1365 1750 1438 permundetur.Quod
1771 1363 2034 1434 designa-

381 1456 556 1510 batur
586 1470 686 1526 per
717 1455 1006 1526 hoc,quod
1041 1455 1292 1509 Jebuscei
1327 1454 1740 1510 habitaverunt
1771 1469 1903 1506 cum
1934 1454 2033 1503 Ju-

383 1543 522 1598 daiis
555 1543 614 1598 in
646 1543 972 1600 Jerusalem
1003 1544 1199 1614 (Judic.
1263 1562 1299 1611 ι,
1358 1544 1470 1614 21).
1529 1542 1675 1608 Quid
1738 1541 1893 1594 enim
1935 1555 2033 1612 per

297 1645 308 1662 ¹
382 1632 731 1703 Jerusalem,
766 1650 892 1704 quin
932 1634 1066 1687 visio
1109 1632 1322 1687 dicitur
1363 1633 1537 1703 pacis,
1587 1630 1697 1685 nisi
1738 1628 2032 1684 Ecclesia?

2141 475 2213 528 tis
2275 474 2655 544 perstiterunt
2713 474 2771 526 in
2836 473 2970 541 ﬁde,
3032 490 3137 528 nec
3214 478 3557 543 receperunt
3615 474 3800 533 falsos

2140 562 2456 634 apostolos.
2487 567 2605 618 Hos
2637 561 2950 627 collaudat,
2976 562 3237 618 scribens
3262 563 3344 618 eis
3367 567 3550 618 Roma
3573 564 3644 618 de
3670 581 3800 621 car-

2141 668 2266 705 cere
2289 668 2388 721 per
2412 650 2894 722 Epaphroditum.
2919 651 3064 706 Cum
3085 668 3220 706 vero
3243 651 3404 719 dicit,
3438 655 3712 724 episcopis
3744 659 3800 710 et

2138 740 2475 807 diuconibus,
2506 757 2620 796 non
2652 740 2977 812 pontiﬁces,
3012 740 3113 795 sed
3149 741 3802 814 presbyteros,nomine

2141 828 2565 901 episcoporum,
2596 830 2721 886 vult
2753 829 3020 901 intelligi.
3046 830 3170 885 Non
3204 830 3360 885 enim
3394 836 3518 887 erat
3549 831 3700 888 ratio
3735 837 3802 887 ut

2138 916 2199 972 in
2225 934 2342 972 una
2371 918 2602 973 civitate
2658 917 2853 990 plures
2911 923 3108 974 essent
3153 919 3434 992 episcopi.
3495 919 3602 976 Illo
3634 920 3800 978 enim

2141 1009 2398 1077 tempore
2429 1005 2746 1078 presbyteri
2777 1005 3032 1078 episcopi
3053 1007 3431 1063 vocabantur.

2210 1094 2356 1157 Quid
2388 1111 2520 1149 vero
2551 1095 2770 1150 sanctis
2827 1099 3009 1167 Optat,
3069 1096 3347 1164 ostendit,
3379 1112 3517 1152 cum
3550 1096 3759 1153 subdit
3788 1113 3802 1152 :

2143 1183 2329 1238 Gratia
2357 1183 2528 1250 vobis,
2561 1188 2611 1238 et
2636 1200 2752 1254 pax
2782 1200 2818 1237 a
2847 1185 2970 1238 Deo.
3004 1184 3071 1238 Et
3102 1183 3365 1256 pulchre,
3399 1184 3538 1256 quia
3563 1190 3802 1242 sancto-

2141 1291 2271 1327 rum
2302 1272 2586 1328 memoria
2624 1290 2758 1328 cum
2807 1273 3131 1344 gratiarum
3185 1275 3412 1330 actione
3444 1274 3796 1332 celebratur.

2142 1361 2341 1418 Gratia
2390 1361 2545 1416 enim
2606 1368 2716 1431 est,
2777 1379 2892 1434 qua
2951 1362 3287 1419 relaxantur
3346 1368 3621 1435 peccata:
3687 1382 3801 1437 pax

2141 1467 2296 1519 vero,
2359 1468 2472 1522 qua
2523 1451 2976 1506 reconciliantur
3035 1452 3172 1507 Deo.
3231 1451 3355 1508 Huc
3419 1469 3608 1524 usque
3638 1453 3798 1511 salu-

2144 1541 2305 1595 tatio.

2212 1630 2522 1700 Sequitur:
2559 1629 2776 1684 Gratias
2810 1645 2911 1699 ago
2941 1630 3046 1684 Deo
3075 1645 3215 1698 meo,
3249 1632 3357 1685 etc.
3391 1630 3539 1687 Nota
3573 1632 3731 1703 quod
3762 1647 3797 1687 a

388 1721 454 1775 Et
481 1722 619 1792 quid
653 1739 755 1793 per
781 1722 1099 1786 Jebusazos,
1121 1722 1221 1792 qui
1242 1721 1624 1776 conculcantes
1646 1719 2032 1790 interpretan-
2068 1755 2113 1820 Β
2143 1719 2463 1790 gratiarum
2495 1719 2719 1775 actione
2749 1718 3006 1774 inchoat.
3043 1719 3191 1774 Nota
3237 1718 3413 1774 etiam
3455 1720 3612 1791 quod
3649 1720 3795 1778 dile-

384 1815 501 1876 tur,
534 1809 645 1865 nisi
676 1811 814 1865 mali
845 1811 1262 1882 designantur?
1281 1809 1597 1865 Moraliter.
1619 1807 1766 1874 Quid
1797 1813 1887 1863 est
1907 1807 2033 1862 ani-

386 1915 484 1953 ma
513 1903 735 1967 sancta,
769 1899 880 1953 nisi
937 1898 1305 1954 Jerusalem?
1336 1901 1492 1965 Quae,
1523 1897 1792 1968 quamvis
1823 1896 2036 1951 habeat

384 1987 618 2059 pietatis
675 2004 740 2042 ac
793 1988 1118 2043 sanctitatis
1183 2004 1379 2059 opera,
1441 1987 1709 2057 nunquid
1769 1985 2035 2040 funditus

386 2081 542 2131 caret
573 2075 762 2131 malo?
791 2076 936 2141 Quia
968 2092 1104 2147 ergo
1135 2076 1195 2130 in
1228 2076 1425 2132 anima
1456 2081 1660 2132 sancta
1691 2081 1829 2130 sunt
1857 2075 2036 2129 Jebu-

388 2165 508 2235 sui,
543 2164 599 2219 id
632 2169 722 2220 est
749 2165 1082 2220 affectiones
1144 2165 1468 2230 contrariae,
1515 2165 1586 2218 ad
1641 2164 1750 2218 hoc
1813 2163 2035 2217 laboret

389 2270 625 2309 necesse
651 2257 831 2320 est,ut
849 2252 987 2324 quia
1002 2253 1386 2325 concupiscit,
1405 2252 1886 2324 concupiscentiae
1918 2268 2034 2307 non

389 2341 736 2407 consentiat,
770 2347 1060 2412 quatenus
1118 2343 1230 2397 etsi
1291 2360 1324 2397 a
1378 2348 1542 2413 tergo
1588 2344 1942 2407 murmurat,
1975 2340 2035 2394 in

390 2432 536 2486 facie
567 2447 682 2484 non
714 2431 966 2486 resistat.
999 2430 1213 2486 Taliter
1261 2447 1494 2486 necesse
1535 2436 1643 2498 est,
1678 2431 1827 2497 dico,
1860 2428 2032 2499 vivat,

389 2520 488 2590 qui
521 2535 655 2573 cum
681 2518 1152 2590 Philippensibus
1178 2518 1407 2574 laudari
1431 2524 1487 2574 et
1508 2535 1748 2574 sensum
1777 2516 2034 2590 Apostoli

389 2611 694 2679 penetrare
723 2607 1032 2662 desiderat.
1068 2608 1149 2663 De
1179 2624 1244 2662 eo
1275 2608 1430 2678 quod
1459 2606 1886 2678 Philippenses,
1916 2608 2036 2663 Ma-

389 2697 639 2750 cedones
665 2695 842 2750 iidem
874 2695 1213 2751 Graecisunt
1234 2714 1246 2751 :
1268 2713 1394 2766 quae
1427 2696 1743 2767 provincia,
1762 2695 1833 2750 ab
1866 2695 2033 2749 Ema-

393 2789 449 2840 te
480 2783 766 2852 Emathia,
801 2784 1009 2839 deinde
1068 2803 1101 2838 a
1162 2785 1476 2840 Macedone
1533 2801 1666 2855 rege
1706 2783 2037 2840 Macedonia

395 2873 552 2928 dicta
581 2878 688 2927 est.
708 2872 826 2943 Ipsi
857 2877 995 2927 sunt
1018 2872 1194 2928 Jones
1220 2890 1253 2928 a
1279 2873 1465 2929 Jaban
1499 2873 1616 2928 (ilio
1643 2873 1855 2944 Japhet
1885 2890 2035 2928 nun-

399 2960 612 3032 cupati.
647 2961 728 3016 De
758 2976 823 3016 eo
855 2961 1008 3032 quod
1064 2961 1274 3033 positio
1326 2961 1502 3032 hujus
1557 2961 1861 3032 provincias
1901 2960 2035 3016 talis

400 3055 508 3106 est.
567 3049 754 3105 Habet
811 3050 882 3105 ab
941 3049 1162 3105 oriente
1219 3067 1379 3106 mare
1436 3052 1740 3122 Egaaum;
1800 3050 1872 3105 ad
1939 3067 2035 3106 oc-

2145 1808 2398 1863 ctionem
2429 1825 2596 1863 suam
2629 1824 2767 1880 erga
2786 1824 2884 1864 eos
2906 1807 3181 1875 ostendit,
3205 1824 3308 1880 pro
3333 1807 3550 1880 quibus
3571 1809 3793 1866 indesi-

2146 1901 2352 1952 nenter
2409 1900 2552 1952 orat.
2610 1897 2863 1952 Attende
2917 1897 3072 1968 quod
3125 1897 3388 1965 instruit,
3446 1901 3510 1954 ut
3539 1915 3656 1954 non
3687 1915 3793 1970 pro

2147 1990 2367 2056 nostro,
2401 1990 2502 2040 aut
2539 1989 2872 2041 nostrorum
2933 1985 3143 2050 solum,
3201 1987 3303 2043 sed
3359 2003 3462 2058 pro
3521 1987 3794 2042 omnium

2145 2075 2407 2146 profectu
2439 2074 2767 2131 laudemus.
2800 2075 2869 2130 Et
2900 2075 3038 2146 quia
3065 2075 3214 2145 justi
3245 2079 3432 2144 erant,
3464 2074 3591 2130 ideo
3621 2074 3789 2142 dicit,

2144 2180 2268 2218 cum
2293 2164 2494 2234 gaudio
2519 2164 2961 2235 deprecationem
3004 2165 3249 2234 faciens:
3304 2164 3582 2237 quoniam
3614 2163 3788 2219 aliter

2145 2256 2274 2306 orat
2302 2269 2405 2324 pro
2435 2251 2676 2320 Galatia,
2710 2251 2875 2307 aliter
2906 2269 3009 2324 pro
3042 2251 3537 2324 Philippensibus.
3570 2251 3638 2307 In
3673 2250 3794 2307 illis

2145 2347 2270 2396 erat
2300 2359 2530 2409 maeror,
2581 2340 2718 2412 quia
2766 2346 3164 2410 recesserant;
3215 2341 3274 2396 in
3322 2341 3454 2397 istis
3484 2340 3789 2413 gaudium,

2147 2429 2286 2500 quia
2315 2431 2570 2486 stabant.
2595 2430 2663 2484 Et
2684 2447 2791 2484 nos
2811 2446 2946 2484 cum
2968 2429 3182 2501 gaudio
3206 2447 3444 2486 oramus
3467 2447 3571 2502 pro
3593 2429 3791 2498 bonis,

2146 2534 2278 2573 cum
2311 2534 2554 2574 mcerore
2584 2535 2718 2574 vero
2762 2535 2866 2589 pro
2916 2517 3108 2573 malis.
3140 2518 3287 2573 Nota
3317 2519 3474 2590 quod
3504 2518 3786 2591 gaudium

2145 2607 2253 2662 hoc
2282 2608 2438 2662 dicat
2467 2606 2745 2678 spiritale,
2782 2623 2895 2662 non
2949 2606 3264 2678 corporale.
3299 2606 3463 2663 Unde
3489 2623 3623 2664 vero
3652 2623 3789 2680 gra-

2146 2696 2260 2751 tias
2291 2702 2443 2768 agat,
2475 2695 2709 2767 exponit
2736 2713 2870 2751 cum
2900 2696 3073 2751 dicit:
3105 2713 3270 2768 super
3295 2698 3785 2752 communicatione

2144 2793 2358 2840 vestra:
2393 2785 2451 2838 id
2481 2790 2571 2840 est
2600 2785 2740 2856 quia
2768 2784 3214 2840 communicatis
3247 2800 3500 2854 mecum,
3533 2786 3790 2858 Evange-

2145 2872 2291 2928 lium
2323 2873 2708 2944 prmdicando.
2752 2874 2912 2938 Quod
2972 2890 3104 2928 vero
3161 2873 3322 2942 dicit,
3375 2891 3413 2929 a
3462 2876 3647 2946 primo
3677 2874 3784 2940 die,

2144 2961 2586 3033 intelligendum
2642 2966 2749 3029 est,
2803 2979 2838 3018 a
2887 2965 3168 3034 tempore,
3225 2977 3294 3018 ex
3359 2979 3475 3034 quo
3534 2962 3786 3018 credidi-

2149 3051 2292 3119 stis;
2327 3068 2392 3106 ac
2423 3051 2472 3107 si
2500 3051 2752 3107 diceret:
2798 3051 2862 3106 In
2910 3051 3082 3120 bono,
3134 3051 3289 3123 quod
3329 3050 3606 3124 coepistis,
3651 3066 3786 3124 per-

397 3155 536 3194 casu
579 3136 969 3206 Dalmatiam;
1005 3155 1037 3194 a
1069 3138 1309 3194 meridie
1354 3139 1593 3207 Asiam;
1644 3139 1716 3194 ab
1767 3139 2037 3211 aquilone
2065 3122 2110 3187 C
2149 3139 2445 3197 severatis.

393 3227 660 3299 Mysiam.

915 3316 1176 3371 INCIPIT
1216 3317 1514 3372 TEXTUS.

459 3405 612 3476 (CAP.
647 3405 715 3476 Ι.)
747 3405 955 3461 Paulus
982 3413 1034 3460 et
1059 3406 1382 3461 Timotheus.
1408 3405 1515 3461 Per
1536 3405 1645 3461 hoc
1668 3407 1820 3477 quod
1849 3409 2032 3478 Apos-

385 3494 478 3549 lus
499 3495 748 3549 aliorum
772 3510 973 3550 secum
1001 3493 1470 3566 nominajungit,
1494 3498 1858 3550 monstratur
1877 3495 2033 3566 quod

383 3599 486 3654 per
517 3583 839 3637 multorum
871 3599 974 3637 ora
1005 3582 1259 3652 Spiritus
1281 3588 1523 3638 sanctus
1545 3599 1729 3638 unum
1761 3583 2033 3654 exprimit

386 3687 647 3740 sensum,
674 3687 851 3725 unam
877 3672 1092 3725 format
1113 3671 1458 3725 doctrinam.
1489 3672 1602 3727 Nec
1635 3672 1869 3738 mirum,
1894 3671 2033 3743 quia

384 3758 759 3814 multitudinis
787 3759 1123 3814 credentium
1153 3767 1270 3813 erat
1318 3776 1408 3815 cor
1437 3777 1610 3814 unum
1640 3761 1775 3828 (Act.
1809 3777 1885 3826 1v,
1915 3761 2027 3831 32).

388 3846 465 3903 Ut
519 3846 655 3902 hinc
711 3847 940 3902 discant
989 3847 1396 3918 praedicatores
1463 3867 1578 3904 uno
1639 3866 1738 3904 ore
1791 3849 2030 3905 laudare

388 3935 596 3992 Deum.
631 3941 704 3991 De
733 3953 799 3992 eo
830 3937 983 4008 quod
1040 3953 1252 3992 nomen
1304 3954 1479 3992 suum
1531 3954 1691 3993 more
1733 3953 1938 4009 regum
1969 3937 2028 3992 in

388 4025 674 4097 principio
706 4027 870 4097 ponit
889 4025 1290 4098 epistolarum,
1317 4031 1382 4082 ut
1404 4027 1750 4098 dignitatem
1773 4025 1861 4081 sui
1895 4042 2030 4096 apo-

386 4113 636 4170 stolatus
666 4115 950 4170 ostendat.
983 4114 1062 4170 De
1092 4131 1158 4170 eo
1190 4115 1344 4186 quod
1380 4115 1709 4186 apostolum
1761 4130 1824 4169 se
1852 4117 2025 4182 tacet,

387 4201 525 4275 quia
554 4202 671 4258 illis
703 4204 991 4259 scribebat
1023 4203 1122 4274 qui
1157 4204 1225 4258 de
1256 4203 1354 4258 illo
1385 4209 1541 4258 recta
1571 4203 1921 4258 sentiebant.
1949 4207 2028 4257 De

384 4291 592 4348 morali
615 4293 1016 4348 instructions.
1041 4293 1119 4348 De
1141 4308 1207 4348 eo
1230 4293 1386 4363 quod
1409 4291 1800 4348 conditionem
1833 4296 2027 4347 osten-

383 4380 489 4450 dit,
521 4397 654 4436 cum
712 4383 934 4446 subdit,
965 4383 1148 4450 servi;
1210 4397 1326 4436 non
1383 4380 1679 4446 vitiorum,
1721 4379 1843 4446 sed,
1903 4381 2027 4432 Iesu

2215 3229 2398 3301 (1154)
2428 3228 2574 3292 Quia
2605 3243 2848 3285 securus
2876 3229 2948 3284 de
2992 3228 3092 3284 Dei
3143 3228 3516 3285 miseratione
3547 3229 3791 3286 conﬁdit

2141 3318 2275 3375 illos
2305 3320 2798 3390 perseveraturos,
2837 3317 2966 3374 ideo
3017 3317 3197 3374 dicit:
3252 3318 3539 3389 Conﬁdens
3573 3319 3674 3374 hoc
3704 3320 3790 3390 ip-

2141 3424 2284 3473 sum,
2318 3408 2450 3478 quia
2471 3409 2576 3479 ‘qui
2601 3408 2757 3478 coepit
2792 3408 2852 3461 in
2881 3406 3028 3462 vobis
3074 3422 3224 3478 opus,
3283 3411 3396 3463 etc.
3453 3407 3601 3463 Nota
3630 3407 3788 3479 quod

2142 3496 2237 3551 hic
2267 3495 2518 3551 destruit
2545 3493 2698 3563 illos,
2731 3495 2831 3566 qui
2877 3494 3082 3551 dicunt
3110 3512 3144 3551 a
3173 3495 3344 3551 nobis
3376 3494 3654 3552 inchoare
3682 3495 3784 3552 bo-

2141 3585 2453 3658 num.Ecce
2474 3583 2737 3656 dicit,qui
2754 3585 2931 3656 coepit:
2955 3588 3014 3640 et
3034 3584 3317 3640 Dominus
3342 3601 3354 3640 :
3380 3584 3512 3640 Sine
3533 3600 3618 3640 me
3635 3585 3786 3640 nihil

2133 3673 2360 3742 potestis
2417 3670 2593 3740 (Joan.
2648 3687 2739 3740 xv,
2771 3671 2826 3740 5)
2863 3688 2875 3726 :
2909 3674 2966 3726 et
2996 3669 3341 3727 Psalmista:
3401 3672 3782 3728 Misericordia

2139 3761 2254 3831 ejus
2271 3760 2572 3828 praeveniet
2589 3774 2677 3813 me
2697 3759 2865 3830 (Psal.
2898 3760 3112 3830 Lvm,1)
3137 3763 3261 3829 ;et:
3293 3760 3670 3817 Misericordia
3689 3769 3783 3817 tua

2136 3852 2504 3921 subsequatur
2521 3864 2607 3904 me
2627 3848 2798 3919 (Psal,
2821 3865 2959 3916 xm,
2982 3849 3060 3919 6).
3085 3848 3214 3920 Ipse
3235 3848 3392 3904 enim
3415 3851 3696 3921 praevenit
3716 3855 3784 3908 ut

2136 3937 2406 4004 velimus,
2447 3941 2505 3992 et
2541 3937 2668 4008 ipse
2708 3937 3091 4007 subsequitur
3130 3954 3201 3993 ne
3241 3937 3496 3994 inaniter
3531 3939 3782 3997 velimus

2137 4027 2484 4097 (1155),nota
2499 4026 2654 4095 quod
2672 4025 2816 4080 diem
2835 4026 3033 4081 Christi
3048 4026 3325 4091 vocat,vel
3341 4027 3568 4084 obitum
3586 4029 3785 4100 cujus-

2139 4112 2366 4184 que,vel
2383 4112 2932 4183 diemjudicii.Nota
2957 4114 3134 4170 etiam
3166 4116 3321 4186 quod
3353 4115 3448 4172 his
3465 4117 3660 4175 verbis
3681 4134 3779 4175 eos

2137 4203 2209 4257 ad
2229 4201 2715 4272 perseverantiam
2731 4206 3022 4274 provocat.
3037 4203 3107 4259 Et
3133 4209 3272 4260 nota
3295 4207 3449 4277 quod
3457 4207 3676 4278 justum
3691 4208 3780 4264 di-

2138 4289 2218 4344 cit
2239 4289 2336 4345 hoc
2355 4307 2417 4345 se
2443 4292 2665 4359 sentire,
2698 4308 2764 4347 eo
2797 4293 2950 4363 quod
2983 4291 3195 4348 habeat
3223 4292 3355 4350 illos
3377 4297 3438 4349 in
3458 4295 3621 4352 corde
3640 4304 3692 4353 et
3722 4298 3784 4352 in

2136 4382 2371 4436 vinculis
2394 4399 2406 4449 ;
2443 4381 2611 4453 quasi
2635 4381 2823 4437 dicat:
2852 4383 2994 4438 adeo
3016 4399 3116 4438 vos
3147 4382 3346 4456 diligo,
3373 4389 3437 4440 ut
3460 4401 3564 4442 nec
3586 4387 3784 4442 vincu-

386 4470 604 4524 Christi.
640 4470 769 4525 Hac
799 4471 1053 4526 conditio
1103 4467 1354 4526 nobilior
1397 4474 1486 4523 est
1531 4467 1692 4522 omni
1723 4467 2024 4536 dignitate,
2059 4483 2106 4547 ι)
2138 4469 2212 4538 la,
2241 4468 2326 4525 vel
2359 4469 2587 4542 ﬂagella
2617 4470 2845 4541 possint
2871 4471 3216 4527 memoriam
3255 4473 3433 4529 vestri
3489 4475 3721 4532 auferre
3751 4492 3785 4533 a

384 4559 522 4629 quia
551 4574 752 4615 servus
782 4559 1016 4626 Christi,
1047 4575 1249 4614 servus
1283 4562 1372 4612 est
1403 4557 1670 4627 justitice,
1705 4555 2024 4626 sapientiae,

385 4647 691 4716 castitatis,
723 4653 780 4703 et
805 4648 898 4704 his
946 4647 1180 4703 similia.
1219 4646 1362 4699 Nam
1414 4645 1553 4714 quia
1599 4643 1815 4699 Paulus
1845 4652 1902 4699 et
1930 4646 2026 4700 Ti-

386 4735 656 4791 motheus
686 4737 969 4803 scribunt,
1000 4734 1319 4789 videndum
1377 4737 1466 4787 est
1518 4733 1733 4803 quibus
1764 4733 1862 4801 ait,
1892 4751 2020 4789 san-

384 4824 483 4877 ctis
509 4824 791 4878 omnibus:
855 4841 971 4878 non
1030 4820 1508 4891 Philippensibus
1565 4821 1877 4890 omnibus;
1922 4824 2023 4878 sed

383 4912 603 4979 sanctis,
650 4929 721 4967 ne
748 4914 969 4966 mittant
1020 4911 1374 4977 margaritas,
1431 4914 1536 4964 etc.
1573 4910 1778 4980 (Matth.
1813 4929 1914 4978 vn,
1943 4913 2019 4983 6);

382 5015 486 5054 nec
516 4999 877 5070 quibuslibet
910 4996 1148 5064 sanctis,
1182 4998 1282 5053 sed
1317 5000 1375 5053 in
1408 4998 1618 5056 Chrsito
1649 5002 1790 5056 Jesu.
1839 5003 2024 5056 Haere-

376 5087 473 5142 tici
507 5104 622 5141 non
650 5091 789 5141 sunt
817 5087 876 5140 in
907 5085 1134 5141 Christo
1160 5089 1368 5155 sancti,
1393 5090 1532 5161 quia
1562 5107 1678 5145 non
1704 5094 1856 5146 recte
1888 5107 2020 5146 sen-

373 5176 530 5231 tiunt
559 5175 630 5228 de
660 5175 910 5229 Christo.

442 5263 756 5332 Sequitur:
791 5263 897 5332 Qui
919 5267 1042 5320 sunt
1073 5266 1365 5340 Philippis.
1402 5270 1480 5325 De
1512 5284 1577 5324 eo
1609 5267 1767 5338 quod
1797 5266 2023 5340 Philip-

666 5492 726 5570 [ῃΔ
756 5500 949 5567 autog.
982 5513 1166 5570 marg.
1197 5500 1293 5554 hic
1322 5498 1430 5570 leg.
1468 5513 1517 5551 c.
1556 5497 1625 5551 Il.

2137 4559 2308 4613 corde
2359 4574 2511 4614 meo.
2570 4560 2636 4613 In
2691 4559 3010 4629 defensione
3065 4576 3219 4629 vero,
3267 4570 3319 4617 et
3373 4564 3787 4633 conﬁrmatione

2133 4647 2422 4716 Evangelii
2449 4646 2590 4700 dicit
2619 4645 2754 4702 illos
2783 4647 2895 4702 sibi
2924 4650 3112 4717 socios,
3137 4651 3460 4706 secundum
3482 4651 3592 4709 hoc
3621 4654 3781 4725 quod

2135 4736 2406 4806 superius
2439 4735 2680 4802 dixerat,
2713 4752 2876 4806 super
2901 4739 3400 4796 communicatione
3412 4749 3614 4797 vestra.
3635 4742 3785 4799 Nota

2135 4823 2291 4894 quod
2320 4822 2379 4876 in
2412 4823 2642 4878 duobus
2682 4825 2911 4896 praefert
2957 4826 3364 4899 Philippenses
3404 4830 3695 4902 Ephesiis,
3722 4831 3781 4887 id

2133 4917 2241 4982 est,
2275 4912 2333 4966 in
2365 4911 2473 4967 hoc
2511 4914 2667 4983 quod
2709 4918 2901 4970 certus
2943 4917 3131 4972 estde
3162 4921 3595 4989 perseverantia
3623 4921 3783 4994 ipso-

2135 5017 2289 5066 rum,
2362 5007 2420 5057 et
2484 5003 2638 5072 quod
2704 5004 2964 5073 quotidie
3040 5004 3273 5062 lectioni
3349 5010 3655 5065 vacabant.
3714 5011 3785 5066 Et

2133 5089 2374 5161 pulchre
2433 5090 2574 5146 dicit
2628 5093 2796 5147 socios
2852 5093 3064 5163 gaudii,
3125 5096 3296 5166 quasi
3353 5096 3611 5154 diceret:
3669 5098 3784 5154 sic-

2133 5185 2199 5235 ut
2227 5180 2371 5236 socii
2429 5180 2574 5237 estis
2625 5179 2844 5238 laboris
2899 5187 2957 5238 et
3013 5183 3312 5257 doctrinae,
3371 5185 3536 5244 eritis
3578 5186 3783 5260 gaudii
3839 5191 3852 5202 ‘

2133 5286 2296 5325 80011.

479 5561 632 5640 1155)
667 5564 803 5626 Vide
863 5561 1466 5641 cieterasublpistolas,
1528 5567 1908 5640 potissimum
1945 5572 2018 5630 ad
2057 5575 2249 5644 Rom.,
2283 5574 2380 5632 ubi
2411 5575 2481 5633 de
2513 5573 2700 5645 gratia
2728 5575 2924 5632 divina
2955 5575 3093 5650 agit.
