3978 6210
91 314 195 371 589

157 438 436 510 Sequitur
469 453 481 491 :
537 439 706 492 Testis
748 439 918 507 enim,
953 442 1062 493 etc.
1100 454 1112 493 :

90 529 152 595 ri,
176 528 358 598 (1156)
382 532 443 581 ut
468 525 607 581 illud
623 569 634 580 .
657 528 764 594 Qui
783 527 1077 582 manducet
1097 545 1316 582 carnem
1341 545 1537 596 meam,
1560 531 1734 594 (.Ioan.

91 635 158 687 γι,
189 619 282 688 57)
313 621 421 670 etc.
454 632 469 672 :
499 616 621 671 sive
651 615 734 670 ita
763 632 862 670 vos
895 614 1094 687 diligo,
1129 616 1296 688 quasi
1330 617 1550 672 viscera
1579 617 1736 671 Chri-

89 706 157 760 sti
186 705 390 776 (1157).
449 708 591 758 Cum
623 703 806 757 Deum
842 708 1053 758 testem
1089 704 1337 773 invocat,
1370 721 1484 759 non
1535 710 1738 760 contra

93 799 438 865 praeceptum
456 791 685 848 Domini
706 791 865 860 facit,
882 793 1017 862 quia
1046 793 1590 864 necessitatejurat;
1616 793 1737 848 vult

101 884 244 938 enim
268 888 331 936 ut
364 880 450 936 illi
472 881 643 936 {idem
664 881 1190 948 accommodent,et
1219 880 1466 953 diligant
1495 882 1734 953 diligen-

97 978 228 1038 tem,
275 976 333 1026 et
380 975 580 1026 ament
637 972 931 1024 amantem
983 985 1064 1024 se.
1120 969 1416 1025 Desiderat
1461 987 1560 1026 eos
1618 987 1730 1026 non

93 1059 324 1128 carnali,
358 1061 459 1114 sed
501 1057 750 1130 spiritali
799 1073 995 1113 amore
1028 1058 1233 1128 (1158).

160 1167 432 1238 Sequitur
456 1185 470 1222 :
502 1167 563 1219 Et
594 1165 692 1220 hoc
720 1180 832 1230 oro,
855 1168 964 1219 etc.
992 1181 1004 1217 :
1041 1164 1186 1218 Nota
1215 1165 1369 1235 quod
1403 1181 1516 1220 non
1539 1165 1730 1220 solum

96 1255 357 1326 pracipit
377 1271 502 1324 quae
534 1253 765 1323 iaciant,
789 1253 888 1308 sed
922 1257 1049 1307 orat
1071 1259 1134 1307 ut
1165 1253 1413 1323 faciant;
1448 1253 1584 1324 quia
1615 1271 1728 1310 non

96 1343 312 1399 sufficit
344 1359 514 1398 nosse
545 1342 695 1412 quod
726 1342 1019 1413 agendum
1051 1347 1160 1409 est,
1194 1341 1304 1397 nisi
1351 1342 1503 1397 adsit
1541 1343 1730 1413 gratia

85 1433 295 1501 juvans
328 1435 390 1486 ut
420 1429 618 1502 perfici
652 1429 854 1500 possit.

162 1538 430 1609 Sequitur
464 1553 476 1591 :
524 1537 585 1590 In
615 1537 868 1599 scientia,
901 1543 1010 1591 etc.
1045 1537 1190 1592 Nota
1221 1537 1372 1607 quod
1408 1537 1728 1592 scientibus

90 1626 385 1682 scientiam
407 1630 539 1680 orat
569 1624 716 1692 dari,
741 1625 882 1695 quia
911 1624 1038 1679 sine
1067 1624 1315 1679 scientia
1336 1640 1507 1680 nemo
1539 1629 1730 1696 potest

90 1714 491 1778 sinceritatem,
524 1713 582 1767 id
613 1718 704 1768 est
735 1712 1126 1784 integritatem
1158 1713 1391 1782 habere,
1417 1730 1522 1768 nec
1549 1714 1724 1784 potio-

606 307 1026 369 EXPOSI'I‘IO
1070 308 1146 367 ΙΝ
1195 309 1626 370 EPISTOLAS
1671 310 1929 372 PAULI.
1963 345 2040 356 —
2071 315 2145 373 ΙΝ
2196 316 2435 376 EPIS'I‘.
2489 317 2589 374 AD
2638 317 2967 378 PlllLlPP.

3377 326 3493 383 590

1166 439 1222 493 id
1257 444 1366 508 est,
1400 439 1733 511 incorpora-
1766 449 1816 508 Α
1852 441 1981 496 bem
2017 443 2356 515 replentem,
2391 448 2670 516 majorem
2701 448 2750 502 ei
2792 448 3068 504 invidiam
3102 453 3490 508 cumularent.

1847 531 1990 585 Nota
2018 534 2168 602 quod
2197 535 2320 587 dum
2356 536 2574 605 species
2607 537 2767 590 bona:
2801 539 3028 592 duabus
3053 542 3356 596 contrariis
3389 561 3489 613 0p-

1847 627 2170 689 pouuntur;
2193 625 2261 676 ad
2284 625 2530 694 primam
2550 626 2702 679 enim
2723 629 3032 697 respondet
3050 632 3322 695 secunda,
3346 634 3492 686 bona

1845 707 1998 762 enim
2027 709 2294 766 voluntas
2321 714 2608 767 contraria
2639 720 2723 768 est
2758 715 3084 771 invidentia:
3112 737 3123 783 ;
3158 719 3328 774 tertia
3357 738 3488 774 vero

1843 795 2086 853 adversa
2135 804 2222 853 est
2269 807 2506 870 quartae,
2542 803 2816 872 quoniam
2866 804 3117 859 Charitas
3157 824 3292 877 erga
3325 808 3486 862 Chri-

1843 890 2020 953 stum,
2039 887 2123 942 vel
2144 890 2387 944 Paulum
2410 907 2520 944 non
2552 897 2737 962 potest
2765 898 2998 964 propter
3018 897 3482 965 persecutionem

1843 972 2003 1028 Pauli
2033 977 2342 1046 prtedicare
2365 979 2680 1034 Christum.
2701 981 2832 1034 Mali
2856 998 2980 1052 qum
3000 1000 3099 1038 sua
3125 990 3251 1038 sunt
3276 986 3478 1055 praedi-

1841 1063 2022 1117 cando
2045 1077 2321 1135 quzerunt,
2343 1085 2452 1120 non
2475 1086 2590 1138 quae
2609 1071 2736 1124 Jesu
2755 1069 2959 1125 Christi
2981 1073 3242 1143 (Phiiipp.
3270 1091 3328 1142 ιι,
3352 1076 3442 1144 21)
3465 1092 3477 1128 :

1841 1152 1939 1205 sed
1963 1152 2093 1206 boni
2117 1154 2314 1209 fideles
2338 1173 2449 1210 non
2471 1157 2792 1226 quemlibet
2815 1158 3255 1226 hominum,sed
3284 1162 3476 1232 ipsum

1839 1239 2151 1296 Dominum
2184 1243 2518 1297 obedienter
2549 1245 2817 1311 audiunt,
2850 1248 2948 1316 qui
2983 1248 3061 1301 ait
3095 1265 3105 1301 :
3142 1267 3265 1318 τμιίυ
3293 1250 3484 1306 dicunt

1835 1330 2022 1396 facite,
2073 1336 2181 1384 etc.
2233 1330 2453 1400 (Matth.
2506 1349 2665 1400 xxm,
2713 1337 2787 1401 3).
2822 1336 2953 1389 Ideo
2985 1337 3233 1392 audiunt
3265 1339 3482 1393 utiliter

1837 1418 2012 1472 etiam
2037 1437 2164 1489 quis
2198 1418 2417 1474 utiliter
2440 1438 2552 1474 non
2587 1427 2879 1492 aguntur;
2915 1441 3020 1478 sua
3041 1425 3195 1478 enim
3225 1442 3479 1496 quaerere

1839 1508 2116 1571 student;
2158 1507 2256 1561 sed
2291 1523 2398 1561 sua
2429 1508 2636 1564 docere
2668 1528 2780 1564 non
2815 1513 3050 1565 audent...

1909 1624 2188 1694 Sequitur
2222 1639 2232 1676 :
2289 1625 2432 1692 Quid
2462 1628 2656 1679 enim?
2685 1633 2790 1679 etc.
2828 1627 2894 1680 Et
2922 1632 3008 1682 est
3041 1645 3250 1683 sensus
3286 1646 3298 1682 :
3334 1628 3478 1693 Quid

1836 1711 2016 1776 enim,
2039 1716 2140 1766 aut
2160 1728 2338 1782 quare
2362 1729 2614 1782 movear,
2636 1720 2737 1768 aut.
2761 1732 2938 1785 quare
2960 1715 3017 1768 in
3045 1715 3479 1772 tribulationem

93 1820 170 1866 ra,
191 1802 244 1856 id
275 1807 361 1856 est
380 1801 621 1856 utiliora
646 1800 912 1872 probare,
937 1805 994 1854 et
1016 1801 1205 1856 fructu
1230 1802 1516 1856 bonorum
1543 1801 1723 1856 abun-
1752 1808 1800 1872 Β
1834 1801 2199 1867 mittar,eum
2221 1801 2460 1855 omnino
2480 1803 2767 1872 gaudeam
2790 1804 2941 1874 quod
2962 1806 3118 1858 omni
3146 1807 3316 1859 modo
3337 1823 3480 1860 nun-

93 1892 236 1946 dare.
268 1891 335 1946 Et
362 1891 432 1946 ad
466 1890 612 1962 quid
647 1890 757 1944 hoc
777 1890 804 1944 ?
832 1889 1107 1962 Nunquid
1155 1895 1221 1944 ut
1264 1889 1374 1944 hoc
1404 1890 1677 1944 laudetur
1697 1890 1724 1944 ‘t

94 1980 224 2033 Non.
257 1980 362 2034 Sed
394 1980 465 2034 ad
503 1979 723 2032 laudem
753 1979 866 2043 Dei,
900 1981 1223 2033 secundum
1257 1978 1399 2033 illud
1435 1995 1447 2032 :
1503 1979 1727 2034 videant

96 2083 244 2140 Opera
271 2076 449 2124 vestra
481 2068 644 2133 bona,
672 2073 782 2121 etc.
815 2067 1030 2134 (Matth.
1063 2083 1116 2132 v,
1151 2068 1259 2136 16).

156 2175 327 2245 (1159)
358 2173 690 2244 Sequitur:
742 2171 895 2226 Scire
942 2181 1126 2228 autem
1171 2188 1262 2227 vos
1310 2172 1454 2238 volo,
1498 2175 1722 2243 fratres,

95 2267 192 2318 etc.
223 2262 322 2317 His
362 2261 557 2317 verbis
605 2259 939 2316 consolatur
985 2277 1084 2316 eos
1132 2262 1200 2316 de
1249 2260 1725 2318 tribulationibus

94 2351 230 2405 suis.
261 2351 327 2404 Et
370 2355 458 2405 est
508 2365 714 2404 sensus
749 2366 760 2402 :
812 2348 936 2403 Non
981 2348 1173 2403 solum
1207 2366 1320 2404 non
1352 2350 1589 2416 obsunt,
1623 2352 1725 2405 sed

93 2440 259 2494 etiam
289 2442 561 2509 prosunt,
586 2438 722 2490 dum
746 2453 857 2492 non
891 2453 995 2508 pro
1017 2437 1282 2506 crimine,
1307 2439 1406 2494 sed
1442 2455 1542 2510 pro
1566 2438 1727 2492 Chri-

93 2531 173 2582 sto
207 2527 410 2598 patior.

159 2632 426 2704 Sequitur
458 2650 471 2686 :
513 2633 591 2686 Ita
620 2637 680 2686 ut
708 2633 951 2698 vincula,
983 2637 1091 2687 etc.
1129 2633 1338 2703 Magna
1366 2633 1494 2687 laus
1527 2634 1725 2688 vincu-

94 2719 264 2777 latum
294 2739 419 2778 esse
448 2739 564 2793 pro
592 2722 815 2777 Christo
847 2724 906 2776 in
935 2724 1086 2776 omni
1109 2725 1372 2793 praetorio
1401 2727 1450 2777 et
1482 2725 1541 2776 in
1570 2727 1726 2777 cxte-

90 2812 164 2866 ris
189 2813 444 2880 omnibus,
475 2810 546 2865 id
596 2815 705 2879 est,
740 2816 874 2866 ante
903 2826 1068 2883 reges
1117 2816 1172 2864 et
1217 2811 1274 2865 in
1306 2812 1530 2866 caeteris
1559 2811 1726 2877 locis,

90 2902 178 2954 ubi
199 2902 419 2971 judices
449 2900 742 2955 resident.
773 2900 1115 2955 Prietorium
1147 2899 1360 2954 dicitur
1389 2901 1559 2971 quasi
1590 2917 1731 2972 pra:-

91 2990 409 3061 ceptorium,
434 3005 517 3046 eo
547 2992 710 3060 quod
733 2987 810 3043 ibi
846 2993 1056 3060 praeter
1084 2989 1282 3043 sedeat
1312 2990 1382 3043 ad
1415 2989 1730 3044 discutien-

92 3078 243 3133 dum.
286 3079 576 3135 Praetores
619 3077 778 3147 dicti,
812 3077 980 3149 quasi
1022 3081 1424 3149 praeceptores,
1459 3095 1524 3133 eo
1568 3079 1724 3150 quod

1834 1891 2016 1945 tiatur
2058 1890 2372 1944 Christus?
2416 1891 2630 1944 Occasio
2661 1892 2814 1945 enim
2847 1898 2935 1947 est
2965 1894 3197 1962 quando
3232 1911 3344 1947 non
3379 1913 3478 1965 pro

1835 1996 1916 2044 se,
1951 1979 2048 2033 sed
2087 1983 2320 2048 prepter
2350 1977 2507 2032 aliud
2539 1979 2808 2034 Christus
2839 1981 3190 2049 praedicatur
3223 2001 3233 2036 :
3282 1985 3478 2037 veritas

1833 2083 1966 2122 vero
1988 2072 2076 2121 est
2101 2067 2333 2137 quando
2361 2083 2462 2136 pro
2498 2084 2559 2120 se
2589 2067 2714 2137 ipso
2747 2068 3013 2138 diligitur
3043 2069 3329 2125 Christus.
3365 2073 3475 2125 Sed

1834 2155 1952 2211 sive
1982 2155 2101 2224 illo,
2135 2157 2256 2208 sive
2286 2155 2396 2210 isto
2428 2155 2728 2211 nuntietur
2758 2159 2949 2224 modo,
2977 2158 3102 2212 ideo
3134 2160 3386 2228 gaudere
3415 2178 3477 2214 se

1833 2243 1992 2312 dicit,
2019 2243 2156 2314 quia
2177 2242 2442 2298 Christus
2477 2246 2832 2311 nominatur,
2854 2245 3119 2301 Christus
3153 2248 3474 2302 nuntiatur.

1835 2333 1966 2387 Ideo
1991 2331 2204 2386 Paulus
2227 2333 2536 2403 gaudebat,
2562 2333 2701 2403 quia
2728 2350 2829 2403 per
2853 2332 3087 2388 fallaces
3109 2348 3308 2388 verum
3335 2354 3477 2407 pra:-

1836 2421 2158 2487 dieabatur,
2192 2427 2247 2474 et
2278 2436 2377 2491 per
2410 2420 2696 2476 malorum
2731 2439 2831 2475 ora
2863 2422 3133 2476 Christus
3164 2426 3476 2477 annuntia-

1837 2509 2026 2562 batur.
2064 2508 2260 2561 Multis
2303 2509 2456 2562 enim
2493 2515 2737 2580 prosunt
2769 2510 3027 2564 docendo
3059 2528 3186 2581 qua:
3230 2529 3341 2565 non
3400 2514 3478 2565 la-

1836 2597 1997 2651 ciunt
2029 2615 2041 2650 :
2079 2597 2174 2648 sed
2213 2597 2378 2668 longe
2409 2597 2678 2667 pluribus
2709 2600 3069 2668 prodessent,
3105 2601 3150 2653 si
3185 2617 3250 2653 ex
3285 2601 3481 2654 animo

1835 2685 2140 2756 diligerent
2170 2702 2296 2756 quae
2327 2686 2631 2740 docebant.
2667 2687 2924 2741 Primum
2958 2688 3239 2758 gaudium
3286 2693 3374 2742 est
3425 2689 3480 2743 in

1839 2774 2138 2837 fratribus,
2163 2774 2262 2844 qui
2289 2774 2438 2826 bona
2465 2775 2790 2841 voluntate;
2816 2777 3140 2831 secundum
3167 2778 3222 2830 in
3248 2778 3360 2844 his,
3382 2779 3480 2848 qui

1838 2861 1992 2916 mala
2021 2861 2315 2916 voluntate
2345 2861 2639 2918 Christum
2682 2865 3018 2934 praedicant.

1907 2988 2092 3049 Quare
2123 2986 2391 3057 gaudeat,
2425 2989 2680 3058 exponit,
2712 3005 2845 3042 cum
2877 2989 3077 3043 subdit
3110 3007 3122 3044 :
3175 2990 3295 3044 Scio
3333 2993 3481 3045 enim

1835 3077 1967 3147 quia
1995 3075 2092 3129 hoc
2120 3076 2263 3128 mihi
2292 3078 2594 3144 proveniet,
2625 3081 2734 3130 etc.
2768 3077 2836 3130 Et
2876 3083 2963 3130 est
3007 3093 3216 3131 sensus
3250 3094 3262 3129 :
3316 3079 3477 3140 Quod

95 3172 365 3240 praecepta
383 3169 549 3238 dant,
579 3166 636 3220 id
667 3171 776 3234 est,
801 3165 1076 3238 praefecti,
1103 3166 1271 3238 quasi
1299 3167 1722 3238 praepositores.
1758 3169 1799 3234 ρ
1838 3163 1920 3218 illi
1965 3179 2141 3218 causa
2185 3163 2456 3217 interitus
2489 3163 2601 3217 mei
2633 3164 3032 3234 pronuntiant,
3066 3165 3184 3218 seio
3217 3166 3371 3234 quod
3406 3167 3478 3220 ad

159 3275 332 3344 (1160)
361 3273 688 3346 Sequitur:
746 3274 809 3329 Ut
855 3273 1060 3344 plures,
1110 3277 1244 3340 etc.,
1295 3273 1464 3344 quasi
1514 3273 1669 3330 dicat
1710 3291 1723 3331 :

95 3361 243 3415 Multi
268 3363 470 3418 fratres
491 3359 766 3432 exemplo
792 3360 1158 3415 vinculorum
1192 3377 1478 3425 meorum,
1503 3363 1726 3432 abjecto

96 3449 305 3516 timore,
337 3450 518 3506 libere
554 3449 869 3520 praedicent
897 3449 1217 3505 Christum.
1252 3450 1316 3504 Et
1362 3451 1502 3520 quia
1549 3452 1726 3506 variis

95 3538 498 3595 intentionibus
559 3538 829 3593 homines
883 3539 1202 3610 praedicant
1250 3539 1568 3604 Christum,
1601 3540 1726 3594 ideo

94 3628 274 3682 subdit
309 3646 320 3682 :
371 3627 606 3700 quidam
635 3625 869 3697 quidem,
902 3631 1009 3679 etc.
1043 3625 1122 3679 De
1167 3641 1232 3680 eo
1283 3626 1436 3696 quod
1479 3632 1732 3696 quatuor

94 3731 517 3788 personas,quae
540 3715 839 3769 Christum
864 3714 1197 3785 praedicant,
1215 3714 1307 3768 hic
1329 3714 1729 3770 ostendit.Sed

92 3803 265 3872 prima
285 3811 340 3860 et
359 3805 582 3860 ultima
603 3820 671 3857 ex
697 3802 1060 3874 malignitate
1083 3802 1430 3874 praedicant;
1464 3804 1591 3857 dure
1619 3820 1732 3858 me-

91 3891 186 3945 die
208 3909 271 3948 ex
299 3895 450 3950 bono
476 3893 704 3949 animo.
729 3892 836 3946 Sed
861 3891 1177 3946 videndum
1201 3891 1343 3963 quid
1369 3892 1519 3946 inter
1547 3909 1609 3947 se
1641 3893 1732 3947 di-

88 3985 250 4036 stent.
282 3983 478 4039 Prima
523 3985 620 4037 est
660 3981 730 4034 de
763 3978 1128 4052 malignitate
1161 3987 1397 4052 propter
1426 3980 1732 4052 invidiam,

90 4070 217 4138 quia
245 4071 458 4142 dolent,
485 4077 559 4125 ut
588 4068 747 4124 solus
779 4068 890 4124 sibi
915 4069 1168 4123 vindicet
1190 4069 1494 4124 scientiam
1527 4071 1733 4142 praedi-

87 4159 242 4213 candi
268 4177 282 4226 ;
314 4160 642 4232 praedicant
673 4162 736 4213 ut
767 4159 1033 4213 auferant
1052 4157 1322 4230 gloriam,
1349 4175 1526 4230 quam
1559 4159 1737 4214 habet

87 4248 230 4316 apud
250 4250 593 4314 credentes;
617 4246 882 4302 invident
905 4245 1082 4312 enim,
1101 4246 1242 4316 quia
1259 4246 1521 4301 sentiunt
1542 4264 1674 4302 eum
1703 4265 1737 4302 a

85 4332 194 4389 Deo
223 4335 473 4392 electum
510 4355 524 4392 ε
564 4339 862 4407 postrema
891 4336 962 4390 de
994 4334 1146 4389 malo
1177 4337 1289 4404 est,
1325 4334 1463 4406 quia
1494 4352 1608 4390 non
1642 4352 1734 4389 ca-

82 4429 185 4492 ste,
209 4441 321 4480 non
355 4431 563 4481 sancte
593 4423 890 4479 Christum
927 4423 1332 4495 pronuntiant,
1357 4425 1457 4478 sed
1491 4431 1554 4478 ut
1583 4427 1735 4495 Apo-

1836 3251 2084 3306 salutem
2116 3251 2258 3305 mihi
2291 3251 2622 3321 proveniet;
2657 3252 2756 3305 sed
2790 3256 3062 3322 operante
3094 3253 3342 3316 Christo,
3378 3254 3478 3322 qui

1837 3341 1907 3394 ad
1934 3356 2121 3394 meam
2150 3339 2400 3393 salutem
2425 3340 2621 3393 omnia
2641 3339 2948 3409 gubernat.
2972 3346 3028 3392 et
3050 3340 3292 3393 adversa
3312 3340 3486 3393 vertit

1838 3429 1894 3482 in
1921 3443 2286 3500 prceperum.
2306 3427 2540 3482 Etiamsi
2567 3427 2666 3480 tali
2688 3443 2864 3481 causa
2886 3427 3161 3481 nuntiant
3179 3428 3477 3481 Christum

1839 3522 1902 3570 ut
1931 3532 2036 3587 ego
2067 3516 2256 3586 patiar
2298 3519 2354 3569 et
2398 3515 2642 3577 crucier,
2675 3519 2870 3569 tamen
2905 3531 3038 3586 spes
3071 3532 3200 3570 mea
3230 3515 3287 3568 in
3318 3515 3486 3569 Chri-

1839 3609 1948 3669 sto,
1969 3604 2108 3675 quia
2140 3605 2211 3658 de
2243 3603 2336 3658 his
2364 3604 2641 3658 omnibus
2663 3609 2934 3674 exspecto
2967 3605 3315 3667 mercedem,
3341 3611 3396 3659 ct
3427 3610 3493 3660 ut

1840 3697 2252 3749 convertantur
2283 3692 2564 3746 sustineo.
2599 3693 2715 3747 Hoc
2747 3692 2871 3748 loco
2904 3710 3014 3747 non
3064 3701 3151 3747 est
3202 3694 3491 3760 accipien-

1840 3783 2004 3846 dum,
2031 3785 2095 3835 ut
2117 3781 2357 3851 quidam
2384 3786 2609 3852 putant,
2637 3781 3102 3852 przedicationcm
3131 3782 3343 3837 Christi
3379 3783 3496 3836 haz-

1842 3871 2038 3926 reticis
2093 3871 2164 3923 ab
2212 3871 2487 3940 Apostolo
2539 3885 2666 3923 esse
2711 3887 3072 3932 concessam,
3109 3876 3171 3924 ut
3204 3873 3497 3941 quomodo

1842 3958 2041 4012 volunt
2073 3957 2371 4013 Christum
2405 3957 2756 4028 praedicent;
2791 3960 2889 4012 sed
2925 3959 3064 4027 quia
3109 3975 3175 4012 eo
3215 3965 3496 4028 tempore,

1845 4063 1960 4117 quo
1994 4045 2309 4117 Apostolus
2349 4046 2613 4108 docebat,
2647 4053 2813 4099 erant
2865 4047 2964 4116 qui
3016 4047 3145 4099 ideo
3195 4047 3494 4102 Christum

1846 4135 2254 4206 prmdicarent,
2288 4138 2352 4187 ut
2404 4133 2684 4201 majorem
2723 4133 3183 4203 persecutionem
3216 4135 3498 4189 adversus

1846 4220 2195 4293 Apostolum
2229 4221 2568 4285 excitarent,
2603 4218 2744 4272 dicit
2795 4237 2856 4274 se
2903 4220 3174 4290 gaudere,
3209 4221 3329 4276 sive
3359 4221 3500 4292 quia

1846 4310 2116 4365 Christus
2140 4325 2370 4380 quoque
2396 4308 2566 4362 modo
2589 4308 2914 4376 nuntiatur,
2945 4307 3062 4362 sive
3089 4308 3227 4379 quia
3251 4308 3496 4363 tribula-

1847 4399 2110 4455 tionibus
2144 4415 2366 4454 merces
2396 4401 2663 4468 augetur.

85 4512 224 4568 stolo
249 4520 519 4571 noceant.
542 4515 688 4569 Cum
714 4513 868 4569 enim
899 4518 1096 4585 aperte
1119 4512 1737 4584 negarentchristum,
1771 4531 1815 4594 υ
1922 4517 2202 4586 Sequitur
2237 4531 2248 4568 :
2303 4517 2450 4585 Quia
2493 4516 2554 4568 in
2581 4514 2736 4568 nullo
2765 4513 3097 4585 con/“undar,
3130 4519 3264 4581 etc.,
3299 4514 3356 4567 id
3389 4518 3497 4582 est,

85 4598 376 4666 fingebant
404 4600 709 4655 Christum
743 4600 1077 4672 praedicare,
1112 4604 1178 4654 ut
1207 4599 1645 4655 tribulationem
1678 4605 1736 4656 et

86 4691 368 4757 majorem
400 4688 659 4744 dolorem
693 4688 1006 4761 Apostolus
1037 4688 1359 4744 habuisset.
1389 4689 1518 4745 Sive
1548 4707 1615 4745 ea
1644 4689 1732 4744 in-

82 4777 340 4831 tentione
364 4777 776 4847 praedicabant,
801 4784 864 4834 ut
885 4783 1194 4851 gravarent
1216 4785 1251 4831 A
1264 4779 1580 4850 postolum,
1598 4797 1738 4851 qua-

82 4864 126 4916 si
157 4864 359 4934 plures
392 4865 712 4937 discipulos
745 4868 1168 4934 facientem,'et
1206 4868 1471 4924 doctrina
1504 4886 1612 4924 sua
1642 4887 1735 4924 or-

150 5111 344 5190 (1156)
369 5115 432 5170 In
491 5120 685 5189 autog.
740 5117 954 5190 legitur
999 5119 1355 5189 incorporati.
1401 5118 1606 5190 Visum
1650 5124 1740 5174 est

83 5179 288 5264 legere,
303 5179 678 5264 A'incorporar'i
700 5209 718 5255 ;
751 5179 997 5264 scilicet
1021 5196 1085 5243 ut
1136 5179 1325 5264 aptior
1363 5189 1739 5264 expositioet

84 5258 261 5327 menti
286 5258 554 5327 Apostoli
578 5261 1072 5315 accommodatior
1094 5258 1452 5315 redderetur:
1468 5261 1560 5314 Ait
1581 5261 1738 5316 enim

83 5325 392 5394 Apostolus
427 5333 674 5402 :iTestis
727 5331 869 5385 mihi
913 5336 991 5386 est
1041 5333 1178 5386 Deus
1225 5333 1487 5401 quomodo
1517 5335 1740 5402 cupiam

84 5410 261 5473 omnes
287 5415 401 5473 vos
451 5401 517 5453 in
562 5403 857 5473 visceribus
896 5407 1030 5459 Jesu
1063 5402 1312 5456 Christi:
1363 5403 1516 5473 quod
1550 5401 1738 5457 tntum

80 5468 248 5522 verbo
273 5471 648 5543 incorporari,
674 5471 897 5543 scilicet
924 5473 1175 5538 Christo,
1198 5468 1518 5543 exprimere
1541 5479 1743 5528 auctor

83 5543 278 5617 noster
317 5541 586 5617 fortasse
635 5541 839 5601 voluit.
871 5544 1109 5615 Hocque
1139 5541 1470 5600 collaudare
1515 5542 1744 5599 videtur

89 5611 240 5668 infra
279 5611 382 5669 cit.
417 5616 637 5672 textus.

1847 4605 1905 4659 in
1940 4603 2100 4659 nullo
2124 4621 2353 4676 genere,
2378 4621 2493 4676 quo
2524 4603 2792 4659 Christus
2815 4603 3158 4658 nuntiatur:
3195 4619 3501 4673 nunquam

1843 4693 2003 4749 enim
2036 4693 2401 4764 erubescam,
2437 4694 2534 4748 scd
2590 4693 2643 4746 in
2698 4698 2944 4764 utroque
2991 4693 3272 4764 gaudebo.
3310 4691 3416 4760 Qui
3452 4695 3503 4746 et

1843 4799 2015 4851 nunc,
2047 4787 2097 4837 et
2127 4799 2365 4854 semper,
2385 4783 2525 4836 dicit
2557 4783 2931 4854 magniﬁcare
2961 4783 3256 4838 Christum
3292 4783 3349 4836 in
3383 4798 3502 4836 cor-

1846 4889 1984 4944 pore
2008 4888 2136 4939 suo,
2169 4872 2309 4942 quia
2332 4888 2464 4926 cum
2496 4888 2708 4943 corpus
2731 4871 2919 4943 ipsius
2938 4872 3124 4944 pomis
3146 4872 3495 4940 afﬁceretur,

1922 5121 2107 5190 (1157)
2140 5120 2245 5195 Hic
2292 5120 2404 5174 div.
2458 5121 2816 5195 Hieronymi,
2849 5139 2968 5195 seu
3030 5124 3223 5195 potius
3281 5121 3499 5192 Pelagii

1851 5191 2288 5247 Commentaria
2321 5208 2436 5260 prae
2467 5193 2652 5247 oculis
2683 5191 2909 5246 habuit.

1924 5263 2108 5335 (1158)
2139 5262 2290 5335 Haec,
2321 5277 2457 5335 qua3_
2473 5265 2718 5331 repetita
2752 5266 2958 5335 forent,
2990 5264 3178 5335 magis
3203 5264 3506 5335 magisque

1850 5349 1977 5387 com
1989 5334 2236 5405 probant
2257 5331 2567 5405 legendum
2599 5333 2871 5405 superius
2894 5331 3251 5405 incorporari
3277 5331 3510 5405 lueo’in-

1850 5400 2152 5476 corporali,
2175 5419 2246 5455 nc
2269 5400 2489 5476 scilicet
2512 5401 2786 5455 inanibus
2811 5400 3510 5476 repetitionibus,quibus

1853 5470 2091 5528 omnino
2124 5476 2283 5526 caret
2311 5470 2601 5539 interpres
2634 5479 2852 5541 noster,
2878 5470 3053 5531 locus
3085 5470 3273 5530 detur.

1849 5580 1852 5588 .
2144 5544 2202 5618 l_n
2239 5543 2436 5618 autog.
2474 5557 2658 5611 marg.
2812 5543 2927 5618 leg.
2965 5565 3090 5618 cap.
3128 5547 3224 5618 Ill.

1929 5613 2115 5687 (1160)
2147 5614 2208 5669 In
2239 5614 2435 5684 autog.
2471 5627 2656 5684 marg.
2691 5612 2782 5670 hic
2811 5612 2924 5691 leg.
2956 5612 3084 5692 cap.
3117 5615 3210 5674 1V.
3279 5614 3288 5621 ’
