3978 6210
392 275 466 328 53
481 278 502 324 ’ῐ
1415 271 1668 326 ΑῚἽῸΝ
1686 271 1747 324 l8
1804 270 1839 322 V
1858 264 2249 322 l'litClﬂLLEN
2265 265 2378 322 515
2431 261 2774 322 l‘lPlb‘lLtM’l

3679 260 3801 323 588

394 407 544 468 sent,
581 406 808 457 tantum
867 402 924 456 in
985 402 1096 456 ﬁde
1148 407 1204 455 et
1262 400 1507 455 scientia
1566 399 1936 471 profecerunt
1985 399 2046 450 ut
2076 395 2130 461 Α
2163 395 2252 466 pis
2283 394 2487 449 civitas
2518 397 2606 449 est
2634 392 2996 448 Macedoniae.
3030 393 3100 448 Hi
3131 397 3362 464 accepto
3390 393 3563 449 verbo
3595 394 3809 454 verita-

397 491 573 545 etiam
611 490 981 560 Evangelium
1018 490 1396 560 praedicarent
1450 493 1624 559 atque
1665 487 2039 541 defenderent

398 597 431 634 a
464 578 966 650 pseudoapostolis
991 581 1420 649 impugnatum.
1451 578 1691 648 Propter
1718 576 1824 629 hoc
1853 573 2039 629 abhis

396 669 569 723 etiam
603 667 811 737 accipit
833 671 1125 738 sumptus,
1148 673 1209 720 ut
1231 666 1362 721 aliis
1387 665 1697 736 praedicare
1725 665 2034 719 sufﬁceret.

395 756 511 810 Hos
545 772 676 810 vero
711 755 1072 822 collaudans,
1107 759 1304 809 monet
1359 772 1478 821 eos,
1540 771 1609 808 ne
1669 751 2039 824 passionibus

393 843 550 899 illius
576 849 920 909 terreantur,
946 844 1159 914 quibus
1180 861 1293 898 non
1320 842 1643 898 destruitur
1664 838 2037 907 Evangelium

389 933 621 1001 Christi,
645 934 744 987 sed
777 933 1176 1000 conﬁrmatur,
1199 932 1338 1002 quia
1370 948 1472 1004 pro
1496 947 1556 985 re
1582 929 1730 985 falsa
1751 927 1837 983 vel
1861 927 2040 982 dubia

389 1027 554 1076 tanta
583 1022 833 1092 perferre
866 1037 979 1075 non
1015 1027 1230 1092 posset.
1260 1022 1370 1076 Sed
1404 1020 1672 1092 quamvis
1701 1017 2036 1082 laudentur,

387 1116 553 1164 erant
583 1110 731 1163 inter
760 1125 858 1163 eos
903 1109 1252 1180 imperfecti.
1317 1111 1383 1163 Et
1441 1126 1555 1164 non
1615 1108 1867 1173 mirum;
1903 1105 2041 1176 quia

386 1202 589 1254 sancta
621 1197 872 1253 Ecclesia
931 1197 1208 1269 permista
1273 1202 1378 1262 est,
1423 1198 1564 1268 quia
1595 1213 1730 1252 area
1761 1199 1868 1264 est,
1901 1193 2042 1265 quia

394 1287 598 1342 tandiu
615 1291 787 1342 erunt
803 1305 986 1359 grana
1005 1288 1176 1342 mista
1196 1304 1331 1342 cum
1355 1286 1560 1358 paleis,
1582 1300 1889 1356 quousque
1912 1299 2041 1337 ven-

391 1375 752 1446 tilabrojusti
766 1375 1130 1432 discriminis
1148 1374 1760 1447 permundetur.Quod
1779 1372 2043 1443 designa-

391 1465 566 1519 batur
596 1479 696 1535 per
725 1465 1016 1535 hoc,quod
1050 1465 1301 1519 Jebusazi
1336 1464 1749 1519 habitaverunt
1779 1478 1912 1516 cum
1943 1463 2042 1513 Ju-

393 1552 532 1607 daeis
564 1552 623 1607 in
655 1553 982 1608 Jerusalem
1013 1554 1209 1623 (ludio.
1273 1571 1308 1620 1,
1367 1553 1479 1623 21).
1539 1551 1684 1617 Quid
1747 1550 1901 1604 enim
1943 1565 2042 1621 per

305 1654 317 1672 ’
392 1641 740 1711 Jerusalem,
775 1659 901 1713 qua:
942 1644 1076 1697 visio
1118 1642 1331 1696 dicitur
1373 1643 1546 1712 pacis,
1596 1639 1707 1694 nisi
1745 1638 2041 1693 Ecclesia?

2149 484 2222 537 tis
2284 483 2663 554 perstiterunt
2722 483 2779 536 in
2845 483 2978 550 ﬁde,
3042 499 3146 538 nec
3222 487 3565 552 receperunt
3623 483 3808 542 falsos

2149 571 2465 643 apostolos.
2495 576 2614 626 Hos
2645 571 2958 636 collaudat,
2984 572 3246 628 scribens
3270 572 3352 627 eis
3376 576 3558 628 Roma
3580 573 3652 628 de
3677 591 3807 630 car-

2149 677 2274 714 cere
2297 677 2397 730 per
2421 660 2903 732 Epaphroditum.
2928 660 3072 715 Cum
3093 677 3228 716 vero
3252 660 3413 729 dicit,
3446 664 3721 734 episcopis
3752 667 3808 719 et

2147 749 2483 817 diaconibus,
2514 767 2628 806 non
2661 750 2986 821 pontiﬁces,
3021 749 3121 804 sed
3157 750 3810 823 presbyteros,nomine

2149 837 2574 910 episcoporum,
2604 839 2730 896 vult
2760 838 3028 911 intelligi.
3054 839 3179 895 Non
3212 839 3368 895 enim
3402 845 3526 896 erat
3557 841 3709 897 ratio
3742 845 3810 896 ut

2148 925 2207 981 in
2232 944 2351 982 una
2380 927 2610 983 civitate
2666 927 2862 1000 plures
2919 932 3116 983 essent
3162 928 3442 1000 episcopi.
3504 928 3610 986 Illo
3641 929 3807 986 enim

2149 1019 2406 1086 tempore
2438 1015 2754 1088 presbyteri
2785 1015 3041 1088 episcopi
3063 1016 3440 1073 vocabantur.

2219 1104 2365 1166 Quid
2398 1121 2528 1159 vero
2560 1104 2778 1160 sanctis
2836 1109 3017 1176 Optat,
3077 1105 3356 1174 ostendit,
3388 1121 3526 1160 cum
3558 1105 3766 1162 subdit
3795 1123 3810 1161 :

2151 1193 2338 1247 Gratia
2367 1193 2536 1259 vobis,
2570 1197 2620 1248 et
2645 1209 2760 1263 pax
2791 1209 2826 1246 a
2855 1194 2979 1248 Deo.
3012 1194 3080 1248 Et
3111 1193 3374 1265 pulchre,
3407 1193 3547 1265 quia
3571 1199 3811 1251 sancto-

2149 1300 2280 1336 rum
2310 1282 2594 1338 memoria
2633 1299 2767 1338 cum
2816 1281 3139 1353 gratiarum
3193 1284 3421 1340 actione
3453 1283 3804 1341 celebratur.

2151 1370 2350 1427 Gratia
2399 1371 2554 1426 enim
2615 1377 2725 1440 est,
2785 1388 2900 1444 qua
2959 1372 3296 1428 relaxantur
3354 1377 3630 1445 peccata:
3695 1391 3810 1446 pax

2151 1477 2305 1528 vero,
2367 1477 2481 1531 qua
2531 1460 2985 1516 reconciliantur
3043 1461 3181 1517 Deo.
3240 1461 3364 1518 Huc
3428 1479 3617 1534 usque
3647 1463 3807 1520 salu-

2153 1550 2314 1604 tatio.

2221 1639 2530 1710 Sequitur:
2567 1629 2784 1694 Gratias
2819 1654 2920 1708 ago
2950 1639 3054 1694 Deo
3083 1654 3223 1708 meo,
3258 1642 3366 1694 etc.
3400 1639 3548 1696 Nota
3582 1641 3740 1712 quod
3769 1657 3807 1696 a

396 1730 463 1784 Et
490 1731 629 1802 quid
663 1748 763 1802 per
790 1731 1109 1797 Jebuszros,
1130 1731 1229 1801 qui
1251 1731 1633 1786 conculcantes
1654 1729 2042 1800 interpretan-
2076 1764 2121 1829 Β
2151 1728 2472 1799 gratiarum
2504 1728 2727 1784 actione
2757 1727 3015 1784 inchoat.
3051 1728 3199 1784 Nota
3245 1727 3422 1784 etiam
3463 1730 3622 1800 quod
3658 1729 3806 1786 dile-

394 1824 510 1885 tur,
543 1819 655 1874 nisi
685 1820 822 1874 mali
854 1821 1272 1890 designantur?
1289 1819 1606 1875 Moraliter.
1628 1817 1775 1883 Quid
1805 1821 1896 1872 est
1917 1817 2042 1871 ani-

395 1924 492 1962 ma
522 1913 744 1976 sancta,
777 1908 890 1962 nisi
946 1907 1314 1964 Jerusalem?
1345 1910 1500 1974 Qute,
1531 1906 1801 1978 quamvis
1831 1905 2045 1960 habeat

393 1996 625 2068 pietatis
683 2013 748 2051 ac
802 1997 1127 2052 sanctitatis
1193 2013 1388 2068 opera,
1450 1995 1717 2066 nunquid
1777 1994 2044 2049 funditus

395 2089 550 2140 caret
581 2084 771 2140 malo?
800 2085 946 2150 Quia
977 2101 1112 2156 ergo
1145 2085 1204 2139 in
1236 2085 1433 2140 anima
1465 2090 1668 2140 sancta
1699 2089 1837 2139 sunt
1865 2084 2044 2138 Jebu-

397 2174 517 2244 sui,
552 2173 608 2228 id
641 2178 730 2229 est
758 2173 1091 2229 affectiones
1153 2174 1476 2239 contrariae,
1524 2175 1594 2228 ad
1649 2173 1758 2228 hoc
1820 2172 2044 2227 laboret

397 2278 633 2318 necesse
659 2266 840 2330 est,ut
857 2261 996 2333 quia
1011 2262 1394 2334 concupiscit,
1414 2261 1895 2333 concupiscentiae
1927 2277 2043 2316 non

398 2351 745 2416 consentiat,
778 2355 1069 2421 quatenus
1127 2352 1239 2407 etsi
1300 2369 1333 2405 a
1387 2357 1550 2423 tergo
1596 2354 1950 2417 murmurat,
1984 2349 2043 2403 in

397 2441 544 2495 facie
576 2456 690 2493 non
722 2439 976 2494 resistat.
1008 2439 1222 2494 Taliter
1269 2457 1503 2495 necesse
1544 2445 1651 2508 est,
1687 2439 1835 2507 dico,
1869 2437 2040 2508 vivat,

398 2529 496 2598 qui
529 2543 663 2582 cum
689 2526 1161 2598 Philippensibus
1187 2528 1416 2583 laudari
1440 2533 1496 2583 et
1517 2544 1757 2584 sensum
1786 2525 2043 2598 Apostoli

397 2621 702 2688 penetrare
732 2615 1041 2671 desiderat.
1077 2617 1158 2671 De
1187 2633 1252 2672 eo
1283 2617 1438 2688 quod
1467 2616 1894 2687 Philippenses,
1925 2617 2044 2673 Ma-

397 2705 648 2760 cedones
674 2704 850 2758 iidem
883 2703 1221 2760 Graecisunt
1242 2723 1255 2760 :
1276 2722 1402 2776 qua:
1436 2705 1752 2776 provincia,
1771 2705 1842 2759 ab
1874 2705 2041 2758 Ema-

401 2798 457 2848 te
487 2792 775 2861 Emathia,
809 2793 1018 2848 deinde
1077 2811 1110 2847 a
1170 2794 1485 2849 Macedone
1543 2810 1674 2864 rege
1715 2793 2045 2849 Macedonia

403 2882 561 2936 dicta
589 2886 697 2936 est.
716 2881 834 2952 Ipsi
865 2886 1004 2936 sunt
1027 2881 1203 2937 Jones
1229 2899 1262 2936 a
1288 2883 1474 2938 Jaban
1508 2882 1625 2937 ﬁlio
1652 2882 1864 2954 Japhet
1894 2899 2044 2937 nun-

407 2969 621 3042 cupati.
655 2969 736 3025 De
766 2985 832 3025 eo
863 2970 1016 3040 quod
1072 2970 1282 3042 positio
1336 2970 1511 3041 hujus
1565 2970 1870 3042 provinciae
1909 2969 2043 3026 talis

409 3063 516 3115 est.
576 3059 762 3114 Habet
819 3059 891 3114 ab
950 3058 1170 3114 oriente
1227 3076 1388 3115 mare
1445 3061 1749 3132 Egaeum;
1809 3060 1881 3115 ad
1947 3076 2043 3116 oc-

2154 1817 2406 1872 ctionem
2438 1834 2605 1872 suam
2638 1833 2775 1889 erga
2794 1833 2893 1872 eos
2915 1817 3189 1885 ostendit,
3213 1833 3317 1889 pro
3341 1817 3558 1889 quibus
3580 1818 3803 1875 indesi-

2154 1909 2360 1961 nenter
2418 1909 2560 1961 orat.
2619 1907 2872 1961 Attende
2925 1906 3080 1978 quod
3134 1905 3396 1974 instruit,
3455 1911 3519 1962 ut
3548 1924 3665 1963 non
3697 1924 3804 1979 pro

2155 2000 2375 2064 nostro,
2409 1999 2510 2049 aut
2548 1999 2881 2050 nostrorum
2942 1994 3152 2059 solum,
3210 1996 3313 2052 sed
3368 2012 3471 2067 pro
3529 1996 3805 2052 omnium

2154 2084 2416 2155 profectu
2448 2083 2776 2140 laudemus.
2809 2084 2878 2139 Et
2909 2084 3047 2155 quia
3073 2085 3223 2154 justi
3254 2089 3440 2153 erant,
3471 2083 3600 2140 ideo
3630 2083 3801 2152 dicit,

2153 2189 2276 2227 cum
2302 2173 2503 2243 gaudio
2528 2173 2970 2244 deprecationem
3013 2174 3258 2244 faciens:
3313 2174 3590 2246 quoniam
3623 2172 3799 2228 aliter

2154 2265 2282 2316 orat
2311 2277 2413 2333 pro
2444 2261 2684 2329 Galatis,
2719 2261 2884 2316 aliter
2915 2278 3018 2333 pro
3051 2261 3545 2334 Philippensibus.
3578 2261 3647 2317 In
3681 2259 3808 2316 illis

2154 2357 2278 2406 erat
2308 2367 2539 2418 mceror,
2589 2349 2727 2421 quia
2774 2355 3172 2419 recesserant;
3224 2351 3282 2406 in
3331 2351 3462 2406 istis
3491 2349 3801 2423 gaudium,

2156 2438 2294 2510 quia
2325 2440 2578 2495 stabant.
2603 2439 2672 2494 Et
2693 2455 2800 2494 nos
2819 2455 2954 2494 cum
2977 2439 3191 2511 gaudio
3215 2456 3453 2496 oramus
3476 2456 3578 2511 pro
3601 2439 3805 2509 bonis,

2155 2544 2288 2582 cum
2319 2543 2564 2583 mcerore
2593 2543 2726 2583 vero
2770 2544 2874 2598 pro
2924 2526 3116 2583 malis.
3149 2527 3296 2583 Nota
3325 2528 3482 2600 quod
3512 2527 3800 2601 gaudium

2153 2616 2262 2671 hoc
2291 2617 2447 2672 dicat
2476 2615 2754 2688 spiritale,
2790 2633 2904 2672 non
2957 2616 3274 2688 corporale.
3308 2616 3471 2673 Unde
3497 2633 3632 2673 vero
3660 2633 3802 2689 gra-

2153 2705 2269 2760 tias
2300 2711 2452 2777 agat,
2483 2705 2717 2776 exponit
2745 2721 2879 2760 cum
2909 2705 3082 2761 dicit:
3113 2722 3278 2778 super
3303 2707 3800 2762 communicatione

2153 2801 2366 2849 vestra:
2402 2794 2459 2848 id
2491 2799 2580 2849 est
2609 2795 2748 2866 quia
2777 2793 3222 2850 communicatis
3255 2809 3508 2863 mecum,
3541 2795 3805 2867 Evange-

2154 2882 2301 2938 lium
2332 2883 2717 2954 praedicando.
2760 2883 2921 2948 Quod
2980 2899 3113 2938 vero
3170 2883 3330 2952 dicit,
3383 2901 3422 2939 a
3471 2885 3655 2956 primo
3684 2884 3799 2950 die,

2153 2970 2593 3043 intelligendum
2651 2976 2757 3038 est,
2812 2988 2847 3027 a
2897 2975 3177 3043 tempore,
3233 2987 3303 3027 ex
3368 2989 3483 3044 quo
3543 2971 3802 3028 credidi-

2157 3060 2300 3129 stis;
2336 3077 2401 3116 ac
2432 3060 2480 3116 si
2509 3061 2761 3116 diceret:
2808 3061 2871 3116 In
2918 3060 3091 3130 bono,
3143 3061 3298 3132 quod
3337 3060 3615 3134 coepistis,
3658 3075 3804 3133 per-

405 3164 544 3204 casu
587 3145 978 3215 Dalmatiam;
1014 3165 1046 3203 a
1078 3147 1318 3204 meridie
1363 3131 1602 3216 Asiam;
1653 3149 1724 3203 ab
1775 3149 2045 3220 aquilone
2073 3131 2118 3197 (ἶ
2158 3149 2454 3206 severatis.

401 3236 667 3308 Mysiam.

924 3325 1184 3380 INCIPIT
1225 3325 1522 3381 TEXTUS.

467 3414 620 3485 (CAP.
655 3414 724 3486 Ι.)
755 3414 964 3470 Paulus
991 3422 1042 3469 et
1069 3415 1390 3470 Timotheus.
1417 3414 1524 3470 Per
1545 3414 1653 3471 hoc
1676 3416 1828 3486 quod
1857 3418 2040 3487 Apos-

392 3503 486 3558 lus
507 3504 757 3559 aliorum
780 3518 982 3558 secum
1009 3502 1248 3558 nomina
1259 3503 1478 3575 jungit,
1503 3507 1866 3559 monstratur
1886 3505 2042 3574 quod

391 3609 494 3663 per
526 3591 847 3646 multorum
880 3607 982 3646 ora
1014 3591 1267 3662 Spiritus
1289 3596 1532 3647 sanctus
1555 3608 1736 3647 unum
1770 3592 2041 3663 exprimit

393 3697 656 3749 sensum,
682 3696 860 3734 unam
887 3681 1100 3735 format
1122 3680 1467 3734 doctrinam.
1498 3681 1610 3736 Nec
1642 3681 1878 3748 mirum,
1903 3680 2041 3752 quia

392 3767 768 3822 multitudinis
795 3768 1132 3822 credentium
1162 3776 1278 3822 erat
1327 3785 1416 3823 cor
1446 3786 1618 3823 unum
1648 3769 1784 3837 (Act.
1818 3785 1894 3835 1v,
1923 3769 2035 3840 32).

396 3855 473 3912 Ut
528 3855 663 3910 hinc
719 3857 948 3912 discant
998 3856 1404 3928 pradicatores
1472 3875 1586 3913 uno
1648 3875 1746 3913 ore
1800 3858 2039 3914 laudare

396 3943 605 4000 Deum.
638 3950 713 4000 De
742 3961 807 4001 eo
839 3946 992 4016 quod
1048 3962 1259 4000 nomen
1312 3963 1487 4002 suum
1541 3963 1700 4002 more
1741 3962 1946 4018 regum
1976 3946 2036 4000 in

397 4033 683 4106 principio
715 4036 878 4106 ponit
897 4033 1298 4106 epistolarum,
1325 4040 1390 4090 ut
1412 4036 1758 4106 dignitatem
1781 4034 1870 4090 sui
1904 4051 2038 4106 apo-

394 4122 645 4178 stolatus
674 4124 958 4178 ostendat.
992 4123 1071 4179 De
1101 4140 1166 4179 eo
1199 4124 1353 4195 quod
1389 4123 1719 4195 apostolum
1769 4139 1832 4178 se
1861 4127 2034 4191 tacet,

395 4210 534 4284 quia
563 4211 680 4267 illis
711 4213 1000 4269 scribebat
1031 4212 1130 4283 qui
1165 4213 1233 4267 de
1264 4212 1362 4267 illo
1394 4218 1549 4268 recta
1580 4213 1930 4268 sentiebant.
1957 4217 2036 4266 De

392 4299 600 4356 morali
623 4301 1024 4358 instructione.
1049 4302 1128 4357 De
1150 4317 1216 4356 eo
1239 4302 1393 4372 quod
1417 4301 1809 4357 conditionem
1841 4305 2036 4356 osten-

391 4389 497 4459 dit,
530 4405 662 4445 cum
720 4391 942 4455 subdit,
973 4392 1156 4458 servi;
1219 4407 1334 4444 non
1392 4390 1687 4455 vitiorum,
1729 4389 1852 4454 sed,
1911 4390 2036 4442 Jesu

2223 3239 2406 3311 (1154)
2437 3237 2584 3302 Quia
2614 3253 2856 3295 securus
2884 3238 2956 3294 de
3000 3237 3100 3294 Dei
3151 3237 3524 3295 miseratione
3555 3238 3810 3296 conﬁdit

2150 3327 2284 3384 illos
2314 3331 2806 3399 perseveraturos,
2846 3327 2974 3383 ideo
3026 3326 3206 3382 dicit:
3260 3327 3548 3398 Conﬁdens
3581 3328 3682 3383 hoc
3711 3329 3808 3400 ip-

2149 3434 2293 3483 sum,
2327 3418 2459 3487 quia
2480 3418 2585 3489 ‘qui
2610 3417 2767 3488 cwpit
2801 3417 2860 3470 in
2889 3415 3037 3471 vobis
3082 3431 3233 3487 opus,
3293 3420 3404 3472 etc.
3462 3416 3610 3472 Nota
3638 3417 3806 3488 quod

2149 3505 2245 3560 hic
2275 3505 2526 3560 destruit
2555 3503 2706 3572 illos,
2739 3504 2840 3575 qui
2885 3503 3091 3560 dicunt
3118 3521 3153 3560 a
3181 3504 3352 3560 nobis
3385 3503 3662 3560 inchoare
3691 3505 3803 3560 bo-

2150 3594 2462 3664 num.Ecce
2483 3593 2745 3665 dicit,qui
2761 3595 2939 3665 coepit:
2964 3597 3022 3649 et
3042 3593 3325 3650 Dominus
3350 3610 3363 3649 :
3389 3593 3521 3648 Sine
3541 3609 3626 3650 me
3644 3594 3803 3650 nihil

2141 3682 2368 3752 potestis
2426 3680 2602 3749 (Joan.
2656 3696 2747 3750 xv,
2779 3680 2834 3750 5)
2871 3697 2883 3735 :
2917 3683 2974 3735 et
3005 3679 3348 3736 Psalmista:
3409 3681 3798 3737 Misericordia

2147 3770 2262 3840 ejus
2280 3769 2580 3837 praeveniet
2598 3783 2684 3823 me
2705 3769 2873 3838 (Psat.
2906 3769 3120 3840 Lvm,l)
3145 3773 3270 3838 ;et:
3301 3769 3678 3826 Misericordia
3697 3778 3799 3826 tua

2145 3861 2513 3930 subsequatur
2529 3873 2616 3912 me
2635 3857 2806 3928 (Psat,
2829 3874 2967 3925 xxu,
2991 3857 3068 3929 6).
3093 3857 3222 3929 Ipse
3243 3857 3402 3914 enim
3423 3860 3705 3930 praevenit
3725 3865 3799 3918 ut

2145 3947 2414 4014 velimus,
2455 3950 2513 4000 et
2549 3946 2676 4018 ipse
2716 3947 3099 4017 subsequitur
3138 3963 3210 4002 ne
3249 3947 3504 4004 inaniter
3539 3948 3796 4006 velimus

2145 4035 2493 4106 (1155),nota
2508 4035 2662 4105 quod
2680 4035 2824 4090 diem
2843 4035 3041 4090 Christi
3057 4035 3333 4102 vocat,vel
3349 4036 3575 4093 obitum
3595 4039 3800 4109 cujus-

2147 4121 2375 4194 que,vel
2391 4121 2544 4177 diem
2553 4122 2940 4193 judicii.Nota
2966 4123 3143 4179 etiam
3174 4125 3328 4196 quod
3360 4125 3456 4182 his
3474 4127 3668 4185 verbis
3688 4144 3792 4185 eos

2146 4211 2217 4267 ad
2237 4211 2722 4282 perseverantiam
2739 4216 3030 4284 provocat.
3045 4213 3115 4268 Et
3141 4219 3280 4270 nota
3303 4216 3457 4286 quod
3466 4216 3684 4287 justum
3700 4218 3792 4274 di-

2146 4299 2226 4353 cit
2247 4299 2344 4354 hoc
2363 4317 2426 4354 se
2451 4302 2674 4368 sentire,
2707 4318 2772 4356 eo
2804 4302 2957 4373 quod
2989 4301 3203 4358 habeat
3231 4301 3364 4359 illos
3385 4307 3447 4359 in
3466 4305 3630 4361 corde
3649 4315 3701 4362 et
3731 4308 3795 4362 in

2144 4391 2379 4445 vinculis
2403 4408 2414 4458 ;
2451 4391 2619 4462 quasi
2643 4390 2831 4448 dicat:
2860 4392 3001 4448 adeo
3024 4408 3125 4448 vos
3156 4391 3355 4466 diligo,
3382 4399 3572 4451 utnec
3594 4397 3795 4452 vincu-

394 4478 613 4533 Christi.
648 4479 777 4534 Haec
808 4480 1061 4534 conditio
1111 4477 1362 4534 nobilior
1405 4482 1494 4533 est
1539 4477 1700 4531 omni
1731 4476 2033 4545 dignitate,
2067 4492 2114 4556 ι)
2146 4477 2220 4547 la,
2249 4477 2333 4534 vel
2368 4478 2595 4552 ﬂagella
2626 4479 2853 4550 possint
2880 4481 3225 4537 memoriam
3263 4482 3442 4539 vestri
3497 4485 3730 4541 auferre
3759 4502 3794 4543 a

393 4567 531 4637 quia
560 4582 760 4623 servus
790 4569 1024 4634 Christi,
1056 4583 1257 4623 servus
1291 4570 1380 4620 est
1411 4565 1678 4636 justitias,
1713 4564 2032 4635 sapientiae,

393 4655 699 4726 castitatis,
731 4662 789 4712 et
813 4657 906 4713 his
955 4655 1190 4712 similia.
1226 4655 1372 4708 Nam
1422 4655 1561 4723 quia
1609 4651 1823 4709 Paulus
1853 4662 1909 4708 et
1938 4655 2034 4709 Ti-

395 4742 665 4799 motheus
695 4745 978 4813 scribunt,
1009 4742 1328 4799 videndum
1385 4745 1474 4796 est
1527 4741 1741 4812 quibus
1772 4743 1870 4810 ait,
1900 4760 2028 4798 san-

393 4833 491 4885 ctis
517 4833 800 4887 omnibus:
864 4849 979 4887 non
1038 4828 1517 4899 Philippensibus
1575 4830 1885 4898 omnibus;
1930 4832 2031 4887 sed

391 4919 612 4987 sanctis,
660 4938 730 4976 ne
757 4923 978 4974 mittant
1029 4919 1382 4985 margaritas,
1439 4922 1545 4973 etc.
1581 4919 1786 4990 (Matth.
1821 4939 1922 4987 v11,
1951 4923 2027 4992 6);

390 5023 495 5062 nec
525 5008 885 5077 quibuslibet
918 5005 1157 5072 sanctis,
1191 5007 1290 5062 sed
1326 5009 1384 5061 in
1416 5007 1627 5064 Chrsito
1657 5011 1798 5065 Jesu.
1847 5012 2032 5066 Haare-

385 5095 484 5149 tici
515 5111 630 5149 non
659 5101 797 5149 sunt
825 5096 884 5149 in
915 5094 1142 5150 Christo
1168 5097 1376 5163 sancti,
1402 5098 1540 5170 quia
1570 5115 1685 5154 non
1713 5103 1865 5154 recte
1897 5115 2030 5155 sen-

382 5183 539 5237 tiunt
568 5183 638 5236 de
668 5183 918 5238 Christo.

451 5270 764 5338 Sequitur:
799 5273 905 5341 Qui
927 5275 1051 5328 sunt
1082 5275 1373 5349 Philippis.
1410 5278 1488 5334 De
1520 5293 1586 5334 eo
1617 5277 1774 5348 quod
1806 5275 2032 5350 Philip-

455 5495 637 5650 EHSE)
672 5499 728 5554 In
763 5510 958 5575 autog.
991 5521 1175 5579 marg.
1205 5508 1302 5561 hic
1330 5506 1438 5576 leg.
1477 5523 1525 5560 c.
1563 5506 1633 5560 Il.

486 5566 638 5644 115a)
673 5570 809 5634 Vide
868 5582 1104 5635 cantet-as
1165 5578 1475 5649 Epistolas,
1536 5582 1633 5650 pot

2145 4568 2316 4622 corde
2368 4583 2520 4623 meo.
2579 4569 2644 4622 In
2700 4569 3018 4638 defensione
3073 4586 3228 4639 vero,
3275 4580 3327 4627 et
3382 4574 3795 4643 conﬁrmatione

2143 4656 2430 4724 Evangelii
2458 4655 2599 4710 dicit
2627 4654 2762 4712 illos
2791 4657 2903 4712 sibi
2933 4660 3120 4726 socios,
3145 4660 3468 4716 secundum
3491 4661 3599 4718 hoc
3629 4664 3789 4734 quod

2143 4745 2414 4815 superius
2448 4744 2689 4811 dixerat,
2721 4761 2884 4816 super
2909 4749 3408 4805 communicatione
3421 4759 3622 4807 vestra.
3642 4751 3791 4808 Nota

2142 4833 2300 4904 quod
2327 4832 2387 4886 in
2420 4832 2651 4888 duobus
2691 4835 2919 4905 praefert
2965 4836 3372 4909 Philippenses
3413 4839 3702 4912 Ephesiis,
3730 4841 3786 4896 id

2142 4926 2249 4992 est,
2283 4921 2340 4976 in
2373 4921 2482 4976 hoc
2520 4923 2676 4992 quod
2717 4927 2910 4980 certus
2952 4926 3139 5002 estde
3170 4930 3604 4998 perseverantia
3631 4930 3788 5003 ipso-

2143 5026 2297 5076 rum,
2371 5016 2428 5066 et
2492 5012 2647 5081 quod
2713 5013 2973 5082 quotidie
3049 5013 3281 5071 lectioni
3357 5019 3662 5074 vacabant.
3720 5019 3789 5075 Et

2141 5099 2382 5170 pulchre
2440 5100 2582 5155 dicit
2637 5102 2805 5156 socios
2861 5102 3072 5172 gaudii,
3133 5105 3304 5175 quasi
3361 5105 3619 5163 diceret:
3675 5107 3787 5163 sic-

2142 5193 2207 5244 ut
2236 5189 2379 5245 socii
2438 5189 2582 5246 estis
2633 5188 2852 5247 laboris
2908 5196 2966 5247 et
3022 5193 3320 5266 doctrinm,
3381 5195 3544 5254 eritis
3586 5194 3785 5269 gaudii
3849 5200 3864 5212 ‘

2142 5294 2304 5334 80011.

486 5566 638 5644 1153)
673 5570 809 5634 Vide
868 5566 1475 5649 cintei-asulﬂpistolas,
1536 5577 1916 5650 potissimum
1954 5581 2026 5638 ad
2066 5583 2257 5652 Rom.,
2292 5583 2388 5642 ubi
2419 5583 2490 5641 de
2521 5582 2708 5654 gratia
2737 5583 2933 5641 divina
2964 5585 3101 5659 agit.
