3978 6210
100 308 219 366 589
639 303 1059 364 EXPOSITIO
1103 304 1179 363 ΙΝ
1229 305 1658 366 EPISTOLAS
1704 307 1962 368 PAULI.
1996 342 2072 353 —
2103 311 2178 370 ΙΝ
2228 312 2467 372 EPlS'l‘.
2522 313 2621 371 AD
2671 313 3000 374 PlilLlPP.
3410 322 3526 379 590

177 433 465 506 Sequitur
498 449 511 487 :
569 434 739 488 Testis
781 435 951 504 enim,
986 438 1095 489 etc.
1133 450 1146 488 :
1199 435 1254 488 id
1289 439 1397 504 est,
1433 435 1766 507 incorpora-
1798 445 1850 504 Α
1884 437 2014 493 bem
2050 440 2389 512 rapientem,
2424 443 2703 511 majorem
2734 444 2783 499 ei
2824 445 3099 500 invidiam
3135 449 3522 504 cumularent.

99 524 170 592 ri,
197 524 390 594 (1156)
412 528 472 576 ut
497 521 666 577 illud.
690 525 797 591 Qui
816 523 1111 578 manduca!
1130 541 1350 578 carnem
1375 541 1569 591 meam,
1593 527 1767 590 (Joan.
1881 527 2022 582 Nota
2050 531 2200 598 quod
2229 531 2353 583 dnrr
2388 532 2607 601 species
2639 533 2799 586 bona
2833 535 3061 588 duabus
3085 539 3389 592 contrariis
3422 557 3522 609 op-

99 629 177 683 νι,
212 614 311 684 57)
343 617 450 667 etc.
483 628 498 668 :
530 612 653 666 sive
684 611 766 666 ita
796 628 895 666 vos
927 610 1126 683 diligo,
1161 611 1329 683 quasi
1364 613 1582 668 viscera
1611 613 1769 667 Chri-
1879 623 2203 685 ponuntur;
2226 621 2294 672 ad
2316 621 2562 690 primam
2583 623 2734 675 enim
2756 624 3354 693 respondetsecunrla,
3379 630 3525 681 bona

96 702 175 756 sti
208 701 421 771 (1157).
479 705 623 754 Cum
656 699 839 753 Deum
875 703 1086 754 testem
1122 699 1370 768 invocat,
1403 716 1516 755 non
1567 706 1770 755 contra
1878 703 2031 758 enim
2060 704 2326 762 voluntas
2354 710 2640 764 contraria
2671 716 2756 763 est
2791 711 3155 779 invidentia;
3191 715 3360 770 tertia
3390 734 3521 771 vero

103 787 1048 861 praceptumDominifacit,quia
1078 789 1622 859 necessitatejurat;
1648 788 1770 844 vult
1876 791 2119 848 adversa
2167 799 2254 848 est
2301 803 2538 866 quarta,
2574 798 2849 868 quoniam
2898 800 3150 855 Charitas
3189 820 3324 872 erga
3357 804 3519 858 Chri-

112 880 274 934 enim
299 885 363 933 ut
395 877 481 931 illi
503 877 677 932 fidem
697 877 1222 942 accommodent,et
1252 876 1497 948 diligant
1528 877 1767 949 diligen-

107 974 254 1033 tem,
306 973 365 1022 et
412 970 612 1021 ament
669 968 964 1020 amantem
1015 981 1097 1019 se.
1152 965 1448 1021 Desiderat
1493 982 1592 1022 eos
1651 983 1762 1021 non

103 1055 356 1124 carnali,
391 1057 489 1110 sed
533 1053 784 1126 spiritali
831 1069 1028 1108 amore
1060 1054 1265 1124 (1158).

178 1163 501 1234 Sequitur:
533 1162 595 1215 Et
626 1160 724 1216 hoc
752 1176 865 1226 oro,
887 1164 996 1215 etc.
1025 1176 1037 1213 :
1073 1160 1218 1215 Nota
1247 1160 1402 1230 quod
1435 1177 1548 1215 non
1571 1160 1764 1216 solum

105 1251 390 1323 praecipit
410 1266 534 1320 qua
565 1249 797 1318 iaciant,
821 1248 921 1304 sed
954 1253 1081 1303 orat
1103 1254 1166 1303 ut
1196 1249 1446 1318 faciant;
1480 1249 1617 1320 quia
1647 1266 1761 1305 non

104 1339 345 1396 sufﬁcit
377 1355 546 1394 nosse
577 1338 727 1408 quod
758 1339 1052 1408 agendum
1083 1342 1192 1405 est,
1227 1336 1336 1393 nisi
1383 1338 1535 1393 adsit
1573 1338 1763 1409 gratia

92 1429 327 1499 juvans
360 1431 424 1482 ut
453 1425 651 1498 perﬁci
683 1425 887 1496 possit.

179 1534 464 1606 Sequitur
497 1549 510 1587 :
556 1533 616 1586 In
647 1533 901 1596 scientia,
933 1537 1042 1587 ctc.
1077 1533 1222 1588 Nota
1253 1533 1405 1604 quod
1440 1533 1761 1588 scientibus

97 1623 420 1680 scientiam
443 1626 571 1676 orat
601 1619 748 1688 dari,
773 1620 915 1691 quia
943 1621 1070 1676 sine
1099 1620 1347 1676 cientis
1368 1636 1539 1676 nemo
1572 1625 1763 1692 potest

97 1711 524 1774 sinceritatem,
557 1709 614 1762 id
645 1713 735 1764 est
766 1708 1158 1780 integritatem
1189 1710 1424 1778 habere,
1450 1726 1555 1765 nec
1581 1710 1756 1780 potio-

1877 886 2052 948 stum,
2071 882 2156 937 vel
2177 886 2419 940 Paulum
2442 903 2552 940 non
2584 893 2770 958 potest
2796 894 3030 959 propter
3051 894 3514 961 persecutionem

1876 968 2034 1024 Pauli
2065 972 2374 1041 pradicare
2397 974 2712 1030 Christum.
2733 977 2865 1030 Mali
2889 995 3013 1048 qua
3031 996 3131 1034 sua
3158 985 3284 1033 sunt
3308 982 3510 1052 pradi-

1873 1059 2055 1113 cando
2077 1072 2354 1131 quaerunt,
2373 1080 2485 1117 non
2508 1081 2622 1134 qua:
2641 1067 2770 1120 Jesu
2787 1066 2992 1121 Christi
3013 1069 3275 1139 (Philipp.
3301 1087 3361 1138 ιι,
3385 1071 3474 1139 21)
3497 1088 3510 1124 :

1873 1147 1970 1200 sed
1995 1148 2125 1202 boni
2148 1149 2346 1206 fideles
2370 1169 2482 1206 non
2504 1153 2825 1223 quemlibet
2848 1154 3288 1222 hominum,sed
3316 1159 3509 1228 ipsum

1872 1234 2183 1291 Dominum
2216 1239 2551 1294 obedienter
2581 1242 2849 1307 audiunt,
2882 1244 2980 1312 qui
3015 1244 3094 1297 ait
3127 1261 3138 1297 :
3175 1262 3298 1314 qua:
3326 1247 3516 1302 dicunt

1868 1326 2054 1392 lacite,
2105 1332 2213 1380 etc.
2265 1327 2486 1396 (Matth.
2539 1346 2697 1396 xxm,
2745 1333 2819 1398 3).
2853 1332 2985 1386 Ideo
3017 1334 3266 1388 audiunt
3297 1335 3514 1390 utiliter

1870 1414 2044 1468 etiam
2070 1432 2196 1485 qua
2230 1415 2450 1470 utiliter
2473 1434 2584 1471 non
2619 1423 2910 1488 aguntur;
2947 1437 3053 1474 sua
3074 1421 3228 1475 enim
3258 1439 3512 1493 quarere

1871 1504 2148 1568 student;
2191 1503 2290 1556 sed
2323 1520 2430 1557 sua
2462 1505 2668 1559 docere
2701 1524 2812 1560 non
2847 1508 3082 1562 audent.

1941 1620 2221 1690 Sequitur
2255 1635 2265 1672 :
2322 1622 2464 1688 Quid
2495 1624 2688 1675 enim?
2717 1629 2822 1676 etc.
2860 1623 2926 1676 Et
2954 1628 3042 1678 est
3074 1642 3282 1679 sensus
3319 1643 3330 1678 :
3367 1625 3512 1689 Quid

1868 1707 2048 1772 enim,
2072 1712 2172 1762 aut
2192 1724 2370 1778 quare
2394 1725 2647 1779 movear,
2668 1715 2768 1764 aut.
2793 1728 2971 1782 quare
2993 1711 3049 1765 in
3079 1712 3512 1768 tribulationem

99 1817 192 1864 ra,
215 1798 276 1853 id
309 1803 397 1852 est
416 1797 653 1852 utiliora
678 1796 944 1868 probare,
969 1802 1026 1851 et
1047 1797 1237 1852 fructu
1263 1799 1548 1852 bonorum
1575 1798 1755 1852 abun-
1783 1804 1832 1868 B
1865 1797 2231 1862 mittar,cum
2253 1797 2493 1851 omnino
2512 1799 2799 1867 gaudeam
2822 1801 2974 1871 quod
2994 1802 3150 1854 omni
3178 1803 3348 1856 modo
3370 1820 3514 1857 nun-

99 1889 267 1942 dare.
302 1887 371 1941 Et
398 1887 469 1941 ad
502 1886 645 1958 quid
679 1886 836 1940 hoc?
864 1885 1139 1958 Nunquid
1187 1891 1254 1941 ut
1297 1886 1407 1941 hoc
1436 1886 1756 1941 laudetur?

101 1977 255 2030 Non.
291 1976 400 2031 Sed
431 1975 503 2030 ad
535 1975 754 2028 laudem
785 1975 898 2039 Dei,
931 1977 1255 2030 secundum
1288 1975 1432 2029 illud
1467 1991 1480 2029 :
1533 1975 1759 2030 videant

102 2081 276 2138 opera
305 2071 487 2120 vestra
517 2065 676 2129 bona,
704 2068 814 2117 etc.
847 2063 1062 2130 (Matth.
1095 2079 1148 2128 v,
1183 2065 1291 2133 16).

115 2213 118 2215 .
176 2171 363 2242 (1159)
395 2169 722 2240 Sequitur:
774 2168 927 2222 Scire
974 2177 1158 2224 autem
1203 2184 1294 2224 vos
1342 2168 1486 2234 volo,
1531 2171 1754 2239 fratres,

101 2264 216 2316 etc.
253 2259 358 2314 His
398 2257 590 2313 verbis
637 2255 971 2312 consolatur
1017 2273 1116 2312 eos
1164 2258 1233 2313 de
1279 2257 1756 2314 tribulationibus

101 2349 261 2404 suis.
293 2347 362 2401 Et
407 2351 497 2400 est
540 2361 746 2400 sensus
780 2362 792 2399 :
844 2345 968 2400 Non
1013 2344 1204 2399 solum
1238 2363 1352 2400 non
1385 2347 1622 2413 obsunt,
1655 2348 1756 2402 sed

100 2438 290 2492 etiam
324 2439 593 2506 prosunt,
618 2434 754 2486 dum
778 2449 890 2488 non
924 2449 1027 2504 pro
1050 2434 1315 2502 crimine,
1340 2435 1438 2489 sed
1475 2451 1575 2506 pro
1597 2434 1759 2489 Chri-

100 2530 196 2580 sto
235 2522 450 2595 patior.

181 2628 467 2700 Sequitur
500 2645 513 2681 :
545 2629 624 2682 Ita
653 2633 712 2682 ut
740 2629 983 2693 vincula,
1015 2633 1124 2683 etc.
1160 2629 1370 2699 Magna
1399 2629 1526 2683 laus
1559 2631 1757 2684 vincu-

103 2718 298 2774 latum
331 2735 462 2773 esse
492 2733 595 2788 pro
624 2717 848 2772 Christo
879 2719 938 2772 in
966 2720 1119 2772 omni
1141 2720 1404 2788 praetorio
1433 2723 1483 2773 et
1514 2721 1572 2772 in
1601 2724 1758 2773 caete-

99 2809 189 2863 ri:
216 2808 489 2876 omnibus,
522 2806 579 2860 id
629 2811 737 2875 est,
772 2811 906 2861 ante
936 2822 1100 2878 reges
1148 2812 1204 2860 et
1249 2807 1305 2861 in
1339 2808 1562 2862 cateris
1591 2807 1758 2873 locis,

99 2898 204 2952 ubi
229 2897 466 2967 judices
497 2896 774 2950 resident.
803 2895 1147 2951 Pratorium
1179 2895 1392 2950 dicitur
1422 2897 1590 2966 quasi
1622 2914 1763 2968 pra-

101 2985 458 3058 ceptorium,
484 3000 548 3040 eo
579 2989 733 3055 quod
766 2983 842 3039 ibi
879 2988 1088 3056 prator
1116 2984 1314 3039 sedeat
1345 2986 1415 3039 ad
1447 2984 1762 3040 discutien-

99 3075 276 3130 dum.
327 3074 608 3129 Pratores
652 3073 811 3143 dicti,
844 3073 1013 3145 quasi
1055 3078 1456 3145 praceptores,
1491 3090 1556 3129 eo
1600 3075 1756 3146 quod

1865 1887 2048 1941 tiatur
2091 1886 2405 1941 Christus?
2448 1887 2661 1940 Occasio
2693 1889 2846 1942 enim
2879 1895 2967 1943 est
2997 1890 3229 1958 quando
3264 1908 3376 1944 non
3412 1909 3512 1962 pro

1867 1992 1948 2041 se,
1983 1975 2081 2029 sed
2119 1980 2353 2044 pr0pter
2383 1973 2540 2028 aliud
2571 1975 2840 2030 Christus
2871 1977 3222 2045 praedicatur
3256 1998 3266 2033 :
3314 1981 3512 2034 veritas

1865 2080 1998 2119 vero
2020 2067 2108 2117 est
2134 2063 2366 2134 quando
2393 2079 2494 2132 pro
2531 2080 2592 2117 se
2621 2063 2746 2134 ipso
2780 2065 3044 2135 diligitur
3075 2066 3361 2122 Christus.
3398 2069 3508 2122 Sed

1866 2152 1984 2207 sive
2014 2151 2134 2221 illo,
2168 2153 2288 2205 sive
2318 2151 2428 2206 isto
2461 2151 2760 2208 nuntietur
2789 2155 2981 2220 modo,
3008 2155 3134 2209 ideo
3166 2157 3418 2225 gaudere
3449 2175 3511 2211 se

1865 2240 2024 2309 dicit,
2051 2240 2188 2310 quia
2209 2239 2474 2295 Christus
2509 2242 2864 2307 nominatur,
2886 2241 3151 2298 Christus
3185 2245 3508 2299 nuntiatur.

1867 2329 1998 2384 Ideo
2023 2328 2236 2382 Paulus
2259 2329 2568 2400 gaudebat,
2595 2330 2732 2400 quia
2760 2347 2861 2399 per
2885 2329 3119 2384 fallaces
3142 2347 3340 2386 verum
3366 2350 3511 2404 pra~

1868 2417 2190 2484 dicabatur,
2224 2423 2280 2470 et
2311 2433 2410 2487 per
2443 2417 2728 2472 malorum
2763 2435 2863 2472 ora
2896 2419 3165 2474 Christus
3196 2422 3509 2474 annuntia-

1869 2505 2058 2558 batur.
2096 2504 2292 2558 Multis
2335 2505 2489 2558 enim
2525 2512 2769 2576 prosunt
2801 2506 3058 2561 docendo
3092 2525 3218 2579 qua:
3261 2527 3372 2562 non
3430 2511 3511 2563 la-

1868 2594 2029 2647 ciunt
2061 2611 2073 2646 :
2111 2594 2205 2645 sed
2245 2592 2411 2664 longe
2441 2593 2710 2663 pluribus
2741 2596 3101 2665 prodessent,
3137 2597 3182 2649 si
3216 2614 3282 2650 ex
3316 2598 3513 2651 animo

1867 2681 2173 2752 diligerent
2201 2699 2328 2752 qua
2359 2682 2663 2736 docebant.
2696 2683 2956 2737 Primum
2991 2685 3270 2755 gaudium
3317 2690 3406 2739 est
3456 2686 3513 2740 in

1870 2770 2169 2834 fratribus,
2196 2770 2294 2840 qui
2321 2771 2471 2822 bona
2498 2771 2822 2838 voluntate;
2848 2773 3172 2827 secundum
3199 2775 3254 2827 in
3280 2775 3392 2840 his,
3413 2776 3513 2844 qui

1869 2857 2024 2912 mala
2052 2857 2347 2912 voluntate
2378 2858 2671 2914 Christum
2714 2861 3050 2931 pradicant.

1938 2985 2125 3045 Quare
2155 2982 2423 3053 gaudeat,
2457 2985 2712 3054 exponit,
2743 3001 2876 3038 cum
2909 2985 3109 3039 subdit
3142 3003 3154 3040 :
3207 2987 3327 3040 Scio
3365 2989 3514 3041 enim

1867 3074 1998 3143 quia
2027 3071 2124 3126 hoc
2153 3072 2296 3125 mihi
2325 3073 2626 3140 proveniet,
2657 3077 2766 3126 etc.
2801 3073 2868 3126 Et
2908 3079 2996 3126 est
3038 3090 3248 3128 sensus
3282 3090 3294 3126 :
3349 3075 3510 3136 Quod

96 3167 405 3236 pracepta
425 3163 585 3232 dant,
612 3163 668 3216 id
699 3166 809 3230 est,
834 3161 1107 3234 prafecti,
1136 3161 1303 3233 quasi
1331 3163 1754 3234 prapositores.
1790 3165 1831 3230 C
1870 3159 1952 3213 illi
1997 3175 2173 3214 causa
2217 3159 2488 3213 interitus
2521 3159 2632 3213 mei
2665 3161 3065 3230 pronuntiant,
3099 3161 3217 3215 scio
3249 3162 3404 3230 quod
3438 3164 3510 3216 ad

172 3271 372 3343 (1160)
401 3268 720 3340 Sequitur:
778 3270 841 3325 Ut
888 3269 1092 3340 plures,
1143 3272 1276 3335 etc.,
1327 3268 1496 3340 quasi
1546 3269 1701 3326 dicat
1742 3287 1755 3327 :

93 3357 270 3414 Multi
299 3358 513 3412 fratres
535 3355 799 3428 exemplo
825 3355 1190 3410 vinculorum
1224 3373 1510 3420 meorum,
1535 3359 1758 3427 abjecto

93 3447 343 3510 timore,
375 3443 558 3499 libere
589 3445 902 3515 pradicent
929 3444 1248 3500 Christum.
1284 3445 1348 3500 Et
1394 3447 1533 3516 quia
1581 3448 1758 3501 variis

91 3533 540 3591 intentionibus
593 3533 861 3588 homines
915 3534 1234 3606 pradicant
1282 3534 1600 3600 Christum,
1632 3536 1759 3590 ideo

87 3624 309 3680 subdit
349 3639 362 3676 :
415 3621 638 3692 quidam
667 3621 901 3692 quidem,
935 3626 1041 3674 etc.
1076 3621 1154 3674 De
1199 3636 1264 3675 eo
1315 3621 1469 3692 quod
1512 3628 1763 3692 quatuor

83 3728 557 3786 personas,qua
577 3711 870 3764 Christum
895 3709 1229 3781 pradicant,
1247 3709 1339 3764 hic
1361 3710 1761 3765 ostendit.Sed

80 3803 299 3874 prima
323 3805 382 3854 et
403 3799 614 3853 ultima
635 3815 703 3853 ex
729 3797 1092 3869 malignitate
1115 3798 1462 3869 pradicant;
1497 3799 1623 3852 dua
1651 3815 1764 3854 me-

77 3894 198 3948 diae
230 3907 307 3945 ex
337 3889 492 3944 bono
519 3889 736 3942 animo.
760 3888 867 3942 Sed
892 3887 1208 3942 videndum
1233 3887 1375 3959 quid
1400 3887 1551 3942 inter
1580 3905 1641 3943 se
1673 3889 1765 3943 di-

74 3985 283 4037 stent.
321 3977 520 4032 Prima
561 3981 652 4032 est
692 3976 762 4031 de
795 3974 1159 4048 malignitate
1191 3983 1429 4048 propter
1458 3975 1765 4049 invidiam,

74 4070 244 4142 quia
276 4065 498 4136 dolent,
525 4071 591 4120 ut
620 4065 778 4120 solus
811 4065 920 4120 sibi
946 4065 1200 4119 vindicet
1221 4065 1526 4121 scientiam
1558 4067 1766 4138 pradi-

73 4156 275 4215 candi
304 4173 320 4222 ;
355 4153 674 4226 pradicant
704 4158 768 4208 ut
798 4154 1065 4210 auferant
1083 4153 1353 4225 gloriam,
1380 4171 1558 4225 quam
1591 4155 1769 4210 habet

72 4245 260 4320 apud
285 4244 625 4310 credentes;
648 4242 914 4298 invident
936 4241 1113 4308 enim,
1133 4242 1273 4313 quia
1291 4243 1553 4297 sentiunt
1575 4261 1706 4297 cuin
1735 4261 1768 4298 a

73 4337 216 4392 Deo
254 4331 509 4387 electum
547 4348 558 4386 :
596 4335 893 4402 postrema
922 4332 993 4386 de
1025 4331 1178 4385 malo
1209 4334 1320 4400 est,
1356 4330 1495 4403 quia
1527 4348 1640 4386 non
1673 4348 1766 4386 ca~

72 4434 206 4492 ste,
237 4438 358 4477 non
392 4424 594 4476 sancte
625 4419 921 4475 Christum
958 4419 1363 4491 pronuntiant,
1388 4421 1489 4475 sed
1522 4427 1586 4474 ut
1615 4423 1767 4490 Apo-

1868 3246 2115 3302 salutem
2148 3247 2290 3301 mihi
2323 3247 2654 3317 proveniet;
2689 3248 2787 3302 sed
2822 3253 3095 3318 Operante
3126 3249 3374 3312 Christo,
3411 3251 3510 3318 qui

1870 3337 1939 3390 ad
1965 3352 2153 3390 meam
2182 3335 2431 3390 salutem
2457 3336 2653 3389 omnia
2673 3336 2980 3406 gubernat.
3004 3342 3060 3389 et
3082 3337 3324 3390 adversa
3345 3337 3519 3390 vertit

1870 3426 1926 3478 in
1954 3440 2318 3496 prosperum.
2338 3423 2571 3478 Etiamsi
2599 3423 2697 3476 tali
2720 3439 2897 3477 causa
2918 3423 3193 3477 nuntiant
3212 3424 3510 3478 Christum

1871 3518 1934 3566 ut
1963 3529 2068 3583 ego
2100 3513 2288 3582 patiar
2330 3516 2387 3566 et
2430 3511 2674 3573 crucier,
2707 3516 2902 3565 tamen
2937 3527 3070 3582 spes
3103 3529 3233 3566 mea
3263 3512 3320 3565 in
3351 3512 3519 3566 Chri-

1871 3607 1980 3665 sto,
2001 3601 2141 3671 quia
2173 3601 2243 3654 de
2274 3600 2367 3654 his
2395 3600 2673 3654 omnibus
2695 3605 2966 3670 exspecto
2999 3602 3348 3663 mercedem,
3373 3607 3428 3656 et
3460 3607 3525 3656 ut

1872 3693 2284 3744 convertantur
2315 3688 2596 3742 sustineo.
2632 3689 2747 3744 Hoc
2779 3689 2902 3743 loco
2936 3707 3046 3744 non
3096 3698 3183 3744 est
3234 3690 3523 3758 accipien-

1873 3779 2036 3842 dum,
2064 3782 2127 3831 ut
2149 3777 2388 3848 quidam
2415 3782 2641 3848 putant,
2669 3778 3135 3848 praedicationem
3163 3778 3376 3833 Christi
3411 3778 3528 3832 ha-

1875 3867 2070 3922 reticis
2125 3867 2196 3920 ab
2244 3867 2519 3936 Apostolo
2571 3882 2698 3920 esse
2743 3883 3104 3928 concessam,
3140 3872 3204 3920 ut
3236 3869 3529 3937 quomodo

1873 3954 2073 4009 volunt
2105 3953 2402 4010 Christum
2437 3954 2788 4024 pradicent;
2823 3957 2922 4009 sed
2957 3955 3096 4024 quia
3141 3972 3207 4009 eo
3247 3962 3528 4024 tempore,

1876 4059 1992 4113 quo
2026 4042 2340 4113 Apostolus
2381 4043 2646 4105 docebat,
2679 4049 2845 4096 erant
2897 4043 2996 4112 qui
3049 4043 3177 4096 ideo
3226 4043 3527 4098 Christum

1879 4131 2286 4202 pradicarent,
2319 4134 2383 4184 ut
2435 4130 2717 4198 majorem
2755 4130 3216 4199 persecutionem
3249 4131 3530 4184 adversus

1879 4217 2227 4290 Apostolum
2261 4217 2600 4282 excitarent,
2635 4214 2776 4270 dicit
2827 4233 2888 4271 se
2935 4218 3206 4287 gaudere,
3242 4217 3361 4271 sive
3391 4217 3532 4287 quia

1879 4307 2148 4362 Christus
2173 4321 2402 4377 quoque
2428 4305 2598 4360 modo
2621 4305 2946 4373 nuntiatur,
2977 4305 3094 4359 sive
3121 4305 3259 4376 quia
3284 4303 3529 4359 tribula-

1879 4396 2142 4450 tionibus
2177 4411 2398 4450 merces
2428 4397 2694 4466 augetur.

76 4512 254 4570 stolo
282 4515 552 4566 noceant.
574 4510 719 4564 Cum
746 4508 899 4564 enim
931 4513 1128 4580 aperte
1151 4508 1769 4580 negarentchristum,
1802 4527 1847 4590 D
1955 4513 2234 4583 Sequitur
2269 4528 2280 4565 :
2335 4513 2481 4581 Quia
2525 4513 2586 4566 in
2612 4511 2768 4565 nullo
2797 4511 3130 4582 con/under,
3163 4515 3296 4577 etc.,
3331 4509 3388 4564 id
3421 4515 3530 4578 est,

79 4598 411 4668 fingebant
438 4595 741 4651 Christum
774 4595 1109 4668 pradicare,
1144 4601 1209 4650 ut
1237 4595 1677 4652 tribulationem
1710 4603 1768 4652 et

81 4690 401 4757 majorem
434 4683 690 4740 dolorem
723 4684 1038 4757 Apostolus
1068 4684 1390 4740 habuisset.
1421 4685 1550 4741 Sive
1580 4703 1646 4740 ea
1676 4686 1764 4741 in-

81 4775 374 4834 tentione
397 4773 807 4844 pradicabant,
833 4780 896 4829 ut
917 4780 1226 4847 gravarent
1248 4781 1283 4828 A
1294 4775 1611 4847 postolum,
1629 4793 1770 4847 qua-

84 4870 135 4923 si
173 4865 391 4937 plures
423 4861 744 4934 discipulos
776 4864 1199 4930 facientem,'et
1238 4864 1502 4920 doctrina
1536 4883 1644 4920 sua
1674 4883 1767 4921 or-

168 5115 362 5186 (1156)
400 5114 462 5169 In
521 5116 716 5185 autog.
771 5113 986 5186 legitur
1031 5115 1387 5185 incorporati.
1432 5114 1637 5170 Visum
1682 5120 1772 5170 est

95 5187 317 5259 legere,
353 5186 709 5259 incorporari
731 5205 750 5250 ,-
783 5185 1027 5259 scilicet
1053 5191 1116 5239 ut
1168 5187 1356 5259 aptior
1395 5186 1771 5259 expositioet

99 5257 287 5314 menti
313 5257 584 5328 Apostoli
607 5257 1103 5312 accommodatior
1125 5257 1592 5312 redderetur.Ait
1613 5257 1769 5312 enim

100 5329 420 5403 Apostolus
454 5329 706 5403 {Testis
759 5328 900 5403 mihi
944 5332 1023 5382 est
1072 5331 1226 5403 Deus
1256 5329 1772 5403 quomodo‘oupiam

100 5398 284 5458 omnes
331 5416 428 5456 vos
481 5401 543 5452 in
589 5398 888 5469 visceribus
927 5403 1061 5456 Jesu
1095 5398 1343 5453 Christi:
1394 5399 1546 5469 quod
1581 5403 1770 5453 totum

96 5477 268 5530 verbo
293 5471 680 5539 inoorporari,
705 5468 928 5540 scilicet
955 5470 1206 5535 Christo,
1229 5468 1549 5540 exprimere
1572 5475 1774 5540 auctor

97 5552 295 5604 noster
347 5538 616 5599 fortasse
665 5538 870 5598 voluit.
902 5541 1141 5612 Hocque
1170 5538 1500 5596 collaudare
1546 5539 1776 5596 videtur

101 5621 253 5681 intra
293 5617 404 5676 cit.
442 5616 668 5672 textus.

1879 4601 1938 4655 in
1972 4599 2133 4655 nullo
2156 4617 2384 4672 genere,
2410 4617 2524 4672 quo
2556 4600 2824 4656 Christus
2847 4600 3190 4655 nuntiatur:
3229 4614 3533 4669 nunquam

1875 4689 2035 4745 enim
2068 4689 2433 4759 erubescam,
2468 4690 2565 4744 sed
2621 4690 2676 4743 in
2729 4693 2975 4762 utroque
3023 4689 3305 4760 gaudebo.
3342 4687 3448 4755 Qui
3484 4692 3536 4742 et

1875 4796 2047 4847 nunc,
2079 4783 2129 4833 et
2159 4779 2558 4850 semper,dicit
2590 4778 2963 4851 magnificare
2993 4780 3287 4835 Christum
3325 4778 3380 4832 in
3415 4794 3534 4832 cor-

1878 4885 2016 4940 pore
2041 4885 2168 4935 suo,
2201 4869 2341 4939 quia
2365 4885 2495 4924 cum
2528 4885 2740 4940 corpus
2763 4867 2950 4940 ipsius
2969 4868 3156 4940 panis
3178 4867 3527 4935 afficeretur,

2352 4996 2379 5021 δ

1954 5117 2139 5188 (1157)
2172 5117 2277 5192 Hie
2324 5117 2436 5170 div.
2491 5117 2847 5192 Hieronymi,
2881 5135 2998 5192 seu
3062 5120 3255 5192 potius
3313 5116 3532 5188 Pelagii

1882 5188 2320 5243 Commentaria
2351 5204 2467 5256 pra
2498 5189 2683 5242 oculis
2717 5188 2941 5244 habuit.

1956 5259 2140 5331 (1158)
2171 5259 2321 5331 Hac,
2353 5261 2749 5331 quaerepetita
2783 5262 2990 5324 forent,
3023 5261 3210 5331 magis
3234 5259 3538 5331 magisque

1882 5330 2268 5402 comprobant
2291 5327 2600 5402 legendum
2631 5332 2822 5402 superi
2836 5350 2902 5386 ns
2925 5327 3283 5402 incorporari
3309 5327 3542 5402 lecoin-

1881 5397 2184 5473 corporali,
2207 5416 2277 5452 ne
2301 5397 2521 5473 scilicet
2543 5398 2817 5451 inanibus
2842 5397 3542 5473 repetitionibus,quibus

1884 5466 2123 5524 omnino
2155 5473 2315 5523 caret
2345 5466 2632 5535 interpres
2667 5475 2883 5538 noster,
2911 5466 3084 5528 locus
3117 5475 3305 5526 detur.

1881 5577 1884 5584 .
2175 5541 2234 5614 l_n
2271 5541 2467 5614 autog.
2505 5553 2688 5606 marg.
2722 5538 2816 5614 _h_ic
2844 5541 2959 5614 leg.
2996 5561 3122 5614 cap.
3161 5544 3256 5614 ll_l.

1959 5606 2146 5683 (1160)
2179 5611 2240 5666 in
2271 5610 2466 5678 autog.
2502 5621 2686 5679 marg.
2721 5606 2814 5666 hic
2844 5606 2956 5688 leg.
2988 5606 3116 5687 cap.
3149 5612 3242 5670 1V.
3311 5609 3320 5617 ’
