3978 6210
98 302 215 361 589

174 427 461 500 Sequitur
493 443 507 481 :
565 428 734 482 Testis
777 429 946 497 enim,
981 432 1090 483 etc.
1129 445 1140 482 :

97 518 167 586 ri,
194 518 386 588 (1156)
407 522 468 571 ut
493 515 662 570 illud.
686 518 792 585 Qui
811 517 1105 572 mandarat
1125 534 1346 572 carnem
1371 535 1565 586 meam,
1588 521 1763 584 (Ioau.

98 624 174 677 vn,
208 608 306 678 57)
339 611 446 661 etc.
479 622 493 663 :
525 606 648 660 sive
679 605 762 660 ita
791 622 891 660 vos
922 604 1122 678 diligo,
1157 606 1324 677 quasi
1359 607 1578 662 viscera
1607 608 1765 661 Chri-

95 696 172 750 sti
205 695 417 765 (1157).
475 698 618 748 Cum
651 693 834 748 Deum
870 697 1082 748 testem
1118 694 1365 763 invocat,
1398 710 1512 749 non
1563 700 1766 750 contra

101 789 463 855 praeceptum
481 781 714 838 Domini
734 781 1044 852 facit,quia
1074 783 1618 853 necessitatejurat;
1644 783 1766 838 vult

110 874 270 928 enim
295 879 359 927 ut
390 871 476 926 illi
498 870 672 926 fidem
692 871 1218 937 accommodent,et
1247 871 1493 943 diligant
1523 872 1762 943 diligen-

105 968 250 1028 tem,
301 967 360 1017 et
407 964 607 1016 ament
665 962 959 1014 amantem
1011 975 1092 1014 se.
1148 960 1444 1015 Desiderat
1489 977 1588 1016 eos
1646 977 1758 1016 non

101 1049 351 1118 carnali,
387 1051 485 1104 sed
529 1047 780 1120 spiritali
827 1064 1023 1103 amore
1056 1048 1260 1118 (1158).

175 1157 496 1228 Sequitur:
528 1157 590 1209 Et
621 1154 720 1210 hoc
748 1170 860 1220 oro,
883 1159 992 1209 etc.
1020 1171 1032 1207 :
1069 1154 1214 1209 Nota
1243 1155 1397 1224 quod
1430 1171 1544 1209 non
1567 1154 1759 1210 solum

103 1245 385 1317 praecipit
405 1261 529 1315 qua:
561 1243 793 1313 iaciant,
816 1243 916 1298 sed
950 1248 1077 1298 orat
1099 1249 1162 1297 ut
1191 1243 1441 1313 faciant;
1475 1243 1612 1314 quia
1642 1260 1756 1299 non

101 1333 340 1390 sufﬁcit
373 1349 542 1388 nosse
573 1332 723 1402 quod
754 1333 1048 1403 agendum
1079 1336 1188 1400 est,
1223 1331 1332 1387 nisi
1378 1333 1530 1387 adsit
1568 1332 1759 1403 gratia

90 1423 322 1493 juvans
355 1425 419 1476 ut
448 1419 646 1492 perﬁci
678 1419 882 1490 possit.

176 1528 460 1600 Sequitur
493 1545 506 1581 :
552 1527 612 1581 In
642 1527 896 1589 scientia,
929 1532 1038 1581 ctc.
1073 1527 1217 1582 Nota
1248 1528 1400 1598 quod
1436 1527 1756 1582 scientibus

95 1617 415 1674 scientiam
438 1620 566 1670 orat
596 1614 743 1683 dari,
769 1614 910 1685 quia
939 1615 1066 1669 sine
1095 1615 1342 1670 scientia
1364 1630 1534 1670 nemo
1567 1619 1758 1686 potest

94 1705 520 1769 sinceritatem,
553 1703 609 1757 id
641 1708 731 1758 est
762 1703 1153 1774 integritatem
1185 1704 1419 1772 habere,
1445 1721 1551 1759 nec
1576 1705 1751 1774 potio-

635 297 1054 359 EXPOSITIO
1099 298 1174 357 IN
1224 299 1654 361 EPIS'I‘OLAS
1700 301 1958 362 PAULI.
1992 336 2068 347 —
2099 306 2174 364 IN
2224 306 2463 365 EPIS'I‘.
2518 307 2617 365 AD
2666 307 2996 368 PlllLlPP.

3405 316 3521 373 590

1195 429 1250 482 id
1285 433 1393 498 est,
1429 429 1761 501 incorpora-
1795 439 1846 498 Α
1879 432 2010 488 hem
2046 434 2384 506 replentem,
2420 438 2699 506 majorem
2729 439 2778 493 ei
2819 439 3095 494 invidiam
3130 443 3518 498 cumularent.

1876 521 2017 576 Nota
2045 525 2196 592 quod
2224 526 2348 578 dum
2383 526 2602 595 species
2635 527 2795 580 bonae
2829 530 3057 582 duabus
3081 533 3384 586 contrariis
3417 551 3517 604 op-

1875 617 2199 680 ponuntur;
2221 615 2290 666 ad
2312 616 2558 684 primam
2579 617 2730 670 enim
2752 619 3059 688 respondet
3078 622 3350 685 secunda,
3374 624 3520 676 bona

1873 698 2026 752 enim
2056 699 2322 756 voluntas
2349 704 2636 758 contraria
2667 711 2752 758 est
2786 706 3151 774 invidentia);
3187 709 3356 764 tertia
3385 728 3516 765 vero

1872 785 2114 843 adversa
2163 794 2250 843 est
2297 796 2534 861 quarta},
2569 793 2845 862 quoniam
2894 794 3145 850 Charitas
3185 815 3320 867 erga
3353 799 3515 853 Chri-

1872 880 2048 942 stum,
2067 877 2151 932 vel
2172 880 2415 934 Paulum
2438 898 2548 934 non
2580 887 2766 952 potest
2792 888 3026 954 propter
3046 888 3511 956 persecutionem

1871 962 2030 1018 Pauli
2061 967 2370 1035 praadicare
2393 969 2707 1024 Christum.
2729 971 2861 1025 Mali
2884 989 3008 1042 qua:
3027 990 3127 1028 sua
3153 980 3279 1028 sunt
3304 977 3506 1046 pracdi-

1869 1053 2050 1107 cando
2073 1066 2350 1125 qu.’erunt,
2369 1075 2481 1111 non
2503 1076 2618 1128 quaz
2637 1062 2765 1114 Jesu
2783 1060 2987 1116 Christi
3009 1063 3270 1134 (th'iz'pp.
3297 1082 3357 1132 11,
3380 1066 3470 1134 21)
3493 1083 3505 1119 :

1869 1141 1966 1194 sed
1991 1143 2121 1196 boni
2144 1143 2342 1199 ﬁdeles
2366 1163 2478 1200 non
2500 1148 2820 1217 quemlibet
2843 1149 3283 1216 hominum,sed
3312 1153 3504 1223 ipsum

1867 1229 2179 1286 Dominum
2212 1233 2546 1287 obedienter
2577 1236 2845 1302 audiunt,
2878 1238 2976 1307 qui
3011 1239 3090 1292 ait
3123 1256 3134 1292 :
3171 1257 3293 1309 qua?
3321 1241 3512 1296 dirunt

1864 1320 2050 1386 facite,
2100 1326 2208 1374 etc.
2261 1321 2482 1390 (Matth.
2534 1340 2693 1391 xxm,
2741 1327 2814 1392 3).
2849 1327 2981 1380 Ideo
3013 1328 3261 1382 audiunt
3292 1330 3510 1384 utiliter

1865 1408 2040 1462 etiam
2065 1426 2192 1480 qua:
2226 1408 2446 1464 utiliter
2469 1428 2580 1465 non
2615 1417 2906 1482 aguntur;
2943 1431 3048 1469 sua
3069 1416 3223 1469 enim
3253 1433 3507 1487 quaerere

1866 1498 2144 1562 student;
2186 1498 2285 1551 sed
2319 1515 2426 1552 sua
2458 1499 2664 1554 docere
2696 1518 2808 1554 non
2843 1503 3078 1556 audent.

1936 1614 2217 1684 Sequitur
2250 1630 2261 1667 :
2317 1616 2460 1682 Quid
2491 1618 2684 1669 enim?
2713 1624 2818 1670 etc.
2855 1617 2922 1670 Et
2950 1623 3037 1672 est
3070 1636 3278 1674 sensus
3314 1637 3325 1673 :
3362 1619 3506 1684 Quid

1863 1701 2043 1767 enim,
2067 1707 2168 1756 aut
2188 1719 2366 1773 quare
2390 1719 2642 1773 movear,
2664 1710 2764 1758 aut.
2789 1722 2966 1776 quare
2989 1705 3045 1759 in
3075 1706 3507 1763 tribulationem

96 1812 188 1859 ra,
211 1793 271 1847 id
303 1798 392 1847 est
412 1791 648 1847 utiliora
673 1790 939 1862 probare,
964 1796 1022 1845 et
1043 1791 1232 1846 fructu
1259 1793 1544 1846 honorum
1571 1793 1751 1846 abun-
1779 1799 1828 1863 Β
1861 1791 2227 1856 mittar,cum
2249 1792 2488 1845 omnino
2508 1794 2795 1861 gaudeam
2818 1795 2970 1865 quod
2990 1797 3146 1848 omni
3174 1798 3343 1850 modo
3365 1814 3509 1851 nun-

96 1884 262 1937 dare.
295 1881 366 1935 Et
393 1881 464 1935 ad
497 1880 641 1952 quid
675 1881 785 1934 hoc
804 1880 831 1934 ’ἶ
860 1879 1135 1952 Nunquid
1183 1885 1248 1935 ut
1293 1880 1402 1935 hoc
1432 1881 1751 1936 laudetur?

98 1972 249 2025 Non.
285 1970 395 2025 Sed
427 1970 499 2024 ad
531 1969 750 2023 laudem
781 1969 894 2033 Dei,
927 1971 1251 2024 secundum
1283 1969 1427 2024 illud
1463 1985 1475 2023 :
1529 1969 1754 2024 videant

99 2075 271 2132 opera
299 2065 482 2114 vestra
513 2059 672 2124 bona,
700 2063 810 2112 etc.
843 2057 1058 2124 (Matth.
1090 2073 1143 2122 ν,
1179 2059 1287 2127 16).

113 2207 116 2210 .
172 2165 357 2236 (1159)
389 2163 717 2234 Sequitur:
770 2161 922 2217 Scire
969 2171 1154 2218 autem
1199 2179 1290 2218 vos
1337 2163 1482 2229 volo,
1526 2166 1750 2234 fratres,

98 2259 212 2310 etc.
247 2253 352 2308 His
393 2251 586 2307 verbis
633 2249 966 2306 consolatur
1012 2267 1112 2306 eos
1159 2252 1228 2307 de
1274 2251 1752 2308 tribulationibus

97 2343 256 2398 suis.
287 2341 357 2395 Et
403 2345 492 2395 est
536 2355 742 2394 sensus
776 2356 788 2393 :
840 2339 964 2394 Non
1009 2339 1200 2394 solum
1233 2357 1347 2394 non
1381 2341 1617 2408 obsunt,
1651 2342 1752 2396 sed

97 2431 286 2486 etiam
318 2433 589 2500 prosunt,
615 2428 750 2480 dum
773 2444 885 2482 non
919 2444 1022 2498 pro
1045 2428 1310 2497 crimine,
1335 2430 1434 2484 sed
1471 2446 1571 2500 pro
1593 2428 1755 2483 Chri-

97 2524 192 2574 sto
230 2517 446 2589 patior.

177 2623 463 2694 Sequitur
496 2640 509 2675 :
541 2623 620 2676 Ita
649 2627 707 2676 ut
736 2623 979 2688 vincula,
1011 2627 1119 2677 etc.
1156 2623 1365 2694 Magna
1395 2623 1522 2677 laus
1555 2625 1752 2678 vincu-

100 2712 294 2768 Iatum
327 2729 458 2768 esse
488 2729 592 2783 pro
620 2711 844 2767 Christo
875 2715 934 2766 in
962 2714 1114 2766 omni
1137 2715 1400 2783 praetorio
1428 2719 1478 2768 et
1508 2715 1568 2766 in
1597 2718 1754 2768 caete-

97 2805 185 2858 ris
212 2803 484 2871 omnibus,
518 2801 575 2855 id
625 2805 733 2870 est,
768 2806 902 2856 ante
931 2817 1096 2873 reges
1143 2807 1199 2855 et
1245 2801 1301 2856 in
1334 2803 1557 2856 caeteris
1586 2802 1754 2868 locis,

97 2893 201 2947 ubi
225 2892 462 2962 judices
493 2890 770 2945 resident.
800 2890 1143 2946 Praetorium
1174 2890 1388 2945 dicitur
1417 2891 1587 2961 quasi
1618 2909 1758 2962 pra:-

99 2979 454 3052 ceptorium,
479 2995 544 3034 eo
575 2984 728 3050 quod
761 2977 838 3033 ibi
874 2983 1083 3050 praeter
1111 2979 1310 3034 sedeat
1339 2981 1410 3034 ad
1442 2979 1757 3035 discutien-

97 3070 272 3124 dum.
321 3069 604 3123 Praetores
647 3067 806 3138 dicti,
839 3067 1008 3139 quasi
1051 3073 1452 3140 praceptores,
1487 3085 1551 3123 eo
1596 3069 1751 3141 quod

1861 1881 2044 1935 tiatur
2086 1880 2401 1935 Christus?
2443 1882 2657 1935 Occasio
2689 1883 2842 1936 enim
2875 1889 2963 1937 est
2993 1884 3225 1952 quando
3260 1902 3371 1938 non
3407 1903 3508 1956 pro

1862 1987 1943 2035 se,
1978 1970 2077 2024 sed
2115 1974 2348 2039 propter
2378 1968 2535 2022 aliud
2567 1969 2836 2024 Christus
2867 1971 3218 2040 praedicatur
3251 1992 3261 2027 :
3309 1975 3508 2028 veritas

1861 2074 1994 2114 vero
2015 2061 2104 2112 est
2129 2058 2361 2128 quando
2389 2073 2490 2126 pro
2525 2074 2587 2111 se
2617 2057 2742 2128 ipso
2775 2059 3040 2129 diligitur
3070 2060 3357 2115 Christus.
3394 2063 3504 2116 Sed

1861 2147 1980 2202 sive
2009 2145 2129 2215 illo,
2163 2147 2284 2199 sive
2314 2145 2424 2200 isto
2457 2145 2756 2202 nuntietur
2786 2149 2977 2214 modo,
3004 2149 3130 2203 ideo
3161 2151 3414 2219 gaudere
3444 2169 3506 2205 se

1861 2234 2020 2304 dicit,
2046 2234 2184 2305 quia
2204 2233 2470 2289 Christus
2504 2236 2860 2302 nominatur,
2881 2235 3146 2291 Christus
3180 2239 3504 2293 nuntiatur.

1862 2323 1993 2378 Ideo
2019 2323 2232 2377 Paulus
2254 2323 2564 2394 gaudebat,
2590 2324 2728 2394 quia
2756 2341 2857 2394 per
2881 2323 3114 2379 fallaces
3137 2341 3336 2380 verum
3362 2344 3506 2398 prae-

1863 2412 2186 2478 dicabatur,
2220 2417 2275 2464 et
2306 2427 2405 2482 per
2438 2411 2724 2466 malorum
2759 2429 2859 2466 ora
2891 2413 3160 2467 Christus
3191 2417 3505 2468 annuntia-

1865 2500 2053 2553 batur.
2091 2499 2288 2552 Multis
2331 2499 2484 2553 enim
2521 2507 2764 2570 prosunt
2797 2501 3054 2555 docendo
3087 2519 3214 2573 qua:
3257 2521 3368 2556 non
3426 2505 3507 2557 la-

1863 2589 2025 2641 ciunt
2057 2605 2069 2641 :
2106 2588 2200 2640 sed
2241 2587 2407 2659 longe
2437 2587 2706 2658 pluribus
2736 2591 3097 2660 prodessent,
3133 2591 3178 2643 si
3212 2608 3278 2644 ex
3311 2592 3509 2645 animo

1862 2675 2169 2747 diligerent
2197 2693 2323 2746 quae
2355 2677 2659 2730 docebant.
2693 2679 2951 2732 Primum
2986 2679 3266 2749 gaudium
3313 2685 3402 2734 est
3451 2680 3508 2735 in

1865 2764 2165 2828 fratribus,
2191 2765 2290 2835 qui
2316 2765 2467 2817 bona
2493 2766 2817 2833 voluntate;
2843 2769 3167 2822 secundum
3195 2769 3249 2821 in
3276 2769 3388 2834 his,
3409 2770 3509 2839 qui

1865 2852 2020 2907 mala
2047 2852 2342 2907 voluntate
2373 2853 2666 2908 Christum
2710 2855 3045 2925 praedicant.

1933 2979 2120 3040 Quare
2151 2977 2419 3048 gaudeat,
2452 2979 2707 3048 exponit,
2739 2995 2872 3033 cum
2904 2980 3105 3034 subdit
3137 2997 3150 3035 :
3203 2981 3322 3034 Scio
3360 2984 3510 3036 enim

1863 3069 1993 3137 quia
2022 3065 2120 3120 hoc
2148 3067 2291 3120 mihi
2320 3069 2621 3134 proveniet,
2653 3072 2761 3121 etc.
2796 3068 2863 3120 Et
2903 3073 2991 3121 est
3033 3084 3244 3122 sensus
3278 3084 3290 3120 :
3344 3069 3506 3130 Quod

95 3161 401 3231 precepts.
420 3157 580 3226 dant,
608 3157 663 3212 id
695 3160 804 3224 est,
829 3156 1102 3228 praefecti,
1131 3157 1299 3228 quasi
1326 3157 1750 3229 praepositores.
1785 3160 1827 3224 C
1865 3153 1949 3208 illi
1992 3170 2168 3208 causa
2213 3154 2484 3208 interitus
2517 3154 2628 3208 mei
2660 3155 3060 3225 pronuntiant,
3094 3155 3212 3210 scio
3245 3157 3398 3224 quod
3433 3158 3505 3211 ad

169 3266 367 3337 (1160)
397 3263 715 3334 Sequitur:
773 3264 837 3320 Ut
883 3263 1088 3335 plures,
1137 3267 1271 3330 etc.,
1322 3263 1492 3334 quasi
1541 3264 1696 3320 dicat
1737 3281 1750 3322 :

92 3352 267 3408 Multi
295 3353 509 3406 fratres
531 3350 794 3422 exemplo
820 3351 1185 3406 vinculorum
1219 3368 1506 3415 meorum,
1530 3353 1754 3422 abjecto

93 3442 338 3505 timore,
371 3439 554 3494 libere
585 3439 897 3509 praedicent
924 3439 1244 3495 Christum.
1279 3441 1344 3494 Et
1389 3442 1529 3511 quia
1575 3443 1754 3496 variis

91 3528 536 3586 intentionibus
589 3528 857 3583 homines
910 3529 1229 3600 praedicant
1277 3529 1596 3595 Christum,
1629 3530 1754 3585 ideo

87 3619 305 3675 subdit
345 3634 358 3670 :
410 3615 634 3688 quidam
662 3615 896 3687 quidem,
930 3621 1036 3669 etc.
1072 3615 1149 3669 De
1194 3631 1260 3670 eo
1311 3617 1463 3686 quod
1507 3623 1758 3687 quatuor

1863 3241 2111 3297 salutem
2143 3242 2285 3296 mihi
2319 3242 2649 3312 proveniet;
2684 3243 2782 3296 sed
2817 3247 3090 3312 Operante
3122 3243 3370 3306 Christo,
3406 3245 3506 3312 qui

1865 3332 1935 3385 ad
1961 3347 2148 3385 meam
2177 3329 2427 3384 salutem
2452 3331 2648 3384 omnia
2669 3331 2975 3400 gubernat.
2999 3337 3056 3384 et
3078 3331 3319 3384 adversa
3340 3331 3514 3384 vertit

1866 3421 1921 3473 in
1949 3435 2313 3490 prosperum.
2333 3418 2566 3472 Etiamsi
2593 3417 2692 3471 tali
2715 3434 2892 3472 causa
2914 3418 3188 3472 nuntiant
3207 3418 3505 3472 Christum

1866 3513 1929 3562 ut
1958 3524 2062 3578 ego
2094 3507 2283 3577 patiar
2325 3511 2382 3561 et
2425 3506 2670 3569 crncier,
2701 3511 2898 3560 tamen
2932 3521 3065 3577 spes
3098 3523 3228 3561 mea
3258 3507 3314 3560 in
3346 3506 3514 3560 Chri-

1866 3601 1975 3661 sto,
1997 3595 2136 3666 quia
2168 3597 2238 3649 de
2270 3594 2362 3649 his
2391 3595 2668 3649 omnibus
2691 3600 2961 3666 exspecto
2995 3597 3343 3658 mercedem,
3368 3602 3424 3650 et
3455 3602 3520 3650 ut

1867 3688 2278 3739 convertantur
2311 3683 2591 3738 sustineo.
2627 3684 2743 3738 Hoc
2775 3684 2898 3738 loco
2931 3701 3042 3738 non
3092 3693 3178 3738 est
3229 3684 3518 3752 accipien-

1868 3773 2031 3837 dum,
2058 3777 2122 3826 ut
2144 3772 2383 3842 quidam
2411 3777 2636 3843 putant,
2665 3772 3129 3843 praedicationem
3159 3773 3372 3828 Christi
3405 3773 3523 3826 hae-

1870 3861 2065 3916 reticis
2121 3862 2192 3914 ab
2239 3863 2514 3931 Apostolo
2567 3877 2693 3915 esse
2738 3877 3098 3922 concessam,
3136 3866 3199 3915 ut
3231 3863 3524 3931 quomodo

1868 3949 2069 4003 volunt
2100 3949 2398 4004 Christum
2433 3949 2784 4018 praedicent;
2817 3951 2917 4003 sed
2953 3950 3092 4018 quia
3137 3966 3202 4003 eo
3243 3956 3522 4019 tempore,

1872 4054 1988 4108 quo
2021 4037 2336 4108 Apostolus
2376 4037 2640 4100 docebat,
2674 4044 2840 4090 erant
2892 4037 2990 4106 qui
3045 4037 3172 4091 ideo
3221 4037 3522 4093 Christum

1873 4125 2281 4197 praedicarent,
2315 4129 2378 4179 ut
2431 4124 2712 4192 majorem
2751 4124 3211 4194 persecutionem
3244 4125 3524 4179 adversus

1873 4211 2222 4284 Apostolum
2256 4212 2595 4276 excitarent,
2629 4209 2771 4264 dicit
2822 4227 2884 4265 se
2930 4211 3202 4281 gaudere,
3237 4211 3356 4266 sive
3386 4212 3527 4282 quia

1873 4301 2144 4356 Christus
2167 4315 2398 4371 quoque
2423 4299 2593 4354 modo
2616 4299 2941 4366 nuntiatur,
2971 4298 3089 4353 sive
3116 4299 3254 4370 quia
3279 4298 3523 4354 tribula-

1874 4390 2137 4446 tionibus
2172 4406 2393 4445 merces
2423 4393 2689 4460 augetur.

83 3723 552 3781 personas,quze
572 3705 866 3760 Christum
891 3705 1224 3776 praadicant,
1242 3704 1334 3759 hic
1356 3705 1756 3760 ostendit.Sed

78 3798 294 3869 prima
319 3799 378 3848 et
398 3793 610 3848 ultima
631 3809 698 3848 ex
725 3792 1087 3864 malignitate
1111 3793 1458 3864 pradicant;
1491 3794 1618 3848 duae
1646 3810 1760 3849 me-

77 3888 194 3942 dias
225 3901 302 3940 ex
332 3883 487 3938 bono
513 3883 731 3937 animo.
756 3883 863 3936 Sed
888 3881 1204 3936 videndum
1229 3882 1370 3953 quid
1396 3883 1546 3936 inter
1575 3899 1636 3938 se
1668 3884 1759 3938 di-

74 3979 278 4032 stent.
317 3971 514 4027 Prima
556 3975 648 4026 est
687 3970 758 4025 de
791 3969 1155 4042 malignitate
1187 3977 1424 4042 propter
1454 3971 1760 4042 invidiam,

73 4065 239 4137 quia
271 4060 493 4131 dolent,
520 4067 586 4114 ut
615 4059 774 4115 solus
806 4059 916 4114 sibi
941 4059 1196 4114 vindicet
1217 4059 1522 4115 scientiam
1554 4062 1760 4132 praedi—

72 4151 270 4210 candi
298 4167 315 4218 ;
351 4149 669 4220 praedicant
700 4152 764 4203 ut
793 4148 1060 4204 auferant
1079 4147 1349 4220 gloriam,
1376 4165 1553 4220 quam
1587 4150 1764 4205 habet

69 4240 255 4315 apud
279 4239 620 4304 credentes;
643 4237 909 4292 invident
931 4235 1108 4303 enim,
1129 4237 1268 4307 quia
1286 4237 1549 4292 sentiunt
1569 4255 1701 4292 eum
1730 4256 1764 4292 a

70 4332 211 4387 Deo
248 4326 505 4382 electum
542 4344 554 4381 :
591 4330 889 4398 postrema
918 4327 989 4380 de
1021 4325 1173 4380 malo
1204 4329 1316 4394 est,
1352 4325 1490 4397 quia
1522 4343 1636 4381 non
1669 4343 1762 4380 ca-

68 4429 200 4487 ste,
231 4432 354 4472 non
389 4421 590 4472 sancte
619 4414 916 4470 Christum
954 4414 1359 4486 pronuntiant,
1384 4415 1484 4470 sed
1518 4421 1582 4469 ut
1611 4418 1762 4486 Apo-

72 4508 249 4565 stoIo
277 4509 547 4561 noceant.
569 4507 714 4560 Cum
741 4503 894 4559 enim
926 4509 1123 4576 aperte
1147 4503 1764 4575 negarentChristum,
1799 4522 1842 4585 υ
1950 4507 2229 4577 Sequitur
2264 4523 2276 4560 :
2331 4508 2476 4576 Quia
2521 4507 2581 4560 in
2608 4505 2762 4559 nullo
2792 4504 3124 4576 con/“under,
3157 4510 3290 4572 etc.,
3326 4504 3382 4558 id
3416 4509 3524 4572 est,

73 4593 407 4664 ﬁngebant
434 4591 736 4646 Christum
770 4590 1104 4662 praedicare,
1139 4595 1205 4645 ut
1233 4590 1672 4646 tribulationem
1705 4597 1763 4647 et
1874 4597 1932 4650 in
1967 4594 2128 4649 nullo
2151 4612 2380 4667 genere,
2406 4612 2520 4667 quo
2551 4594 2818 4650 Christus
2841 4594 3146 4648 nuntiatur
3174 4611 3185 4649 :
3223 4609 3528 4664 nunquam

76 4686 397 4753 majorem
429 4679 686 4735 dolorem
719 4679 1034 4752 Apostolus
1065 4679 1386 4735 habuisset.
1417 4679 1545 4735 Sive
1575 4697 1642 4735 ea
1672 4680 1758 4735 in-
1871 4683 2030 4740 enim
2063 4684 2428 4754 erubescam,
2464 4685 2561 4739 sed
2616 4685 2670 4738 in
2725 4688 2970 4756 utroque
3017 4684 3300 4754 gaudebo.
3338 4682 3443 4750 Qui
3479 4687 3531 4736 et

78 4771 370 4830 tentione
393 4768 802 4839 praedicabant,
829 4775 891 4824 ut
912 4775 1221 4842 gravarent
1243 4770 1765 4841 Apostolum,qua-
1870 4790 2042 4841 nunc,
2074 4777 2124 4828 et
2153 4790 2393 4845 semper,
2413 4774 2553 4828 dicit
2585 4773 2958 4846 magnificare
2988 4774 3282 4829 Christum
3319 4773 3376 4827 in
3411 4789 3530 4827 cor-

78 4866 129 4918 si
169 4860 387 4932 plures
419 4857 739 4929 discipulos
771 4859 1195 4925 facientem,'et
1233 4858 1498 4914 doctrina
1532 4877 1639 4914 sua
1669 4877 1762 4915 or-
1873 4880 2010 4935 pore
2035 4879 2163 4930 suo,
2197 4865 2337 4934 quia
2360 4880 2491 4918 cum
2523 4879 2735 4934 corpus
2758 4862 2946 4934 ipsius
2965 4863 3151 4935 poenis
3173 4863 3523 4930 afficeretur,

2348 4991 2375 5016 θ

162 5110 358 5181 (1156)
396 5109 458 5163 In
516 5112 711 5180 autog.
766 5109 981 5181 legitur
1025 5110 1383 5179 incorporati.
1428 5108 1633 5181 Visum
1677 5115 1767 5164 est

86 5179 313 5254 legere,
342 5179 745 5254 incorporari;
778 5179 1021 5254 scilicet,
1047 5187 1111 5234 ut
1163 5181 1352 5254 aptior
1390 5180 1766 5254 expositioet

90 5251 283 5309 menti
310 5252 578 5323 Apostoli
602 5251 1098 5323 accommodatior
1120 5252 1479 5306 redderetur.
1495 5252 1588 5306 Ait
1608 5251 1764 5307 enim

90 5322 416 5397 Apostolus
450 5324 700 5397 :_Tes_tis
754 5322 896 5397 mihi
938 5327 1017 5377 est
1067 5325 1218 5397 Deus,
1252 5324 1767 5397 quomodocupiam

93 5393 282 5452 omnes
329 5411 424 5451 vos
475 5395 538 5448 in
584 5393 883 5464 visceribus
922 5399 1055 5450 Jesu
1089 5394 1339 5448 Christi:
1389 5395 1542 5464 quod
1577 5398 1764 5448 totum

91 5470 266 5524 verbo
290 5467 673 5534 incorporari,
700 5462 923 5534 scilicet
949 5465 1200 5530 Christo,
1225 5462 1545 5534 exprimere
1567 5470 1769 5520 auctor

95 5546 294 5598 noster
344 5533 609 5594 fortasse
659 5533 865 5592 voluit.
897 5535 1135 5607 Hocque
1164 5533 1496 5592 collaudare
1541 5535 1770 5591 videtur

95 5614 252 5674 infra
293 5611 400 5669 cit.
439 5612 662 5667 textus.

1949 5111 2134 5180 (1157)
2168 5111 2273 5186 Hic
2321 5111 2432 5164 div.
2487 5112 2842 5186 Hieronymi,
2876 5130 2995 5186 seu
3057 5115 3250 5186 potius
3309 5111 3527 5182 Pelagii

1877 5182 2316 5238 Commentaria
2348 5198 2463 5250 prae
2494 5184 2680 5237 oculis
2710 5182 2936 5238 habuit.

1951 5252 2136 5326 (1158)
2167 5252 2318 5326 Ilaec,
2349 5256 2746 5326 quzerepetita
2779 5257 2986 5326 forent,
3017 5255 3205 5326 magis
3230 5253 3534 5326 magisque

1876 5323 2264 5396 comprobant
2285 5321 2595 5396 legendum
2627 5325 2898 5396 superius
2922 5321 3278 5396 incorporari
3305 5321 3538 5396 lecojin-

1876 5390 2180 5466 corporali,
2203 5410 2274 5446 ne
2297 5390 2518 5466 scilicet
2539 5392 2814 5445 inanibus
2839 5390 3538 5466 repetitionibus,quibus

1879 5461 2119 5519 omnino
2152 5468 2312 5516 caret
2341 5461 2628 5528 interpres
2662 5468 2880 5532 noster,
2907 5461 3080 5521 locus
3113 5469 3301 5520 detur.

1875 5575 1878 5578 .
2171 5534 2231 5608 l_n
2267 5534 2463 5608 autog.
2502 5547 2686 5602 marg.
2840 5534 2955 5608 leg.
2993 5555 3118 5608 cap.
3157 5538 3253 5608 Il_l.

1954 5599 2142 5677 (1160)
2174 5604 2236 5660 ln
2267 5605 2463 5672 autog.
2499 5599 2684 5674 marg.
2719 5599 2810 5657 hic
2840 5599 2953 5680 leg.
2985 5599 3113 5680 cap.
3145 5606 3240 5664 1V.
3309 5603 3318 5610 ’
