3978 6210
407 261 517 315 582
1430 257 1762 313 A'l‘TUNlS
1819 253 2054 308 Vl'IllCli

2177 251 2265 307 EN
2281 251 2394 308 515
2447 249 2790 309 Ειιιδαυρι

3688 250 3795 313 588

410 393 561 455 sent,
594 393 823 444 tantum
883 389 941 442 in
1000 389 1112 442 lide
1164 393 1220 442 et
1278 386 1523 441 scientia
1582 385 1952 457 profecerunt
2001 385 2062 436 ut
2092 382 2147 448 Α
2179 381 2268 452 pis
2299 381 2504 436 civitas
2534 384 2622 435 est
2650 379 3012 436 Macedonia.
3046 379 3117 435 Ili
3147 384 3378 452 accepto
3405 381 3577 437 verbo
3607 383 3803 442 verita-

412 479 588 532 etiam
627 477 997 547 Evangelium
1033 476 1412 546 prasdicarent
1465 479 1639 545 atque
1680 473 2055 528 defenderent

414 583 447 621 a
481 564 983 637 pseudoapostolis
1006 567 1436 635 impugnatum.
1466 565 1707 634 Propter
1734 562 1840 616 hoc
1869 561 1938 615 ab
1962 559 2054 614 his

412 655 585 710 etiam
619 653 828 723 accipit
850 657 1142 724 sumptus,
1165 659 1226 707 ut
1247 652 1378 706 aliis
1403 651 1712 722 praedicare
1740 651 2050 706 sufﬁceret.

410 743 527 797 Hos
561 759 693 797 vero
727 741 1088 808 collaudans,
1124 745 1320 796 monet
1375 758 1494 807 eos,
1555 757 1625 794 ne
1685 738 2055 811 passionibus

409 829 565 885 illius
592 835 936 895 terreantur,
961 830 1176 901 quibus
1195 848 1310 886 non
1335 829 1658 885 destruitur
1679 825 2054 893 Evangelium

405 919 636 987 Christi,
661 920 760 974 sed
793 920 1192 986 confirmatur,
1215 919 1355 989 quia
1386 934 1488 989 pro
1513 935 1572 972 re
1599 916 1746 972 falsa
1767 914 1854 970 vel
1877 914 2056 968 dubia

406 1013 568 1062 tanta
598 1008 849 1078 perferre
881 1024 995 1062 non
1032 1013 1247 1078 posset.
1276 1009 1386 1062 Sed
1420 1006 1688 1078 quamvis
1717 1004 2052 1068 laudentur,

403 1102 569 1150 erant
598 1096 747 1150 inter
775 1112 874 1150 eos
920 1095 1269 1166 imperfecti.
1333 1097 1399 1150 Et
1458 1112 1571 1150 non
1633 1094 1883 1160 mirum;
1919 1091 2057 1163 quia

402 1188 604 1240 sancta
637 1183 889 1239 Ecclesia
947 1184 1225 1256 permista
1289 1189 1394 1249 est,
1439 1184 1579 1255 quia
1612 1200 1746 1238 area
1777 1186 1884 1251 est,
1917 1179 2058 1252 quia

409 1273 614 1328 tandiu
632 1277 803 1328 erunt
819 1290 1002 1345 grana
1021 1275 1193 1329 mista
1213 1290 1346 1328 cum
1371 1273 1576 1344 paleis,
1599 1286 1905 1342 quousque
1928 1286 2057 1324 ven-

407 1361 767 1433 tilabrojusti
783 1362 1146 1418 discriminis
1165 1360 1777 1433 permundetur.Quod
1796 1359 2059 1429 designa-

406 1452 581 1506 hatur
612 1466 712 1522 per
743 1450 1032 1522 hoc,quod
1066 1451 1318 1506 Jebusaci
1352 1450 1766 1506 habitaverunt
1797 1465 1929 1503 cum
1960 1450 2058 1500 Ju-

409 1539 548 1594 dasis
581 1539 639 1593 in
671 1539 998 1595 Jerusalem
1028 1540 1226 1610 (ludio.
1289 1558 1325 1607 ι,
1383 1539 1494 1610 21).
1555 1538 1701 1603 Quid
1763 1537 1918 1591 enim
1959 1551 2059 1607 per

321 1641 334 1658 ¹
408 1628 756 1699 Jerusalem,
791 1645 917 1700 quae
960 1631 1092 1683 visio
1135 1628 1348 1683 dicitur
1389 1629 1562 1699 pacis,
1613 1626 1722 1681 nisi
1763 1623 2057 1679 Ecclesia?

2165 470 2238 524 tis
2300 470 2680 540 perstiterunt
2738 470 2795 523 in
2862 470 2994 537 ﬁde,
3057 486 3162 524 nec
3238 475 3578 538 receperunt
3636 471 3800 532 falsos

2165 558 2482 629 apostolos.
2512 563 2630 614 llos
2661 557 2975 623 collaudat,
3000 558 3262 614 scribens
3287 559 3369 614 eis
3391 563 3573 614 Roma
3594 561 3663 616 de
3686 579 3800 619 car-

2165 664 2291 701 cere
2313 664 2413 718 per
2436 647 2919 718 Epaphroditum.
2944 647 3089 702 Cum
3110 663 3244 702 vero
3268 647 3429 715 dicit,
3463 651 3724 722 episcopis
3751 657 3800 708 et

2163 736 2500 804 diaeonibus,
2532 754 2644 793 non
2676 736 3002 808 pontiﬁces,
3037 736 3138 791 sed
3173 737 3801 810 presbyteros,nomine

2166 825 2590 896 episcoporum,
2620 825 2746 883 vult
2778 824 3044 897 intelligi.
3071 826 3196 881 Non
3229 826 3385 881 enim
3419 832 3541 883 erat
3572 828 3714 884 ratio
3743 833 3801 885 ut

2163 912 2224 968 in
2249 931 2367 968 una
2396 914 2627 969 civitate
2682 913 2878 986 plures
2935 919 3133 970 essent
3179 914 3458 988 episcOpi.
3519 915 3623 972 Illo
3653 917 3798 974 enim

2167 1005 2423 1073 tempore
2455 1001 2771 1074 presbyteri
2801 1001 3058 1074 episcopi
3078 1003 3456 1059 vocabantur.

2235 1091 2381 1153 Quid
2414 1107 2545 1145 vero
2576 1091 2795 1146 sanctis
2852 1095 3034 1162 eptat,
3095 1091 3372 1160 ostendit,
3405 1108 3542 1147 cum
3574 1092 3800 1148 subdit:

2168 1179 2355 1234 Gratia
2382 1179 2552 1246 vobis,
2586 1183 2636 1234 et
2662 1196 2777 1250 pax
2807 1195 2843 1233 a
2872 1181 2996 1234 Deo.
3029 1180 3096 1234 Et
3127 1179 3390 1252 pulchre,
3424 1180 3563 1252 quia
3586 1185 3801 1238 sancto-

2165 1287 2297 1323 rum
2326 1269 2610 1324 memoria
2649 1285 2783 1324 cum
2832 1268 3156 1340 gratiarum
3210 1271 3438 1326 actione
3469 1270 3796 1327 celebratur.

2167 1357 2366 1414 Gratia
2415 1357 2570 1412 enim
2631 1363 2741 1427 est,
2802 1375 2916 1430 qua
2976 1358 3313 1415 relaxantur
3370 1364 3642 1431 peccata:
3701 1377 3800 1432 pax

2167 1464 2321 1515 vero,
2383 1463 2497 1517 qua
2547 1446 3001 1502 reconciliantur
3059 1447 3197 1504 Deo.
3256 1448 3380 1504 Huc
3443 1465 3630 1520 usque
3658 1448 3799 1506 salu-

2171 1536 2330 1591 tatio.

2237 1625 2546 1696 Sequitur:
2584 1625 2800 1681 Gratias
2835 1641 2936 1694 ago
2966 1625 3071 1680 Deo
3099 1641 3240 1694 meo,
3274 1629 3382 1681 etc.
3416 1625 3564 1683 Nota
3597 1627 3741 1698 quod
3768 1643 3798 1682 a

414 1717 479 1770 Et
507 1717 644 1788 quid
679 1734 780 1789 per
805 1718 1125 1783 Jebusceos,
1147 1718 1245 1788 qui
1267 1718 1648 1772 conculcantes
1671 1715 2058 1786 interpretan-
2093 1751 2138 1816 Β
2168 1715 2489 1785 gratiarum
2521 1714 2744 1771 actione
2774 1714 3031 1770 inchoat.
3067 1715 3216 1770 Nota
3262 1714 3438 1770 etiam
3481 1716 3633 1787 quod
3667 1715 3797 1773 dile-

409 1810 527 1872 tur,
560 1805 671 1861 nisi
702 1807 838 1861 mali
871 1807 1288 1877 designantur?
1307 1805 1623 1861 Moraliter.
1644 1803 1791 1869 Quid
1822 1808 1912 1858 est
1934 1803 2058 1858 ani-

411 1910 509 1949 ma
539 1899 761 1964 sancta,
795 1894 906 1949 nisi
962 1894 1331 1950 Jerusalem?
1361 1897 1517 1962 Quae,
1547 1892 1818 1965 quamvis
1848 1891 2061 1947 habeat

410 1983 642 2054 pietatis
701 1999 765 2037 ac
819 1983 1143 2038 sanctitatis
1209 1999 1404 2054 opera,
1467 1982 1734 2053 nunquid
1794 1981 2060 2036 funditus

411 2075 567 2126 caret
597 2071 788 2126 malo?
817 2072 962 2137 Quia
993 2087 1129 2142 ergo
1161 2072 1220 2126 in
1253 2071 1450 2127 anima
1481 2076 1685 2127 sancta
1716 2076 1853 2126 sunt
1882 2071 2060 2124 Jebu-

413 2160 534 2230 saei,
567 2160 623 2214 id
657 2164 747 2215 est
775 2160 1107 2216 affectiones
1169 2161 1493 2226 contraria,
1540 2161 1611 2214 ad
1666 2159 1775 2214 hoc
1838 2159 2060 2213 laboret

414 2265 650 2304 necesse
676 2252 856 2315 est,ut
873 2248 1012 2319 quia
1027 2249 1411 2320 concupiscit,
1430 2247 1911 2320 concupiscentiae
1943 2263 2060 2303 non

415 2337 762 2403 consentiat,
795 2343 1085 2407 quatenus
1143 2339 1256 2393 etsi
1316 2355 1350 2392 a
1405 2344 1567 2410 tergo
1613 2341 1966 2403 murmurat,
2001 2337 2060 2389 in

414 2427 561 2482 facie
593 2443 707 2480 non
739 2426 991 2482 resistat.
1024 2425 1238 2481 Taliter
1285 2443 1520 2482 necesse
1560 2431 1668 2494 est,
1703 2426 1852 2493 dico,
1886 2423 2056 2495 vivat,

415 2515 514 2586 qui
546 2531 680 2569 cum
707 2513 1178 2585 Philippensibus
1203 2514 1432 2570 laudari
1456 2519 1512 2569 et
1533 2531 1774 2570 sensum
1802 2512 2060 2585 Apostoli

413 2607 719 2675 penetrare
748 2602 1057 2658 desiderat.
1092 2603 1174 2659 De
1203 2620 1269 2659 eo
1299 2604 1455 2674 quod
1483 2602 1911 2674 Philippenses,
1941 2605 2061 2659 Ma-

414 2693 664 2746 cedones
690 2691 867 2745 iidem
899 2690 1238 2747 Graecisunt
1259 2710 1271 2747 :
1293 2709 1419 2762 quae
1452 2691 1859 2763 provincia,ab
1891 2691 2058 2745 Ema-

417 2784 474 2835 te
504 2779 792 2849 Emathia,
826 2779 1034 2835 deinde
1093 2799 1126 2834 a
1186 2781 1501 2836 Macedone
1559 2797 1691 2852 rege
1731 2779 2062 2836 Macedonia

421 2869 578 2923 dicta
606 2873 713 2923 est.
733 2868 850 2939 Ipsi
882 2873 1019 2923 sunt
1043 2868 1218 2924 Jones
1244 2885 1278 2924 a
1304 2870 1490 2925 Jaban
1524 2869 1642 2924 filio
1669 2868 1880 2940 Japhet
1910 2886 2060 2924 nun-

423 2956 637 3028 cupati.
672 2956 752 3012 De
783 2972 848 3011 eo
879 2957 1033 3027 quod
1089 2957 1299 3029 positio
1352 2957 1527 3028 hujus
1581 2957 1886 3028 provincia:
1926 2956 2060 3012 talis

425 3049 533 3102 est.
593 3045 778 3100 Habet
836 3045 906 3101 ab
965 3045 1186 3101 oriente
1243 3063 1405 3102 mare
1460 3048 1765 3118 Egaaum;
1825 3046 1897 3101 ad
1965 3063 2060 3102 oc-

2171 1803 2423 1858 ctionem
2455 1820 2622 1859 suam
2654 1819 2792 1876 erga
2811 1820 2909 1859 eos
2931 1803 3206 1871 ostendit,
3230 1820 3334 1875 pro
3357 1803 3574 1876 quibus
3594 1804 3795 1860 indesi-

2170 1897 2377 1948 nenter
2434 1897 2576 1948 orat.
2635 1893 2888 1948 Attende
2942 1893 3097 1964 quod
3151 1892 3412 1962 instruit,
3471 1897 3536 1950 ut
3563 1909 3673 1949 non
3702 1909 3796 1965 pro

2172 1986 2392 2052 nostro,
2426 1986 2527 2036 aut
2564 1985 2899 2037 nostrorum
2958 1981 3168 2046 solum,
3227 1983 3329 2038 sed
3385 1999 3489 2054 pro
3546 1982 3797 2038 omnium

2170 2071 2433 2142 profectu
2465 2069 2792 2126 laudemus.
2826 2071 2894 2126 Et
2925 2070 3064 2142 quia
3089 2071 3240 2141 justi
3270 2075 3456 2139 erant,
3491 2070 3612 2126 ideo
3641 2069 3794 2136 dicit,

2169 2176 2293 2214 cum
2318 2160 2520 2230 gaudio
2545 2161 2986 2231 deprecationem
3029 2161 3237 2230 faciens
3262 2178 3274 2215 :
3329 2161 3605 2232 quoniam
3634 2157 3793 2213 aliter

2171 2252 2298 2302 orat
2327 2265 2430 2320 pro
2461 2248 2700 2314 Galatia,
2735 2247 2900 2303 aliter
2931 2264 3034 2319 pro
3068 2247 3562 2320 Philippensibus.
3593 2247 3657 2302 In
3689 2244 3799 2300 illis

2171 2343 2295 2392 erat
2325 2354 2556 2404 mceror,
2606 2337 2743 2408 quia
2791 2342 3188 2406 recesserant;
3240 2338 3300 2392 in
3347 2337 3480 2393 istis
3511 2335 3794 2409 gaudium,

2172 2424 2311 2496 quia
2341 2427 2594 2481 stabant.
2619 2426 2688 2480 Et
2709 2442 2816 2480 nos
2835 2442 2970 2481 cum
2993 2425 3207 2497 gaudio
3231 2443 3471 2482 oramus
3496 2443 3595 2498 pro
3616 2424 3796 2492 bonis,

2171 2531 2304 2569 cum
2336 2530 2580 2570 mcerore
2608 2530 2742 2569 vero
2787 2531 2891 2585 pro
2940 2512 3133 2569 malis.
3165 2514 3312 2570 Nota
3341 2515 3503 2586 quod
3533 2513 3792 2587 gaudium

2170 2603 2278 2658 hoc
2307 2604 2463 2658 dicat
2492 2602 2770 2674 spiritale,
2807 2619 2920 2658 non
2973 2602 3290 2674 corporale.
3324 2602 3493 2659 Unde
3518 2620 3645 2660 vero
3673 2618 3794 2674 gra-

2170 2692 2285 2747 tias
2316 2697 2468 2764 agat,
2499 2692 2733 2762 exponit
2761 2708 2894 2747 cum
2925 2691 3098 2747 dicit:
3130 2709 3295 2764 super
3320 2693 3791 2748 communicatione

2169 2788 2383 2836 vestra:
2418 2781 2475 2834 id
2506 2785 2595 2836 est
2625 2781 2764 2852 quia
2793 2780 3238 2836 communicatis
3272 2796 3530 2850 mecum,
3562 2782 3795 2852 Evange-

2170 2868 2316 2924 lium
2348 2869 2733 2941 praedicando.
2777 2869 2938 2934 Quod
2996 2886 3129 2924 vero
3186 2869 3347 2937 dicit,
3400 2887 3438 2925 a
3494 2872 3669 2943 primo
3695 2869 3792 2933 die,

2169 2957 2610 3029 intelligendum
2667 2962 2774 3025 est,
2829 2975 2863 3014 a
2912 2962 3193 3030 tempore,
3250 2974 3320 3013 ex
3385 2975 3507 3030 quo
3564 2956 3793 3014 credidi-

2174 3047 2316 3116 stis;
2352 3063 2417 3102 ac
2448 3047 2496 3102 si
2525 3047 2777 3103 diceret:
2824 3047 2887 3102 In
2935 3047 3108 3116 bono,
3159 3047 3314 3119 quod
3353 3046 3633 3120 coepistis,
3674 3060 3794 3118 per-

422 3151 561 3190 casu
604 3132 994 3202 Dalmatiam;
1029 3151 1062 3190 a
1093 3134 1334 3190 meridie
1379 3117 1618 3203 Asiam;
1669 3136 1741 3190 ab
1792 3135 2062 3207 aquilone
2090 3117 2135 3183 C
2175 3135 2470 3192 severatis.

417 3222 684 3294 Mysiam.

941 3311 1200 3367 INCIPIT
1241 3311 1540 3368 TEXTUS.

484 3401 636 3471 (CAP.
672 3401 740 3473 I.)
771 3401 980 3456 Paulus
1007 3409 1058 3456 et
1085 3402 1407 3456 Timotheus.
1434 3401 1541 3457 Per
1561 3401 1670 3457 hoc
1693 3403 1845 3472 quod
1874 3404 2056 3474 Apos-

409 3490 503 3545 lus
523 3490 773 3545 aliorum
797 3505 998 3545 secum
1026 3489 1495 3562 nominajungit,
1520 3493 1882 3546 monstratur
1902 3491 2058 3561 quod

407 3595 511 3650 per
543 3578 864 3633 multorum
896 3595 998 3632 ora
1030 3577 1284 3649 Spiritus
1306 3584 1548 3634 sanctus
1571 3595 1754 3633 unum
1785 3578 2058 3650 exprimit

410 3684 672 3735 sensum,
699 3683 876 3720 unam
904 3667 1117 3722 format
1138 3667 1484 3721 doctrinam.
1515 3668 1627 3723 Nec
1659 3668 1894 3734 mirum,
1919 3667 2057 3739 quia

409 3755 784 3809 multitudinis
812 3755 1148 3809 credentium
1178 3763 1295 3809 erat
1343 3772 1433 3810 cor
1462 3773 1635 3810 unum
1665 3757 1800 3824 (Act.
1834 3772 1910 3822 1v,
1940 3756 2052 3826 32).

413 3842 489 3898 Ut
544 3841 680 3898 hinc
735 3843 964 3898 discant
1015 3843 1420 3914 prmdicatores
1488 3862 1603 3900 uno
1665 3862 1762 3900 ore
1816 3844 2055 3900 laudare

412 3931 622 3988 Deum.
655 3937 729 3987 De
759 3949 824 3988 eo
855 3933 1009 4003 quod
1065 3949 1276 3988 nomen
1329 3950 1504 3988 suum
1556 3950 1716 3988 more
1758 3949 1963 4005 regum
1993 3933 2053 3987 in

413 4021 700 4093 principio
731 4023 896 4092 ponit
915 4021 1315 4093 epistolarum,
1342 4027 1406 4078 ut
1429 4023 1774 4093 dignitatem
1798 4021 1886 4076 sui
1920 4037 2055 4092 apo-

411 4109 661 4166 stolatus
691 4111 976 4165 ostendat.
1009 4110 1087 4166 De
1117 4127 1183 4166 eo
1216 4111 1369 4182 quod
1405 4110 1735 4182 apostolum
1786 4126 1848 4164 se
1877 4113 2050 4177 tacet,

412 4197 551 4271 quia
579 4198 696 4254 illis
727 4199 1017 4256 scribebat
1048 4199 1147 4270 qui
1181 4199 1250 4254 de
1281 4199 1379 4254 illo
1409 4205 1566 4254 recta
1596 4199 1946 4254 sentiebant.
1975 4203 2054 4253 De

409 4287 617 4343 morali
639 4288 1041 4344 instructions.
1066 4289 1145 4344 De
1167 4303 1232 4343 eo
1255 4289 1410 4360 quod
1434 4287 1824 4343 conditionem
1859 4291 2053 4341 osten-

407 4375 514 4446 dit,
546 4393 679 4431 cum
738 4377 959 4442 subdit,
991 4379 1172 4445 servi;
1234 4393 1351 4432 non
1408 4376 1704 4441 vitiorum,
1746 4375 1868 4442 sed,
1928 4376 2052 4429 Jesu

2240 3226 2423 3297 (1154)
2453 3224 2599 3288 Quia
2629 3239 2873 3281 securus
2901 3224 2973 3280 de
3017 3223 3117 3280 Dei
3167 3224 3548 3282 miseratione
3577 3221 3798 3282 conﬁdit

2167 3313 2300 3370 illos
2330 3316 2822 3386 perseveraturos,
2862 3313 2991 3369 ideo
3043 3313 3222 3369 dicit:
3277 3313 3570 3384 Conﬁdens
3603 3315 3695 3369 hoc
3721 3313 3798 3383 ip-

2165 3420 2309 3469 sum,
2343 3404 2475 3474 quia
2496 3404 2600 3475 ‘qui
2626 3404 2784 3474 coepit
2817 3404 2877 3458 in
2905 3402 3053 3458 vobis
3099 3418 3250 3474 opus,
3308 3406 3421 3458 etc.
3485 3403 3629 3459 Nota
3655 3399 3796 3474 quod

2167 3492 2262 3547 hic
2292 3491 2542 3547 destruit
2571 3490 2722 3558 illos,
2755 3491 2856 3562 qui
2901 3490 3107 3547 dicunt
3134 3507 3170 3546 a
3198 3491 3368 3547 nobis
3401 3490 3678 3548 inchoare
3704 3489 3794 3544 bo-

2166 3581 2478 3640 num.Ecce
2499 3579 2761 3652 dicit,qui
2778 3581 2956 3652 coepit:
2981 3584 3039 3636 et
3058 3580 3342 3637 Dominus
3367 3596 3380 3636 :
3405 3579 3543 3636 Sine
3564 3595 3645 3636 me
3660 3576 3795 3634 nihil

2158 3669 2385 3738 potestis
2443 3667 2618 3736 (Joan.
2672 3683 2764 3737 xv,
2795 3667 2852 3737 5)
2887 3684 2900 3722 :
2934 3670 2991 3722 et
3021 3665 3365 3723 Psalmista:
3425 3665 3792 3724 Misericordia

2163 3757 2278 3826 ejus
2297 3756 2597 3823 praeveniet
2614 3770 2701 3810 me
2721 3755 2890 3826 (Psal.
2923 3755 3137 3826 Lvm,1)
3161 3759 3286 3825 ;et:
3318 3756 3692 3813 Misericordia
3709 3761 3793 3810 tua

2161 3847 2530 3916 subsequatur
2546 3860 2632 3899 me
2651 3845 2824 3915 (Psal,
2845 3861 2983 3913 xxii,
3007 3844 3085 3915 6).
3110 3843 3238 3916 Ipse
3259 3844 3418 3900 enim
3439 3845 3718 3917 praevenit
3735 3846 3794 3898 ut

2161 3934 2430 4001 velimus,
2473 3937 2530 3987 et
2565 3933 2693 4004 ipse
2733 3933 3116 4004 subsequitur
3154 3950 3226 3988 ne
3266 3933 3527 3990 inaniter
3561 3934 3792 3991 velimus

2163 4022 2510 4093 (1155),nota
2525 4022 2680 4092 quod
2697 4021 2840 4076 diem
2859 4021 3058 4078 Christi
3073 4021 3348 4087 vocat,ve1
3365 4023 3597 4080 obitum
3615 4023 3796 4094 cujus-

2164 4109 2390 4180 que,vel
2408 4109 2956 4180 diemjudicii.Nota
2982 4109 3158 4166 etiam
3190 4112 3345 4182 quod
3377 4111 3478 4169 his
3496 4112 3684 4172 verbis
3703 4126 3789 4167 eos

2163 4199 2234 4253 ad
2254 4197 2739 4268 perseverantiam
2755 4202 3046 4270 provocat.
3061 4199 3131 4255 Et
3156 4205 3296 4256 nota
3319 4205 3478 4272 quod
3487 4204 3697 4275 justum
3711 4200 3790 4256 di-

2163 4285 2243 4340 cit
2264 4285 2361 4341 hoc
2380 4303 2442 4340 se
2468 4288 2690 4354 sentire,
2723 4304 2790 4342 eo
2821 4287 2974 4359 quod
3006 4287 3220 4344 haheat
3247 4288 3380 4346 illos
3402 4293 3466 4346 in
3485 4292 3646 4349 corde
3663 4298 3712 4347 et
3739 4290 3792 4344 in

2162 4377 2431 4444 vinculis;
2468 4377 2636 4448 quasi
2660 4376 2848 4433 dicat:
2877 4377 3018 4434 adeo
3041 4394 3141 4434 vos
3172 4379 3371 4452 diligo,
3398 4386 3464 4437 ut
3488 4399 3591 4438 nec
3613 4382 3793 4437 vincu-

411 4465 630 4520 Christi.
666 4465 795 4520 Haec
825 4466 1078 4521 conditio
1129 4464 1379 4521 nobilior
1422 4469 1510 4519 est
1555 4463 1716 4518 omni
1747 4462 2049 4532 dignitate,
2084 4479 2131 4543 Ι)
2163 4464 2237 4535 la,
2266 4463 2351 4520 vel
2384 4463 2612 4537 ﬂagella
2643 4465 2870 4536 possint
2896 4467 3242 4524 memoriam
3281 4470 3460 4526 vestri
3517 4471 3736 4527 auferre
3763 4483 3792 4522 ο,

409 4553 547 4624 quia
575 4570 778 4609 servus
807 4554 1040 4620 Christi,
1072 4570 1274 4609 servus
1307 4557 1397 4607 est
1427 4552 1695 4622 justitiae,
1730 4551 2049 4622 sapientiai,

409 4642 716 4711 castitatis,
749 4648 806 4697 et
832 4643 923 4700 his
971 4642 1206 4698 similia.
1243 4642 1388 4695 Nam
1439 4641 1578 4710 quia
1625 4638 1839 4695 Paulus
1870 4648 1926 4695 et
1955 4642 2051 4696 Ti-

412 4730 682 4786 motheus
712 4731 994 4799 scribunt,
1025 4729 1344 4784 videndum
1401 4732 1490 4783 est
1543 4728 1757 4798 quibus
1788 4729 1886 4797 ait,
1917 4747 2045 4785 san-

409 4819 507 4872 ctis
534 4819 817 4874 omnibus:
880 4837 996 4874 non
1054 4815 1533 4887 Philippensibus
1591 4817 1901 4886 omnibus;
1946 4819 2048 4874 sed

408 4907 629 4973 sanctis,
677 4923 746 4961 ne
773 4909 994 4961 mittant
1045 4906 1400 4973 margaritas,
1456 4909 1561 4960 etc.
1598 4906 1803 4976 (Matth.
1838 4925 1938 4974 v11,
1968 4909 2044 4979 6);

407 5010 512 5049 nec
542 4994 902 5065 quibuslibet
935 4992 1173 5059 sanctis,
1207 4993 1306 5049 sed
1342 4996 1401 5048 in
1433 4993 1643 5051 Chrsito
1673 4998 1816 5052 Jesu.
1863 4999 2048 5052 Haere-

401 5082 500 5136 tici
533 5099 647 5137 non
676 5086 814 5136 sunt
843 5083 901 5136 in
932 5081 1158 5136 Christo
1185 5084 1393 5150 sancti,
1418 5085 1556 5156 quia
1587 5101 1702 5140 non
1729 5090 1881 5141 recte
1913 5102 2046 5141 sen-

399 5171 556 5225 tiunt
585 5170 656 5223 de
685 5169 934 5225 Christo.

468 5258 782 5326 Sequitur:
817 5258 922 5326 Qui
944 5262 1068 5315 sunt
1098 5262 1390 5335 Philippis.
1427 5265 1504 5320 De
1536 5279 1602 5320 eo
1634 5263 1791 5334 quod
1822 5262 2048 5336 Philip-

691 5485 753 5569 in.
782 5496 974 5569 antog.
1007 5494 1318 5569 marg:_h§c
1348 5493 1455 5569 1994-
1493 5509 1541 5547 ο·
1581 5492 1650 5569 “ﬁ

2162 4554 2333 4608 corde
2385 4569 2536 4608 meo.
2595 4555 2660 4608 In
2716 4555 3035 4624 defensione
3090 4573 3244 4625 vero,
3292 4567 3344 4614 et
3399 4559 3794 4630 conﬁrmatione

2158 4642 2447 4711 Evangelii
2475 4641 2616 4695 dicit
2645 4640 2779 4698 illos
2808 4643 2920 4698 sibi
2949 4645 3137 4713 socios,
3162 4647 3486 4703 secundum
3509 4648 3618 4704 hoc
3645 4644 3789 4718 quod

2160 4731 2430 4801 superius
2465 4729 2706 4797 dixerat,
2739 4747 2901 4802 super
2926 4736 3639 4793 communicationevestra.
3658 4734 3793 4790 Nota

2159 4819 2316 4890 quod
2344 4817 2404 4872 in
2437 4818 2668 4874 duobus
2708 4820 2936 4891 praefert
2981 4821 3388 4895 Philippenses
3429 4825 3713 4898 Ephesiis,
3738 4821 3789 4876 id

2158 4912 2266 4978 est,
2300 4907 2357 4961 in
2389 4906 2498 4962 hoc
2537 4909 2693 4978 quod
2734 4914 2926 4965 certus
2969 4917 3059 4967 est
3086 4912 3156 4967 de
3187 4915 3622 4985 perseverantia
3647 4913 3790 4986 ipso-

2160 5013 2314 5062 rum,
2387 5001 2445 5052 et
2509 4998 2663 5068 quod
2730 4999 2990 5068 quotidie
3066 4999 3298 5058 lectioni
3375 5005 3677 5059 vacabant.
3730 4999 3792 5056 Et

2158 5085 2398 5157 pulchre
2457 5086 2598 5141 dicit
2653 5088 2822 5142 socios
2878 5088 3089 5158 gaudii,
3149 5091 3320 5161 quasi
3378 5091 3636 5148 diceret:
3689 5087 3791 5144 sic-

2159 5179 2224 5230 ut
2253 5175 2396 5230 socii
2455 5175 2599 5233 estis
2649 5174 2869 5232 laboris
2925 5183 2982 5234 et
3039 5179 3337 5253 doctrinae,
3397 5180 3563 5238 eritis
3604 5173 3790 5252 gaudii
3842 5175 3856 5186 ‘

2159 5280 2322 5320 80011.

505 5553 658 5632 1155)
691 5557 828 5620 Vide
886 5553 1491 5635 clatet-asuEpistolas,
1553 5563 1932 5635 potissimum
1971 5567 2043 5624 ad
2083 5570 2275 5637 Rom.,
2310 5568 2406 5626 ubi
2437 5569 2506 5626 de
2539 5569 2724 5640 gratia
2753 5570 2949 5627 divina
2980 5571 3118 5645 agit.
