3978 6210
81 335 186 392 589

148 460 433 532 Sequitur
465 476 479 513 :
538 461 707 515 Testis
749 461 918 528 enim,
953 463 1062 514 etc.
1101 475 1113 514 :

79 552 142 617 ri,
167 550 356 621 (1156)
379 554 440 603 ut
466 548 608 603 illud
624 591 635 602 .
659 550 765 617 Qui
784 549 1078 604 manducet
1097 566 1318 604 carnem
1343 566 1538 617 meam,
1561 553 1736 616 (Joan.

79 657 148 710 vx,
182 641 280 710 57)
312 644 419 693 etc.
452 654 466 695 :
499 638 622 693 sive
652 638 735 692 ita
764 654 863 692 vos
895 636 1094 709 diligo,
1129 637 1298 709 quasi
1331 639 1551 694 viscera
1580 639 1737 692 Chri-

77 729 148 783 sti
179 727 390 798 (1157).
447 731 592 780 Cum
624 725 807 780 Deum
843 729 1054 779 testem
1089 725 1338 795 invocat,
1371 742 1485 781 non
1535 732 1739 781 contra

81 821 436 888 praeceptum
454 813 686 870 Domini
707 813 865 882 facit,
882 814 1017 884 quia
1047 815 1591 886 necessitatejurat;
1617 814 1739 869 vult

89 906 242 961 enim
267 910 332 960 ut
363 903 449 965 illi
469 903 645 958 ﬁdem
665 903 1191 969 accommodent,et
1221 902 1466 974 diligant
1496 903 1736 975 diligen-

85 1000 224 1061 tem,
275 999 333 1050 et
381 997 580 1048 ament
638 995 932 1046 amantem
983 1007 1065 1045 se.
1119 991 1416 1047 Desiderat
1462 1009 1560 1047 eos
1619 1009 1731 1047 non

79 1082 324 1151 carnali,
360 1083 458 1137 sed
502 1079 752 1152 spiritali
799 1095 996 1135 amore
1028 1080 1234 1150 (1156).

149 1189 470 1260 Sequitur:
503 1189 564 1241 Et
595 1186 692 1242 hoc
721 1201 833 1252 oro,
855 1190 965 1241 etc.
992 1202 1005 1239 :
1041 1186 1186 1241 Nota
1216 1187 1371 1257 quod
1403 1202 1517 1241 non
1539 1186 1732 1242 solum

80 1277 359 1349 pracipit
379 1293 504 1347 quae
535 1275 766 1345 faciant,
789 1275 888 1330 sed
923 1279 1050 1330 orat
1072 1281 1134 1329 ut
1165 1275 1414 1344 faciant;
1449 1275 1585 1346 quia
1616 1292 1729 1331 non

80 1365 314 1422 sufﬁcit
346 1381 516 1420 nosse
546 1364 696 1434 quod
727 1365 1020 1435 agendum
1051 1369 1160 1432 est,
1195 1363 1306 1420 nisi
1351 1363 1504 1420 adsit
1541 1365 1731 1435 gratia

68 1455 295 1524 juvans
329 1457 393 1508 ut
423 1451 620 1524 perﬁci
652 1451 856 1522 possit.

150 1561 433 1632 Sequitur
466 1575 479 1614 :
525 1559 585 1612 In
616 1559 869 1622 scientia,
903 1564 1011 1612 etc.
1046 1559 1191 1614 Nota
1222 1560 1373 1630 quod
1409 1559 1729 1614 scientibus

73 1649 389 1706 scientiam
411 1652 540 1702 orat
570 1645 717 1714 dari,
742 1646 884 1717 quia
911 1646 1039 1702 sine
1068 1646 1315 1702 scientia
1337 1662 1508 1701 nemo
1540 1650 1731 1718 potest

72 1737 492 1800 sinceritatem,
526 1735 582 1789 id
615 1740 704 1790 est
735 1735 1126 1806 integritatem
1159 1735 1392 1803 habere,
1419 1752 1524 1790 nec
1550 1736 1724 1805 potio-

606 329 1026 390 EXPOSITIO
1071 329 1147 389 ΙΝ
1197 330 1626 392 EPISTOLAS
1672 332 1930 394 PAULI.
1964 367 2040 378 —
2070 337 2145 395 ΙΝ
2197 337 2435 396 EPlS'l‘.
2491 338 2589 396 AD
2640 339 2968 398 PHILIPP.

3378 347 3493 403 5’90

1167 460 1222 514 id
1257 465 1366 529 est,
1400 460 1734 532 incorpora-
1767 471 1818 530 Α
1853 462 1982 518 bem
2018 465 2357 537 replentem,
2392 469 2671 537 majorem
2702 469 2750 523 ei
2792 469 3068 524 invidiam
3103 474 3490 529 cumularent.

1849 552 1990 607 Nota
2018 556 2168 623 quod
2197 557 2321 609 dum
2356 558 2575 626 species
2608 558 2767 611 bona:
2801 560 3030 613 duabus
3053 563 3357 616 contrariis
3389 581 3489 634 op-

1849 648 2171 711 ponuntur;
2194 647 2262 697 ad
2284 647 2530 715 primam
2551 647 2702 700 enim
2725 649 3030 718 respondet
3051 652 3323 715 secunda,
3347 655 3493 707 bona

1846 729 1999 783 enim
2028 730 2295 787 voluntas
2321 735 2608 789 contraria
2639 741 2724 789 est
2759 737 3085 792 invidentia:
3113 758 3124 805 ;
3159 740 3328 795 tertia
3357 759 3489 795 vero

1845 817 2087 874 adversa
2135 825 2222 874 est
2269 827 2507 892 quartae,
2542 823 2818 893 quoniam
2866 825 3117 880 Charitas
3157 844 3294 897 erga
3325 829 3487 883 Chri-

1845 912 2021 973 stum,
2041 908 2123 962 vel
2145 911 2388 966 Paulum
2410 929 2521 965 non
2552 919 2739 983 potest
2765 919 2999 984 propter
3019 918 3483 986 persecutionem

1844 993 2003 1049 Pauli
2033 998 2342 1067 praedicare
2365 1000 2680 1055 Christum.
2701 1001 2832 1056 Mali
2857 1019 2981 1073 qua?
3000 1021 3099 1058 sua
3126 1011 3251 1059 sunt
3277 1006 3479 1076 praedi-

1842 1085 2024 1138 cando
2046 1097 2322 1156 quierunt,
2342 1105 2454 1142 non
2476 1107 2591 1159 qua:
2610 1092 2738 1144 Jesu
2756 1091 2959 1146 Christi
2982 1094 3127 1162 (Phil
3134 1096 3242 1164 ipp.
3270 1112 3330 1162 ιι,
3353 1096 3442 1164 21)
3466 1113 3478 1149 :

1842 1173 1939 1226 sed
1965 1174 2093 1228 boni
2117 1175 2314 1230 fideles
2339 1194 2450 1231 non
2473 1178 2793 1248 quemlibet
2816 1179 3256 1247 hominum,sed
3285 1183 3476 1254 ipsum

1841 1260 2152 1317 Dominum
2185 1264 2519 1319 obedienter
2550 1267 2818 1333 audiunt,
2851 1269 2948 1338 qui
2983 1269 3062 1323 ait
3095 1287 3106 1322 :
3142 1287 3266 1339 qua?
3295 1271 3484 1327 dicunt

1837 1351 2023 1418 /acite,
2073 1358 2181 1406 etc.
2235 1351 2454 1421 (Matth.
2507 1371 2666 1422 xxm,
2713 1358 2788 1423 3).
2823 1357 2953 1411 Ideo
2986 1359 3234 1413 audiunt
3265 1360 3482 1415 utiliter

1839 1439 2013 1493 etiam
2039 1457 2165 1511 qua:
2198 1439 2418 1496 utiliter
2441 1459 2553 1496 non
2587 1449 2879 1513 aguntur;
2915 1462 3020 1499 sua
3043 1446 3195 1500 enim
3227 1463 3480 1517 qumrere

1839 1529 2117 1593 student;
2159 1529 2258 1582 sed
2293 1546 2400 1583 sua
2431 1529 2637 1585 docere
2669 1549 2780 1585 non
2816 1533 3050 1586 audent.

1910 1646 2190 1716 Sequitur
2223 1661 2234 1698 :
2290 1647 2433 1713 Quid
2463 1649 2657 1700 enim?
2685 1655 2791 1701 etc.
2828 1648 2895 1701 Et
2923 1653 3010 1703 est
3042 1667 3250 1704 sensus
3287 1668 3298 1704 :
3335 1649 3479 1714 Quid

1837 1733 2017 1798 enim,
2041 1738 2141 1788 aut
2161 1750 2339 1804 quare
2363 1751 2615 1804 movear,
2637 1741 2737 1789 aut
2761 1753 2939 1806 quare
2961 1736 3017 1790 in
3047 1737 3480 1793 tribulationem

74 1845 162 1891 ra,
184 1825 244 1879 id
276 1829 365 1879 est
385 1823 622 1878 utiliora
647 1822 912 1894 probare,
937 1828 995 1877 et
1017 1823 1206 1878 fructu
1232 1824 1517 1878 bonorum
1545 1823 1724 1878 abun-
1753 1830 1800 1894 Β
1835 1823 2200 1888 mittar,cum
2222 1823 2461 1876 omnino
2481 1825 2768 1892 gaudeam
2791 1825 2942 1895 quod
2963 1827 3118 1879 omni
3146 1829 3316 1881 modo
3338 1845 3482 1882 nun-

73 1916 234 1969 dare.
269 1913 339 1967 Et
366 1913 437 1968 ad
471 1912 614 1984 quid
649 1912 805 1966 hoc?
833 1911 1108 1984 Nunquid
1156 1916 1222 1966 ut
1266 1911 1376 1966 hoc
1405 1912 1725 1966 laudetur?

75 2003 220 2057 Non.
258 2003 368 2057 Sed
399 2002 472 2056 ad
504 2001 724 2055 laudem
753 2001 868 2066 Dei,
901 2002 1224 2055 secundum
1257 1999 1400 2055 illud
1437 2017 1448 2054 :
1503 2000 1728 2056 videant

76 2107 242 2164 opera
273 2098 455 2145 vestra
486 2091 645 2156 bona,
673 2095 784 2144 etc.
816 2089 1031 2156 (Matth.
1064 2105 1116 2155 v,
1152 2090 1260 2159 16).

143 2197 331 2268 (1159)
363 2195 690 2266 Sequitur:
743 2194 896 2249 Scire
943 2203 1126 2249 autem
1172 2210 1263 2250 vos
1310 2194 1456 2260 voto,
1500 2197 1724 2265 fratres,

74 2292 182 2342 etc.
218 2285 327 2340 His
367 2283 558 2339 verbis
607 2281 940 2338 consolatur
985 2299 1086 2338 eos
1133 2284 1202 2338 de
1248 2282 1726 2340 tribulationibus

73 2376 229 2430 suis.
261 2373 331 2428 Et
377 2377 466 2427 est
509 2387 716 2426 sensus
750 2388 762 2425 :
814 2371 937 2425 Non
982 2370 1174 2426 solum
1207 2388 1321 2426 non
1353 2372 1590 2439 obsunt,
1625 2373 1726 2427 sed

73 2465 262 2519 etiam
293 2466 562 2532 prosunt,
587 2460 724 2513 dum
747 2476 859 2514 non
893 2475 995 2530 pro
1019 2459 1284 2529 crimine,
1309 2461 1407 2516 sed
1442 2477 1544 2532 pro
1567 2459 1728 2514 Chri-

72 2557 162 2607 sto
201 2548 420 2621 patior.

147 2654 437 2726 Sequitur
469 2672 482 2708 :
514 2656 592 2709 Ita
622 2659 681 2709 ut
710 2655 953 2720 vincula,
984 2659 1092 2709 etc.
1130 2655 1339 2725 Magna
1367 2655 1496 2709 laus
1529 2656 1726 2710 vincu-

74 2745 271 2801 latum
301 2761 432 2800 esse
463 2761 565 2815 pro
593 2744 817 2799 Christo
849 2747 908 2798 in
936 2747 1088 2799 omni
1109 2747 1373 2815 praetorio
1401 2750 1452 2799 et
1483 2747 1542 2798 in
1570 2749 1727 2799 caete-

71 2838 154 2891 ris
181 2835 459 2902 omnibus,
491 2833 548 2887 id
598 2838 706 2902 est,
741 2837 876 2888 ante
905 2849 1070 2905 reges
1117 2839 1173 2886 et
1217 2833 1276 2886 in
1308 2834 1531 2888 CtBtBI'lS
1561 2833 1728 2899 locis,

72 2926 170 2980 ubi
196 2924 436 2995 judices
467 2922 744 2978 resident.
774 2921 1117 2977 Praetorium
1148 2921 1361 2976 dicitur
1391 2923 1559 2992 quasi
1591 2940 1732 2994 pra:-

73 3011 428 3085 ceptorium,
453 3027 519 3066 eo
549 3014 703 3082 quod
735 3010 812 3065 ibi
848 3015 1057 3082 praetor
1085 3011 1284 3066 sedeat
1313 3011 1384 3065 ad
1416 3011 1732 3066 discutien-

71 3104 250 3158 dum.
298 3101 578 3155 Praetores
621 3099 780 3169 dicti,
814 3099 981 3170 quasi
1024 3103 1426 3172 praeceptores,
1460 3116 1525 3154 eo
1570 3100 1724 3172 quod

1835 1912 2017 1966 tiatur
2059 1911 2374 1966 Christus?
2417 1913 2630 1965 Occasio
2662 1914 2815 1967 enim
2849 1919 2936 1968 est
2966 1915 3198 1983 quando
3233 1933 3344 1969 non
3381 1934 3481 1986 pro

1836 2017 1917 2066 se,
1951 2001 2050 2055 sed
2087 2005 2322 2070 propter
2351 1999 2508 2054 aliud
2540 2000 2809 2055 Christus
2840 2002 3191 2070 praedicatur
3224 2023 3234 2058 :
3282 2005 3480 2059 veritas

1834 2105 1967 2144 vero
1989 2092 2077 2143 est
2103 2089 2334 2158 quando
2363 2105 2464 2157 pro
2499 2105 2560 2141 se
2591 2088 2715 2158 ipso
2749 2089 3014 2159 diligitur
3044 2090 3330 2146 Christus.
3367 2093 3477 2147 Sed

1835 2177 1953 2233 sive
1983 2176 2102 2246 illo,
2137 2178 2258 2230 sive
2287 2177 2397 2231 isto
2430 2177 2729 2232 nuntietur
2759 2179 2950 2245 modo,
2977 2179 3103 2234 ideo
3135 2181 3387 2249 gaudere
3417 2199 3480 2236 se

1835 2265 1994 2334 dicit,
2019 2265 2157 2336 quia
2177 2264 2444 2320 Christus
2477 2267 2833 2332 nominatur,
2855 2266 3120 2322 Christus
3153 2269 3476 2323 nuntiatur.

1836 2355 1966 2409 Ideo
1991 2353 2206 2407 Paulus
2228 2354 2538 2424 gaudebat,
2564 2355 2702 2424 quia
2729 2371 2830 2424 per
2855 2354 3088 2409 fallaces
3111 2371 3310 2410 verum
3335 2375 3480 2428 prm~

1837 2443 2159 2509 dicabatur,
2193 2449 2248 2496 et
2280 2457 2378 2512 per
2413 2441 2697 2497 malorum
2732 2460 2832 2497 ora
2865 2443 3134 2498 Christus
3165 2447 3477 2499 annuntia-

1839 2531 2027 2584 batur.
2065 2529 2262 2583 Multis
2305 2530 2457 2584 enim
2494 2537 2738 2601 prosunt
2770 2531 3027 2586 doc-endo
3061 2550 3187 2603 qua-
3230 2551 3341 2587 non
3401 2536 3479 2587 la-

1837 2619 1998 2672 ciunt
2031 2636 2042 2672 :
2080 2619 2174 2670 sed
2214 2618 2380 2689 longe
2410 2618 2679 2688 pluribus
2710 2621 3070 2690 prodessent,
3107 2622 3151 2674 si
3185 2639 3252 2675 ex
3285 2622 3482 2676 animo

1836 2707 2142 2778 diligerent
2171 2724 2297 2777 quae
2329 2707 2632 2761 docebant.
2667 2709 2925 2762 Primum
2959 2710 3240 2780 gaudium
3287 2716 3375 2764 est
3426 2711 3482 2765 in

1839 2796 2139 2860 fratribus,
2165 2795 2263 2866 qui
2290 2796 2440 2848 bona
2467 2796 2791 2863 voluntate;
2817 2799 3141 2853 secundum
3169 2800 3223 2852 in
3250 2800 3362 2865 his,
3383 2801 3481 2870 qui

1838 2883 1994 2938 mala
2021 2883 2316 2938 voluntate
2347 2883 2640 2939 Christum
2683 2887 3019 2956 prmdicant.

1908 3011 2094 3071 Quare
2125 3008 2392 3078 gaudeat,
2426 3010 2681 3079 exponit,
2713 3026 2845 3064 cum
2878 3011 3078 3064 subdit
3111 3028 3124 3066 :
3176 3012 3296 3065 Scio
3334 3015 3483 3066 enim

1837 3099 1967 3168 quia
1997 3097 2094 3151 hoc
2121 3098 2265 3150 mihi
2293 3100 2595 3165 proveniet,
2627 3103 2735 3151 etc.
2770 3099 2837 3151 Et
2877 3104 2965 3152 est
3007 3115 3217 3153 sensus
3251 3115 3262 3151 :
3318 3101 3480 3160 Quod

69 3193 376 3263 przecepta
395 3189 554 3258 dant,
581 3188 638 3242 id
669 3192 777 3256 est,
803 3187 1077 3260 praefecti,
1105 3188 1272 3260 quasi
1301 3189 1724 3260 praepositores.
1759 3191 1800 3256 C
1839 3185 1922 3239 illi
1966 3201 2143 3240 causa
2187 3185 2458 3239 interitus
2492 3184 2602 3238 mei
2635 3185 3034 3256 pronuntiant,
3068 3187 3186 3240 scio
3218 3187 3372 3255 quod
3407 3188 3478 3241 ad

139 3297 343 3369 (1160)
373 3294 689 3366 Sequitur:
747 3296 811 3351 Ut
858 3295 1062 3366 plures,
1111 3299 1244 3362 etc.,
1296 3295 1466 3366 quasi
1515 3295 1671 3351 dicat
1711 3312 1724 3352 :

69 3384 247 3441 Multi
274 3384 483 3438 fratres
505 3381 768 3454 exemplo
795 3382 1159 3437 vinculorum
1193 3399 1480 3446 meorum,
1504 3384 1728 3453 abjecto

68 3475 314 3536 timore,
347 3470 528 3526 libere
559 3471 871 3541 praedicent
899 3471 1218 3526 Christum.
1252 3472 1318 3526 Et
1363 3473 1503 3542 quia
1551 3474 1728 3528 variis

69 3561 510 3619 intentionibus
563 3560 831 3615 homines
885 3561 1203 3632 praedicant
1251 3561 1570 3626 Christum,
1603 3562 1729 3616 ideo

68 3651 282 3707 subdit
319 3666 331 3704 :
383 3647 608 3720 quidam
636 3648 871 3719 quidem,
904 3652 1011 3701 etc.
1047 3647 1124 3700 De
1169 3663 1234 3701 eo
1285 3647 1437 3718 quod
1481 3654 1733 3718 quatuor

67 3755 527 3812 personas,quze
546 3737 839 3792 Christum
864 3736 1200 3808 praedicant,
1217 3735 1308 3790 hic
1330 3736 1731 3791 ostendit.8ed

64 3829 273 3900 prima
293 3831 352 3881 et
372 3825 585 3880 ultima
605 3842 672 3880 ex
700 3824 1061 3896 malignitate
1084 3824 1432 3895 praedicant;
1465 3826 1593 3879 duae
1620 3842 1734 3880 me-

63 3919 168 3972 die:
192 3933 279 3973 ex
308 3916 462 3970 bono
488 3915 706 3969 animo.
730 3915 837 3969 Sed
863 3913 1178 3968 videndum
1203 3913 1345 3985 quid
1370 3914 1521 3968 inter
1550 3931 1610 3969 se
1643 3915 1734 3969 di-

62 4013 257 4063 stent.
290 4003 489 4059 Prima
531 4009 622 4058 est
661 4003 731 4057 de
765 4000 1130 4074 malignitate
1162 4009 1398 4074 propter
1428 4001 1734 4073 invidiam,

62 4097 203 4167 quia
251 4093 468 4163 dolent,
495 4099 561 4146 ut
589 4091 749 4147 solus
781 4090 890 4146 sibi
915 4091 1170 4146 vindicet
1191 4090 1496 4146 scientiam
1529 4093 1735 4164 praedi-

62 4182 250 4240 candi
275 4199 290 4249 ;
322 4180 644 4253 praedicant
674 4185 739 4235 ut
769 4181 1035 4235 auferant
1053 4179 1324 4252 gloriam,
1350 4197 1528 4252 quam
1562 4181 1738 4236 habet

61 4273 222 4345 apud
254 4271 594 4337 credentes;
619 4269 884 4324 invident
905 4268 1083 4335 enim,
1103 4268 1244 4339 quia
1261 4269 1524 4323 sentiunt
1544 4287 1675 4323 eum
1705 4286 1738 4324 a

65 4362 184 4417 Deo
217 4359 479 4416 electum
517 4376 529 4413 :
565 4362 863 4430 postrema
893 4358 963 4412 de
995 4357 1148 4412 malo
1179 4360 1291 4426 est,
1327 4356 1465 4428 quia
1497 4373 1610 4412 non
1643 4374 1736 4411 ca~

62 4459 176 4520 ste,
202 4466 328 4505 non
363 4453 565 4503 sancte
595 4446 892 4502 Christum
929 4445 1334 4517 pronuntiant,
1359 4446 1459 4501 sed
1493 4453 1556 4500 ut
1585 4448 1737 4516 Apo-

1837 3273 2084 3328 salutem
2117 3273 2259 3327 mihi
2293 3273 2624 3343 proveniet;
2658 3273 2756 3327 sed
2792 3278 3065 3343 operante
3096 3274 3343 3336 Christo,
3379 3275 3480 3342 qui

1839 3363 1908 3416 ad
1936 3378 2123 3416 meam
2151 3361 2402 3415 salutem
2426 3361 2622 3414 omnia
2643 3361 2949 3430 gubernat.
2973 3367 3030 3414 et
3051 3361 3293 3414 adversa
3314 3361 3488 3414 vertit

1841 3452 1896 3504 in
1922 3465 2288 3522 prosperum.
2307 3448 2541 3503 Etiamsi
2569 3448 2667 3502 tali
2689 3465 2866 3502 causa
2888 3448 3162 3502 nuntiant
3181 3449 3479 3503 Christum

1841 3544 1903 3592 ut
1933 3554 2037 3608 ego
2069 3538 2257 3608 patiar
2299 3541 2356 3591 et
2399 3536 2644 3599 crucier,
2676 3541 2872 3590 tamen
2907 3552 3040 3607 spes
3072 3554 3202 3591 mea
3233 3537 3288 3590 in
3320 3536 3488 3591 Chri-

1840 3631 1950 3690 sto,
1971 3626 2110 3696 quia
2142 3627 2212 3680 de
2245 3625 2337 3680 his
2365 3626 2643 3680 omnibus
2665 3631 2935 3696 exspecto
2969 3627 3317 3688 mercedem,
3342 3632 3398 3680 et
3429 3632 3494 3681 ut

1842 3719 2253 3770 convertantur
2285 3714 2567 3768 sustineo.
2601 3715 2717 3769 Hoc
2748 3714 2872 3768 loco
2906 3732 3016 3768 non
3066 3723 3153 3769 est
3203 3714 3492 3782 accipien-

1842 3805 2006 3868 dum,
2033 3808 2097 3857 ut
2118 3803 2358 3874 quidam
2385 3808 2611 3874 putant,
2639 3803 3104 3874 prmdicationem
3133 3803 3346 3858 Christi
3379 3803 3498 3857 hie-

1845 3892 2040 3948 reticis
2095 3893 2166 3945 ab
2213 3894 2488 3962 Apostolo
2541 3907 2668 3946 esse
2713 3908 3073 3954 concessam,
3109 3897 3174 3944 ut
3206 3893 3498 3962 quomodo

1844 3979 2042 4034 volunt
2075 3979 2372 4035 Christum
2407 3979 2758 4050 praedicent;
2792 3982 2892 4034 sed
2927 3980 3067 4049 quia
3111 3996 3177 4033 eo
3217 3986 3497 4050 tempore,

1847 4085 1962 4139 quo
1995 4067 2310 4138 Apostolus
2351 4067 2615 4129 docebat,
2649 4074 2814 4121 erant
2866 4069 2965 4138 qui
3019 4068 3147 4121 ideo
3196 4068 3496 4124 Christum

1849 4157 2256 4228 praedicarent,
2289 4160 2353 4209 ut
2405 4155 2687 4223 majorem
2725 4155 3186 4224 persecutionem
3218 4155 3499 4210 adversus

1849 4242 2196 4315 Apostolum
2231 4242 2570 4307 excitarent,
2604 4240 2745 4294 dicit
2797 4258 2857 4295 se
2904 4242 3176 4312 gaudere,
3211 4243 3331 4296 sive
3361 4243 3502 4313 quia

1849 4332 2118 4387 Christus
2142 4346 2372 4402 quoque
2398 4329 2568 4384 modo
2591 4329 2916 4399 nuntiatur,
2947 4331 3064 4384 sive
3091 4330 3229 4400 quia
3253 4329 3497 4384 tribula-

1849 4421 2112 4476 tionibus
2147 4436 2368 4476 merces
2399 4423 2664 4490 augetur.

65 4540 220 4596 stolo
248 4542 523 4594 noceant.
544 4538 690 4592 Cum
716 4535 870 4590 enim
901 4540 1098 4607 aperte
1121 4533 1740 4606 negarentchristum,
1773 4553 1817 4616 D
1925 4538 2204 4608 Sequitur
2239 4553 2250 4590 :
2305 4537 2451 4606 Quia
2497 4538 2556 4590 in
2583 4536 2738 4590 nullo
2767 4535 3099 4607 confundar,
3133 4540 3266 4601 etc.,
3301 4535 3357 4588 id
3390 4540 3499 4603 est,

65 4627 382 4695 ﬁngebant
410 4622 711 4678 Christum
745 4621 1078 4694 praedicare,
1115 4627 1179 4676 ut
1207 4621 1648 4677 tribulationem
1680 4628 1738 4678 et

66 4720 373 4785 majorem
405 4710 660 4766 dolorem
693 4711 1008 4783 Apostolus
1040 4710 1361 4766 habuisset.
1392 4711 1520 4766 Sive
1551 4729 1617 4766 ea
1646 4711 1733 4766 in-

62 4804 346 4859 tentione
369 4799 778 4871 prazdicabant,
804 4806 866 4856 ut
887 4805 1196 4873 gravarent
1218 4807 1252 4853 Α
1264 4801 1582 4872 postolum,
1600 4818 1740 4872 qua-

62 4895 112 4948 si
145 4893 362 4964 plures
396 4888 714 4960 discipulos
746 4890 1169 4955 facieutem,'et
1208 4890 1473 4945 doctrina
1507 4907 1614 4945 sua
1645 4909 1737 4946 or-

138 5142 345 5212 (I156)
373 5139 436 5194 In
493 5143 686 5212 autog.
742 5140 956 5212 legitur
1001 5141 1357 5210 incorporati.
1403 5139 1608 5212 Visum
1653 5145 1742 5195 est

63 5212 292 5284 legere,
328 5211 680 5284 incorporari
701 5232 720 5276 ;
753 5211 998 5284 scilicet,
1023 5217 1087 5264 ut
1138 5212 1327 5284 aptior
1365 5211 1742 5284 expositioet

64 5282 263 5338 menti
289 5283 553 5353 Apostoli
577 5282 1074 5338 accommodatior
1096 5283 1454 5338 redderetur.
1470 5283 1564 5336 Ait
1583 5283 1740 5337 enim

62 5354 442 5426 Apostolus:
501 5355 675 5409 Testis
729 5353 870 5426 mihi
914 5357 993 5408 est
1043 5355 1180 5426 Deus
1227 5355 1743 5426 quomodocupiam

63 5423 264 5480 omnes
311 5441 404 5480 vos
452 5427 514 5479 in
560 5425 858 5496 visceribus
897 5423 1269 5496 JesuChristi
1296 5442 1313 5478 :
1365 5425 1518 5496 quod
1551 5428 1740 5478 totum

60 5498 249 5551 verbo
275 5497 648 5565 incorporari,
675 5494 898 5566 scilicet
925 5495 1176 5561 Christo,
1200 5494 1520 5566 exprimere
1543 5500 1745 5566 auctor

63 5572 282 5624 noster
330 5568 584 5624 fortasse
633 5565 840 5623 voluit.
871 5567 1112 5637 Hocque
1141 5565 1472 5623 collaudare
1517 5565 1746 5622 videtur

68 5641 240 5698 infra
285 5637 383 5697 cit.
417 5643 637 5698 textus.

1849 4627 1908 4680 in
1943 4625 2103 4680 nullo
2126 4642 2355 4698 genere,
2381 4643 2496 4697 quo
2526 4625 2794 4681 Christus
2817 4625 3160 4679 nuntiatur:
3198 4639 3503 4694 nunquam

1845 4714 2005 4770 enim
2038 4715 2404 4784 erubescam,
2439 4715 2536 4769 sed
2591 4715 2646 4768 in
2700 4720 2945 4786 utroque
2993 4713 3275 4784 gaudebo.
3312 4713 3417 4780 Qui
3454 4717 3505 4767 et

1846 4821 2018 4872 nunc,
2049 4809 2100 4858 et
2129 4821 2368 4876 semper,
2389 4804 2529 4857 dicit
2560 4804 2933 4876 magniﬁcare
2963 4804 3256 4859 Christum
3295 4803 3350 4857 in
3385 4819 3504 4857 cor-

1849 4911 1986 4966 pore
2010 4910 2138 4962 suo,
2171 4895 2312 4965 quia
2335 4909 2466 4948 cum
2499 4910 2710 4965 corpus
2733 4894 2920 4966 ipsius
2939 4893 3126 4966 poenis
3147 4892 3497 4960 afﬁceretur,

2323 5021 2350 5046 δ

1924 5143 2109 5211 (1157)
2143 5143 2247 5216 Hic
2295 5141 2406 5195 div.
2462 5142 2817 5216 Hieronymi,
2851 5160 2970 5216 (seu
3032 5145 3224 5216 potius
3283 5141 3500 5212 Pelagii

1853 5213 2290 5268 Commentaria
2323 5229 2438 5281 prae
2469 5215 2654 5268 oculis
2685 5213 2911 5268 habuit.

1926 5284 2110 5355 (1158)
2141 5283 2292 5355 Ilaec,
2323 5299 2459 5355 quae
2475 5286 2721 5352 repetita
2754 5288 2960 5348 forent,
2993 5285 3180 5355 magis
3204 5284 3507 5355 magisque

1852 5352 2238 5426 comprobant
2260 5352 2570 5426 legendum
2602 5357 2872 5426 superius
2897 5352 3252 5426 incorporari
3279 5353 3512 5426 locqin-

1852 5421 2154 5496 corporali,
2178 5440 2248 5476 ne
2271 5422 2492 5496 scilicet
2514 5421 2788 5476 inanibus
2813 5421 3511 5496 repetitionibus,quibus

1855 5492 2094 5550 omnino
2126 5498 2286 5545 caret
2314 5492 2603 5559 interpres
2637 5500 2853 5562 noster,
2881 5492 3054 5552 locus
3087 5499 3274 5550 detur.

1851 5607 1854 5610 .
2146 5563 2205 5639 l_n
2241 5567 2438 5639 autog.
2476 5576 2660 5632 marg.
2815 5565 2929 5639 leg.
2967 5586 3092 5639 cap.
3130 5569 3226 5639 Ill.

1930 5631 2116 5707 (1160)
2148 5633 2211 5688 ln
2241 5631 2436 5705 autog.
2473 5631 2658 5705 marg.
2693 5631 2784 5689 hic
2814 5631 2926 5711 leg.
2959 5631 3086 5712 cap.
3120 5637 3213 5695 1V.
3281 5634 3290 5642 ’
