3978 6210
464 419 539 472 5‘.)
555 421 571 472 ι

1490 412 1742 470 A'I‘TON
1757 411 1823 470 IS
1870 411 1917 467 V
1932 409 2446 468 EltCELLlL’NSlS
2497 408 2838 467 EPISCOPI

3748 411 3861 471 592

466 546 564 602 ille
595 545 906 617 prmdicare
937 543 1229 599 Christum
1265 559 1375 597 non
1411 542 1749 597 desistebat.
1782 542 1851 595 Et
1881 541 1987 594 hoc
2018 539 2190 606 est'A
2221 540 2447 594 manebo
2480 557 2497 591 :
2545 555 2676 594 vere
2723 543 2788 594 ut
2837 542 3020 610 pater,
3053 555 3186 594 vere
3233 542 3300 594 ut
3348 539 3609 597 famulus
3638 541 3765 612 Dei,
3797 544 3860 600 de

470 637 622 708 quod
656 635 892 690 subdit:
927 635 1037 689 sive
1060 650 1158 703 per
1190 633 1374 696 vitam,
1407 637 1519 686 sive
1547 649 1642 702 per
1670 636 1897 685 mortem
1915 647 1933 690 ,'
1969 646 2032 683 ac
2057 628 2105 682 si

469 724 671 782 dicat:
726 724 784 778 Si
837 722 1134 778 tolerando
1191 738 1389 792 pmnas
1438 721 1649 789 vixero,
1702 717 2108 791 prmdicabitur

468 813 750 878 Christus,
785 817 841 868 et
871 812 920 866 si
952 812 1134 883 poenis
1168 815 1436 864 mortuus
1470 811 1652 872 fuero,
1686 809 1872 879 magis
1907 804 2110 878 prazdi-

469 902 698 956 cabitur
718 901 983 957 Christus
1005 900 1218 970 (1161);
1243 915 1374 954 cum
1398 898 1650 953 viderint
1672 913 1763 951 me
1796 913 1897 950 nec
1921 894 2107 966 pmnis

468 990 769 1057 detritum,
794 991 1002 1059 (1162),
1029 1005 1130 1043 nec
1161 992 1346 1042 morte
1369 991 1732 1053 revocatum;
1759 985 1860 1040 sed
1888 984 1946 1038 in
1970 1001 2107 1055 prae.

467 1079 756 1132 dicatione
798 1093 1216 1149 perseverasse.

538 1166 816 1237 Sequitur
847 1183 860 1220 :
917 1167 1047 1221 Mihi
1093 1168 1239 1221 enim
1272 1167 1450 1220 vivere
1494 1164 1734 1218 Christus
1765 1171 1863 1231 est,
1899 1167 2007 1218 etc.
2040 1161 2112 1216 Et

466 1260 556 1310 est
581 1271 792 1310 sensus
817 1271 828 1308 :
859 1253 1031 1310 Nulla
1056 1253 1199 1309 mihi
1221 1253 1488 1308 voluntas
1513 1257 1596 1308 est
1617 1251 1708 1306 hic
1731 1250 1980 1317 vivendi,
1998 1249 2109 1305 nisi

469 1349 535 1399 ut
566 1361 779 1416 corpus
808 1343 1086 1398 aediﬁcem
1118 1342 1381 1414 exemplo
1416 1357 1562 1396 meo.
1599 1342 1843 1396 Mortem
1877 1357 1988 1394 non
2035 1338 2112 1392 ti-

468 1449 620 1499 meo,
640 1433 781 1504 quia
801 1434 1018 1489 lucrum
1044 1436 1134 1486 est
1163 1431 1306 1486 mihi
1336 1433 1495 1486 mori.
1527 1431 1716 1485 Vivere
1745 1435 1939 1484 autem
1971 1427 2114 1482 mihi

471 1522 715 1577 Christus
735 1527 839 1592 est,
863 1538 1001 1591 quia
1031 1521 1130 1591 qui
1164 1520 1221 1574 in
1256 1519 1354 1574 illo
1380 1524 1594 1592 sperat,
1618 1533 1849 1589 semper
1869 1517 2026 1584 vivit,
2056 1521 2113 1572 et

471 1626 645 1674 nunc,
671 1614 727 1663 et
757 1609 1150 1680 postmodum.
1176 1608 1330 1663 Nihil
1367 1624 1502 1679 ergo
1537 1607 1678 1662 illud
1711 1609 1817 1675 est,
1847 1607 2001 1676 quod
2026 1604 2109 1659 illi

470 1702 672 1771 agunt.
708 1698 835 1753 Sive
866 1699 1155 1766 occidant,
1189 1697 1305 1752 sive
1338 1696 1522 1768 pomis
1552 1696 1826 1760 lacerent,
1854 1694 1996 1748 mihi
2030 1694 2109 1748 nil

472 1787 678 1842 horum
714 1791 900 1851 nocet,
934 1786 1070 1858 quia
1101 1787 1240 1840 mihi
1268 1788 1466 1852 vivere,
1499 1789 1606 1840 ctc.
1643 1785 1802 1856 Quod
1829 1787 1880 1838 si
1909 1786 2110 1850 vivere,

470 1879 578 1931 etc.
605 1875 749 1938 Quia
775 1875 1045 1946 superius
1076 1876 1299 1931 dixerat
1323 1894 1334 1931 :
1369 1875 1500 1929 Mihi
1528 1876 1710 1928 vivere
1736 1873 1981 1929 Christus
2003 1882 2080 1928 est
2091 1892 2114 1938 ;
2143 1911 2191 1976 B

469 1968 525 2019 et
556 1962 842 2018 incertum
863 1967 986 2018 erat
1007 1965 1078 2019 de
1107 1981 1222 2035 qua
1253 1963 1369 2018 vita
1392 1963 1655 2033 dixisset,
1679 1980 1749 2018 an
1774 1963 1843 2017 de
1873 1963 2006 2030 ista,
2036 1980 2108 2017 an

468 2053 538 2108 de
570 2052 787 2121 futura,
821 2053 950 2108 ideo
982 2053 1213 2122 adjecit,
1247 2053 1316 2108 de
1349 2052 1482 2123 ista,
1515 2069 1641 2123 qua:
1688 2054 1746 2107 in
1789 2067 1956 2106 carne
1998 2055 2106 2106 est.

465 2145 629 2209 Cum,
663 2141 878 2212 inquit,
911 2145 970 2196 in
1009 2159 1172 2197 carne
1204 2159 1358 2206 sum,
1390 2145 1602 2212 fructus
1630 2141 1766 2195 mihz
1799 2142 1979 2210 operis
2008 2145 2108 2195 est.

466 2231 572 2296 Qui
608 2229 876 2286 fructus?
927 2229 997 2286 Ut
1028 2231 1335 2302 przedicem
1367 2230 1686 2298 Christum,
1720 2234 1784 2284 ut
1814 2229 2114 2284 salventur

465 2318 657 2389 multi,
691 2323 747 2374 et
779 2318 1145 2374 illuminetur
1174 2320 1452 2376 mundus.
1486 2319 1587 2373 Isti
1619 2322 1757 2375 sunt
1788 2319 2017 2373 fructus
2048 2318 2108 2372 in

465 2424 638 2462 carne
666 2407 932 2462 viventis.

533 2494 843 2564 Sequitur:
879 2497 950 2549 Et
979 2495 1110 2566 quid
1138 2496 1369 2564 eligam,
1402 2497 1612 2565 ignoro.
1646 2498 1711 2548 Et
1741 2497 1831 2550 est
1861 2510 2105 2550 sensus:

465 2582 524 2636 Si
555 2582 792 2649 morior,
817 2582 1047 2639 lucrum
1075 2583 1282 2650 habeo,
1303 2584 1440 2655 quia
1460 2585 1531 2638 ad
1562 2583 1725 2638 illum
1747 2584 1916 2649 vado,
1935 2599 2109 2655 quem

468 2671 648 2743 diligo
675 2697 688 2739 ;
721 2688 979 2739 rursum,
1013 2672 1063 2728 si
1095 2672 1189 2727 hic
1219 2673 1363 2740 vivo,
1395 2674 1647 2728 fructum
1681 2674 1870 2745 operis
1903 2674 2110 2742 habeo,

469 2759 916 2832 evangelizando
947 2760 1269 2827 Christum,
1315 2766 1371 2816 et
1423 2761 1494 2816 ad
1546 2761 1718 2816 {idem
1769 2763 2112 2817 adducendo

470 2848 710 2904 multos.
747 2849 903 2914 Ideo,
938 2849 1153 2921 inquit,
1186 2851 1380 2906 nescio
1425 2855 1624 2905 utrum
1657 2855 1903 2906 mortem
1938 2868 2142 2924 appe-~

470 2943 616 3006 tam,
647 2955 721 2992 an
754 2938 944 2993 adhuc
976 2938 1035 2992 in
1065 2938 1186 2994 vita
1217 2955 1510 2994 mancam.

538 3027 814 3098 Sequitur
846 3043 859 3082 ε
914 3025 1169 3082 Coarctor
1218 3031 1404 3082 autem
1449 3043 1476 3083 e
1525 3026 1756 3094 duobus,
1789 3031 1896 3082 etc.
1929 3028 2010 3083 De
2047 3043 2113 3083 eo

471 3116 624 3188 quod
657 3117 862 3172 beatus
884 3115 1250 3188 Augustinus
1270 3116 1410 3172 dicit
1431 3117 1716 3172 incertum
1740 3131 1868 3172 esse
1891 3120 2112 3182 utrum,

2216 629 2445 683 duabus
2478 627 2899 700 cupiditatibus
2943 632 3199 684 arctatus
3247 628 3423 702 elegit
3472 647 3712 688 manere
3762 650 3861 705 pro

2217 715 2369 772 aliis.
2391 717 2748 784 Permanebo,
2774 716 2999 788 inquit;
3033 717 3091 771 id
3121 723 3228 786 est,
3253 735 3442 790 usque
3469 719 3540 774 ad
3567 722 3866 792 perfectio-

2218 822 2352 860 nem
2386 807 2670 873 manebo;
2715 805 2771 860 id
2821 811 2928 873 est,
2961 823 3141 862 causa
3186 807 3361 863 vestri
3410 810 3730 881 profectus,
3764 828 3868 883 per

2218 895 2589 966 prresentiam
2625 912 2813 950 meam
2845 895 3034 951 denuo
3066 897 3221 968 apud
3253 915 3395 966 vos;
3428 898 3486 953 id
3518 904 3628 971 est,
3663 905 3730 955 ut
3761 917 3864 974 ego

2217 1000 2472 1054 praesens
2531 983 2800 1047 sentiam,
2861 986 3361 1054 quemadmodum
3429 987 3614 1060 gloria
3674 995 3868 1048 vestra

2217 1073 2484 1140 exsultet,
2508 1081 2558 1128 et
2588 1073 2827 1129 abundet
2849 1074 2906 1128 in
2943 1074 3184 1142 Christo;
3213 1077 3369 1146 quod
3401 1075 3702 1135 Christum
3734 1079 3864 1135 dili-

2220 1161 2359 1233 gitis
2385 1179 2398 1228 ;
2431 1161 2582 1232 quod
2610 1161 2835 1218 Christo
2869 1163 3097 1218 servitis
3122 1182 3135 1231 ;
3168 1165 3323 1235 quod
3346 1165 3563 1222 Christi
3589 1185 3692 1224 vos
3714 1170 3865 1226 servi

2223 1251 2512 1321 gaudeﬁs.

2294 1340 2570 1410 Sequitur
2597 1358 2609 1396 :
2645 1341 2872 1396 Tantum
2901 1339 3063 1410 digne
3093 1342 3388 1412 Evangelio
3412 1343 3615 1400 Christi
3643 1362 3864 1404 conver-

2222 1429 2448 1483 samini.
2472 1428 2717 1500 Dignam
2738 1427 2862 1484 vult
2880 1446 2978 1485 eos
3008 1429 3221 1486 habere
3241 1435 3770 1506 conversationem,
3799 1454 3867 1493 ne

2223 1517 2497 1589 poeniteat
2526 1534 2659 1574 eum
2699 1518 2953 1576 voluisse
2997 1535 3296 1577 remanere
3343 1522 3402 1578 in
3453 1539 3650 1580 carne.
3683 1525 3867 1598 Digne

2221 1611 2594 1662 conversatur
2617 1606 2945 1680 Evangelio,
2961 1609 3060 1680 qui
3079 1611 3406 1667 secundum
3427 1613 3558 1684 ejus
3579 1619 3868 1688 praecepta

2221 1694 2378 1764 vivit,
2407 1695 2506 1766 qui
2530 1711 2692 1767 spem
2725 1713 2891 1752 suam
2920 1697 2978 1752 in
3002 1697 3103 1754 illo
3133 1697 3395 1756 collocat.
3419 1699 3605 1764 Quam
3629 1719 3866 1760 conver-

2222 1783 2507 1839 sationem
2529 1785 2764 1856 exponit
2787 1785 3033 1842 dicendo
3059 1803 3072 1841 :
3107 1789 3170 1844 Ut
3198 1789 3315 1844 sive
3341 1805 3467 1844 cum
3495 1806 3717 1848 venero.
3743 1792 3866 1849 Uno

2220 1872 2376 1927 enim
2407 1872 2617 1945 spiritu
2647 1878 2820 1941 stare,
2845 1875 3201 1932 unanimiter
3228 1875 3516 1946 laborare,
3539 1879 3714 1953 digne
3737 1898 3846 1938 con

2219 1961 2439 2016 versari
2467 1967 2555 2018 est
2578 1962 2910 2035 Evangelio.
2933 1963 3003 2018 Et
3021 1968 3111 2020 est
3133 1965 3294 2022 ordo.
3319 1966 3765 2025 Conversamini
3788 1970 3872 2024 di-

2221 2065 2354 2121 gne,
2387 2054 2452 2104 ut
2482 2051 2653 2121 digne
2682 2052 2753 2107 de
2782 2053 2945 2108 vobis
2975 2053 3234 2126 audiam,
3265 2057 3397 2127 quia
3435 2057 3592 2113 statis
3641 2061 3704 2113 in
3757 2075 3870 2115 uno

2221 2140 2458 2210 spiritu;
2490 2140 2715 2194 audiam
2746 2150 2931 2196 autem
2959 2143 3175 2211 absens,
3205 2143 3292 2199 vel
3323 2145 3549 2201 videam
3579 2162 3870 2217 presens.

2295 2229 2364 2282 Et
2410 2228 2578 2300 quasi
2625 2229 3041 2302 interrogasset
3087 2249 3222 2288 eum
3262 2232 3498 2306 aliquis,
3530 2251 3718 2307 quare
3746 2241 3870 2293 tam

2223 2332 2573 2388 magnopere
2590 2319 2966 2375 commendas
2985 2320 3268 2376 unitatem
3286 2321 3530 2394 spiritus
3550 2328 3608 2379 et
3624 2323 3870 2393 laboris,

2221 2405 2345 2476 ipse
2377 2405 2580 2477 aperit,
2606 2423 2740 2462 cum
2773 2408 2976 2464 subdit
3001 2426 3013 2464 :
3050 2414 3118 2466 Ut
3145 2412 3202 2464 in
3233 2411 3389 2466 nullo
3419 2414 3769 2469 terreamini.
3795 2414 3874 2470 De

2222 2509 2288 2548 eo
2309 2495 2460 2564 quod
2488 2495 2656 2566 quasi
2683 2496 2800 2550 dux
2820 2497 2988 2552 docet
3008 2514 3146 2554 suos
3173 2502 3236 2553 ut
3257 2500 3376 2556 sint
3396 2501 3735 2571 unanimes,
3758 2520 3872 2560 non

2222 2581 2414 2650 divisi,
2450 2588 2513 2638 ut
2540 2583 2840 2639 victoriam
2871 2585 3130 2657 capiant,
3160 2591 3216 2642 et
3265 2603 3381 2643 non
3425 2593 3765 2647 terreantur
3803 2593 3873 2648 ab

2221 2671 2591 2727 adversariis.
2620 2673 2848 2738 Quare?
2878 2675 3024 2740 Quia
3049 2675 3131 2730 eis
3164 2676 3263 2748 qui
3295 2693 3400 2748 pro
3420 2677 3651 2736 Christo
3676 2680 3871 2736 tribu-

2222 2759 2418 2816 lantur
2445 2761 2518 2816 ad
2549 2761 2796 2818 salutem
2829 2763 3092 2834 proﬁcit:
3127 2763 3244 2821 illis
3268 2781 3400 2822 vero
3425 2767 3527 2838 qui
3557 2769 3874 2840 tribulant,

2223 2849 2295 2904 ad
2329 2849 2664 2920 perniciem.
2689 2854 2756 2905 Et
2785 2852 2923 2922 quia
2943 2851 3251 2924 multiplex
3280 2859 3369 2911 est
3398 2855 3508 2912 iste
3535 2856 3875 2929 conﬂictus,

2222 2938 2350 2994 ideo
2382 2938 2525 2994 dicit
2557 2957 2570 2994 :
2603 2941 2665 2995 In
2693 2941 2849 2995 nullo
2878 2943 3204 2998 terreamini
3219 2959 3240 3006 ;
3271 2942 3330 2998 id
3360 2948 3472 3012 est,
3499 2961 3605 3001 nec
3636 2946 3877 3005 callidis

2222 3025 2742 3098 disputationibus,
2776 3044 2964 3100 neque
3008 3031 3404 3104 passionibus,
3437 3049 3632 3106 neque
3659 3050 3878 3108 oppro-

2223 3115 2387 3170 briis.
2413 3115 2492 3171 De
2513 3133 2578 3171 eo
2600 3117 2754 3188 quod
2786 3117 2895 3174 iste
2919 3117 3082 3174 locus
3103 3123 3162 3176 et
3190 3125 3494 3194 martyres,
3517 3126 3575 3179 et
3605 3125 3883 3182 membra

467 3205 676 3262 duobus
726 3205 1212 3277 concupiicentiam
1242 3204 1425 3275 (1163)
1474 3205 1699 3271 habens,
1747 3222 1821 3260 an
1869 3211 2117 3262 coarctor
2163 3276 2169 3277 ί
2225 3203 2439 3260 Christi
2470 3203 2624 3260 inter
2665 3205 2931 3263 membra
2959 3208 3176 3265 diaboli
3208 3210 3568 3268 decertantia
3597 3215 3881 3272 corrobo-

468 3302 653 3350 autem
682 3311 712 3350 e
739 3276 992 3350 duobus:
1022 3297 1088 3348 ut
1116 3293 1260 3348 illud
1294 3295 1684 3366 adjungatur:
1719 3295 2112 3365 Concupiscen-
2144 3276 2187 3344 C
2227 3297 2335 3349 rat.

466 3386 605 3438 tiam
635 3383 839 3439 habens
876 3383 1106 3438 dissolvi
1153 3386 1207 3437 et
1261 3398 1374 3438 esse
1414 3399 1537 3437 cum
1569 3382 1804 3448 Christo,
1837 3384 1937 3439 sed
1969 3400 2114 3454 quo-

467 3472 627 3527 niam
660 3472 741 3526 ita
771 3471 992 3538 subdit,
1024 3470 1200 3526 multo
1229 3473 1379 3526 enim
1407 3473 1584 3540 magis
1615 3473 1881 3543 Optimum
1906 3472 2112 3542 (1164),

466 3561 581 3615 ista
613 3559 917 3631 particula,
952 3560 1007 3614 id
1041 3565 1149 3625 est,
1182 3561 1350 3626 enim,
1385 3559 1555 3616 solvit
1583 3559 1732 3615 hanc
1762 3561 2114 3632 ambiguita-

467 3653 609 3704 tem.
635 3650 984 3719 lnterpretes
1003 3665 1156 3716 vero,
1181 3649 1281 3720 qui
1303 3649 1453 3704 hanc
1476 3648 1862 3720 abstulerunt,
1889 3649 1988 3704 illa
2012 3650 2116 3704 du-

472 3739 549 3792 cti
574 3741 712 3793 sunt
731 3737 1038 3806 sententia,
1061 3741 1125 3792 ut
1146 3754 1260 3793 non
1283 3737 1473 3793 solum
1497 3737 1766 3809 compelli
1799 3755 1829 3794 e
1861 3738 2111 3808 duobus,

455 3827 576 3882 'sed
607 3826 783 3881 etiam
815 3827 1067 3881 duorum
1101 3825 1314 3882 habere
1336 3827 1867 3898 concupiscentiam
1897 3827 2116 3882 videre-

471 3919 588 3969 tur.
637 3914 730 3970 Sic
784 3930 920 3986 ergo
973 3914 1456 3987 distinguendum
1503 3920 1639 3970 est:
1693 3915 1840 3982 Quod
1886 3915 2112 3985 eligam,

469 4006 662 4076 ignoro
687 4021 707 4065 ;
739 4013 981 4059 coarctor
1008 4012 1188 4058 autem
1233 4021 1264 4059 e
1309 4005 1532 4061 duobus.
1568 4006 1752 4068 Quam
1785 4003 2112 4059 distinctio-

472 4109 608 4148 nem
657 4093 924 4164 sequitur
956 4109 970 4146 :
1025 4092 1531 4164 Concupiscentiam
1574 4093 1779 4148 habens
1807 4093 2037 4148 dissolvi
2065 4098 2117 4149 et

469 4198 579 4238 esse
627 4198 750 4236 cum
801 4182 1032 4236 Christo.
1086 4183 1152 4236 Et
1203 4187 1482 4255 tanquam
1531 4187 1886 4254 quaerentur,
1933 4199 2115 4252 quare

468 4271 647 4342 hujus
677 4271 755 4325 rei
779 4270 989 4326 habeat
1010 4273 1562 4344 concupiscentiam,
1581 4272 1749 4326 multo
1773 4273 1950 4342 magis
1971 4273 2115 4342 opti-

464 4376 638 4427 mum,
671 4359 880 4431 inquit.
913 4360 1028 4415 Cur
1058 4376 1192 4433 ergo
1240 4379 1270 4416 e
1309 4361 1540 4416 duobus
1572 4359 1887 4415 coarctaris
1908 4361 1936 4414 ‘I
1967 4359 2115 4424 Quia.

466 4453 554 4504 est
581 4449 857 4504 manendi
882 4451 1201 4506 necessitas
1233 4450 1292 4504 in
1316 4466 1508 4504 carne.
1537 4449 1698 4516 Ecce,
1724 4465 1859 4502 cum
1882 4449 2114 4505 duobus

466 4541 812 4606 coarctetur,
847 4538 1022 4594 habet
1060 4538 1442 4611 cupiditatem
1493 4536 1804 4606 moriendi,
1839 4535 2012 4593 habet
2057 4541 2113 4594 et

464 4627 868 4682 necessitatem
889 4627 946 4682 in
967 4645 1138 4682 carne
1158 4625 1451 4682 manendi.
1469 4624 1512 4679 Ο
1532 4628 1817 4695 quantum
1837 4626 2107 4682 allectum

462 4715 793 4771 dilectionis
816 4717 1021 4771 habuit
1050 4716 1160 4770 iste
1181 4731 1319 4785 erga
1340 4713 1638 4768 credentes
1662 4711 1673 4766 l
1699 4713 1807 4776 Qui
1829 4731 1930 4786 pro
1952 4715 2104 4790 aliis,

462 4824 577 4862 non
601 4807 755 4877 quod
789 4806 899 4861 sibi
923 4805 1234 4876 optimum,
1260 4802 1361 4856 sed
1391 4801 1545 4872 quod
1571 4805 1962 4861 necessarium
1987 4812 2110 4863 erat

461 4895 612 4962 aliis,
638 4895 830 4966 elegit,
856 4893 1101 4949 dicendo
1128 4908 1140 4945 :
1175 4900 1223 4946 et
1253 4891 1350 4945 hoc
1369 4890 1663 4962 conﬁdens,
1685 4898 1793 4948 etc.
1819 4895 1956 4959 Quis
1989 4913 2105 4952 non

456 4984 613 5040 tertii
645 4983 772 5038 cceli
805 4980 1054 5051 cupidus
1085 4979 1410 5050 despiceret
1433 4984 1702 5058 terrena?
1732 4983 1872 5047 Quis
1901 4984 2106 5040 avidus

458 5070 718 5146 paradisi
742 5086 858 5124 non
881 5069 999 5122 haec
1019 5067 1216 5123 omnia
1237 5070 1574 5140 sperneret?
1594 5071 1733 5135 Quis
1756 5088 2105 5128 arcanorum

454 5163 767 5218 verborum
804 5173 1028 5212 memor
1059 5174 1171 5211 non
1206 5163 1602 5215 contemneret
1633 5160 1958 5215 humanum
1981 5159 2104 5215 elo-

458 5246 708 5322 quium?
741 5245 881 5307 Quis
913 5247 969 5299 in
1014 5251 1097 5301 tot
1127 5249 1628 5318 persecutionibus
1659 5249 1956 5304 desudans
1989 5266 2103 5305 non

455 5338 696 5408 eligeret
727 5332 1036 5404 requiem?
1067 5335 1176 5390 Sed
1222 5337 1360 5408 quia
1414 5336 1701 5393 charitem
1749 5338 2100 5407 anteposuit,

453 5426 564 5481 hoc
596 5421 790 5494 elegit,
817 5425 968 5496 quod
1001 5426 1305 5497 proficeret
1334 5426 1488 5491 aliis,
1515 5424 1798 5480 dicendo:
1831 5426 1941 5481 scio
1973 5426 2104 5496 quia

451 5656 467 5711 1
523 5584 936 5709 (11ql)Verba,
998 5591 1048 5644 et
1100 5587 1220 5642 si...
1283 5584 1550 5653 Christus,
1611 5584 1670 5641 in
1733 5585 1851 5642 imo
1910 5601 2096 5658 marg.

475 5672 625 5711 Oﬁlln
661 5674 747 5711 UP.

475 5672 747 5727 aguntur.

519 5731 698 5809 (1162)
730 5730 830 5788 Vel
867 5733 1010 5786 forte
1040 5727 1381 5784 deterritum.

2295 3381 2569 3453 Sequitur
2600 3402 2613 3440 :
2663 3384 2727 3440 Et
2753 3385 2851 3439 hoc
2879 3402 2914 3441 a
2943 3390 3084 3455 Deo,
3119 3391 3230 3442 etc.
3257 3405 3271 3444 :
3320 3387 3381 3443 id
3411 3391 3521 3457 est,
3554 3405 3590 3446 a
3621 3393 3746 3447 Deo
3777 3391 3884 3448 hoc

2223 3477 2517 3544 operatur,
2541 3477 2605 3527 ut
2636 3474 2794 3545 quod
2816 3473 2946 3530 aliis
2976 3479 3064 3530 est
3093 3475 3362 3548 perditio,
3385 3477 3551 3534 vobis
3575 3477 3659 3534 sit
3691 3480 3884 3537 salva-

2225 3560 2325 3616 tio.
2349 3564 2413 3615 In
2436 3561 2651 3632 quibus
2681 3562 2791 3618 hoc
2813 3565 3128 3634 operatur?
3157 3565 3222 3620 In
3250 3565 3437 3634 vobis,
3465 3567 3688 3638 quibus
3710 3570 3886 3627 dona-

2223 3656 2339 3704 tum
2359 3653 2457 3717 est,
2481 3653 2590 3705 etc.
2615 3655 2961 3723 Quanquam
2985 3653 3245 3710 studiose
3268 3655 3582 3726 Apostolus
3611 3657 3722 3713 Dei
3747 3675 3881 3732 gra-

2223 3737 2364 3793 tiam
2398 3739 2455 3793 in
2487 3738 2763 3795 omnibus
2785 3740 3041 3809 extollat,
3067 3743 3137 3797 ad
3170 3742 3404 3800 laudem
3425 3749 3625 3801 tamen
3648 3746 3881 3820 Philip-

2222 3825 2493 3895 pensium
2549 3827 2818 3898 pertinet,
2852 3828 3007 3898 quod
3057 3829 3221 3901 dicit,
3255 3848 3290 3886 a
3339 3832 3453 3888 Deo
3501 3837 3675 3889 Patre
3736 3835 3883 3908 ipsis

2223 3913 2508 3968 donatum
2540 3919 2603 3969 ut
2632 3916 2872 3971 credant
2900 3921 2956 3972 et
2985 3917 3285 3988 patiantur
3307 3936 3407 3991 pro
3439 3920 3656 3979 Christo
3692 3942 3711 3978 :
3765 3941 3882 3982 non

2223 4001 2380 4056 enim
2400 4001 2505 4058 hoc
2521 4004 2786 4060 concedit
2803 4009 2902 4060 aut
2915 4006 3234 4072 donat,nisi
3255 4010 3616 4067 amatoribus
3629 4011 3880 4083 Christi,

2224 4107 2374 4160 quos
2405 4091 2528 4162 ipse
2549 4109 2743 4149 amare
2774 4109 2835 4150 se
2864 4095 3015 4150 fecit.
3041 4095 3186 4151 Nam
3219 4096 3390 4153 multi
3417 4099 3637 4156 habent
3668 4102 3883 4168 ﬁdem,

2224 4179 2323 4233 sed
2353 4196 2466 4234 non
2494 4185 2715 4237 tantam
2741 4187 2804 4238 ut
2824 4189 3064 4256 possent
3089 4185 3207 4256 pati
3236 4203 3339 4258 pro
3362 4187 3614 4244 Christo.
3640 4190 3716 4245 Et
3742 4193 3887 4264 quia

2223 4271 2446 4326 dixerat
2461 4271 2544 4326 eis
2557 4271 2754 4328 datam
2773 4277 2837 4328 ut
2851 4273 3150 4346 patiantur
3165 4291 3268 4347 pro
3282 4276 3884 4353 Christo,subjunxit,

2221 4363 2516 4415 certamen.
2999 4407 3011 4416 .

2294 4449 2600 4520 Sequitur:
2637 4449 2784 4505 Idem
2809 4459 3100 4520 certamen,
3130 4457 3240 4509 etc.
3267 4469 3280 4508 :
3317 4454 3374 4510 id
3405 4457 3514 4522 est,
3543 4456 3680 4514 nolo
3715 4458 3887 4516 hunc

2220 4537 2500 4609 ignoretis
2532 4552 2777 4609 agonem
2809 4555 2823 4606 ;
2873 4539 2997 4611 ipse
3046 4544 3136 4596 est
3181 4557 3358 4612 quem
3396 4542 3628 4599 vidistis
3659 4545 3727 4601 in
3761 4564 3885 4615 me,

2141 4648 2187 4712 Β
2219 4627 2307 4682 vel
2339 4624 2588 4680 audistis
2617 4642 2687 4681 ex
2726 4643 2817 4682 me
2846 4652 2860 4695 ;
2909 4627 2967 4683 id
2999 4632 3108 4698 est,
3141 4645 3356 4701 carcer,
3389 4636 3625 4701 catenae,
3660 4633 3888 4710 ﬂagra,
3943 4697 3945 4706 ι

2218 4719 2274 4770 et
2320 4719 2524 4770 caetera
2571 4714 2729 4772 talia.
2763 4716 2843 4772 De
2887 4733 2952 4773 eo
3002 4719 3156 4790 quod
3208 4718 3322 4774 alia
3367 4720 3656 4794 viderant,
3689 4723 3754 4779 id
3787 4729 3889 4782 est

2217 4803 2371 4874 apud
2404 4820 2486 4868 se,
2520 4808 2575 4858 et
2603 4802 2718 4860 alia
2747 4805 3074 4876 audierant,
3108 4807 3166 4861 id
3209 4813 3320 4880 est,
3354 4825 3482 4880 quae
3511 4811 3601 4867 vel
3633 4812 3884 4872 Jeroso-

2214 4891 2388 4963 lymis
2418 4891 2505 4946 vel
2550 4893 2742 4948 Roma:
2777 4895 3111 4966 pertulerat.

2288 4979 2443 5051 (CAP.
2479 4979 2572 5052 ΙΙ.)
2603 4981 2879 5053 Sequitur
2908 5000 2922 5038 :
2979 4984 3041 5039 Si
3086 5001 3193 5056 qua
3235 5002 3359 5057 ergo
3397 4989 3727 5060 consolatio,
3761 4996 3881 5048 etc.

2287 5073 2364 5125 De
2376 5086 2441 5125 eo
2455 5071 2605 5141 quod
2627 5071 2810 5142 petitu
2821 5089 2920 5127 rus
2932 5073 3678 5148 beneﬁcium,utgaudium
3693 5097 3884 5136 suum

2213 5157 2546 5230 impleatur,
2566 5159 2722 5230 quod
2745 5165 2854 5227 est,
2881 5160 3035 5216 idem
3057 5163 3310 5234 sapiant,
3329 5165 3466 5220 etin
3493 5167 3658 5224 nullo
3685 5170 3760 5226 ab
3790 5171 3887 5224 in-

2210 5247 2395 5302 vicem
2428 5248 2778 5319 discrepent,
2811 5250 2981 5320 quasi
3021 5250 3306 5308 rationem
3337 5254 3690 5313 meritorum
3722 5274 3885 5330 pre-

2211 5335 2410 5407 mittit,
2445 5336 2659 5408 quibus
2691 5338 2966 5409 impetret
2997 5341 3152 5410 quod
3183 5341 3388 5412 poscit.
3420 5343 3705 5403 Rationes
3735 5362 3886 5402 vero

2213 5425 2555 5482 meritorum
2582 5431 2753 5495 sunt;
2783 5426 2922 5498 quia
2942 5428 3202 5485 advocati
3223 5430 3285 5486 in
3306 5430 3538 5490 Christo
3560 5434 3892 5493 consolan-

2280 5584 2464 5729 (1163;
2496 5587 2657 5653 Quod
2689 5587 3022 5665 desiderium
3055 5589 3110 5645 in
3153 5590 3312 5657 Vulg.
3347 5591 3462 5666 leg.

2280 5655 2439 5722 (1164
2489 5658 2660 5729 Vulg.
2695 5661 2863 5716 multo
2897 5663 3082 5729 magis
3116 5664 3331 5720 melius.

2279 5655 2462 5729 (1164)
2489 5658 2660 5732 Vulg.
2695 5661 2863 5716 multo
2897 5661 3082 5732 magis
3116 5655 3331 5720 melius.
