3978 6210
177 468 296 530 597

709 464 1130 528 EXPOSITIO
1174 465 1252 526 IN
1300 465 1733 526 EPISTULAS
1777 461 2038 523 PAULI.
2075 496 2147 507 —
2180 463 2256 522 IN
2304 462 2553 524 EPIST.
2602 464 2706 524 AD
2752 463 3086 526 PHILIPP.

3489 469 3605 527 598

176 602 328 657 Nota
358 599 512 672 quod
547 602 680 670 post
710 597 1029 670 Epistolam
1055 598 1358 670 promittat
1380 615 1440 653 se
1462 597 1832 652 Timotheum
1868 598 1914 661 A
1956 597 2058 655 vit;
2101 597 2365 650 Dominus
2407 601 2588 650 autem
2638 599 2891 651 misertus
2939 606 3014 651 est
3059 601 3190 667 ejus.
3246 598 3385 652 Ecce
3439 616 3602 653 mon-

175 689 435 751 mittere,
470 687 528 741 in
564 702 681 758 quo
714 690 1097 756 monstratur,
1131 687 1284 756 quod
1321 704 1594 757 magnam
1631 686 1699 738 de
1750 685 1842 739 his

175 779 387 832 habeat
408 775 794 832 curam.Nota
817 792 950 830 cum
976 781 1193 846 quanta
1217 776 1497 847 gravitate
1522 775 1838 847 promittat.

172 867 269 921 Ait
299 866 457 921 enim
497 882 510 919 :
546 864 716 936 Spero
751 866 814 919 in
845 865 1090 918 Domino.
1111 869 1175 916 Et
1206 880 1385 934 quare
1418 864 1837 935 mittat,aperit,

175 955 420 1011 dicendo
457 971 470 1009 :
511 955 575 1010 Ut
604 961 654 1008 et
675 968 767 1024 ego
800 953 932 1008 bono
963 954 1150 1006 animo
1172 954 1277 1007 sim
1309 970 1326 1006 :
1356 952 1411 1006 id
1444 958 1552 1017 est,
1586 957 1650 1006 ut
1698 969 1837 1023 gau-

172 1045 366 1114 deam,
403 1059 540 1098 cum
570 1047 831 1098 vestrum
866 1040 1102 1096 audiero
1150 1042 1495 1113 profectum.
1541 1041 1612 1094 Et
1659 1057 1839 1111 quare

170 1134 357 1190 istum
404 1131 620 1196 mittat,
673 1130 927 1202 exponit,
980 1146 1113 1184 cum
1153 1129 1293 1183 dicit
1327 1146 1338 1184 :
1375 1131 1656 1184 Neminem
1687 1132 1836 1184 enim

171 1222 350 1276 habeo
380 1226 496 1276 tam
523 1223 880 1280 unanimem;
914 1219 969 1272 id
1005 1223 1112 1285 est,
1147 1219 1246 1288 qui
1277 1219 1540 1273 eamdem
1576 1224 1831 1273 mentem

169 1309 514 1382 gerat.Ecce
534 1307 712 1362 habes
735 1324 912 1362 unam
936 1307 1392 1362 causam.Habes
1418 1307 1660 1362 alteram
1690 1323 1703 1362 :
1731 1309 1836 1375 Qui

167 1399 391 1453 sincera
419 1399 702 1469 affectione
728 1412 831 1468 pro
859 1396 1009 1450 vobis
1040 1395 1310 1450 sollicitus
1357 1396 1464 1455 sit;
1497 1395 1548 1448 id
1604 1400 1692 1450 est
1740 1395 1836 1450 ille

167 1487 497 1541 mittendus
520 1491 630 1550 est,
663 1484 760 1556 qui
792 1489 848 1540 et
882 1484 1022 1538 mihi
1057 1484 1268 1539 charus
1321 1489 1428 1548 est,
1483 1485 1582 1538 sed
1630 1489 1683 1538 et
1731 1501 1832 1555 pro

162 1575 330 1630 vobis
361 1573 823 1630 sollicitudinem
857 1573 1089 1627 habeat.

237 1680 514 1754 Sequitur
546 1697 559 1737 :
594 1680 789 1736 Omnes
815 1694 941 1751 qua?
968 1696 1068 1734 sua
1098 1683 1225 1734 sunt
1256 1687 1534 1750 quazrunt,
1567 1697 1682 1732 non
1715 1695 1833 1749 qua:

160 1773 290 1828 Jesu
337 1770 586 1830 Christi;
636 1769 693 1824 id
743 1773 852 1839 est,
904 1768 993 1824 vel
1041 1768 1371 1837 commoda,
1411 1767 1496 1823 vel
1551 1767 1833 1840 quietem,

164 1859 432 1916 nolentes
454 1857 892 1914 tribulationem
915 1857 1205 1913 sustinere
1226 1873 1330 1928 pro
1349 1856 1594 1911 aliorum
1617 1855 1829 1911 salute.

1954 690 2174 738 stratur
2202 685 2549 740 beneﬁcium
2584 686 2758 753 Dei,si
2791 686 2846 740 in
2881 685 2993 740 vita
3025 703 3246 741 servam
3262 705 3359 753 ur;
3393 689 3600 742 deinde

1953 773 2092 844 quia
2143 775 2211 827 ad
2265 781 2508 828 mortem
2563 775 2839 830 festinare
2889 793 2999 829 non
3052 777 3354 830 debemus.
3417 779 3600 832 Omne

1951 863 2128 927 enim,
2164 865 2315 933 quod
2353 865 2420 917 ad
2457 865 2631 917 vitam
2669 864 2759 918 hic
2794 864 3040 933 agimus,
3083 867 3227 920 bene
3265 866 3515 936 agimus,
3550 867 3597 920 si

1951 952 2118 1005 nobis
2167 958 2220 1006 et
2268 952 2397 1006 aliis
2430 969 2766 1024 prosumus.

2018 1058 2291 1128 Sequitur
2324 1077 2335 1114 :
2373 1061 2446 1114 Ne
2479 1062 2785 1125 tristitiam,
2820 1067 2951 1126 etc.;
2987 1061 3040 1114 id
3091 1066 3200 1125 est,
3242 1078 3312 1116 ne
3367 1062 3602 1118 tristitia

1948 1148 2195 1202 carceris
2229 1154 2463 1217 augeret
2494 1149 2790 1203 tristitiam
2824 1150 3217 1204 desolationis.
3256 1152 3402 1204 Nota
3447 1151 3600 1222 quod

1947 1235 2214 1289 discrevit
2273 1237 2604 1291 missiones.
2639 1239 2747 1291 Sed
2801 1254 2979 1306 quare
3028 1239 3224 1292 misit?
3275 1241 3336 1294 (Et
3383 1242 3492 1293 viso
3537 1257 3600 1293 eo

1951 1323 2309 1390 iterum,etc.;
2344 1326 2398 1378 id
2426 1332 2649 1396 est,pro
2682 1327 2852 1394 cujus
2883 1327 3147 1380 absentia
3177 1327 3596 1382 tristabamini.

1944 1413 2008 1466 Et
2038 1429 2132 1482 ego
2163 1415 2267 1466 sim
2288 1415 2405 1467 sine
2435 1416 2684 1482 tristitia,
2719 1414 2816 1484 qui
2866 1421 3067 1467 vestra)
3118 1433 3296 1469 causa
3345 1415 3596 1470 tristitiae

1945 1501 2167 1555 fueram
2211 1502 2414 1568 tristis,
2449 1502 2586 1571 sive,
2635 1503 2732 1573 qui
2788 1502 2946 1573 potui
2990 1503 3178 1557 tristis
3210 1520 3338 1557 esse
3369 1505 3437 1557 de
3469 1507 3595 1573 ejus

1944 1590 2229 1659 absentia,
2273 1592 2383 1644 sim
2438 1591 2604 1645 laetus
2654 1608 2721 1645 ex
2769 1597 2959 1646 vestra
3005 1591 3417 1647 consolatione.
3452 1593 3597 1648 Nota

1945 1681 2096 1750 quod
2129 1696 2328 1751 rogare
2359 1681 2641 1735 debemus
2689 1698 2790 1752 pro
2836 1680 3068 1735 illorum
3118 1681 3254 1746 vita,
3301 1697 3401 1752 per
3449 1698 3594 1751 quos

1944 1767 2039 1822 alii
2069 1770 2439 1839 adjuvantur.

2015 1875 2337 1946 Sequitur:
2380 1877 2768 1943 Festinantius,
2813 1881 2920 1931 etc.
2970 1878 3077 1931 Sed
3128 1877 3335 1947 quaerit
3382 1876 3595 1948 aliquis

164 1949 346 2004 Erant
379 1948 571 2013 mum:
597 1947 694 2019 (ἰαί
726 1963 926 2002 συνείη
961 1946 1208 2001 aliorum
1240 1946 1659 2036 habebant-sed
1684 1963 1823 2036 σοῖν
1857 1962 1902 2026 Β
1935 1966 2165 2035 quando
2194 1965 2443 2034 potuerit
2472 1965 2755 2020 inﬁrmari
2788 1966 2941 2036 apud
2975 1946 3164 2030 illum,
3190 1966 3291 2036 qui
3330 1946 3594 2020 mortuos

158 2039 376 2110 tigerat
406 2041 470 2092 ut
498 2037 598 2092 illo
629 2041 909 2108 tempore,
960 2036 1193 2106 quando
1223 2035 1594 2090 Timotheum
1643 2034 1824 2101 misit,

161 2127 303 2183 alibi
336 2131 536 2182 essent
571 2125 799 2193 directi,
831 2130 886 2181 et
917 2142 1028 2180 non
1064 2124 1175 2180 nisi
1210 2124 1597 2180 mercenaries
1629 2140 1825 2178 secum

167 2217 435 2284 haberet,
467 2215 526 2271 id
560 2218 668 2280 est,
702 2231 812 2270 sua
839 2218 1183 2286 quaerentes.

230 2322 515 2393 Sequitur
545 2339 560 2375 :
592 2323 1040 2392 Experimentum
1068 2330 1252 2376 autem
1296 2322 1434 2391 ejus,
1488 2325 1596 2375 etc.
1647 2319 1820 2383 Quasi

156 2411 328 2464 dicat
357 2427 372 2463 :
405 2411 641 2464 Servivit
686 2426 896 2464 mecum
925 2409 1267 2464 Timotheus
1316 2411 1375 2463 in
1423 2409 1779 2479 Evangelium
1800 2426 1820 2469 ;

157 2499 270 2555 sed
305 2497 555 2552 breviter
573 2498 820 2553 ostendit
840 2497 1173 2570 qualiter,id
1197 2502 1305 2564 est,
1333 2500 1473 2553 sicut
1494 2499 1644 2568 ﬁlius
1670 2500 1821 2562 putri

155 2587 219 2642 in
256 2586 564 2652 charitate,
597 2591 652 2642 et
678 2587 880 2642 devoto
913 2603 1129 2642 amore.
1162 2587 1308 2642 Nota
1338 2587 1492 2659 quod
1523 2605 1638 2642 non
1688 2587 1816 2642 ideo

155 2675 575 2744 charissimus,
609 2675 748 2747 quia
779 2675 1013 2732 servivit
1041 2676 1124 2730 illi
1157 2676 1214 2731 in
1248 2676 1469 2732 catenis
1499 2682 1554 2732 et
1599 2677 1656 2730 in
1687 2694 1810 2732 car-

153 2781 306 2830 cere,
340 2765 442 2820 sed
469 2765 607 2836 quia
638 2781 770 2820 cum
804 2765 901 2820 illo
934 2766 1166 2820 servivit
1195 2765 1580 2837 praedicando.

224 2871 547 2943 Sequitur:
581 2874 735 2926 Hunc
767 2874 940 2942 igitur
966 2888 1121 2943 spero
1167 2888 1254 2926 me
1296 2873 1396 2926 mit
1444 2888 1534 2927 ere
1578 2873 1645 2926 ad
1699 2890 1810 2927 ros.

145 2959 302 3015 Nota
329 2961 506 3029 quod,
542 2967 851 3032 postquam
902 2961 1331 3016 commendavit
1383 2978 1715 3034 personam,
1758 2969 1813 3016 et

143 3048 451 3114 affectum,
483 3053 538 3103 et
569 3048 952 3119 diligentiam,
987 3049 1127 3105 dicit
1155 3051 1332 3104 talem
1359 3067 1418 3104 se
1443 3050 1807 3117 mittere,sed

141 3154 287 3193 cum
322 3138 626 3208 praemissa
651 3138 930 3210 gravitate
968 3155 980 3192 :
1011 3143 1410 3194 verumtamen
1447 3156 1557 3193 non
1583 3139 1807 3202 statim,

138 3226 250 3282 sed
285 3243 424 3281 cum
454 3226 664 3282 viderit
693 3244 820 3298 quae
850 3227 1003 3282 circa
1025 3244 1087 3283 se
1118 3233 1276 3282 sunt.

216 3333 498 3404 Sequitur
529 3349 543 3388 :
577 3333 745 3403 Spero
777 3333 1168 3405 (1t‘l7)autem,
1203 3336 1312 3388 etc.
1335 3333 1542 3405 Magno
1574 3335 1804 3402 atl‘eetu,
1842 3328 1884 3394 C

138 3426 206 3478 et
236 3437 459 3493 magna
489 3420 798 3476 dilectione
830 3427 962 3492 post
988 3421 1273 3477 Timothei
1311 3422 1623 3476 adventum
1674 3441 1810 3494 pro-

1940 2054 2282 2107 suscitabat.
2317 2054 2424 2108 Sed
2461 2055 2682 2108 noverit
2730 2055 2885 2125 quod
2939 2054 3108 2124 signa
3158 2071 3272 2108 non
3329 2058 3466 2108 sunt
3493 2071 3596 2125 pro

1938 2142 2212 2211 ﬁdelibus,
2271 2143 2361 2197 sed
2406 2159 2506 2214 pro
2556 2143 2870 2212 inﬁdelibus
2902 2145 2948 2212 (l
2978 2144 3097 2198 Cor.
3133 2161 3249 2208 xw,
3289 2145 3399 2211 22).
3455 2145 3594 2198 Item

1938 2230 2147 2300 quierit
2178 2230 2391 2301 aliquis
2421 2233 2712 2302 quomodo
2736 2249 2797 2287 se
2827 2231 2966 2286 dicit
2995 2249 3098 2302 pro
3132 2232 3473 2286 inﬁrmitate
3502 2233 3588 2286 di-

1938 2319 2148 2390 scipuli
2182 2320 2429 2384 tristem,
2461 2321 2561 2390 qui
2593 2321 2739 2375 alios
2771 2325 2967 2374 monet
2990 2337 3060 2374 ne
3088 2321 3506 2375 contristentur
3525 2321 3596 2374 de

1935 2409 2360 2464 dormientibus
2391 2411 2438 2479 (l
2481 2410 2657 2463 Thess.
2713 2427 2786 2470 iv.
2839 2411 2947 2478 12).
3004 2410 3107 2463 Sed
3163 2409 3383 2463 noverit
3415 2409 3590 2464 aliam

1935 2513 2062 2552 esse
2090 2497 2391 2552 tristitiam
2424 2498 2870 2570 desperationis,
2903 2497 3078 2552 aliam
3112 2497 3508 2552 desolationis.

2007 2612 2283 2684 Sequitur
2317 2631 2328 2666 :
2363 2614 2586 2684 Excipit
2617 2621 2800 2667 autem
2825 2613 3006 2680 illum,
3032 2616 3139 2667 ι-ίο.
3173 2611 3321 2666 Dicit
3342 2613 3448 2667 hoc
3472 2612 3591 2668 sive

1931 2706 1996 2754 ut
2043 2702 2401 2757 ardentiores
2447 2702 2564 2756 sint
2612 2718 2748 2771 erga
2795 2700 2983 2765 illum,
3017 2702 3135 2755 sive
3169 2707 3401 2772 propter
3449 2701 3582 2756 illos

1927 2789 2027 2860 qui
2063 2790 2258 2845 minus
2289 2802 2452 2845 erant
2483 2790 2796 2862 spiritales.
2835 2792 2894 2844 In
2954 2792 3218 2849 Domino:
3250 2790 3305 2844 id
3337 2796 3425 2845 est
3456 2807 3583 2860 vos,

1926 2879 2024 2949 qui
2057 2879 2286 2934 Domini
2310 2881 2474 2945 estis,
2505 2880 2839 2933 ministrum
2871 2880 2997 2947 ejus
3019 2879 3390 2949 suscipite,et
3421 2896 3580 2933 ama-

1924 2972 1979 3021 te
2006 2983 2139 3021 cum
2171 2967 2327 3020 omni
2362 2967 2774 3038 gratulatione.

1993 3074 2269 3143 Sequitur
2323 3091 2334 3126 :
2380 3075 2443 3127 Et
2486 3073 2798 3144 hujusmodi
2827 3089 2949 3126 cum
2981 3073 3180 3127 honore
3210 3072 3492 3131 habetote;
3524 3073 3579 3126 id

1917 3167 2026 3227 est,
2061 3179 2172 3216 non
2207 3161 2394 3215 solum
2431 3161 2735 3226 talem,sed
2771 3165 2827 3215 et
2857 3177 3059 3214 omnes
3091 3161 3188 3230 qui
3234 3161 3412 3228 hujus
3440 3166 3583 3215 sunt

1930 3251 2142 3304 meriti.

1995 3357 2103 3413 Sed
2139 3375 2317 3428 quare
2348 3374 2472 3410 cum
2502 3358 2736 3411 honore?
2774 3355 3049 3426 Sequitur
3084 3371 3095 3409 :
3132 3356 3406 3422 Quoniam
3446 3373 3577 3425 pro-

1918 3452 2040 3518 pter
2069 3462 2202 3516 opus
2235 3445 2460 3514 Christi,
2492 3451 2624 3510 etc.;
2657 3444 2712 3497 id
2738 3447 2844 3508 est,
2873 3443 3013 3498 adeo
3035 3442 3315 3497 laboravit
3348 3443 3406 3496 in
3434 3460 3579 3513 pris.

137 3510 336 3601 mittit
364 3527 427 3566 se
456 3511 1082 3582 Venturumiquoniam
1115 3511 1396 3566 adventus
1429 3511 1555 3581 ejus
1587 3529 1701 3566 non
1724 3517 1813 3568 eSt
1915 3510 2226 3601 dicatione,
2256 3541 2321 3588 ut
2353 3510 2756 3587 infirmitatem
2792 3532 3132 3586 incurreret.
3167 3531 3353 3586 Aliter
3385 3547 3396 3584 :
3435 3510 3580 3586 Tra-

139 3599 402 3655 otiosus.

213 3688 1091 3760 (1178)Sequitur:Necessarium
1113 3693 1323 3753 autem,
1347 3693 1455 3743 etc.
1491 3688 1647 3743 Licet
1681 3707 1807 3760 pro-

140 3778 385 3833 miserit
404 3777 692 3833 Timothei
717 3778 1052 3842 adventum,
1081 3781 1277 3832 tamen
1301 3777 1438 3848 quia
1470 3794 1634 3832 mora
1663 3783 1804 3849 erat,

137 3866 387 3922 interim
416 3866 602 3921 mittit
629 3865 1082 3937 Epaphroditum,
1116 3867 1287 3935 cujus
1320 3883 1626 3937 personam
1650 3884 1806 3922 com-

137 3955 390 4010 mendat
421 3971 433 4007 :
468 3955 900 4011 commendatio
931 3954 1088 4009 enim
1123 3971 1381 4026 persona:
1405 3961 1494 4010 est
1518 3957 1801 4027 :fratrem,

136 4043 362 4115 inquit,
395 4048 450 4098 et
478 4044 914 4100 commilitonem
942 4060 1162 4110 meum;
1199 4048 1432 4116 fratrem
1482 4043 1540 4098 in
1595 4045 1706 4100 {ide
1751 4049 1808 4100 et

131 4133 289 4206 lege,
315 4135 747 4188 commilitonem
767 4133 824 4187 in
849 4133 1205 4199 castris,sive
1223 4133 1523 4187 doctrinis.
1567 4135 1805 4188 Vestrum

131 4238 266 4278 vero
297 4221 606 4292 apostolum
637 4221 801 4286 dixit,
849 4221 909 4276 id
956 4225 1064 4285 est,
1098 4221 1168 4275 ad
1220 4238 1321 4276 vos
1362 4221 1634 4286 missum,
1669 4222 1806 4293 quia

135 4310 239 4365 alii
275 4309 346 4363 ad
379 4309 523 4365 alios
555 4309 787 4363 fuerant
815 4309 1214 4364 missi.0mnis
1246 4325 1521 4380 namque,
1547 4310 1644 4380 qui
1671 4327 1800 4380 pro-

136 4405 278 4472 pter
307 4397 684 4470 Evangelium
718 4397 990 4464 mittitur,
1022 4397 1320 4469 apostolus
1370 4398 1603 4452 dicitur.
1651 4399 1799 4453 Sub-

129 4487 339 4558 junxit
368 4503 502 4542 vero
533 4503 795 4550 causam,
843 4503 1024 4558 quare
1061 4487 1257 4558 ipsum
1290 4485 1509 4552 mittat;
1545 4489 1801 4557 quoniam

136 4575 365 4649 quidem
388 4591 575 4631 omnes
607 4591 695 4630 vos
725 4574 1082 4630 desiderabat.
1116 4576 1185 4629 Et
1219 4575 1340 4628 haec
1372 4574 1500 4629 ideo
1534 4575 1692 4641 dicit,
1739 4586 1800 4630 ut

136 4664 410 4734 amplius
444 4664 514 4718 ab
548 4663 631 4717 eis
662 4663 786 4734 ipse
819 4663 1176 4735 diligeretur.

212 4751 500 4822 Sequitur
530 4768 544 4804 :
578 4753 642 4806 Et
666 4755 887 4808 mmstus
916 4757 1058 4819 erat,
1100 4757 1210 4808 etc.
1245 4771 1258 4807 :
1295 4753 1348 4806 id
1383 4757 1678 4820 cst,causa
1713 4771 1805 4807 ve-

141 4846 288 4897 stra:
322 4838 570 4894 tristitiae
611 4845 853 4896 mmstus
901 4847 1044 4909 erat,
1094 4857 1158 4896 eo
1210 4842 1364 4911 quod
1415 4858 1514 4896 vos
1563 4843 1806 4896 nimium

141 4929 422 4984 tristatos
449 4929 716 4984 audierat
764 4946 866 5000 pro
913 4928 1249 4984 inﬁrmitate
1300 4947 1426 4984 sua.
1483 4931 1594 4984 Hoc
1642 4929 1811 4985 taedio

144 5016 483 5087 Ioborabat,
518 5023 575 5072 et
603 5018 854 5073 nimium
887 5034 988 5073 vos
1019 5017 1212 5073 videre
1243 5018 1627 5074 desiderabat.

212 5122 499 5194 Sequitur
530 5139 543 5177 :
575 5123 716 5177 Nam
744 5124 1058 5192 inﬁrmatus
1096 5127 1174 5178 est
1221 5139 1385 5193 usque
1431 5123 1501 5177 ad
1545 5126 1799 5192 mortem,

138 5215 253 5266 etc.
280 5210 554 5266 Ostendit
606 5211 761 5265 enim
807 5211 900 5265 hic
953 5228 1060 5267 cur
1107 5211 1454 5266 tzediabatur
1478 5216 1534 5266 et
1568 5215 1803 5264 mcesta-

141 5299 635 5371 batur,quoniam
661 5298 720 5353 in
753 5299 853 5354 tali
878 5301 1252 5372 aegrotatione
1277 5317 1491 5372 magna
1508 5305 1648 5356 sunt
1667 5299 1813 5354 desi-

141 5388 308 5444 deria
337 5393 396 5444 et
435 5387 829 5443 vehementia.
881 5390 961 5444 Ad
1005 5397 1254 5457 mortem,
1308 5388 1519 5461 inquit,
1569 5395 1812 5458 aegrota-

438 5561 616 5632 Vulg.
649 5565 872 5633 conﬁdo.

245 5566 382 5621 1177
438 5566 616 5632 Vulg.
649 5566 872 5633 conﬁdo.

244 5637 386 5692 1178
441 5636 505 5691 In
541 5637 664 5687 aut.
698 5651 880 5708 marg.
914 5637 1010 5692 hic
1043 5636 1150 5702 leg.
1181 5653 1307 5707 cap.
1341 5636 1488 5690 VIII.

245 5710 386 5762 1179
445 5711 509 5760 In
539 5707 734 5775 eutog.
771 5723 950 5780 marg.
986 5707 1080 5762 hic
1111 5707 1221 5779 leg.
1255 5723 1379 5778 cap.
1416 5708 1484 5760 IX

245 5781 389 5834 1180
444 5777 512 5833 In
547 5781 741 5848 autog.
774 5793 956 5851 marg.
989 5779 1084 5834 hic
1111 5779 1224 5850 leg.
1259 5794 1382 5849 cap.
1414 5775 1480 5831 X.

245 5707 410 5780 1179)
445 5711 509 5780 in
539 5707 734 5775 autog.
771 5707 950 5780 marg.
986 5707 1080 5780 hic
1111 5707 1221 5780 leg.
1255 5723 1379 5778 cap.
1414 5708 1508 5780 [Χ.

245 5775 410 5850 1180)
444 5777 512 5833 In
547 5781 741 5848 autog.
774 5775 956 5853 marg.
989 5779 1084 5834 hic
1111 5775 1224 5850 leg.
1259 5775 1382 5849 cap.
1414 5775 1480 5831 X.

389 5567 410 5850 ἓ

1915 3623 2065 3677 didit
2093 3624 2341 3677 animam
2365 3638 2521 3677 suam
2565 3621 2708 3676 mihi
2759 3620 3047 3675 inhaarens
3101 3638 3166 3675 ac
3216 3619 3475 3676 serviens
3510 3620 3570 3676 in

1915 3711 2190 3778 vinculis;
2218 3711 2334 3766 sive
2368 3710 2685 3766 liberaliter
2715 3711 3036 3781 prredicans
3072 3727 3084 3764 :
3120 3711 3378 3764 Animam
3419 3726 3578 3765 suam

1915 3801 1982 3855 ad
2011 3804 2256 3866 mortem,
2293 3801 2613 3855 secundum
2647 3798 2788 3854 illud
2825 3816 2838 3854 :
2873 3799 3296 3870 Quiperdiderit
3316 3800 3571 3854 animam

1911 3906 2092 3956 suam,
2143 3895 2250 3944 etc.
2303 3890 2492 3960 (Marc.
2547 3907 2667 3960 vui,
2726 3890 2824 3953 35;
2877 3889 3057 3943 Matth.
3111 3905 3224 3958 XVI,
3282 3891 3385 3954 25;

3321 3891 3348 3906 μιν

3441 3890 3476 3942 L
3489 3905 3574 3946 uc.

1921 3997 2058 4047 xvu,
2093 3980 2204 4050 33).

1985 4086 2264 4156 Sequitur
2297 4104 2308 4141 :
2347 4087 2408 4141 Ut
2441 4086 2690 4150 impleret
2738 4084 2794 4137 id
2841 4083 2981 4154 quod
3027 4085 3198 4146 vobis,
3249 4088 3355 4137 etc.
3402 4084 3480 4135 Ac
3523 4085 3576 4138 si

1914 4176 2072 4230 dicat
2104 4190 2118 4228 :
2148 4175 2294 4239 Quia
2316 4190 2420 4243 ego
2462 4174 2519 4226 in
2553 4172 2682 4226 aliis
2706 4176 3023 4241 occupatus
3049 4172 3150 4236 fui,
3185 4170 3280 4225 ille
3313 4169 3571 4238 comple-

1916 4264 1996 4318 vit
2040 4264 2195 4333 quod
2246 4277 2373 4316 meo
2426 4261 2612 4315 defuit
2661 4259 2962 4328 obsequio.
2997 4258 3226 4312 Aliter:
3261 4259 3388 4328 Ipse
3431 4257 3576 4313 mihi

1919 4368 2021 4424 pro
2054 4350 2213 4406 vobis
2241 4349 2495 4404 servivit.

1991 4458 2171 4528 (1179)
2205 4458 2362 4527 (Cap.
2405 4455 2524 4525 Ill.)
2576 4452 2848 4524 Sequitur
2901 4470 2912 4507 :
2968 4453 3041 4506 De
3088 4461 3304 4520 cetera,
3355 4453 3576 4523 fratres,

1915 4547 2140 4618 gaudete
2170 4547 2229 4600 in
2258 4546 2520 4604 Domino;
2552 4543 2608 4598 id
2633 4547 2742 4607 est,
2774 4558 2885 4595 non
2921 4541 2977 4595 in
3011 4541 3251 4595 mundo.

1839 4692 1883 4754 Β
1983 4662 2256 4731 Sequitur
2284 4678 2295 4714 :
2332 4661 2536 4715 Eadem
2569 4658 2711 4712 mihi
2743 4659 3000 4720 scribere,
3025 4661 3131 4710 etc.
3163 4657 3218 4710 Id
3255 4655 3573 4720 est,eadem

1921 4767 2046 4820 quin
2080 4750 2248 4803 docui
2283 4751 2423 4804 mihi
2452 4767 2555 4804 non
2589 4753 2664 4804 est
2692 4749 2912 4818 pigrum
2940 4745 3211 4806 scribere;
3244 4745 3380 4816 quia
3408 4745 3574 4801 vobis

1919 4837 2181 4909 intelligo
2206 4841 2584 4893 necessarium
2609 4843 2843 4909 propter
2875 4835 3048 4891 falsos
3070 4833 3574 4907 pra:dicatores,de

1920 4927 2134 4998 quibus
2165 4933 2218 4980 et
2251 4927 2546 4981 subditur.

1993 5033 2176 5104 (1180)
2229 5034 2552 5104 Sequitur:
2608 5035 2782 5088 Videte
2833 5050 3009 5098 canes,
3065 5037 3175 5086 etc.
3228 5031 3329 5085 His
3378 5032 3575 5087 verbis

1921 5125 2119 5175 monet
2140 5126 2205 5174 ut
2227 5138 2260 5174 a
2280 5121 2498 5175 Judaeis
2521 5121 2960 5175 mmulatoribus
2984 5119 3126 5189 legis
3143 5134 3202 5174 se
3225 5123 3576 5190 temperent;

1921 5225 1985 5263 eo
2011 5209 2161 5279 quod
2186 5207 2305 5262 sint
2325 5208 2572 5278 operarii
2598 5209 2926 5280 iniquitatis
2952 5225 2964 5262 :
2992 5224 3126 5261 nam
3148 5207 3303 5277 quod
3326 5205 3578 5277 apostoli

1920 5296 2306 5360 aediﬁcabant,
2340 5296 2478 5364 quia
2508 5296 2757 5352 salutem
2791 5297 2846 5350 in
2882 5295 3156 5366 operibus
3189 5294 3334 5365 legis
3374 5296 3577 5350 crede-

1921 5386 2083 5449 bant,
2115 5383 2225 5453 ipsi
2260 5384 2559 5437 destruere
2590 5387 2774 5453 (1181)
2805 5384 3185 5439 conabantur.

1993 5557 2308 5630 (1181)Hoc
2341 5559 2602 5626 verbum,
2634 5562 2810 5630 ipsi...
2842 5561 3137 5625 destruere,
3172 5561 3323 5629 quod
3358 5577 3570 5618 sensus

1923 5632 2159 5686 omnino
2190 5631 2552 5698 exposcebat,
2576 5637 2630 5684 et
2658 5631 2716 5683 in
2751 5635 2942 5700 autog.
2979 5630 3363 5697 desideratur,
3390 5634 3567 5687 etiam

1927 5700 2270 5773 temeritatis
2294 5707 2439 5755 nota:
2473 5702 2965 5773 periculo,adderc
2987 5717 3167 5754 ausus
3190 5717 3318 5752 sum
3336 5716 3354 5773 _:
3381 5704 3520 5769 quia
3540 5721 3572 5757 a

1927 5773 2060 5825 divo
2093 5770 2687 5846 Hierou.,seu—potius
2721 5773 2934 5843 Pelagii
2968 5770 3394 5824 commentario
3425 5790 3572 5844 expc
