  <div class='ocr_page' id='page_1' title='image "/cluster/home/n/w/nwhite01/storage/ocr_20150623/134-135/uva.x000829784/347.png"; bbox 0 0 3978 6210; ppageno 0'>
   <div class='ocr_carea' id='block_1_1' title="bbox 345 420 464 481">
    <p class='ocr_par' dir='ltr' id='par_1_1' title="bbox 345 420 464 481">
     <span class='ocr_line' id='line_1_1' title="bbox 345 420 464 481; baseline 0.008 -1"><span class='ocrx_word' id='word_1_1' title='bbox 345 420 464 481; x_wconf 83' lang='grc'>599</span> 
     </span>
    </p>
   </div>
   <div class='ocr_carea' id='block_1_2' title="bbox 1367 420 2738 483">
    <p class='ocr_par' dir='ltr' id='par_1_2' title="bbox 1367 420 2738 483">
     <span class='ocr_line' id='line_1_2' title="bbox 1367 420 2738 483; baseline 0.001 -3"><span class='ocrx_word' id='word_1_2' title='bbox 1367 421 1705 482; x_wconf 85' lang='lat' dir='ltr'>ATTONIS</span> <span class='ocrx_word' id='word_1_3' title='bbox 1749 420 2336 482; x_wconf 82' lang='lat' dir='ltr'>VERCELLENSIS</span> <span class='ocrx_word' id='word_1_4' title='bbox 2383 420 2738 483; x_wconf 86' lang='lat' dir='ltr'>EPlSCOPl</span> 
     </span>
    </p>
   </div>
   <div class='ocr_carea' id='block_1_3' title="bbox 3645 422 3778 487">
    <p class='ocr_par' dir='ltr' id='par_1_3' title="bbox 3645 422 3778 487">
     <span class='ocr_line' id='line_1_3' title="bbox 3645 422 3778 487; baseline 0.045 -6"><span class='ocrx_word' id='word_1_5' title='bbox 3645 422 3778 487; x_wconf 81' lang='lat'>600</span> 
     </span>
    </p>
   </div>
   <div class='ocr_carea' id='block_1_4' title="bbox 415 550 3777 626">
    <p class='ocr_par' dir='ltr' id='par_1_4' title="bbox 415 550 3777 626">
     <span class='ocr_line' id='line_1_4' title="bbox 415 550 3777 626; baseline 0.001 -19"><span class='ocrx_word' id='word_1_6' title='bbox 415 552 690 624; x_wconf 83' lang='lat' dir='ltr'>Sequitur</span> <span class='ocrx_word' id='word_1_7' title='bbox 721 568 733 606; x_wconf 92' lang='lat'>:</span> <span class='ocrx_word' id='word_1_8' title='bbox 773 551 967 608; x_wconf 79' lang='lat' dir='ltr'>Videte</span> <span class='ocrx_word' id='word_1_9' title='bbox 994 551 1353 606; x_wconf 84' lang='lat' dir='ltr'>concisionem</span> <span class='ocrx_word' id='word_1_10' title='bbox 1384 550 1742 622; x_wconf 81' lang='lat' dir='ltr'><strong>(1182).Quid</strong></span> <span class='ocrx_word' id='word_1_11' title='bbox 1768 555 1857 606; x_wconf 90' lang='lat' dir='ltr'>est</span> <span class='ocrx_word' id='word_1_12' title='bbox 1877 568 1983 606; x_wconf 91' lang='lat' dir='ltr'>con</span> <span class='ocrx_word' id='word_1_13' title='bbox 2014 554 2069 619; x_wconf 82' lang='grc' dir='ltr'><strong>Α</strong></span> <span class='ocrx_word' id='word_1_14' title='bbox 2170 551 2444 624; x_wconf 84' lang='lat' dir='ltr'>Sequitur</span> <span class='ocrx_word' id='word_1_15' title='bbox 2476 569 2489 607; x_wconf 96' lang='lat'>:</span> <span class='ocrx_word' id='word_1_16' title='bbox 2524 551 2586 607; x_wconf 91' lang='lat' dir='ltr'>Si</span> <span class='ocrx_word' id='word_1_17' title='bbox 2631 568 2735 623; x_wconf 87' lang='lat' dir='ltr'>quo</span> <span class='ocrx_word' id='word_1_18' title='bbox 2786 552 2945 609; x_wconf 88' lang='lat' dir='ltr'>modo</span> <span class='ocrx_word' id='word_1_19' title='bbox 2988 567 3300 622; x_wconf 85' lang='lat' dir='ltr'>occurram,</span> <span class='ocrx_word' id='word_1_20' title='bbox 3332 557 3443 609; x_wconf 91' lang='lat' dir='ltr'>etc.</span> <span class='ocrx_word' id='word_1_21' title='bbox 3477 568 3493 609; x_wconf 91' lang='lat'>:</span> <span class='ocrx_word' id='word_1_22' title='bbox 3528 554 3601 610; x_wconf 90' lang='lat' dir='ltr'>ad</span> <span class='ocrx_word' id='word_1_23' title='bbox 3633 570 3777 626; x_wconf 85' lang='lat' dir='ltr'>per-</span> 
     </span>
    </p>
   </div>
   <div class='ocr_carea' id='block_1_5' title="bbox 348 639 1994 712">
    <p class='ocr_par' dir='ltr' id='par_1_5' title="bbox 348 639 1994 712">
     <span class='ocr_line' id='line_1_5' title="bbox 348 639 1994 712; baseline -0.002 -16"><span class='ocrx_word' id='word_1_24' title='bbox 348 640 631 708; x_wconf 89' lang='lat' dir='ltr'>cisio,nisi</span> <span class='ocrx_word' id='word_1_25' title='bbox 664 640 970 712; x_wconf 77' lang='lat' dir='ltr'>praecisio?</span> <span class='ocrx_word' id='word_1_26' title='bbox 1016 645 1124 694; x_wconf 87' lang='lat' dir='ltr'>Eos</span> <span class='ocrx_word' id='word_1_27' title='bbox 1174 639 1329 693; x_wconf 91' lang='lat' dir='ltr'>enim</span> <span class='ocrx_word' id='word_1_28' title='bbox 1378 639 1665 711; x_wconf 82' lang='lat' dir='ltr'>designat,</span> <span class='ocrx_word' id='word_1_29' title='bbox 1701 639 1798 710; x_wconf 87' lang='lat' dir='ltr'>qui</span> <span class='ocrx_word' id='word_1_30' title='bbox 1848 639 1994 694; x_wconf 91' lang='lat' dir='ltr'>invi-</span> 
     </span>
    </p>
   </div>
   <div class='ocr_carea' id='block_1_6' title="bbox 350 726 1995 800">
    <p class='ocr_par' dir='ltr' id='par_1_6' title="bbox 350 726 1995 800">
     <span class='ocr_line' id='line_1_6' title="bbox 350 726 1995 800; baseline 0 -17"><span class='ocrx_word' id='word_1_31' title='bbox 350 729 550 784; x_wconf 90' lang='lat' dir='ltr'>dentes</span> <span class='ocrx_word' id='word_1_32' title='bbox 580 729 873 800; x_wconf 80' lang='lat' dir='ltr'>gentibus,</span> <span class='ocrx_word' id='word_1_33' title='bbox 903 728 1182 800; x_wconf 82' lang='lat' dir='ltr'>pravitate</span> <span class='ocrx_word' id='word_1_34' title='bbox 1212 726 1580 798; x_wconf 88' lang='lat' dir='ltr'>eloquiorum</span> <span class='ocrx_word' id='word_1_35' title='bbox 1608 745 1849 783; x_wconf 90' lang='lat' dir='ltr'>suorum</span> <span class='ocrx_word' id='word_1_36' title='bbox 1868 744 1995 799; x_wconf 90' lang='lat' dir='ltr'>per-</span> 
     </span>
    </p>
   </div>
   <div class='ocr_carea' id='block_1_7' title="bbox 2105 641 3775 713">
    <p class='ocr_par' dir='ltr' id='par_1_7' title="bbox 2105 641 3775 713">
     <span class='ocr_line' id='line_1_7' title="bbox 2105 641 3775 713; baseline 0.002 -18"><span class='ocrx_word' id='word_1_37' title='bbox 2105 641 2387 696; x_wconf 79' lang='lat' dir='ltr'>fectorum</span> <span class='ocrx_word' id='word_1_38' title='bbox 2420 641 2906 697; x_wconf 81' lang='lat' dir='ltr'>resurrectionem</span> <span class='ocrx_word' id='word_1_39' title='bbox 2960 641 3123 713; x_wconf 86' lang='lat' dir='ltr'>dicit,</span> <span class='ocrx_word' id='word_1_40' title='bbox 3157 659 3275 697; x_wconf 92' lang='lat' dir='ltr'>non</span> <span class='ocrx_word' id='word_1_41' title='bbox 3324 642 3616 699; x_wconf 87' lang='lat' dir='ltr'>malorum</span> <span class='ocrx_word' id='word_1_42' title='bbox 3667 660 3775 699; x_wconf 88' lang='lat' dir='ltr'>so-</span> 
     </span>
    </p>
   </div>
   <div class='ocr_carea' id='block_1_8' title="bbox 2106 729 3777 803">
    <p class='ocr_par' dir='ltr' id='par_1_8' title="bbox 2106 729 3777 803">
     <span class='ocr_line' id='line_1_8' title="bbox 2106 729 3777 803; baseline 0.002 -18"><span class='ocrx_word' id='word_1_43' title='bbox 2106 730 2395 785; x_wconf 89' lang='lat' dir='ltr'>cietatem.</span> <span class='ocrx_word' id='word_1_44' title='bbox 2440 729 2618 785; x_wconf 86' lang='lat' dir='ltr'>Docet</span> <span class='ocrx_word' id='word_1_45' title='bbox 2644 729 2802 784; x_wconf 89' lang='lat' dir='ltr'>enim</span> <span class='ocrx_word' id='word_1_46' title='bbox 2834 729 2985 801; x_wconf 91' lang='lat' dir='ltr'>quod</span> <span class='ocrx_word' id='word_1_47' title='bbox 3022 729 3072 785; x_wconf 88' lang='lat' dir='ltr'>si</span> <span class='ocrx_word' id='word_1_48' title='bbox 3104 730 3165 785; x_wconf 93' lang='lat' dir='ltr'>in</span> <span class='ocrx_word' id='word_1_49' title='bbox 3195 730 3314 786; x_wconf 88' lang='lat' dir='ltr'>vita</span> <span class='ocrx_word' id='word_1_50' title='bbox 3343 732 3487 786; x_wconf 84' lang='lat' dir='ltr'>socii</span> <span class='ocrx_word' id='word_1_51' title='bbox 3536 733 3777 803; x_wconf 60' lang='lat' dir='ltr'>passio-</span> 
     </span>
    </p>
   </div>
   <div class='ocr_carea' id='block_1_9' title="bbox 350 815 3779 884">
    <p class='ocr_par' dir='ltr' id='par_1_9' title="bbox 350 815 3779 884">
     <span class='ocr_line' id='line_1_9' title="bbox 350 815 3779 884; baseline 0.002 -13"><span class='ocrx_word' id='word_1_52' title='bbox 350 820 643 872; x_wconf 79' lang='lat' dir='ltr'>verterant</span> <span class='ocrx_word' id='word_1_53' title='bbox 675 815 930 879; x_wconf 80' lang='lat' dir='ltr'>Galatas,</span> <span class='ocrx_word' id='word_1_54' title='bbox 965 816 1278 871; x_wconf 88' lang='lat' dir='ltr'>suadentes</span> <span class='ocrx_word' id='word_1_55' title='bbox 1309 815 1997 883; x_wconf 88' lang='lat' dir='ltr'>circumcisionem.Quos</span> <span class='ocrx_word' id='word_1_56' title='bbox 2109 819 2200 873; x_wconf 88' lang='lat' dir='ltr'>nis</span> <span class='ocrx_word' id='word_1_57' title='bbox 2228 818 2601 884; x_wconf 87' lang='lat' dir='ltr'>fuerimus,in</span> <span class='ocrx_word' id='word_1_58' title='bbox 2634 818 3061 875; x_wconf 85' lang='lat' dir='ltr'>resurrectione</span> <span class='ocrx_word' id='word_1_59' title='bbox 3083 819 3236 874; x_wconf 91' lang='lat' dir='ltr'>obvii</span> <span class='ocrx_word' id='word_1_60' title='bbox 3267 819 3515 877; x_wconf 91' lang='lat' dir='ltr'>Domino</span> <span class='ocrx_word' id='word_1_61' title='bbox 3546 822 3779 878; x_wconf 82' lang='lat' dir='ltr'>erimus</span> 
     </span>
    </p>
   </div>
   <div class='ocr_carea' id='block_1_10' title="bbox 348 904 1997 976">
    <p class='ocr_par' dir='ltr' id='par_1_10' title="bbox 348 904 1997 976">
     <span class='ocr_line' id='line_1_10' title="bbox 348 904 1997 976; baseline 0 -16"><span class='ocrx_word' id='word_1_62' title='bbox 348 905 495 961; x_wconf 86' lang='lat' dir='ltr'>bene</span> <span class='ocrx_word' id='word_1_63' title='bbox 524 921 679 961; x_wconf 86' lang='lat' dir='ltr'>canes</span> <span class='ocrx_word' id='word_1_64' title='bbox 706 909 890 971; x_wconf 90' lang='lat' dir='ltr'>vocat,</span> <span class='ocrx_word' id='word_1_65' title='bbox 922 905 1019 976; x_wconf 90' lang='lat' dir='ltr'>qui</span> <span class='ocrx_word' id='word_1_66' title='bbox 1054 904 1309 976; x_wconf 91' lang='lat' dir='ltr'>primum</span> <span class='ocrx_word' id='word_1_67' title='bbox 1342 904 1585 976; x_wconf 85' lang='lat' dir='ltr'>latrant,</span> <span class='ocrx_word' id='word_1_68' title='bbox 1613 905 1822 960; x_wconf 90' lang='lat' dir='ltr'>deinde</span> <span class='ocrx_word' id='word_1_69' title='bbox 1844 923 1997 960; x_wconf 92' lang='lat' dir='ltr'>mor-</span> 
     </span>
    </p>
   </div>
   <div class='ocr_carea' id='block_1_11' title="bbox 349 994 1170 1049">
    <p class='ocr_par' dir='ltr' id='par_1_11' title="bbox 349 994 1170 1049">
     <span class='ocr_line' id='line_1_11' title="bbox 349 994 1170 1049; baseline -0.004 0"><span class='ocrx_word' id='word_1_70' title='bbox 349 1011 420 1049; x_wconf 91' lang='lat' dir='ltr'>su</span> <span class='ocrx_word' id='word_1_71' title='bbox 454 1012 600 1049; x_wconf 68' lang='lat' dir='ltr'>saevo</span> <span class='ocrx_word' id='word_1_72' title='bbox 632 994 888 1049; x_wconf 89' lang='lat' dir='ltr'>lacerant</span> <span class='ocrx_word' id='word_1_73' title='bbox 917 1008 1170 1047; x_wconf 89' lang='lat' dir='ltr'>carnem.</span> 
     </span>
    </p>
   </div>
   <div class='ocr_carea' id='block_1_12' title="bbox 420 1082 2004 1154">
    <p class='ocr_par' dir='ltr' id='par_1_12' title="bbox 420 1082 2004 1154">
     <span class='ocr_line' id='line_1_12' title="bbox 420 1082 2004 1154; baseline 0.001 -18"><span class='ocrx_word' id='word_1_74' title='bbox 420 1083 695 1152; x_wconf 89' lang='lat' dir='ltr'>Sequitur</span> <span class='ocrx_word' id='word_1_75' title='bbox 728 1100 741 1137; x_wconf 96' lang='lat'>:</span> <span class='ocrx_word' id='word_1_76' title='bbox 773 1086 881 1138; x_wconf 86' lang='lat' dir='ltr'>Nos</span> <span class='ocrx_word' id='word_1_77' title='bbox 912 1084 1061 1136; x_wconf 86' lang='lat' dir='ltr'>enim</span> <span class='ocrx_word' id='word_1_78' title='bbox 1080 1098 1267 1137; x_wconf 85' lang='lat' dir='ltr'>sumus</span> <span class='ocrx_word' id='word_1_79' title='bbox 1285 1082 1760 1153; x_wconf 84' lang='lat' dir='ltr'>circumcisio,qui</span> <span class='ocrx_word' id='word_1_80' title='bbox 1776 1084 2004 1154; x_wconf 78' lang='lat' dir='ltr'>spiritui</span> 
     </span>
    </p>
   </div>
   <div class='ocr_carea' id='block_1_13' title="bbox 350 1170 2001 1241">
    <p class='ocr_par' dir='ltr' id='par_1_13' title="bbox 350 1170 2001 1241">
     <span class='ocr_line' id='line_1_13' title="bbox 350 1170 2001 1241; baseline 0.001 -18"><span class='ocrx_word' id='word_1_81' title='bbox 350 1171 446 1225; x_wconf 86' lang='lat' dir='ltr'>Dei</span> <span class='ocrx_word' id='word_1_82' title='bbox 492 1172 674 1241; x_wconf 77' lang='lat'><strong>(1183)</strong></span> <span class='ocrx_word' id='word_1_83' title='bbox 721 1173 1005 1225; x_wconf 83' lang='lat' dir='ltr'>servimus.</span> <span class='ocrx_word' id='word_1_84' title='bbox 1062 1170 1140 1225; x_wconf 91' lang='lat' dir='ltr'>De</span> <span class='ocrx_word' id='word_1_85' title='bbox 1189 1187 1255 1225; x_wconf 91' lang='lat' dir='ltr'>eo</span> <span class='ocrx_word' id='word_1_86' title='bbox 1307 1172 1461 1241; x_wconf 92' lang='lat' dir='ltr'>quod</span> <span class='ocrx_word' id='word_1_87' title='bbox 1522 1170 1736 1227; x_wconf 85' lang='lat' dir='ltr'>Christi</span> <span class='ocrx_word' id='word_1_88' title='bbox 1795 1171 2001 1226; x_wconf 84' lang='lat' dir='ltr'>famuli</span> 
     </span>
    </p>
   </div>
   <div class='ocr_carea' id='block_1_14' title="bbox 351 1258 2003 1315">
    <p class='ocr_par' dir='ltr' id='par_1_14' title="bbox 351 1258 2003 1315">
     <span class='ocr_line' id='line_1_14' title="bbox 351 1258 2003 1315; baseline 0.001 -3"><span class='ocrx_word' id='word_1_89' title='bbox 351 1258 779 1314; x_wconf 86' lang='lat' dir='ltr'>circumcidunt</span> <span class='ocrx_word' id='word_1_90' title='bbox 807 1276 1011 1315; x_wconf 92' lang='lat' dir='ltr'>omnes</span> <span class='ocrx_word' id='word_1_91' title='bbox 1043 1276 1253 1314; x_wconf 82' lang='lat' dir='ltr'>sensus</span> <span class='ocrx_word' id='word_1_92' title='bbox 1284 1277 1441 1315; x_wconf 90' lang='lat' dir='ltr'>suos.</span> <span class='ocrx_word' id='word_1_93' title='bbox 1476 1262 1553 1314; x_wconf 83' lang='lat' dir='ltr'>Ac</span> <span class='ocrx_word' id='word_1_94' title='bbox 1584 1259 1633 1314; x_wconf 86' lang='lat' dir='ltr'>si</span> <span class='ocrx_word' id='word_1_95' title='bbox 1665 1261 1854 1315; x_wconf 88' lang='lat' dir='ltr'>dicat:</span> <span class='ocrx_word' id='word_1_96' title='bbox 1881 1260 2003 1315; x_wconf 89' lang='lat' dir='ltr'>Cir-</span> 
     </span>
    </p>
   </div>
   <div class='ocr_carea' id='block_1_15' title="bbox 349 1348 2002 1405">
    <p class='ocr_par' dir='ltr' id='par_1_15' title="bbox 349 1348 2002 1405">
     <span class='ocr_line' id='line_1_15' title="bbox 349 1348 2002 1405; baseline 0.001 -3"><span class='ocrx_word' id='word_1_97' title='bbox 349 1348 748 1403; x_wconf 89' lang='lat' dir='ltr'>cumcidimus</span> <span class='ocrx_word' id='word_1_98' title='bbox 777 1348 933 1403; x_wconf 90' lang='lat' dir='ltr'>enim</span> <span class='ocrx_word' id='word_1_99' title='bbox 956 1364 1128 1403; x_wconf 90' lang='lat' dir='ltr'>omne</span> <span class='ocrx_word' id='word_1_100' title='bbox 1158 1348 1379 1403; x_wconf 88' lang='lat' dir='ltr'>malum</span> <span class='ocrx_word' id='word_1_101' title='bbox 1403 1366 1436 1402; x_wconf 91' lang='lat' dir='ltr'>a</span> <span class='ocrx_word' id='word_1_102' title='bbox 1460 1349 1735 1403; x_wconf 89' lang='lat' dir='ltr'>cordibus</span> <span class='ocrx_word' id='word_1_103' title='bbox 1767 1348 2002 1405; x_wconf 90' lang='lat' dir='ltr'>nostris:</span> 
     </span>
    </p>
   </div>
   <div class='ocr_carea' id='block_1_16' title="bbox 358 1434 1723 1508">
    <p class='ocr_par' dir='ltr' id='par_1_16' title="bbox 358 1434 1723 1508">
     <span class='ocr_line' id='line_1_16' title="bbox 358 1434 1723 1508; baseline 0.002 -19"><span class='ocrx_word' id='word_1_104' title='bbox 358 1434 445 1490; x_wconf 89' lang='lat' dir='ltr'>illi</span> <span class='ocrx_word' id='word_1_105' title='bbox 479 1440 674 1492; x_wconf 89' lang='lat' dir='ltr'>autem</span> <span class='ocrx_word' id='word_1_106' title='bbox 708 1438 885 1493; x_wconf 91' lang='lat' dir='ltr'>unius</span> <span class='ocrx_word' id='word_1_107' title='bbox 916 1437 1163 1492; x_wconf 85' lang='lat' dir='ltr'>membri</span> <span class='ocrx_word' id='word_1_108' title='bbox 1186 1437 1460 1492; x_wconf 81' lang='lat' dir='ltr'>auferunt</span> <span class='ocrx_word' id='word_1_109' title='bbox 1492 1436 1723 1508; x_wconf 91' lang='lat' dir='ltr'>pellem.</span> 
     </span>
    </p>
   </div>
   <div class='ocr_carea' id='block_1_17' title="bbox 430 1525 2007 1597">
    <p class='ocr_par' dir='ltr' id='par_1_17' title="bbox 430 1525 2007 1597">
     <span class='ocr_line' id='line_1_17' title="bbox 430 1525 2007 1597; baseline -0.003 -16"><span class='ocrx_word' id='word_1_110' title='bbox 430 1526 707 1597; x_wconf 87' lang='lat' dir='ltr'>Sequitur</span> <span class='ocrx_word' id='word_1_111' title='bbox 739 1542 752 1581; x_wconf 90' lang='lat'>:</span> <span class='ocrx_word' id='word_1_112' title='bbox 784 1530 859 1580; x_wconf 83' lang='lat' dir='ltr'>Et</span> <span class='ocrx_word' id='word_1_113' title='bbox 885 1527 1208 1595; x_wconf 77' lang='lat' dir='ltr'>gloriamur.</span> <span class='ocrx_word' id='word_1_114' title='bbox 1258 1525 1531 1597; x_wconf 87' lang='lat' dir='ltr'>Nunquid</span> <span class='ocrx_word' id='word_1_115' title='bbox 1567 1526 1625 1580; x_wconf 92' lang='lat' dir='ltr'>in</span> <span class='ocrx_word' id='word_1_116' title='bbox 1655 1525 1822 1597; x_wconf 84' lang='lat' dir='ltr'>lege?</span> <span class='ocrx_word' id='word_1_117' title='bbox 1860 1525 2007 1584; x_wconf 87' lang='lat' dir='ltr'>Non.</span> 
     </span>
    </p>
   </div>
   <div class='ocr_carea' id='block_1_18' title="bbox 350 1613 2012 1683">
    <p class='ocr_par' dir='ltr' id='par_1_18' title="bbox 350 1613 2012 1683">
     <span class='ocr_line' id='line_1_18' title="bbox 350 1613 2012 1683; baseline 0.001 -15"><span class='ocrx_word' id='word_1_118' title='bbox 350 1615 469 1669; x_wconf 91' lang='lat' dir='ltr'>Sed</span> <span class='ocrx_word' id='word_1_119' title='bbox 502 1615 559 1667; x_wconf 90' lang='lat' dir='ltr'>in</span> <span class='ocrx_word' id='word_1_120' title='bbox 593 1613 821 1669; x_wconf 90' lang='lat' dir='ltr'>Christo</span> <span class='ocrx_word' id='word_1_121' title='bbox 851 1614 1013 1683; x_wconf 85' lang='lat' dir='ltr'>Jesu,</span> <span class='ocrx_word' id='word_1_122' title='bbox 1060 1619 1110 1669; x_wconf 89' lang='lat' dir='ltr'>et</span> <span class='ocrx_word' id='word_1_123' title='bbox 1150 1632 1262 1669; x_wconf 81' lang='lat' dir='ltr'>non</span> <span class='ocrx_word' id='word_1_124' title='bbox 1312 1617 1368 1668; x_wconf 89' lang='lat' dir='ltr'>in</span> <span class='ocrx_word' id='word_1_125' title='bbox 1417 1631 1583 1669; x_wconf 84' lang='lat' dir='ltr'>carne</span> <span class='ocrx_word' id='word_1_126' title='bbox 1623 1615 1881 1683; x_wconf 80' lang='lat' dir='ltr'>ﬁduciam</span> <span class='ocrx_word' id='word_1_127' title='bbox 1909 1615 2012 1670; x_wconf 81' lang='lat' dir='ltr'>ha-</span> 
     </span>
    </p>
   </div>
   <div class='ocr_carea' id='block_1_19' title="bbox 370 1702 2012 1774">
    <p class='ocr_par' dir='ltr' id='par_1_19' title="bbox 370 1702 2012 1774">
     <span class='ocr_line' id='line_1_19' title="bbox 370 1702 2012 1774; baseline -0.001 -16"><span class='ocrx_word' id='word_1_128' title='bbox 370 1702 651 1759; x_wconf 82' lang='lat' dir='ltr'>bentes:id</span> <span class='ocrx_word' id='word_1_129' title='bbox 682 1706 911 1772; x_wconf 91' lang='lat' dir='ltr'>est,non</span> <span class='ocrx_word' id='word_1_130' title='bbox 940 1703 1226 1758; x_wconf 78' lang='lat' dir='ltr'>habemus</span> <span class='ocrx_word' id='word_1_131' title='bbox 1257 1720 1420 1774; x_wconf 89' lang='lat' dir='ltr'>spem</span> <span class='ocrx_word' id='word_1_132' title='bbox 1444 1703 1502 1757; x_wconf 92' lang='lat' dir='ltr'>in</span> <span class='ocrx_word' id='word_1_133' title='bbox 1524 1703 1740 1759; x_wconf 88' lang='lat' dir='ltr'>carnali</span> <span class='ocrx_word' id='word_1_134' title='bbox 1764 1702 2012 1758; x_wconf 90' lang='lat' dir='ltr'>circum-</span> 
     </span>
    </p>
   </div>
   <div class='ocr_carea' id='block_1_20' title="bbox 372 1791 2016 1863">
    <p class='ocr_par' dir='ltr' id='par_1_20' title="bbox 372 1791 2016 1863">
     <span class='ocr_line' id='line_1_20' title="bbox 372 1791 2016 1863; baseline -0.001 -16"><span class='ocrx_word' id='word_1_135' title='bbox 372 1792 610 1858; x_wconf 89' lang='lat' dir='ltr'>cisione,</span> <span class='ocrx_word' id='word_1_136' title='bbox 644 1793 797 1847; x_wconf 88' lang='lat' dir='ltr'>sicut</span> <span class='ocrx_word' id='word_1_137' title='bbox 825 1792 929 1859; x_wconf 89' lang='lat' dir='ltr'>illi,</span> <span class='ocrx_word' id='word_1_138' title='bbox 958 1792 1055 1863; x_wconf 91' lang='lat' dir='ltr'>qui</span> <span class='ocrx_word' id='word_1_139' title='bbox 1088 1792 1146 1846; x_wconf 92' lang='lat' dir='ltr'>in</span> <span class='ocrx_word' id='word_1_140' title='bbox 1178 1807 1246 1846; x_wconf 88' lang='lat' dir='ltr'>ea</span> <span class='ocrx_word' id='word_1_141' title='bbox 1270 1791 1649 1846; x_wconf 91' lang='lat' dir='ltr'>salvationem</span> <span class='ocrx_word' id='word_1_142' title='bbox 1681 1807 1850 1847; x_wconf 89' lang='lat' dir='ltr'>suam</span> <span class='ocrx_word' id='word_1_143' title='bbox 1894 1791 2016 1848; x_wconf 91' lang='lat' dir='ltr'>col-</span> 
     </span>
    </p>
   </div>
   <div class='ocr_carea' id='block_1_21' title="bbox 361 1880 2011 1952">
    <p class='ocr_par' dir='ltr' id='par_1_21' title="bbox 361 1880 2011 1952">
     <span class='ocr_line' id='line_1_21' title="bbox 361 1880 2011 1952; baseline 0.001 -17"><span class='ocrx_word' id='word_1_144' title='bbox 361 1880 576 1937; x_wconf 91' lang='lat' dir='ltr'>locant.</span> <span class='ocrx_word' id='word_1_145' title='bbox 616 1881 681 1936; x_wconf 88' lang='lat' dir='ltr'>Et</span> <span class='ocrx_word' id='word_1_146' title='bbox 711 1897 782 1936; x_wconf 92' lang='lat' dir='ltr'>ne</span> <span class='ocrx_word' id='word_1_147' title='bbox 812 1881 1147 1935; x_wconf 89' lang='lat' dir='ltr'>viderentur</span> <span class='ocrx_word' id='word_1_148' title='bbox 1177 1880 1249 1935; x_wconf 94' lang='lat' dir='ltr'>ob</span> <span class='ocrx_word' id='word_1_149' title='bbox 1279 1880 1388 1936; x_wconf 92' lang='lat' dir='ltr'>hoc</span> <span class='ocrx_word' id='word_1_150' title='bbox 1419 1881 1629 1947; x_wconf 91' lang='lat' dir='ltr'>dicere,</span> <span class='ocrx_word' id='word_1_151' title='bbox 1672 1880 1841 1952; x_wconf 90' lang='lat' dir='ltr'>quasi</span> <span class='ocrx_word' id='word_1_152' title='bbox 1888 1881 2011 1952; x_wconf 91' lang='lat' dir='ltr'>ipse</span> 
     </span>
    </p>
   </div>
   <div class='ocr_carea' id='block_1_22' title="bbox 360 1969 2008 2041">
    <p class='ocr_par' dir='ltr' id='par_1_22' title="bbox 360 1969 2008 2041">
     <span class='ocr_line' id='line_1_22' title="bbox 360 1969 2008 2041; baseline 0 -17"><span class='ocrx_word' id='word_1_153' title='bbox 360 1986 478 2024; x_wconf 92' lang='lat' dir='ltr'>non</span> <span class='ocrx_word' id='word_1_154' title='bbox 504 1969 807 2025; x_wconf 91' lang='lat' dir='ltr'>habuisset</span> <span class='ocrx_word' id='word_1_155' title='bbox 836 1986 1073 2025; x_wconf 89' lang='lat' dir='ltr'>causam</span> <span class='ocrx_word' id='word_1_156' title='bbox 1106 1969 1417 2041; x_wconf 86' lang='lat' dir='ltr'>gloriandi,</span> <span class='ocrx_word' id='word_1_157' title='bbox 1450 1969 1753 2039; x_wconf 87' lang='lat' dir='ltr'>subjunxit</span> <span class='ocrx_word' id='word_1_158' title='bbox 1781 1986 1793 2024; x_wconf 96' lang='lat'>:</span> <span class='ocrx_word' id='word_1_159' title='bbox 1825 1971 2008 2037; x_wconf 86' lang='lat' dir='ltr'>Quan-</span> 
     </span>
    </p>
   </div>
   <div class='ocr_carea' id='block_1_23' title="bbox 358 2057 2017 2130">
    <p class='ocr_par' dir='ltr' id='par_1_23' title="bbox 358 2057 2017 2130">
     <span class='ocr_line' id='line_1_23' title="bbox 358 2057 2017 2130; baseline 0.001 -18"><span class='ocrx_word' id='word_1_160' title='bbox 358 2073 527 2128; x_wconf 84' lang='lat' dir='ltr'>quam</span> <span class='ocrx_word' id='word_1_161' title='bbox 554 2066 606 2114; x_wconf 83' lang='lat' dir='ltr'>et</span> <span class='ocrx_word' id='word_1_162' title='bbox 632 2075 745 2129; x_wconf 85' lang='lat' dir='ltr'>ego,</span> <span class='ocrx_word' id='word_1_163' title='bbox 773 2063 882 2114; x_wconf 88' lang='lat' dir='ltr'>etc.</span> <span class='ocrx_word' id='word_1_164' title='bbox 917 2076 930 2113; x_wconf 92' lang='lat'>:</span> <span class='ocrx_word' id='word_1_165' title='bbox 966 2058 1024 2112; x_wconf 89' lang='lat' dir='ltr'>id</span> <span class='ocrx_word' id='word_1_166' title='bbox 1056 2064 1162 2129; x_wconf 86' lang='lat' dir='ltr'>est,</span> <span class='ocrx_word' id='word_1_167' title='bbox 1189 2074 1429 2129; x_wconf 90' lang='lat' dir='ltr'>possum</span> <span class='ocrx_word' id='word_1_168' title='bbox 1469 2062 1528 2113; x_wconf 88' lang='lat' dir='ltr'>et</span> <span class='ocrx_word' id='word_1_169' title='bbox 1578 2058 1635 2112; x_wconf 90' lang='lat' dir='ltr'>in</span> <span class='ocrx_word' id='word_1_170' title='bbox 1688 2073 1861 2113; x_wconf 88' lang='lat' dir='ltr'>carne</span> <span class='ocrx_word' id='word_1_171' title='bbox 1891 2057 2017 2130; x_wconf 83' lang='lat' dir='ltr'>glo-</span> 
     </span>
    </p>
   </div>
   <div class='ocr_carea' id='block_1_24' title="bbox 360 2145 782 2212">
    <p class='ocr_par' dir='ltr' id='par_1_24' title="bbox 360 2145 782 2212">
     <span class='ocr_line' id='line_1_24' title="bbox 360 2145 782 2212; baseline 0.002 -13"><span class='ocrx_word' id='word_1_172' title='bbox 360 2145 525 2212; x_wconf 89' lang='lat' dir='ltr'>riari,</span> <span class='ocrx_word' id='word_1_173' title='bbox 557 2146 606 2201; x_wconf 88' lang='lat' dir='ltr'>si</span> <span class='ocrx_word' id='word_1_174' title='bbox 633 2146 782 2202; x_wconf 91' lang='lat' dir='ltr'>volo.</span> 
     </span>
    </p>
   </div>
   <div class='ocr_carea' id='block_1_25' title="bbox 433 2235 2018 2307">
    <p class='ocr_par' dir='ltr' id='par_1_25' title="bbox 433 2235 2018 2307">
     <span class='ocr_line' id='line_1_25' title="bbox 433 2235 2018 2307; baseline 0.001 -17"><span class='ocrx_word' id='word_1_175' title='bbox 433 2236 616 2303; x_wconf 66' lang='lat'><strong>(1184)</strong></span> <span class='ocrx_word' id='word_1_176' title='bbox 650 2236 926 2307; x_wconf 87' lang='lat' dir='ltr'>Sequitur</span> <span class='ocrx_word' id='word_1_177' title='bbox 950 2254 962 2291; x_wconf 88' lang='lat'>:</span> <span class='ocrx_word' id='word_1_178' title='bbox 986 2235 1052 2291; x_wconf 90' lang='lat' dir='ltr'>Si</span> <span class='ocrx_word' id='word_1_179' title='bbox 1079 2236 1203 2307; x_wconf 86' lang='lat' dir='ltr'>quis</span> <span class='ocrx_word' id='word_1_180' title='bbox 1233 2236 1383 2290; x_wconf 85' lang='lat' dir='ltr'>alius</span> <span class='ocrx_word' id='word_1_181' title='bbox 1406 2236 1625 2290; x_wconf 87' lang='lat' dir='ltr'>videtur</span> <span class='ocrx_word' id='word_1_182' title='bbox 1646 2236 1704 2290; x_wconf 87' lang='lat' dir='ltr'>in</span> <span class='ocrx_word' id='word_1_183' title='bbox 1724 2251 2018 2307; x_wconf 85' lang='lat' dir='ltr'>carne,ego</span> 
     </span>
    </p>
   </div>
   <div class='ocr_carea' id='block_1_26' title="bbox 359 2324 2011 2395">
    <p class='ocr_par' dir='ltr' id='par_1_26' title="bbox 359 2324 2011 2395">
     <span class='ocr_line' id='line_1_26' title="bbox 359 2324 2011 2395; baseline -0.002 -16"><span class='ocrx_word' id='word_1_184' title='bbox 359 2326 703 2395; x_wconf 86' lang='lat' dir='ltr'>magis.Ecce</span> <span class='ocrx_word' id='word_1_185' title='bbox 732 2326 922 2391; x_wconf 88' lang='lat' dir='ltr'>docet,</span> <span class='ocrx_word' id='word_1_186' title='bbox 953 2340 1135 2395; x_wconf 88' lang='lat' dir='ltr'>quare</span> <span class='ocrx_word' id='word_1_187' title='bbox 1168 2324 1226 2377; x_wconf 93' lang='lat' dir='ltr'>in</span> <span class='ocrx_word' id='word_1_188' title='bbox 1260 2339 1430 2378; x_wconf 86' lang='lat' dir='ltr'>carne</span> <span class='ocrx_word' id='word_1_189' title='bbox 1477 2324 1749 2378; x_wconf 80' lang='lat' dir='ltr'>ﬁduciam</span> <span class='ocrx_word' id='word_1_190' title='bbox 1791 2324 1965 2380; x_wconf 90' lang='lat' dir='ltr'>habet</span> <span class='ocrx_word' id='word_1_191' title='bbox 1997 2337 2011 2375; x_wconf 95' lang='lat'>:</span> 
     </span>
    </p>
   </div>
   <div class='ocr_carea' id='block_1_27' title="bbox 354 2411 2015 2484">
    <p class='ocr_par' dir='ltr' id='par_1_27' title="bbox 354 2411 2015 2484">
     <span class='ocr_line' id='line_1_27' title="bbox 354 2411 2015 2484; baseline 0 -15"><span class='ocrx_word' id='word_1_192' title='bbox 354 2412 601 2481; x_wconf 82' lang='lat' dir='ltr'>scilicet,</span> <span class='ocrx_word' id='word_1_193' title='bbox 650 2412 790 2484; x_wconf 83' lang='lat' dir='ltr'>quia</span> <span class='ocrx_word' id='word_1_194' title='bbox 841 2413 1078 2468; x_wconf 74' lang='lat' dir='ltr'>Judreus</span> <span class='ocrx_word' id='word_1_195' title='bbox 1130 2417 1216 2467; x_wconf 90' lang='lat' dir='ltr'>est</span> <span class='ocrx_word' id='word_1_196' title='bbox 1269 2411 1734 2483; x_wconf 88' lang='lat' dir='ltr'>circumcisione,</span> <span class='ocrx_word' id='word_1_197' title='bbox 1785 2429 2015 2483; x_wconf 84' lang='lat' dir='ltr'>genere,</span> 
     </span>
    </p>
   </div>
   <div class='ocr_carea' id='block_1_28' title="bbox 360 2499 2017 2573">
    <p class='ocr_par' dir='ltr' id='par_1_28' title="bbox 360 2499 2017 2573">
     <span class='ocr_line' id='line_1_28' title="bbox 360 2499 2017 2573; baseline 0.001 -19"><span class='ocrx_word' id='word_1_198' title='bbox 360 2500 539 2569; x_wconf 85' lang='lat' dir='ltr'>tribu,</span> <span class='ocrx_word' id='word_1_199' title='bbox 574 2505 765 2572; x_wconf 91' lang='lat' dir='ltr'>gente,</span> <span class='ocrx_word' id='word_1_200' title='bbox 796 2499 940 2571; x_wconf 88' lang='lat' dir='ltr'>lege,</span> <span class='ocrx_word' id='word_1_201' title='bbox 995 2500 1501 2555; x_wconf 86' lang='lat' dir='ltr'>administratione</span> <span class='ocrx_word' id='word_1_202' title='bbox 1548 2501 1604 2554; x_wconf 90' lang='lat' dir='ltr'>in</span> <span class='ocrx_word' id='word_1_203' title='bbox 1656 2500 1779 2573; x_wconf 91' lang='lat' dir='ltr'>lege</span> <span class='ocrx_word' id='word_1_204' title='bbox 1823 2502 2017 2557; x_wconf 90' lang='lat' dir='ltr'>studio</span> 
     </span>
    </p>
   </div>
   <div class='ocr_carea' id='block_1_29' title="bbox 362 2588 2019 2656">
    <p class='ocr_par' dir='ltr' id='par_1_29' title="bbox 362 2588 2019 2656">
     <span class='ocr_line' id='line_1_29' title="bbox 362 2588 2019 2656; baseline 0.002 -13"><span class='ocrx_word' id='word_1_205' title='bbox 362 2589 613 2644; x_wconf 84' lang='lat' dir='ltr'>etiamet</span> <span class='ocrx_word' id='word_1_206' title='bbox 645 2590 809 2656; x_wconf 67' lang='lat' dir='ltr'>vitae;</span> <span class='ocrx_word' id='word_1_207' title='bbox 866 2593 923 2643; x_wconf 91' lang='lat' dir='ltr'>et</span> <span class='ocrx_word' id='word_1_208' title='bbox 953 2593 1149 2643; x_wconf 88' lang='lat' dir='ltr'>tamen</span> <span class='ocrx_word' id='word_1_209' title='bbox 1189 2588 1310 2643; x_wconf 69' lang='lat' dir='ltr'>haec</span> <span class='ocrx_word' id='word_1_210' title='bbox 1356 2588 1554 2644; x_wconf 89' lang='lat' dir='ltr'>omnia</span> <span class='ocrx_word' id='word_1_211' title='bbox 1600 2590 1881 2644; x_wconf 88' lang='lat' dir='ltr'>damnum</span> <span class='ocrx_word' id='word_1_212' title='bbox 1930 2590 2019 2646; x_wconf 88' lang='lat' dir='ltr'>sib</span> 
     </span>
    </p>
   </div>
   <div class='ocr_carea' id='block_1_30' title="bbox 365 2675 1268 2749">
    <p class='ocr_par' dir='ltr' id='par_1_30' title="bbox 365 2675 1268 2749">
     <span class='ocr_line' id='line_1_30' title="bbox 365 2675 1268 2749; baseline -0.001 -17"><span class='ocrx_word' id='word_1_213' title='bbox 365 2693 495 2733; x_wconf 88' lang='lat' dir='ltr'>esse</span> <span class='ocrx_word' id='word_1_214' title='bbox 525 2676 664 2732; x_wconf 86' lang='lat' dir='ltr'>dicit</span> <span class='ocrx_word' id='word_1_215' title='bbox 690 2682 924 2749; x_wconf 86' lang='lat' dir='ltr'>propter</span> <span class='ocrx_word' id='word_1_216' title='bbox 952 2675 1268 2732; x_wconf 86' lang='lat' dir='ltr'>Christum.</span> 
     </span>
    </p>
   </div>
   <div class='ocr_carea' id='block_1_31' title="bbox 429 2765 2015 2838">
    <p class='ocr_par' dir='ltr' id='par_1_31' title="bbox 429 2765 2015 2838">
     <span class='ocr_line' id='line_1_31' title="bbox 429 2765 2015 2838; baseline 0.002 -18"><span class='ocrx_word' id='word_1_217' title='bbox 429 2765 703 2837; x_wconf 88' lang='lat' dir='ltr'>Sequitur</span> <span class='ocrx_word' id='word_1_218' title='bbox 734 2781 746 2820; x_wconf 93' lang='lat'>:</span> <span class='ocrx_word' id='word_1_219' title='bbox 783 2766 1148 2822; x_wconf 75' lang='lat' dir='ltr'>Circumcisus</span> <span class='ocrx_word' id='word_1_220' title='bbox 1177 2769 1365 2820; x_wconf 83' lang='lat' dir='ltr'>octava</span> <span class='ocrx_word' id='word_1_221' title='bbox 1392 2765 1499 2836; x_wconf 90' lang='lat' dir='ltr'>die,</span> <span class='ocrx_word' id='word_1_222' title='bbox 1531 2770 1640 2821; x_wconf 89' lang='lat' dir='ltr'>etc.</span> <span class='ocrx_word' id='word_1_223' title='bbox 1671 2765 1751 2822; x_wconf 92' lang='lat' dir='ltr'>De</span> <span class='ocrx_word' id='word_1_224' title='bbox 1773 2782 1838 2822; x_wconf 91' lang='lat' dir='ltr'>eo</span> <span class='ocrx_word' id='word_1_225' title='bbox 1858 2768 2015 2838; x_wconf 84' lang='lat' dir='ltr'>quod</span> 
     </span>
    </p>
   </div>
   <div class='ocr_carea' id='block_1_32' title="bbox 367 2853 2016 2927">
    <p class='ocr_par' dir='ltr' id='par_1_32' title="bbox 367 2853 2016 2927">
     <span class='ocr_line' id='line_1_32' title="bbox 367 2853 2016 2927; baseline 0.002 -19"><span class='ocrx_word' id='word_1_226' title='bbox 367 2853 461 2909; x_wconf 91' lang='lat' dir='ltr'>his</span> <span class='ocrx_word' id='word_1_227' title='bbox 491 2853 828 2910; x_wconf 83' lang='lat' dir='ltr'>manifestat</span> <span class='ocrx_word' id='word_1_228' title='bbox 856 2853 1070 2922; x_wconf 85' lang='lat' dir='ltr'>verbis,</span> <span class='ocrx_word' id='word_1_229' title='bbox 1104 2870 1282 2925; x_wconf 87' lang='lat' dir='ltr'>quare</span> <span class='ocrx_word' id='word_1_230' title='bbox 1314 2854 1372 2908; x_wconf 91' lang='lat' dir='ltr'>in</span> <span class='ocrx_word' id='word_1_231' title='bbox 1407 2870 1577 2909; x_wconf 92' lang='lat' dir='ltr'>carne</span> <span class='ocrx_word' id='word_1_232' title='bbox 1611 2854 1798 2927; x_wconf 89' lang='lat' dir='ltr'>magis</span> <span class='ocrx_word' id='word_1_233' title='bbox 1838 2872 2016 2926; x_wconf 89' lang='lat' dir='ltr'>quam</span> 
     </span>
    </p>
   </div>
   <div class='ocr_carea' id='block_1_33' title="bbox 365 2942 2014 3015">
    <p class='ocr_par' dir='ltr' id='par_1_33' title="bbox 365 2942 2014 3015">
     <span class='ocr_line' id='line_1_33' title="bbox 365 2942 2014 3015; baseline 0 -16"><span class='ocrx_word' id='word_1_234' title='bbox 365 2944 556 2999; x_wconf 55' lang='lat' dir='ltr'>crateri</span> <span class='ocrx_word' id='word_1_235' title='bbox 590 2942 841 3014; x_wconf 90' lang='lat' dir='ltr'>potuerit</span> <span class='ocrx_word' id='word_1_236' title='bbox 870 2942 1341 3015; x_wconf 88' lang='lat' dir='ltr'>gloriari:qui,ut</span> <span class='ocrx_word' id='word_1_237' title='bbox 1373 2943 1707 2998; x_wconf 86' lang='lat' dir='ltr'>ostenderet</span> <span class='ocrx_word' id='word_1_238' title='bbox 1727 2948 2014 3015; x_wconf 89' lang='lat' dir='ltr'>quantum</span> 
     </span>
    </p>
   </div>
   <div class='ocr_carea' id='block_1_34' title="bbox 372 3031 2017 3104">
    <p class='ocr_par' dir='ltr' id='par_1_34' title="bbox 372 3031 2017 3104">
     <span class='ocr_line' id='line_1_34' title="bbox 372 3031 2017 3104; baseline 0 -16"><span class='ocrx_word' id='word_1_239' title='bbox 372 3032 637 3088; x_wconf 88' lang='lat' dir='ltr'>studium</span> <span class='ocrx_word' id='word_1_240' title='bbox 668 3048 805 3104; x_wconf 92' lang='lat' dir='ltr'>erga</span> <span class='ocrx_word' id='word_1_241' title='bbox 831 3033 1199 3087; x_wconf 87' lang='lat' dir='ltr'>Judaismum</span> <span class='ocrx_word' id='word_1_242' title='bbox 1232 3031 1522 3099; x_wconf 89' lang='lat' dir='ltr'>habuerit,</span> <span class='ocrx_word' id='word_1_243' title='bbox 1557 3032 1698 3087; x_wconf 92' lang='lat' dir='ltr'>dicit</span> <span class='ocrx_word' id='word_1_244' title='bbox 1726 3049 1788 3087; x_wconf 91' lang='lat' dir='ltr'>se</span> <span class='ocrx_word' id='word_1_245' title='bbox 1823 3032 2017 3088; x_wconf 83' lang='lat' dir='ltr'>Eccle-</span> 
     </span>
    </p>
   </div>
   <div class='ocr_carea' id='block_1_35' title="bbox 372 3119 2014 3194">
    <p class='ocr_par' dir='ltr' id='par_1_35' title="bbox 372 3119 2014 3194">
     <span class='ocr_line' id='line_1_35' title="bbox 372 3119 2014 3194; baseline -0.001 -16"><span class='ocrx_word' id='word_1_246' title='bbox 372 3122 519 3178; x_wconf 91' lang='lat' dir='ltr'>siam</span> <span class='ocrx_word' id='word_1_247' title='bbox 551 3121 649 3177; x_wconf 90' lang='lat' dir='ltr'>Dei</span> <span class='ocrx_word' id='word_1_248' title='bbox 680 3125 1078 3194; x_wconf 90' lang='lat' dir='ltr'>persecutum,</span> <span class='ocrx_word' id='word_1_249' title='bbox 1110 3126 1168 3176; x_wconf 91' lang='lat' dir='ltr'>et</span> <span class='ocrx_word' id='word_1_250' title='bbox 1196 3121 1323 3176; x_wconf 83' lang='lat' dir='ltr'>sine</span> <span class='ocrx_word' id='word_1_251' title='bbox 1353 3119 1587 3192; x_wconf 91' lang='lat' dir='ltr'>querela</span> <span class='ocrx_word' id='word_1_252' title='bbox 1615 3119 1674 3176; x_wconf 92' lang='lat' dir='ltr'>in</span> <span class='ocrx_word' id='word_1_253' title='bbox 1706 3120 1832 3193; x_wconf 78' lang='lat' dir='ltr'>lege</span> <span class='ocrx_word' id='word_1_254' title='bbox 1880 3138 2014 3177; x_wconf 90' lang='lat' dir='ltr'>con-</span> 
     </span>
    </p>
   </div>
   <div class='ocr_carea' id='block_1_36' title="bbox 365 3208 2016 3281">
    <p class='ocr_par' dir='ltr' id='par_1_36' title="bbox 365 3208 2016 3281">
     <span class='ocr_line' id='line_1_36' title="bbox 365 3208 2016 3281; baseline 0 -16"><span class='ocrx_word' id='word_1_255' title='bbox 365 3214 681 3266; x_wconf 90' lang='lat' dir='ltr'>versatum.</span> <span class='ocrx_word' id='word_1_256' title='bbox 714 3210 821 3265; x_wconf 91' lang='lat' dir='ltr'>Sed</span> <span class='ocrx_word' id='word_1_257' title='bbox 852 3227 979 3281; x_wconf 66' lang='lat' dir='ltr'>quae</span> <span class='ocrx_word' id='word_1_258' title='bbox 1011 3208 1174 3281; x_wconf 91' lang='lat' dir='ltr'>prius</span> <span class='ocrx_word' id='word_1_259' title='bbox 1198 3208 1427 3264; x_wconf 91' lang='lat' dir='ltr'>lucrum</span> <span class='ocrx_word' id='word_1_260' title='bbox 1460 3209 1697 3280; x_wconf 90' lang='lat' dir='ltr'>credidi,</span> <span class='ocrx_word' id='word_1_261' title='bbox 1731 3211 2016 3265; x_wconf 89' lang='lat' dir='ltr'>damnum</span> 
     </span>
    </p>
   </div>
   <div class='ocr_carea' id='block_1_37' title="bbox 2109 905 3014 978">
    <p class='ocr_par' dir='ltr' id='par_1_37' title="bbox 2109 905 3014 978">
     <span class='ocr_line' id='line_1_37' title="bbox 2109 905 3014 978; baseline 0 -17"><span class='ocrx_word' id='word_1_262' title='bbox 2109 905 2181 977; x_wconf 85' lang='lat' dir='ltr'>(ll</span> <span class='ocrx_word' id='word_1_263' title='bbox 2210 905 2329 961; x_wconf 87' lang='lat' dir='ltr'>Cor.</span> <span class='ocrx_word' id='word_1_264' title='bbox 2365 924 2403 971; x_wconf 85' lang='lat'>1,</span> <span class='ocrx_word' id='word_1_265' title='bbox 2442 907 2505 974; x_wconf 88' lang='lat'>7;</span> <span class='ocrx_word' id='word_1_266' title='bbox 2539 910 2570 961; x_wconf 89' lang='grc' dir='ltr'><em>Ι</em></span> <span class='ocrx_word' id='word_1_267' title='bbox 2592 907 2766 962; x_wconf 78' lang='lat' dir='ltr'>Thess.</span> <span class='ocrx_word' id='word_1_268' title='bbox 2794 924 2869 978; x_wconf 89' lang='lat' dir='ltr'>1v,</span> <span class='ocrx_word' id='word_1_269' title='bbox 2908 907 3014 968; x_wconf 87' lang='lat'><strong>16).</strong></span> 
     </span>
    </p>
   </div>
   <div class='ocr_carea' id='block_1_38' title="bbox 2180 994 3781 1068">
    <p class='ocr_par' dir='ltr' id='par_1_38' title="bbox 2180 994 3781 1068">
     <span class='ocr_line' id='line_1_38' title="bbox 2180 994 3781 1068; baseline 0.003 -19"><span class='ocrx_word' id='word_1_270' title='bbox 2180 994 2499 1066; x_wconf 89' lang='lat' dir='ltr'>Sequitur:</span> <span class='ocrx_word' id='word_1_271' title='bbox 2532 996 2647 1051; x_wconf 88' lang='lat' dir='ltr'>Non</span> <span class='ocrx_word' id='word_1_272' title='bbox 2699 995 2839 1066; x_wconf 89' lang='lat' dir='ltr'>quod</span> <span class='ocrx_word' id='word_1_273' title='bbox 2880 997 3004 1067; x_wconf 87' lang='lat' dir='ltr'>jam</span> <span class='ocrx_word' id='word_1_274' title='bbox 3052 998 3372 1068; x_wconf 88' lang='lat' dir='ltr'>acceperim,</span> <span class='ocrx_word' id='word_1_275' title='bbox 3417 1001 3527 1053; x_wconf 92' lang='lat' dir='ltr'>etc.</span> <span class='ocrx_word' id='word_1_276' title='bbox 3575 999 3781 1064; x_wconf 88' lang='lat' dir='ltr'>Quan-</span> 
     </span>
    </p>
   </div>
   <div class='ocr_carea' id='block_1_39' title="bbox 2112 1083 3783 1156">
    <p class='ocr_par' dir='ltr' id='par_1_39' title="bbox 2112 1083 3783 1156">
     <span class='ocr_line' id='line_1_39' title="bbox 2112 1083 3783 1156; baseline 0.002 -18"><span class='ocrx_word' id='word_1_277' title='bbox 2112 1087 2238 1139; x_wconf 92' lang='lat' dir='ltr'>tum</span> <span class='ocrx_word' id='word_1_278' title='bbox 2286 1084 2358 1138; x_wconf 91' lang='lat' dir='ltr'>ad</span> <span class='ocrx_word' id='word_1_279' title='bbox 2408 1083 2838 1155; x_wconf 81' lang='lat' dir='ltr'>perfectionem,</span> <span class='ocrx_word' id='word_1_280' title='bbox 2889 1101 3066 1156; x_wconf 90' lang='lat' dir='ltr'>quam</span> <span class='ocrx_word' id='word_1_281' title='bbox 3111 1085 3169 1139; x_wconf 91' lang='lat' dir='ltr'>in</span> <span class='ocrx_word' id='word_1_282' title='bbox 3227 1084 3336 1140; x_wconf 89' lang='lat' dir='ltr'>hac</span> <span class='ocrx_word' id='word_1_283' title='bbox 3384 1084 3502 1141; x_wconf 88' lang='lat' dir='ltr'>vita</span> <span class='ocrx_word' id='word_1_284' title='bbox 3549 1085 3783 1143; x_wconf 87' lang='lat' dir='ltr'>habent</span> 
     </span>
    </p>
   </div>
   <div class='ocr_carea' id='block_1_40' title="bbox 2113 1171 3779 1246">
    <p class='ocr_par' dir='ltr' id='par_1_40' title="bbox 2113 1171 3779 1246">
     <span class='ocr_line' id='line_1_40' title="bbox 2113 1171 3779 1246; baseline 0.002 -19"><span class='ocrx_word' id='word_1_285' title='bbox 2113 1171 2322 1236; x_wconf 87' lang='lat' dir='ltr'>sancti,</span> <span class='ocrx_word' id='word_1_286' title='bbox 2364 1171 2631 1243; x_wconf 90' lang='lat' dir='ltr'>pertinet,</span> <span class='ocrx_word' id='word_1_287' title='bbox 2668 1173 2956 1244; x_wconf 85' lang='lat' dir='ltr'>perfectus</span> <span class='ocrx_word' id='word_1_288' title='bbox 3005 1177 3129 1229; x_wconf 91' lang='lat' dir='ltr'>erat</span> <span class='ocrx_word' id='word_1_289' title='bbox 3177 1172 3430 1242; x_wconf 88' lang='lat' dir='ltr'>Paulus;</span> <span class='ocrx_word' id='word_1_290' title='bbox 3480 1179 3779 1246; x_wconf 88' lang='lat' dir='ltr'>quantum</span> 
     </span>
    </p>
   </div>
   <div class='ocr_carea' id='block_1_41' title="bbox 2115 1259 3782 1333">
    <p class='ocr_par' dir='ltr' id='par_1_41' title="bbox 2115 1259 3782 1333">
     <span class='ocr_line' id='line_1_41' title="bbox 2115 1259 3782 1333; baseline 0.002 -18"><span class='ocrx_word' id='word_1_291' title='bbox 2115 1260 2187 1315; x_wconf 89' lang='lat' dir='ltr'>ad</span> <span class='ocrx_word' id='word_1_292' title='bbox 2218 1260 2472 1314; x_wconf 84' lang='lat' dir='ltr'>futuram</span> <span class='ocrx_word' id='word_1_293' title='bbox 2507 1259 2942 1332; x_wconf 83' lang='lat' dir='ltr'>perfectionem,</span> <span class='ocrx_word' id='word_1_294' title='bbox 2991 1260 3389 1333; x_wconf 73' lang='lat' dir='ltr'>imperfectus.</span> <span class='ocrx_word' id='word_1_295' title='bbox 3429 1261 3577 1317; x_wconf 90' lang='lat' dir='ltr'>Nam</span> <span class='ocrx_word' id='word_1_296' title='bbox 3632 1263 3782 1332; x_wconf 89' lang='lat' dir='ltr'>quia</span> 
     </span>
    </p>
   </div>
   <div class='ocr_carea' id='block_1_42' title="bbox 2116 1347 3781 1421">
    <p class='ocr_par' dir='ltr' id='par_1_42' title="bbox 2116 1347 3781 1421">
     <span class='ocr_line' id='line_1_42' title="bbox 2116 1347 3781 1421; baseline 0.002 -18"><span class='ocrx_word' id='word_1_297' title='bbox 2116 1348 2452 1404; x_wconf 88' lang='lat' dir='ltr'>laudaverat</span> <span class='ocrx_word' id='word_1_298' title='bbox 2491 1347 2915 1421; x_wconf 88' lang='lat' dir='ltr'>Philippenses,</span> <span class='ocrx_word' id='word_1_299' title='bbox 2967 1365 3039 1404; x_wconf 92' lang='lat' dir='ltr'>ne</span> <span class='ocrx_word' id='word_1_300' title='bbox 3087 1347 3171 1403; x_wconf 91' lang='lat' dir='ltr'>illi</span> <span class='ocrx_word' id='word_1_301' title='bbox 3222 1354 3325 1405; x_wconf 89' lang='lat' dir='ltr'>aut</span> <span class='ocrx_word' id='word_1_302' title='bbox 3377 1350 3781 1421; x_wconf 88' lang='lat' dir='ltr'>superbirent,</span> 
     </span>
    </p>
   </div>
   <div class='ocr_carea' id='block_1_43' title="bbox 2118 1435 3779 1509">
    <p class='ocr_par' dir='ltr' id='par_1_43' title="bbox 2118 1435 3779 1509">
     <span class='ocr_line' id='line_1_43' title="bbox 2118 1435 3779 1509; baseline 0.001 -16"><span class='ocrx_word' id='word_1_303' title='bbox 2118 1441 2219 1493; x_wconf 88' lang='lat' dir='ltr'>aut</span> <span class='ocrx_word' id='word_1_304' title='bbox 2273 1435 2424 1509; x_wconf 89' lang='lat' dir='ltr'>pigri</span> <span class='ocrx_word' id='word_1_305' title='bbox 2467 1440 2855 1504; x_wconf 85' lang='lat' dir='ltr'>remanerent,</span> <span class='ocrx_word' id='word_1_306' title='bbox 2903 1435 3046 1492; x_wconf 91' lang='lat' dir='ltr'>dicit</span> <span class='ocrx_word' id='word_1_307' title='bbox 3104 1453 3166 1492; x_wconf 90' lang='lat' dir='ltr'>se</span> <span class='ocrx_word' id='word_1_308' title='bbox 3212 1436 3647 1509; x_wconf 85' lang='lat' dir='ltr'>imperfectum,</span> <span class='ocrx_word' id='word_1_309' title='bbox 3709 1442 3779 1494; x_wconf 91' lang='lat' dir='ltr'>ut</span> 
     </span>
    </p>
   </div>
   <div class='ocr_carea' id='block_1_44' title="bbox 2120 1524 3780 1598">
    <p class='ocr_par' dir='ltr' id='par_1_44' title="bbox 2120 1524 3780 1598">
     <span class='ocr_line' id='line_1_44' title="bbox 2120 1524 3780 1598; baseline 0.001 -18"><span class='ocrx_word' id='word_1_310' title='bbox 2120 1541 2255 1580; x_wconf 89' lang='lat' dir='ltr'>cum</span> <span class='ocrx_word' id='word_1_311' title='bbox 2286 1524 2395 1580; x_wconf 91' lang='lat' dir='ltr'>hoc</span> <span class='ocrx_word' id='word_1_312' title='bbox 2427 1525 2716 1591; x_wconf 87' lang='lat' dir='ltr'>audirent,</span> <span class='ocrx_word' id='word_1_313' title='bbox 2749 1524 3009 1581; x_wconf 91' lang='lat' dir='ltr'>dicerent</span> <span class='ocrx_word' id='word_1_314' title='bbox 3040 1542 3052 1579; x_wconf 93' lang='lat'>:</span> <span class='ocrx_word' id='word_1_315' title='bbox 3087 1525 3147 1581; x_wconf 89' lang='lat' dir='ltr'>Si</span> <span class='ocrx_word' id='word_1_316' title='bbox 3176 1525 3493 1598; x_wconf 86' lang='lat' dir='ltr'>Apostolus</span> <span class='ocrx_word' id='word_1_317' title='bbox 3524 1543 3641 1582; x_wconf 91' lang='lat' dir='ltr'>non</span> <span class='ocrx_word' id='word_1_318' title='bbox 3684 1531 3780 1584; x_wconf 89' lang='lat' dir='ltr'>est</span> 
     </span>
    </p>
   </div>
   <div class='ocr_carea' id='block_1_45' title="bbox 2122 1611 3781 1686">
    <p class='ocr_par' dir='ltr' id='par_1_45' title="bbox 2122 1611 3781 1686">
     <span class='ocr_line' id='line_1_45' title="bbox 2122 1611 3781 1686; baseline 0.002 -18"><span class='ocrx_word' id='word_1_319' title='bbox 2122 1613 2430 1686; x_wconf 79' lang='lat' dir='ltr'>perfectus,</span> <span class='ocrx_word' id='word_1_320' title='bbox 2481 1614 2614 1685; x_wconf 89' lang='lat' dir='ltr'>quis</span> <span class='ocrx_word' id='word_1_321' title='bbox 2663 1612 2971 1669; x_wconf 90' lang='lat' dir='ltr'>hominum</span> <span class='ocrx_word' id='word_1_322' title='bbox 3020 1617 3211 1685; x_wconf 89' lang='lat' dir='ltr'>potest</span> <span class='ocrx_word' id='word_1_323' title='bbox 3240 1613 3298 1670; x_wconf 89' lang='lat' dir='ltr'>in</span> <span class='ocrx_word' id='word_1_324' title='bbox 3330 1611 3440 1669; x_wconf 91' lang='lat' dir='ltr'>hac</span> <span class='ocrx_word' id='word_1_325' title='bbox 3480 1613 3599 1670; x_wconf 86' lang='lat' dir='ltr'>vita</span> <span class='ocrx_word' id='word_1_326' title='bbox 3646 1631 3781 1672; x_wconf 88' lang='lat' dir='ltr'>esse</span> 
     </span>
    </p>
   </div>
   <div class='ocr_carea' id='block_1_46' title="bbox 2125 1701 2460 1773">
    <p class='ocr_par' dir='ltr' id='par_1_46' title="bbox 2125 1701 2460 1773">
     <span class='ocr_line' id='line_1_46' title="bbox 2125 1701 2460 1773; baseline 0.003 -18"><span class='ocrx_word' id='word_1_327' title='bbox 2125 1701 2416 1773; x_wconf 87' lang='lat' dir='ltr'>perfectus</span> <span class='ocrx_word' id='word_1_328' title='bbox 2432 1701 2460 1755; x_wconf 82' lang='lat' dir='ltr'>‘I</span> 
     </span>
    </p>
   </div>
   <div class='ocr_carea' id='block_1_47' title="bbox 2197 1787 3779 1864">
    <p class='ocr_par' dir='ltr' id='par_1_47' title="bbox 2197 1787 3779 1864">
     <span class='ocr_line' id='line_1_47' title="bbox 2197 1787 3779 1864; baseline 0.003 -21"><span class='ocrx_word' id='word_1_329' title='bbox 2197 1789 2263 1844; x_wconf 90' lang='lat' dir='ltr'>Et</span> <span class='ocrx_word' id='word_1_330' title='bbox 2286 1789 2415 1845; x_wconf 91' lang='lat' dir='ltr'>ideo</span> <span class='ocrx_word' id='word_1_331' title='bbox 2446 1787 2713 1861; x_wconf 86' lang='lat' dir='ltr'>sequitur</span> <span class='ocrx_word' id='word_1_332' title='bbox 2734 1804 2747 1843; x_wconf 90' lang='lat'>:</span> <span class='ocrx_word' id='word_1_333' title='bbox 2772 1788 2979 1860; x_wconf 87' lang='lat' dir='ltr'>Sequor</span> <span class='ocrx_word' id='word_1_334' title='bbox 2999 1798 3214 1860; x_wconf 82' lang='lat' dir='ltr'>autem,</span> <span class='ocrx_word' id='word_1_335' title='bbox 3235 1791 3285 1845; x_wconf 87' lang='lat' dir='ltr'>si</span> <span class='ocrx_word' id='word_1_336' title='bbox 3302 1790 3779 1864; x_wconf 73' lang='lat' dir='ltr'>comprehendam,</span> 
     </span>
    </p>
   </div>
   <div class='ocr_carea' id='block_1_48' title="bbox 2127 1876 3784 1952">
    <p class='ocr_par' dir='ltr' id='par_1_48' title="bbox 2127 1876 3784 1952">
     <span class='ocr_line' id='line_1_48' title="bbox 2127 1876 3784 1952; baseline 0.002 -18"><span class='ocrx_word' id='word_1_337' title='bbox 2127 1882 2237 1935; x_wconf 89' lang='lat' dir='ltr'>etc.</span> <span class='ocrx_word' id='word_1_338' title='bbox 2292 1880 2404 1933; x_wconf 91' lang='lat' dir='ltr'>Iste</span> <span class='ocrx_word' id='word_1_339' title='bbox 2450 1876 2755 1933; x_wconf 87' lang='lat' dir='ltr'>ecclesiam</span> <span class='ocrx_word' id='word_1_340' title='bbox 2798 1877 3013 1934; x_wconf 91' lang='lat' dir='ltr'>Christi</span> <span class='ocrx_word' id='word_1_341' title='bbox 3059 1877 3371 1935; x_wconf 87' lang='lat' dir='ltr'>devastans</span> <span class='ocrx_word' id='word_1_342' title='bbox 3395 1880 3784 1952; x_wconf 78' lang='lat' dir='ltr'>comprehen-</span> 
     </span>
    </p>
   </div>
   <div class='ocr_carea' id='block_1_49' title="bbox 2127 1966 3778 2040">
    <p class='ocr_par' dir='ltr' id='par_1_49' title="bbox 2127 1966 3778 2040">
     <span class='ocr_line' id='line_1_49' title="bbox 2127 1966 3778 2040; baseline 0.001 -17"><span class='ocrx_word' id='word_1_343' title='bbox 2127 1983 2230 2022; x_wconf 91' lang='lat' dir='ltr'>sus</span> <span class='ocrx_word' id='word_1_344' title='bbox 2260 1972 2370 2034; x_wconf 89' lang='lat' dir='ltr'>est,</span> <span class='ocrx_word' id='word_1_345' title='bbox 2403 1966 2636 2038; x_wconf 83' lang='lat' dir='ltr'>quando</span> <span class='ocrx_word' id='word_1_346' title='bbox 2666 1966 2725 2020; x_wconf 92' lang='lat' dir='ltr'>in</span> <span class='ocrx_word' id='word_1_347' title='bbox 2754 1966 2847 2021; x_wconf 88' lang='lat' dir='ltr'>via</span> <span class='ocrx_word' id='word_1_348' title='bbox 2872 1967 3144 2039; x_wconf 85' lang='lat' dir='ltr'>apparuit</span> <span class='ocrx_word' id='word_1_349' title='bbox 3171 1966 3224 2023; x_wconf 91' lang='lat' dir='ltr'>ei</span> <span class='ocrx_word' id='word_1_350' title='bbox 3252 1967 3424 2024; x_wconf 86' lang='lat' dir='ltr'>Jesus</span> <span class='ocrx_word' id='word_1_351' title='bbox 3446 1967 3675 2034; x_wconf 63' lang='lat' dir='ltr'>(Arcu,</span> <span class='ocrx_word' id='word_1_352' title='bbox 3693 1969 3778 2040; x_wconf 83' lang='lat'>3).</span> 
     </span>
    </p>
   </div>
   <div class='ocr_carea' id='block_1_50' title="bbox 2126 2054 3781 2127">
    <p class='ocr_par' dir='ltr' id='par_1_50' title="bbox 2126 2054 3781 2127">
     <span class='ocr_line' id='line_1_50' title="bbox 2126 2054 3781 2127; baseline 0.002 -17"><span class='ocrx_word' id='word_1_353' title='bbox 2126 2056 2273 2111; x_wconf 90' lang='lat' dir='ltr'>Nota</span> <span class='ocrx_word' id='word_1_354' title='bbox 2303 2055 2457 2127; x_wconf 91' lang='lat' dir='ltr'>quod</span> <span class='ocrx_word' id='word_1_355' title='bbox 2492 2071 2605 2109; x_wconf 93' lang='lat' dir='ltr'>non</span> <span class='ocrx_word' id='word_1_356' title='bbox 2638 2054 2913 2110; x_wconf 90' lang='lat' dir='ltr'>omnibus</span> <span class='ocrx_word' id='word_1_357' title='bbox 2943 2055 3319 2127; x_wconf 88' lang='lat' dir='ltr'>passionibus</span> <span class='ocrx_word' id='word_1_358' title='bbox 3358 2055 3481 2113; x_wconf 85' lang='lat' dir='ltr'>suis</span> <span class='ocrx_word' id='word_1_359' title='bbox 3507 2056 3781 2114; x_wconf 86' lang='lat' dir='ltr'>Christus</span> 
     </span>
    </p>
   </div>
   <div class='ocr_carea' id='block_1_51' title="bbox 2127 2144 3783 2216">
    <p class='ocr_par' dir='ltr' id='par_1_51' title="bbox 2127 2144 3783 2216">
     <span class='ocr_line' id='line_1_51' title="bbox 2127 2144 3783 2216; baseline 0.001 -17"><span class='ocrx_word' id='word_1_360' title='bbox 2127 2144 2393 2200; x_wconf 88' lang='lat' dir='ltr'>liberavit</span> <span class='ocrx_word' id='word_1_361' title='bbox 2438 2159 2641 2199; x_wconf 90' lang='lat' dir='ltr'>omnes</span> <span class='ocrx_word' id='word_1_362' title='bbox 2689 2146 3024 2215; x_wconf 88' lang='lat' dir='ltr'>sequentes,</span> <span class='ocrx_word' id='word_1_363' title='bbox 3057 2147 3115 2199; x_wconf 92' lang='lat' dir='ltr'>et</span> <span class='ocrx_word' id='word_1_364' title='bbox 3160 2144 3586 2216; x_wconf 89' lang='lat' dir='ltr'>quodammodo</span> <span class='ocrx_word' id='word_1_365' title='bbox 3612 2160 3783 2201; x_wconf 89' lang='lat' dir='ltr'>com-</span> 
     </span>
    </p>
   </div>
   <div class='ocr_carea' id='block_1_52' title="bbox 2127 2232 3785 2306">
    <p class='ocr_par' dir='ltr' id='par_1_52' title="bbox 2127 2232 3785 2306">
     <span class='ocr_line' id='line_1_52' title="bbox 2127 2232 3785 2306; baseline 0.001 -18"><span class='ocrx_word' id='word_1_366' title='bbox 2127 2232 2433 2305; x_wconf 88' lang='lat' dir='ltr'>prehendit</span> <span class='ocrx_word' id='word_1_367' title='bbox 2468 2232 2772 2288; x_wconf 90' lang='lat' dir='ltr'>universos</span> <span class='ocrx_word' id='word_1_368' title='bbox 2819 2249 2881 2288; x_wconf 89' lang='lat' dir='ltr'>se</span> <span class='ocrx_word' id='word_1_369' title='bbox 2930 2237 3261 2304; x_wconf 88' lang='lat' dir='ltr'>sequentes.</span> <span class='ocrx_word' id='word_1_370' title='bbox 3320 2232 3420 2289; x_wconf 91' lang='lat' dir='ltr'>Ille</span> <span class='ocrx_word' id='word_1_371' title='bbox 3466 2249 3626 2306; x_wconf 81' lang='lat' dir='ltr'>ergo,</span> <span class='ocrx_word' id='word_1_372' title='bbox 3677 2234 3785 2306; x_wconf 89' lang='lat' dir='ltr'>qui</span> 
     </span>
    </p>
   </div>
   <div class='ocr_carea' id='block_1_53' title="bbox 2126 2321 3783 2394">
    <p class='ocr_par' dir='ltr' id='par_1_53' title="bbox 2126 2321 3783 2394">
     <span class='ocr_line' id='line_1_53' title="bbox 2126 2321 3783 2394; baseline 0 -17"><span class='ocrx_word' id='word_1_373' title='bbox 2126 2322 2389 2393; x_wconf 88' lang='lat' dir='ltr'>sequitur</span> <span class='ocrx_word' id='word_1_374' title='bbox 2438 2321 2759 2391; x_wconf 89' lang='lat' dir='ltr'>Christum,</span> <span class='ocrx_word' id='word_1_375' title='bbox 2791 2325 2848 2377; x_wconf 91' lang='lat' dir='ltr'>et</span> <span class='ocrx_word' id='word_1_376' title='bbox 2876 2321 3368 2394; x_wconf 87' lang='lat' dir='ltr'>comprehendere</span> <span class='ocrx_word' id='word_1_377' title='bbox 3409 2322 3535 2378; x_wconf 91' lang='lat' dir='ltr'>vult</span> <span class='ocrx_word' id='word_1_378' title='bbox 3581 2322 3783 2379; x_wconf 88' lang='lat' dir='ltr'>Chris-</span> 
     </span>
    </p>
   </div>
   <div class='ocr_carea' id='block_1_54' title="bbox 2124 2409 3785 2484">
    <p class='ocr_par' dir='ltr' id='par_1_54' title="bbox 2124 2409 3785 2484">
     <span class='ocr_line' id='line_1_54' title="bbox 2124 2409 3785 2484; baseline 0.002 -20"><span class='ocrx_word' id='word_1_379' title='bbox 2124 2415 2272 2479; x_wconf 90' lang='lat' dir='ltr'>tum,</span> <span class='ocrx_word' id='word_1_380' title='bbox 2305 2410 2364 2464; x_wconf 92' lang='lat' dir='ltr'>in</span> <span class='ocrx_word' id='word_1_381' title='bbox 2395 2409 2671 2465; x_wconf 91' lang='lat' dir='ltr'>omnibus</span> <span class='ocrx_word' id='word_1_382' title='bbox 2701 2410 3076 2481; x_wconf 88' lang='lat' dir='ltr'>passionibus</span> <span class='ocrx_word' id='word_1_383' title='bbox 3107 2410 3233 2466; x_wconf 88' lang='lat' dir='ltr'>suis</span> <span class='ocrx_word' id='word_1_384' title='bbox 3263 2411 3431 2484; x_wconf 88' lang='lat' dir='ltr'>sequi</span> <span class='ocrx_word' id='word_1_385' title='bbox 3464 2410 3634 2467; x_wconf 87' lang='lat' dir='ltr'>illum</span> <span class='ocrx_word' id='word_1_386' title='bbox 3686 2412 3785 2467; x_wconf 89' lang='lat' dir='ltr'>de-</span> 
     </span>
    </p>
   </div>
   <div class='ocr_carea' id='block_1_55' title="bbox 2126 2498 3787 2572">
    <p class='ocr_par' dir='ltr' id='par_1_55' title="bbox 2126 2498 3787 2572">
     <span class='ocr_line' id='line_1_55' title="bbox 2126 2498 3787 2572; baseline 0.001 -18"><span class='ocrx_word' id='word_1_387' title='bbox 2126 2499 2240 2571; x_wconf 89' lang='lat' dir='ltr'>bet,</span> <span class='ocrx_word' id='word_1_388' title='bbox 2274 2503 2340 2554; x_wconf 93' lang='lat' dir='ltr'>ut</span> <span class='ocrx_word' id='word_1_389' title='bbox 2369 2498 2823 2570; x_wconf 88' lang='lat' dir='ltr'>comprehendat</span> <span class='ocrx_word' id='word_1_390' title='bbox 2869 2498 3170 2555; x_wconf 81' lang='lat' dir='ltr'>Christum</span> <span class='ocrx_word' id='word_1_391' title='bbox 3222 2499 3281 2554; x_wconf 91' lang='lat' dir='ltr'>in</span> <span class='ocrx_word' id='word_1_392' title='bbox 3321 2515 3409 2572; x_wconf 89' lang='lat' dir='ltr'>eo,</span> <span class='ocrx_word' id='word_1_393' title='bbox 3458 2500 3518 2555; x_wconf 91' lang='lat' dir='ltr'>in</span> <span class='ocrx_word' id='word_1_394' title='bbox 3562 2516 3677 2572; x_wconf 87' lang='lat' dir='ltr'>quo</span> <span class='ocrx_word' id='word_1_395' title='bbox 3727 2514 3787 2565; x_wconf 75' lang='lat' dir='ltr'>et</span> 
     </span>
    </p>
   </div>
   <div class='ocr_carea' id='block_1_56' title="bbox 2126 2586 3051 2659">
    <p class='ocr_par' dir='ltr' id='par_1_56' title="bbox 2126 2586 3051 2659">
     <span class='ocr_line' id='line_1_56' title="bbox 2126 2586 3051 2659; baseline 0 -16"><span class='ocrx_word' id='word_1_396' title='bbox 2126 2587 2585 2659; x_wconf 90' lang='lat' dir='ltr'>comprehensus</span> <span class='ocrx_word' id='word_1_397' title='bbox 2622 2591 2712 2642; x_wconf 90' lang='lat' dir='ltr'>est</span> <span class='ocrx_word' id='word_1_398' title='bbox 2742 2603 2776 2642; x_wconf 86' lang='lat' dir='ltr'>a</span> <span class='ocrx_word' id='word_1_399' title='bbox 2804 2586 3051 2643; x_wconf 87' lang='lat' dir='ltr'>Christo.</span> 
     </span>
    </p>
   </div>
   <div class='ocr_carea' id='block_1_57' title="bbox 2196 2675 3788 2751">
    <p class='ocr_par' dir='ltr' id='par_1_57' title="bbox 2196 2675 3788 2751">
     <span class='ocr_line' id='line_1_57' title="bbox 2196 2675 3788 2751; baseline 0.001 -20"><span class='ocrx_word' id='word_1_400' title='bbox 2196 2676 2384 2748; x_wconf 89' lang='grc'>(1186)</span> <span class='ocrx_word' id='word_1_401' title='bbox 2415 2675 2737 2747; x_wconf 86' lang='lat' dir='ltr'>Sequitur:</span> <span class='ocrx_word' id='word_1_402' title='bbox 2773 2677 2893 2745; x_wconf 83' lang='lat' dir='ltr'>Ego</span> <span class='ocrx_word' id='word_1_403' title='bbox 2939 2692 3026 2732; x_wconf 86' lang='lat' dir='ltr'>me</span> <span class='ocrx_word' id='word_1_404' title='bbox 3073 2692 3186 2733; x_wconf 86' lang='lat' dir='ltr'>non</span> <span class='ocrx_word' id='word_1_405' title='bbox 3230 2677 3491 2751; x_wconf 79' lang='lat' dir='ltr'>arbitror,</span> <span class='ocrx_word' id='word_1_406' title='bbox 3540 2681 3650 2734; x_wconf 86' lang='lat' dir='ltr'>etc.</span> <span class='ocrx_word' id='word_1_407' title='bbox 3700 2676 3788 2733; x_wconf 88' lang='lat' dir='ltr'>De</span> 
     </span>
    </p>
   </div>
   <div class='ocr_carea' id='block_1_58' title="bbox 2126 2763 3787 2839">
    <p class='ocr_par' dir='ltr' id='par_1_58' title="bbox 2126 2763 3787 2839">
     <span class='ocr_line' id='line_1_58' title="bbox 2126 2763 3787 2839; baseline 0.001 -19"><span class='ocrx_word' id='word_1_408' title='bbox 2126 2781 2193 2820; x_wconf 93' lang='lat' dir='ltr'>eo</span> <span class='ocrx_word' id='word_1_409' title='bbox 2236 2765 2392 2837; x_wconf 91' lang='lat' dir='ltr'>quod</span> <span class='ocrx_word' id='word_1_410' title='bbox 2443 2763 2713 2837; x_wconf 89' lang='lat' dir='ltr'>superius</span> <span class='ocrx_word' id='word_1_411' title='bbox 2758 2763 2899 2820; x_wconf 89' lang='lat' dir='ltr'>dicit</span> <span class='ocrx_word' id='word_1_412' title='bbox 2929 2781 2991 2821; x_wconf 90' lang='lat' dir='ltr'>se</span> <span class='ocrx_word' id='word_1_413' title='bbox 3021 2781 3138 2821; x_wconf 93' lang='lat' dir='ltr'>non</span> <span class='ocrx_word' id='word_1_414' title='bbox 3170 2766 3482 2839; x_wconf 83' lang='lat' dir='ltr'>accepisse,</span> <span class='ocrx_word' id='word_1_415' title='bbox 3515 2783 3622 2823; x_wconf 90' lang='lat' dir='ltr'>nec</span> <span class='ocrx_word' id='word_1_416' title='bbox 3651 2781 3787 2839; x_wconf 88' lang='lat' dir='ltr'>per-</span> 
     </span>
    </p>
   </div>
   <div class='ocr_carea' id='block_1_59' title="bbox 2127 2854 3792 2927">
    <p class='ocr_par' dir='ltr' id='par_1_59' title="bbox 2127 2854 3792 2927">
     <span class='ocr_line' id='line_1_59' title="bbox 2127 2854 3792 2927; baseline 0 -18"><span class='ocrx_word' id='word_1_417' title='bbox 2127 2856 2341 2911; x_wconf 86' lang='lat' dir='ltr'>fectum</span> <span class='ocrx_word' id='word_1_418' title='bbox 2393 2869 2542 2922; x_wconf 89' lang='lat' dir='ltr'>esse,</span> <span class='ocrx_word' id='word_1_419' title='bbox 2591 2856 2648 2908; x_wconf 91' lang='lat' dir='ltr'>et</span> <span class='ocrx_word' id='word_1_420' title='bbox 2690 2868 2846 2908; x_wconf 90' lang='lat' dir='ltr'>nunc</span> <span class='ocrx_word' id='word_1_421' title='bbox 2892 2869 3009 2909; x_wconf 91' lang='lat' dir='ltr'>non</span> <span class='ocrx_word' id='word_1_422' title='bbox 3058 2855 3604 2926; x_wconf 88' lang='lat' dir='ltr'>comprehendisse;</span> <span class='ocrx_word' id='word_1_423' title='bbox 3647 2854 3792 2927; x_wconf 82' lang='lat' dir='ltr'>quia</span> 
     </span>
    </p>
   </div>
   <div class='ocr_carea' id='block_1_60' title="bbox 2127 2941 3791 3015">
    <p class='ocr_par' dir='ltr' id='par_1_60' title="bbox 2127 2941 3791 3015">
     <span class='ocr_line' id='line_1_60' title="bbox 2127 2941 3791 3015; baseline 0 -17"><span class='ocrx_word' id='word_1_424' title='bbox 2127 2947 2417 3015; x_wconf 88' lang='lat' dir='ltr'>quantum</span> <span class='ocrx_word' id='word_1_425' title='bbox 2446 2942 2518 2997; x_wconf 92' lang='lat' dir='ltr'>ad</span> <span class='ocrx_word' id='word_1_426' title='bbox 2551 2941 2964 3014; x_wconf 86' lang='lat' dir='ltr'>perfectionem</span> <span class='ocrx_word' id='word_1_427' title='bbox 2994 2942 3202 2998; x_wconf 63' lang='lat' dir='ltr'>futuris</span> <span class='ocrx_word' id='word_1_428' title='bbox 3234 2943 3361 2999; x_wconf 64' lang='lat' dir='ltr'>vita</span> <span class='ocrx_word' id='word_1_429' title='bbox 3408 2943 3644 3014; x_wconf 86' lang='lat' dir='ltr'>attinet,</span> <span class='ocrx_word' id='word_1_430' title='bbox 3676 2943 3791 2998; x_wconf 91' lang='lat' dir='ltr'>im-</span> 
     </span>
    </p>
   </div>
   <div class='ocr_carea' id='block_1_61' title="bbox 2126 3031 3793 3105">
    <p class='ocr_par' dir='ltr' id='par_1_61' title="bbox 2126 3031 3793 3105">
     <span class='ocr_line' id='line_1_61' title="bbox 2126 3031 3793 3105; baseline 0 -18"><span class='ocrx_word' id='word_1_431' title='bbox 2126 3031 2417 3105; x_wconf 85' lang='lat' dir='ltr'>perfectus</span> <span class='ocrx_word' id='word_1_432' title='bbox 2445 3034 2881 3102; x_wconf 89' lang='lat' dir='ltr'>erat,quantum</span> <span class='ocrx_word' id='word_1_433' title='bbox 2906 3031 2977 3087; x_wconf 84' lang='lat' dir='ltr'>ad</span> <span class='ocrx_word' id='word_1_434' title='bbox 3002 3032 3499 3104; x_wconf 86' lang='lat' dir='ltr'>comparationem</span> <span class='ocrx_word' id='word_1_435' title='bbox 3533 3031 3793 3088; x_wconf 89' lang='lat' dir='ltr'>aliorum</span> 
     </span>
    </p>
   </div>
   <div class='ocr_carea' id='block_1_62' title="bbox 2128 3120 3794 3194">
    <p class='ocr_par' dir='ltr' id='par_1_62' title="bbox 2128 3120 3794 3194">
     <span class='ocr_line' id='line_1_62' title="bbox 2128 3120 3794 3194; baseline 0.001 -18"><span class='ocrx_word' id='word_1_436' title='bbox 2128 3121 2186 3176; x_wconf 93' lang='lat' dir='ltr'>in</span> <span class='ocrx_word' id='word_1_437' title='bbox 2238 3137 2412 3176; x_wconf 90' lang='lat' dir='ltr'>carne</span> <span class='ocrx_word' id='word_1_438' title='bbox 2457 3120 2779 3176; x_wconf 89' lang='lat' dir='ltr'>viventium</span> <span class='ocrx_word' id='word_1_439' title='bbox 2826 3120 3087 3192; x_wconf 88' lang='lat' dir='ltr'>respicit,</span> <span class='ocrx_word' id='word_1_440' title='bbox 3135 3122 3433 3194; x_wconf 89' lang='lat' dir='ltr'>perfectus</span> <span class='ocrx_word' id='word_1_441' title='bbox 3482 3126 3624 3178; x_wconf 88' lang='lat' dir='ltr'>erat.</span> <span class='ocrx_word' id='word_1_442' title='bbox 3676 3121 3794 3177; x_wconf 87' lang='lat' dir='ltr'>Sed</span> 
     </span>
    </p>
   </div>
   <div class='ocr_carea' id='block_1_63' title="bbox 2126 3207 3795 3282">
    <p class='ocr_par' dir='ltr' id='par_1_63' title="bbox 2126 3207 3795 3282">
     <span class='ocr_line' id='line_1_63' title="bbox 2126 3207 3795 3282; baseline 0.001 -18"><span class='ocrx_word' id='word_1_443' title='bbox 2126 3208 2271 3265; x_wconf 89' lang='lat' dir='ltr'>dicit</span> <span class='ocrx_word' id='word_1_444' title='bbox 2283 3225 2345 3264; x_wconf 90' lang='lat' dir='ltr'>se</span> <span class='ocrx_word' id='word_1_445' title='bbox 2367 3208 2436 3263; x_wconf 90' lang='lat' dir='ltr'>ad</span> <span class='ocrx_word' id='word_1_446' title='bbox 2457 3207 2792 3280; x_wconf 86' lang='lat' dir='ltr'>exemplum</span> <span class='ocrx_word' id='word_1_447' title='bbox 2811 3208 3134 3281; x_wconf 84' lang='lat' dir='ltr'>saggitlarii</span> <span class='ocrx_word' id='word_1_448' title='bbox 3154 3210 3225 3266; x_wconf 82' lang='lat' dir='ltr'>ad</span> <span class='ocrx_word' id='word_1_449' title='bbox 3251 3209 3617 3282; x_wconf 90' lang='lat' dir='ltr'>propositum</span> <span class='ocrx_word' id='word_1_450' title='bbox 3640 3213 3699 3267; x_wconf 86' lang='lat' dir='ltr'>et</span> <span class='ocrx_word' id='word_1_451' title='bbox 3718 3210 3795 3265; x_wconf 89' lang='lat' dir='ltr'>ad</span> 
     </span>
    </p>
   </div>
   <div class='ocr_carea' id='block_1_64' title="bbox 367 3283 3797 3372">
    <p class='ocr_par' dir='ltr' id='par_1_64' title="bbox 367 3283 3797 3372">
     <span class='ocr_line' id='line_1_64' title="bbox 367 3283 3797 3372; baseline 0 -18"><span class='ocrx_word' id='word_1_452' title='bbox 367 3298 508 3355; x_wconf 90' lang='lat' dir='ltr'>mihi</span> <span class='ocrx_word' id='word_1_453' title='bbox 542 3299 729 3353; x_wconf 84' lang='lat' dir='ltr'>facere</span> <span class='ocrx_word' id='word_1_454' title='bbox 756 3297 1011 3354; x_wconf 84' lang='lat' dir='ltr'>intellexi</span> <span class='ocrx_word' id='word_1_455' title='bbox 1046 3315 1058 3353; x_wconf 91' lang='lat'>:</span> <span class='ocrx_word' id='word_1_456' title='bbox 1092 3302 1148 3353; x_wconf 93' lang='lat' dir='ltr'>et</span> <span class='ocrx_word' id='word_1_457' title='bbox 1181 3297 1321 3370; x_wconf 87' lang='lat' dir='ltr'>quia</span> <span class='ocrx_word' id='word_1_458' title='bbox 1346 3296 1448 3353; x_wconf 86' lang='lat' dir='ltr'>illa</span> <span class='ocrx_word' id='word_1_459' title='bbox 1467 3296 1577 3352; x_wconf 93' lang='lat' dir='ltr'>hoc</span> <span class='ocrx_word' id='word_1_460' title='bbox 1607 3302 1865 3370; x_wconf 90' lang='lat' dir='ltr'>tempore</span> <span class='ocrx_word' id='word_1_461' title='bbox 1898 3315 2013 3355; x_wconf 91' lang='lat' dir='ltr'>non</span> <span class='ocrx_word' id='word_1_462' title='bbox 2044 3283 2088 3350; x_wconf 86' lang='lat' dir='ltr'>C</span> <span class='ocrx_word' id='word_1_463' title='bbox 2134 3298 2369 3371; x_wconf 87' lang='lat' dir='ltr'>signum</span> <span class='ocrx_word' id='word_1_464' title='bbox 2388 3296 2585 3368; x_wconf 89' lang='lat' dir='ltr'>jacula</span> <span class='ocrx_word' id='word_1_465' title='bbox 2604 3296 2953 3370; x_wconf 90' lang='lat' dir='ltr'>dirigere,ne</span> <span class='ocrx_word' id='word_1_466' title='bbox 2976 3298 3191 3371; x_wconf 86' lang='lat' dir='ltr'>sagitta</span> <span class='ocrx_word' id='word_1_467' title='bbox 3208 3299 3280 3355; x_wconf 84' lang='lat' dir='ltr'>ad</span> <span class='ocrx_word' id='word_1_468' title='bbox 3305 3298 3549 3356; x_wconf 87' lang='lat' dir='ltr'>alteram</span> <span class='ocrx_word' id='word_1_469' title='bbox 3566 3303 3797 3372; x_wconf 88' lang='lat' dir='ltr'>partem</span> 
     </span>
    </p>
   </div>
   <div class='ocr_carea' id='block_1_65' title="bbox 367 3384 2021 3459">
    <p class='ocr_par' dir='ltr' id='par_1_65' title="bbox 367 3384 2021 3459">
     <span class='ocr_line' id='line_1_65' title="bbox 367 3384 2021 3459; baseline 0 -16"><span class='ocrx_word' id='word_1_470' title='bbox 367 3386 555 3443; x_wconf 89' lang='lat' dir='ltr'>valere</span> <span class='ocrx_word' id='word_1_471' title='bbox 585 3388 910 3459; x_wconf 89' lang='lat' dir='ltr'>recognovi,</span> <span class='ocrx_word' id='word_1_472' title='bbox 952 3387 1081 3442; x_wconf 91' lang='lat' dir='ltr'>ideo</span> <span class='ocrx_word' id='word_1_473' title='bbox 1130 3390 1414 3459; x_wconf 89' lang='lat' dir='ltr'>tanquam</span> <span class='ocrx_word' id='word_1_474' title='bbox 1459 3384 1791 3441; x_wconf 86' lang='lat' dir='ltr'>detrimenta</span> <span class='ocrx_word' id='word_1_475' title='bbox 1836 3386 2021 3443; x_wconf 88' lang='lat' dir='ltr'>habeo</span> 
     </span>
    </p>
   </div>
   <div class='ocr_carea' id='block_1_66' title="bbox 373 3474 2020 3547">
    <p class='ocr_par' dir='ltr' id='par_1_66' title="bbox 373 3474 2020 3547">
     <span class='ocr_line' id='line_1_66' title="bbox 373 3474 2020 3547; baseline -0.001 -15"><span class='ocrx_word' id='word_1_476' title='bbox 373 3476 569 3532; x_wconf 90' lang='lat' dir='ltr'>omnia</span> <span class='ocrx_word' id='word_1_477' title='bbox 588 3475 687 3530; x_wconf 92' lang='lat' dir='ltr'>illa</span> <span class='ocrx_word' id='word_1_478' title='bbox 716 3474 851 3531; x_wconf 87' lang='lat' dir='ltr'>vilia</span> <span class='ocrx_word' id='word_1_479' title='bbox 880 3480 1117 3547; x_wconf 90' lang='lat' dir='ltr'>propter</span> <span class='ocrx_word' id='word_1_480' title='bbox 1144 3475 1462 3542; x_wconf 90' lang='lat' dir='ltr'>Christum,</span> <span class='ocrx_word' id='word_1_481' title='bbox 1486 3474 1701 3547; x_wconf 89' lang='lat' dir='ltr'>quibus</span> <span class='ocrx_word' id='word_1_482' title='bbox 1742 3476 2020 3547; x_wconf 89' lang='lat' dir='ltr'>putabam</span> 
     </span>
    </p>
   </div>
   <div class='ocr_carea' id='block_1_67' title="bbox 373 3562 2024 3635">
    <p class='ocr_par' dir='ltr' id='par_1_67' title="bbox 373 3562 2024 3635">
     <span class='ocr_line' id='line_1_67' title="bbox 373 3562 2024 3635; baseline 0 -15"><span class='ocrx_word' id='word_1_483' title='bbox 373 3581 467 3621; x_wconf 91' lang='lat' dir='ltr'>me</span> <span class='ocrx_word' id='word_1_484' title='bbox 498 3565 675 3620; x_wconf 89' lang='lat' dir='ltr'>vitam</span> <span class='ocrx_word' id='word_1_485' title='bbox 708 3563 1011 3635; x_wconf 90' lang='lat' dir='ltr'>acquirere</span> <span class='ocrx_word' id='word_1_486' title='bbox 1045 3581 1059 3618; x_wconf 92' lang='lat'>:</span> <span class='ocrx_word' id='word_1_487' title='bbox 1095 3564 1217 3619; x_wconf 68' lang='lat' dir='ltr'>haac</span> <span class='ocrx_word' id='word_1_488' title='bbox 1248 3567 1483 3635; x_wconf 86' lang='lat' dir='ltr'>propter</span> <span class='ocrx_word' id='word_1_489' title='bbox 1530 3562 1847 3634; x_wconf 90' lang='lat' dir='ltr'>Christum,</span> <span class='ocrx_word' id='word_1_490' title='bbox 1895 3569 2024 3620; x_wconf 87' lang='lat' dir='ltr'>tan-</span> 
     </span>
    </p>
   </div>
   <div class='ocr_carea' id='block_1_68' title="bbox 374 3651 2025 3725">
    <p class='ocr_par' dir='ltr' id='par_1_68' title="bbox 374 3651 2025 3725">
     <span class='ocr_line' id='line_1_68' title="bbox 374 3651 2025 3725; baseline 0 -16"><span class='ocrx_word' id='word_1_491' title='bbox 374 3670 552 3725; x_wconf 86' lang='lat' dir='ltr'>quam</span> <span class='ocrx_word' id='word_1_492' title='bbox 585 3652 1022 3723; x_wconf 88' lang='lat' dir='ltr'>impedimenta,</span> <span class='ocrx_word' id='word_1_493' title='bbox 1056 3651 1273 3723; x_wconf 90' lang='lat' dir='ltr'>abjeci;</span> <span class='ocrx_word' id='word_1_494' title='bbox 1319 3661 1370 3707; x_wconf 85' lang='lat' dir='ltr'>et</span> <span class='ocrx_word' id='word_1_495' title='bbox 1414 3652 1657 3708; x_wconf 82' lang='lat' dir='ltr'>arbitror</span> <span class='ocrx_word' id='word_1_496' title='bbox 1685 3656 1743 3707; x_wconf 86' lang='lat' dir='ltr'>ut</span> <span class='ocrx_word' id='word_1_497' title='bbox 1770 3655 2025 3725; x_wconf 86' lang='lat' dir='ltr'>stercora,</span> 
     </span>
    </p>
   </div>
   <div class='ocr_carea' id='block_1_69' title="bbox 372 3740 2029 3811">
    <p class='ocr_par' dir='ltr' id='par_1_69' title="bbox 372 3740 2029 3811">
     <span class='ocr_line' id='line_1_69' title="bbox 372 3740 2029 3811; baseline 0 -14"><span class='ocrx_word' id='word_1_498' title='bbox 372 3746 431 3797; x_wconf 90' lang='lat' dir='ltr'>ut</span> <span class='ocrx_word' id='word_1_499' title='bbox 463 3741 739 3796; x_wconf 83' lang='lat' dir='ltr'>Christum</span> <span class='ocrx_word' id='word_1_500' title='bbox 771 3742 1138 3811; x_wconf 84' lang='lat' dir='ltr'>lucrifaciam.</span> <span class='ocrx_word' id='word_1_501' title='bbox 1173 3740 1320 3804; x_wconf 88' lang='lat' dir='ltr'>Quid</span> <span class='ocrx_word' id='word_1_502' title='bbox 1356 3744 1464 3807; x_wconf 89' lang='lat' dir='ltr'>est,</span> <span class='ocrx_word' id='word_1_503' title='bbox 1497 3741 1915 3797; x_wconf 88' lang='lat' dir='ltr'>detrimentum</span> <span class='ocrx_word' id='word_1_504' title='bbox 1946 3742 2029 3797; x_wconf 90' lang='lat' dir='ltr'>fe-</span> 
     </span>
    </p>
   </div>
   <div class='ocr_carea' id='block_1_70' title="bbox 376 3829 1695 3899">
    <p class='ocr_par' dir='ltr' id='par_1_70' title="bbox 376 3829 1695 3899">
     <span class='ocr_line' id='line_1_70' title="bbox 376 3829 1695 3899; baseline -0.001 -14"><span class='ocrx_word' id='word_1_505' title='bbox 376 3830 450 3893; x_wconf 91' lang='lat' dir='ltr'>ci,</span> <span class='ocrx_word' id='word_1_506' title='bbox 485 3829 599 3885; x_wconf 90' lang='lat' dir='ltr'>nisi</span> <span class='ocrx_word' id='word_1_507' title='bbox 631 3829 997 3884; x_wconf 88' lang='lat' dir='ltr'>detrimentis</span> <span class='ocrx_word' id='word_1_508' title='bbox 1028 3829 1270 3885; x_wconf 75' lang='lat' dir='ltr'>effectus</span> <span class='ocrx_word' id='word_1_509' title='bbox 1302 3829 1484 3899; x_wconf 82' lang='lat'><strong>(1185)</strong></span> <span class='ocrx_word' id='word_1_510' title='bbox 1518 3829 1695 3884; x_wconf 83' lang='lat' dir='ltr'>sum?</span> 
     </span>
    </p>
   </div>
   <div class='ocr_carea' id='block_1_71' title="bbox 447 3916 2026 3989">
    <p class='ocr_par' dir='ltr' id='par_1_71' title="bbox 447 3916 2026 3989">
     <span class='ocr_line' id='line_1_71' title="bbox 447 3916 2026 3989; baseline 0 -17"><span class='ocrx_word' id='word_1_511' title='bbox 447 3916 717 3989; x_wconf 89' lang='lat' dir='ltr'>Sequitur</span> <span class='ocrx_word' id='word_1_512' title='bbox 750 3934 763 3971; x_wconf 92' lang='lat'>:</span> <span class='ocrx_word' id='word_1_513' title='bbox 795 3920 861 3973; x_wconf 86' lang='lat' dir='ltr'>Et</span> <span class='ocrx_word' id='word_1_514' title='bbox 888 3919 1142 3972; x_wconf 84' lang='lat' dir='ltr'>inveniar</span> <span class='ocrx_word' id='word_1_515' title='bbox 1189 3919 1249 3973; x_wconf 85' lang='lat' dir='ltr'>in</span> <span class='ocrx_word' id='word_1_516' title='bbox 1296 3918 1414 3985; x_wconf 85' lang='lat' dir='ltr'>illo,</span> <span class='ocrx_word' id='word_1_517' title='bbox 1446 3917 1502 3972; x_wconf 92' lang='lat' dir='ltr'>id</span> <span class='ocrx_word' id='word_1_518' title='bbox 1543 3922 1652 3983; x_wconf 90' lang='lat' dir='ltr'>est,</span> <span class='ocrx_word' id='word_1_519' title='bbox 1688 3917 1745 3971; x_wconf 91' lang='lat' dir='ltr'>in</span> <span class='ocrx_word' id='word_1_520' title='bbox 1777 3917 2026 3985; x_wconf 91' lang='lat' dir='ltr'>Christo,</span> 
     </span>
    </p>
   </div>
   <div class='ocr_carea' id='block_1_72' title="bbox 383 4005 2030 4078">
    <p class='ocr_par' dir='ltr' id='par_1_72' title="bbox 383 4005 2030 4078">
     <span class='ocr_line' id='line_1_72' title="bbox 383 4005 2030 4078; baseline 0 -18"><span class='ocrx_word' id='word_1_521' title='bbox 383 4022 495 4061; x_wconf 86' lang='lat' dir='ltr'>non</span> <span class='ocrx_word' id='word_1_522' title='bbox 541 4006 741 4062; x_wconf 81' lang='lat' dir='ltr'>habens</span> <span class='ocrx_word' id='word_1_523' title='bbox 786 4022 964 4061; x_wconf 80' lang='lat' dir='ltr'>meum</span> <span class='ocrx_word' id='word_1_524' title='bbox 1003 4007 1304 4078; x_wconf 82' lang='lat' dir='ltr'>justitiam,</span> <span class='ocrx_word' id='word_1_525' title='bbox 1355 4007 1411 4061; x_wconf 92' lang='lat' dir='ltr'>id</span> <span class='ocrx_word' id='word_1_526' title='bbox 1472 4009 1580 4073; x_wconf 89' lang='lat' dir='ltr'>est,</span> <span class='ocrx_word' id='word_1_527' title='bbox 1634 4005 1812 4077; x_wconf 86' lang='lat' dir='ltr'>legis;</span> <span class='ocrx_word' id='word_1_528' title='bbox 1864 4005 2030 4076; x_wconf 88' lang='lat' dir='ltr'>quasi</span> 
     </span>
    </p>
   </div>
   <div class='ocr_carea' id='block_1_73' title="bbox 375 4095 2038 4165">
    <p class='ocr_par' dir='ltr' id='par_1_73' title="bbox 375 4095 2038 4165">
     <span class='ocr_line' id='line_1_73' title="bbox 375 4095 2038 4165; baseline -0.001 -15"><span class='ocrx_word' id='word_1_529' title='bbox 375 4095 536 4151; x_wconf 89' lang='lat' dir='ltr'>dicat</span> <span class='ocrx_word' id='word_1_530' title='bbox 587 4111 598 4149; x_wconf 96' lang='lat'>:</span> <span class='ocrx_word' id='word_1_531' title='bbox 648 4095 888 4150; x_wconf 86' lang='lat' dir='ltr'>Justitia</span> <span class='ocrx_word' id='word_1_532' title='bbox 938 4106 1067 4151; x_wconf 88' lang='lat' dir='ltr'>mea</span> <span class='ocrx_word' id='word_1_533' title='bbox 1125 4097 1248 4149; x_wconf 90' lang='lat' dir='ltr'>erat</span> <span class='ocrx_word' id='word_1_534' title='bbox 1296 4110 1428 4149; x_wconf 91' lang='lat' dir='ltr'>cum</span> <span class='ocrx_word' id='word_1_535' title='bbox 1480 4108 1609 4148; x_wconf 89' lang='lat' dir='ltr'>meo</span> <span class='ocrx_word' id='word_1_536' title='bbox 1659 4098 1900 4161; x_wconf 91' lang='lat' dir='ltr'>conatu;</span> <span class='ocrx_word' id='word_1_537' title='bbox 1934 4110 2038 4165; x_wconf 88' lang='lat' dir='ltr'>per</span> 
     </span>
    </p>
   </div>
   <div class='ocr_carea' id='block_1_74' title="bbox 382 4182 1819 4257">
    <p class='ocr_par' dir='ltr' id='par_1_74' title="bbox 382 4182 1819 4257">
     <span class='ocr_line' id='line_1_74' title="bbox 382 4182 1819 4257; baseline -0.001 -18"><span class='ocrx_word' id='word_1_538' title='bbox 382 4200 558 4255; x_wconf 91' lang='lat' dir='ltr'>opera</span> <span class='ocrx_word' id='word_1_539' title='bbox 588 4183 733 4257; x_wconf 91' lang='lat' dir='ltr'>legis</span> <span class='ocrx_word' id='word_1_540' title='bbox 765 4184 880 4238; x_wconf 92' lang='lat' dir='ltr'>Deo</span> <span class='ocrx_word' id='word_1_541' title='bbox 911 4199 1004 4238; x_wconf 92' lang='lat' dir='ltr'>me</span> <span class='ocrx_word' id='word_1_542' title='bbox 1035 4199 1205 4254; x_wconf 86' lang='lat' dir='ltr'>posse</span> <span class='ocrx_word' id='word_1_543' title='bbox 1237 4182 1461 4254; x_wconf 91' lang='lat' dir='ltr'>placere</span> <span class='ocrx_word' id='word_1_544' title='bbox 1490 4182 1819 4237; x_wconf 89' lang='lat' dir='ltr'>credebam.</span> 
     </span>
    </p>
   </div>
   <div class='ocr_carea' id='block_1_75' title="bbox 447 4270 2038 4344">
    <p class='ocr_par' dir='ltr' id='par_1_75' title="bbox 447 4270 2038 4344">
     <span class='ocr_line' id='line_1_75' title="bbox 447 4270 2038 4344; baseline 0 -17"><span class='ocrx_word' id='word_1_545' title='bbox 447 4273 725 4344; x_wconf 88' lang='lat' dir='ltr'>Sequitur</span> <span class='ocrx_word' id='word_1_546' title='bbox 757 4290 768 4328; x_wconf 92' lang='lat'>:</span> <span class='ocrx_word' id='word_1_547' title='bbox 805 4272 904 4327; x_wconf 84' lang='lat' dir='ltr'>Sed</span> <span class='ocrx_word' id='word_1_548' title='bbox 944 4289 1085 4338; x_wconf 81' lang='lat' dir='ltr'>eam,</span> <span class='ocrx_word' id='word_1_549' title='bbox 1119 4286 1246 4343; x_wconf 67' lang='lat' dir='ltr'>quae</span> <span class='ocrx_word' id='word_1_550' title='bbox 1272 4288 1342 4327; x_wconf 72' lang='lat' dir='ltr'>ea:</span> <span class='ocrx_word' id='word_1_551' title='bbox 1369 4271 1474 4342; x_wconf 83' lang='lat' dir='ltr'>ﬁde</span> <span class='ocrx_word' id='word_1_552' title='bbox 1502 4275 1582 4326; x_wconf 85' lang='lat' dir='ltr'>est</span> <span class='ocrx_word' id='word_1_553' title='bbox 1620 4273 1744 4327; x_wconf 80' lang='lat' dir='ltr'>Iesu</span> <span class='ocrx_word' id='word_1_554' title='bbox 1787 4270 2038 4334; x_wconf 86' lang='lat' dir='ltr'>Christi;</span> 
     </span>
    </p>
   </div>
   <div class='ocr_carea' id='block_1_76' title="bbox 379 4359 2040 4433">
    <p class='ocr_par' dir='ltr' id='par_1_76' title="bbox 379 4359 2040 4433">
     <span class='ocr_line' id='line_1_76' title="bbox 379 4359 2040 4433; baseline -0.001 -16"><span class='ocrx_word' id='word_1_555' title='bbox 379 4362 531 4417; x_wconf 91' lang='lat' dir='ltr'>hanc</span> <span class='ocrx_word' id='word_1_556' title='bbox 553 4361 873 4432; x_wconf 86' lang='lat' dir='ltr'>justitiam,</span> <span class='ocrx_word' id='word_1_557' title='bbox 918 4378 1046 4433; x_wconf 64' lang='lat' dir='ltr'>qua:</span> <span class='ocrx_word' id='word_1_558' title='bbox 1091 4378 1158 4417; x_wconf 83' lang='lat' dir='ltr'>ex</span> <span class='ocrx_word' id='word_1_559' title='bbox 1202 4361 1316 4416; x_wconf 87' lang='lat' dir='ltr'>fide</span> <span class='ocrx_word' id='word_1_560' title='bbox 1364 4364 1453 4416; x_wconf 89' lang='lat' dir='ltr'>est</span> <span class='ocrx_word' id='word_1_561' title='bbox 1493 4359 1728 4425; x_wconf 87' lang='lat' dir='ltr'>Christi,</span> <span class='ocrx_word' id='word_1_562' title='bbox 1761 4376 1876 4414; x_wconf 90' lang='lat' dir='ltr'>non</span> <span class='ocrx_word' id='word_1_563' title='bbox 1910 4376 2040 4431; x_wconf 67' lang='lat' dir='ltr'>qua:</span> 
     </span>
    </p>
   </div>
   <div class='ocr_carea' id='block_1_77' title="bbox 382 4448 947 4522">
    <p class='ocr_par' dir='ltr' id='par_1_77' title="bbox 382 4448 947 4522">
     <span class='ocr_line' id='line_1_77' title="bbox 382 4448 947 4522; baseline -0.005 -16"><span class='ocrx_word' id='word_1_564' title='bbox 382 4468 451 4506; x_wconf 84' lang='lat' dir='ltr'>ex</span> <span class='ocrx_word' id='word_1_565' title='bbox 479 4450 755 4522; x_wconf 90' lang='lat' dir='ltr'>operibus</span> <span class='ocrx_word' id='word_1_566' title='bbox 782 4448 947 4521; x_wconf 84' lang='lat' dir='ltr'>legis.</span> 
     </span>
    </p>
   </div>
   <div class='ocr_carea' id='block_1_78' title="bbox 456 4535 2037 4610">
    <p class='ocr_par' dir='ltr' id='par_1_78' title="bbox 456 4535 2037 4610">
     <span class='ocr_line' id='line_1_78' title="bbox 456 4535 2037 4610; baseline -0.002 -16"><span class='ocrx_word' id='word_1_567' title='bbox 456 4540 544 4594; x_wconf 88' lang='lat' dir='ltr'>Ad</span> <span class='ocrx_word' id='word_1_568' title='bbox 578 4539 717 4610; x_wconf 91' lang='lat' dir='ltr'>quid</span> <span class='ocrx_word' id='word_1_569' title='bbox 753 4537 1160 4609; x_wconf 80' lang='lat' dir='ltr'>haecjustitia?</span> <span class='ocrx_word' id='word_1_570' title='bbox 1189 4537 1501 4608; x_wconf 90' lang='lat' dir='ltr'>Sequitur:</span> <span class='ocrx_word' id='word_1_571' title='bbox 1534 4535 1613 4590; x_wconf 82' lang='lat' dir='ltr'>Ad</span> <span class='ocrx_word' id='word_1_572' title='bbox 1639 4536 2037 4605; x_wconf 78' lang='lat' dir='ltr'>agnoscendum</span> 
     </span>
    </p>
   </div>
   <div class='ocr_carea' id='block_1_79' title="bbox 2134 3385 3799 3461">
    <p class='ocr_par' dir='ltr' id='par_1_79' title="bbox 2134 3385 3799 3461">
     <span class='ocr_line' id='line_1_79' title="bbox 2134 3385 3799 3461; baseline 0 -18"><span class='ocrx_word' id='word_1_573' title='bbox 2134 3385 2432 3443; x_wconf 90' lang='lat' dir='ltr'>declinans</span> <span class='ocrx_word' id='word_1_574' title='bbox 2462 3385 2800 3458; x_wconf 90' lang='lat' dir='ltr'>imperitum</span> <span class='ocrx_word' id='word_1_575' title='bbox 2833 3388 3104 3443; x_wconf 90' lang='lat' dir='ltr'>ostendat</span> <span class='ocrx_word' id='word_1_576' title='bbox 3144 3387 3537 3461; x_wconf 87' lang='lat' dir='ltr'>sagittarium.</span> <span class='ocrx_word' id='word_1_577' title='bbox 3567 3387 3799 3444; x_wconf 84' lang='lat' dir='ltr'>Asserit</span> 
     </span>
    </p>
   </div>
   <div class='ocr_carea' id='block_1_80' title="bbox 2136 3474 3797 3549">
    <p class='ocr_par' dir='ltr' id='par_1_80' title="bbox 2136 3474 3797 3549">
     <span class='ocr_line' id='line_1_80' title="bbox 2136 3474 3797 3549; baseline -0.001 -17"><span class='ocrx_word' id='word_1_578' title='bbox 2136 3492 2197 3532; x_wconf 91' lang='lat' dir='ltr'>se</span> <span class='ocrx_word' id='word_1_579' title='bbox 2263 3474 2689 3548; x_wconf 64' lang='lat' dir='ltr'>praeteritorum</span> <span class='ocrx_word' id='word_1_580' title='bbox 2747 3475 3032 3545; x_wconf 88' lang='lat' dir='ltr'>oblivisci,</span> <span class='ocrx_word' id='word_1_581' title='bbox 3099 3480 3156 3532; x_wconf 91' lang='lat' dir='ltr'>et</span> <span class='ocrx_word' id='word_1_582' title='bbox 3220 3476 3291 3532; x_wconf 89' lang='lat' dir='ltr'>ad</span> <span class='ocrx_word' id='word_1_583' title='bbox 3351 3475 3547 3549; x_wconf 90' lang='lat' dir='ltr'>priora</span> <span class='ocrx_word' id='word_1_584' title='bbox 3609 3476 3797 3549; x_wconf 82' lang='grc'>(118⁸7)</span> 
     </span>
    </p>
   </div>
   <div class='ocr_carea' id='block_1_81' title="bbox 2135 3564 3800 3638">
    <p class='ocr_par' dir='ltr' id='par_1_81' title="bbox 2135 3564 3800 3638">
     <span class='ocr_line' id='line_1_81' title="bbox 2135 3564 3800 3638; baseline -0.001 -17"><span class='ocrx_word' id='word_1_585' title='bbox 2135 3564 2401 3632; x_wconf 84' lang='lat' dir='ltr'>extendi;</span> <span class='ocrx_word' id='word_1_586' title='bbox 2451 3580 2554 3635; x_wconf 89' lang='lat' dir='ltr'>per</span> <span class='ocrx_word' id='word_1_587' title='bbox 2596 3580 2724 3635; x_wconf 68' lang='lat' dir='ltr'>quae</span> <span class='ocrx_word' id='word_1_588' title='bbox 2773 3564 2942 3620; x_wconf 88' lang='lat' dir='ltr'>docet</span> <span class='ocrx_word' id='word_1_589' title='bbox 2987 3565 3279 3637; x_wconf 64' lang='lat' dir='ltr'>praeterita</span> <span class='ocrx_word' id='word_1_590' title='bbox 3326 3564 3703 3638; x_wconf 86' lang='lat' dir='ltr'>negligenda,</span> <span class='ocrx_word' id='word_1_591' title='bbox 3735 3568 3800 3620; x_wconf 89' lang='lat' dir='ltr'>et</span> 
     </span>
    </p>
   </div>
   <div class='ocr_carea' id='block_1_82' title="bbox 2140 3652 3800 3727">
    <p class='ocr_par' dir='ltr' id='par_1_82' title="bbox 2140 3652 3800 3727">
     <span class='ocr_line' id='line_1_82' title="bbox 2140 3652 3800 3727; baseline 0 -18"><span class='ocrx_word' id='word_1_592' title='bbox 2140 3654 2335 3709; x_wconf 82' lang='lat' dir='ltr'>futura</span> <span class='ocrx_word' id='word_1_593' title='bbox 2365 3653 2678 3725; x_wconf 68' lang='lat' dir='ltr'>quaerenda</span> <span class='ocrx_word' id='word_1_594' title='bbox 2708 3668 2723 3707; x_wconf 90' lang='lat'>:</span> <span class='ocrx_word' id='word_1_595' title='bbox 2760 3657 2825 3708; x_wconf 91' lang='lat' dir='ltr'>ut</span> <span class='ocrx_word' id='word_1_596' title='bbox 2853 3653 3008 3725; x_wconf 90' lang='lat' dir='ltr'>quod</span> <span class='ocrx_word' id='word_1_597' title='bbox 3052 3652 3225 3709; x_wconf 88' lang='lat' dir='ltr'>hodie</span> <span class='ocrx_word' id='word_1_598' title='bbox 3268 3653 3588 3726; x_wconf 84' lang='lat' dir='ltr'>perfectum</span> <span class='ocrx_word' id='word_1_599' title='bbox 3620 3657 3800 3727; x_wconf 82' lang='lat' dir='ltr'>puta-</span> 
     </span>
    </p>
   </div>
   <div class='ocr_carea' id='block_1_83' title="bbox 2138 3740 3802 3815">
    <p class='ocr_par' dir='ltr' id='par_1_83' title="bbox 2138 3740 3802 3815">
     <span class='ocr_line' id='line_1_83' title="bbox 2138 3740 3802 3815; baseline 0.001 -18"><span class='ocrx_word' id='word_1_600' title='bbox 2138 3743 2253 3811; x_wconf 90' lang='lat' dir='ltr'>vit;</span> <span class='ocrx_word' id='word_1_601' title='bbox 2286 3740 2799 3815; x_wconf 84' lang='lat' dir='ltr'>proﬁciendo,cras</span> <span class='ocrx_word' id='word_1_602' title='bbox 2822 3740 3152 3797; x_wconf 89' lang='lat' dir='ltr'>inveniatur</span> <span class='ocrx_word' id='word_1_603' title='bbox 3181 3740 3626 3815; x_wconf 87' lang='lat' dir='ltr'>imperfectum;</span> <span class='ocrx_word' id='word_1_604' title='bbox 3658 3758 3802 3814; x_wconf 84' lang='lat' dir='ltr'>qua-</span> 
     </span>
    </p>
   </div>
   <div class='ocr_carea' id='block_1_84' title="bbox 2140 3829 3796 3904">
    <p class='ocr_par' dir='ltr' id='par_1_84' title="bbox 2140 3829 3796 3904">
     <span class='ocr_line' id='line_1_84' title="bbox 2140 3829 3796 3904; baseline 0.001 -17"><span class='ocrx_word' id='word_1_605' title='bbox 2140 3837 2315 3888; x_wconf 89' lang='lat' dir='ltr'>tenus</span> <span class='ocrx_word' id='word_1_606' title='bbox 2346 3848 2461 3887; x_wconf 91' lang='lat' dir='ltr'>non</span> <span class='ocrx_word' id='word_1_607' title='bbox 2493 3830 2553 3886; x_wconf 92' lang='lat' dir='ltr'>in</span> <span class='ocrx_word' id='word_1_608' title='bbox 2583 3829 2854 3897; x_wconf 90' lang='lat' dir='ltr'>statione,</span> <span class='ocrx_word' id='word_1_609' title='bbox 2886 3830 2987 3887; x_wconf 89' lang='lat' dir='ltr'>sed</span> <span class='ocrx_word' id='word_1_610' title='bbox 3041 3829 3099 3885; x_wconf 91' lang='lat' dir='ltr'>in</span> <span class='ocrx_word' id='word_1_611' title='bbox 3151 3847 3328 3887; x_wconf 89' lang='lat' dir='ltr'>cursu</span> <span class='ocrx_word' id='word_1_612' title='bbox 3358 3836 3796 3904; x_wconf 86' lang='lat' dir='ltr'>permanentes,</span> 
     </span>
    </p>
   </div>
   <div class='ocr_carea' id='block_1_85' title="bbox 2145 3918 3239 3991">
    <p class='ocr_par' dir='ltr' id='par_1_85' title="bbox 2145 3918 3239 3991">
     <span class='ocr_line' id='line_1_85' title="bbox 2145 3918 3239 3991; baseline 0 -16"><span class='ocrx_word' id='word_1_613' title='bbox 2145 3920 2216 3975; x_wconf 87' lang='lat' dir='ltr'>ad</span> <span class='ocrx_word' id='word_1_614' title='bbox 2248 3919 2560 3991; x_wconf 85' lang='lat' dir='ltr'>perfectam</span> <span class='ocrx_word' id='word_1_615' title='bbox 2582 3918 2879 3989; x_wconf 84' lang='lat' dir='ltr'>justitiam</span> <span class='ocrx_word' id='word_1_616' title='bbox 2912 3919 3239 3975; x_wconf 87' lang='lat' dir='ltr'>veniamus.</span> 
     </span>
    </p>
   </div>
   <div class='ocr_carea' id='block_1_86' title="bbox 2215 4005 3801 4080">
    <p class='ocr_par' dir='ltr' id='par_1_86' title="bbox 2215 4005 3801 4080">
     <span class='ocr_line' id='line_1_86' title="bbox 2215 4005 3801 4080; baseline 0 -18"><span class='ocrx_word' id='word_1_617' title='bbox 2215 4008 2297 4062; x_wconf 87' lang='lat' dir='ltr'>De</span> <span class='ocrx_word' id='word_1_618' title='bbox 2324 4023 2391 4063; x_wconf 90' lang='lat' dir='ltr'>eo</span> <span class='ocrx_word' id='word_1_619' title='bbox 2422 4008 2577 4079; x_wconf 94' lang='lat' dir='ltr'>quod</span> <span class='ocrx_word' id='word_1_620' title='bbox 2608 4006 2730 4062; x_wconf 64' lang='lat' dir='ltr'>haec</span> <span class='ocrx_word' id='word_1_621' title='bbox 2760 4005 3062 4063; x_wconf 90' lang='lat' dir='ltr'>audientes</span> <span class='ocrx_word' id='word_1_622' title='bbox 3091 4005 3498 4080; x_wconf 85' lang='lat' dir='ltr'>Philippenses</span> <span class='ocrx_word' id='word_1_623' title='bbox 3526 4010 3801 4079; x_wconf 87' lang='lat' dir='ltr'>poterant</span> 
     </span>
    </p>
   </div>
   <div class='ocr_carea' id='block_1_87' title="bbox 2148 4093 3798 4168">
    <p class='ocr_par' dir='ltr' id='par_1_87' title="bbox 2148 4093 3798 4168">
     <span class='ocr_line' id='line_1_87' title="bbox 2148 4093 3798 4168; baseline 0 -18"><span class='ocrx_word' id='word_1_624' title='bbox 2148 4095 2336 4151; x_wconf 89' lang='lat' dir='ltr'>dicere</span> <span class='ocrx_word' id='word_1_625' title='bbox 2366 4113 2379 4150; x_wconf 93' lang='lat'>:</span> <span class='ocrx_word' id='word_1_626' title='bbox 2413 4095 2472 4150; x_wconf 93' lang='lat' dir='ltr'>Si</span> <span class='ocrx_word' id='word_1_627' title='bbox 2505 4095 2694 4151; x_wconf 89' lang='lat' dir='ltr'>adhuc</span> <span class='ocrx_word' id='word_1_628' title='bbox 2726 4095 3042 4167; x_wconf 85' lang='lat' dir='ltr'>Apostolus</span> <span class='ocrx_word' id='word_1_629' title='bbox 3069 4094 3478 4168; x_wconf 89' lang='lat' dir='ltr'>imperfectum</span> <span class='ocrx_word' id='word_1_630' title='bbox 3524 4112 3587 4152; x_wconf 92' lang='lat' dir='ltr'>se</span> <span class='ocrx_word' id='word_1_631' title='bbox 3633 4093 3798 4163; x_wconf 89' lang='lat' dir='ltr'>dicit,</span> 
     </span>
    </p>
   </div>
   <div class='ocr_carea' id='block_1_88' title="bbox 2148 4183 3801 4256">
    <p class='ocr_par' dir='ltr' id='par_1_88' title="bbox 2148 4183 3801 4256">
     <span class='ocr_line' id='line_1_88' title="bbox 2148 4183 3801 4256; baseline 0.001 -18"><span class='ocrx_word' id='word_1_632' title='bbox 2148 4188 2366 4256; x_wconf 88' lang='lat' dir='ltr'>quanto</span> <span class='ocrx_word' id='word_1_633' title='bbox 2397 4183 2586 4255; x_wconf 88' lang='lat' dir='ltr'>magis</span> <span class='ocrx_word' id='word_1_634' title='bbox 2617 4199 2723 4238; x_wconf 92' lang='lat' dir='ltr'>nos</span> <span class='ocrx_word' id='word_1_635' title='bbox 2754 4200 2962 4240; x_wconf 91' lang='lat' dir='ltr'>sumus</span> <span class='ocrx_word' id='word_1_636' title='bbox 2991 4183 3356 4256; x_wconf 81' lang='lat' dir='ltr'>imperfecti?</span> <span class='ocrx_word' id='word_1_637' title='bbox 3385 4184 3518 4241; x_wconf 88' lang='lat' dir='ltr'>ldeo</span> <span class='ocrx_word' id='word_1_638' title='bbox 3562 4200 3626 4241; x_wconf 90' lang='lat' dir='ltr'>se</span> <span class='ocrx_word' id='word_1_639' title='bbox 3654 4184 3801 4241; x_wconf 90' lang='lat' dir='ltr'>dicit</span> 
     </span>
    </p>
   </div>
   <div class='ocr_carea' id='block_1_89' title="bbox 2151 4271 3801 4344">
    <p class='ocr_par' dir='ltr' id='par_1_89' title="bbox 2151 4271 3801 4344">
     <span class='ocr_line' id='line_1_89' title="bbox 2151 4271 3801 4344; baseline 0.001 -17"><span class='ocrx_word' id='word_1_640' title='bbox 2151 4271 2354 4328; x_wconf 90' lang='lat' dir='ltr'>multis</span> <span class='ocrx_word' id='word_1_641' title='bbox 2383 4271 2860 4328; x_wconf 89' lang='lat' dir='ltr'>tribulationibus</span> <span class='ocrx_word' id='word_1_642' title='bbox 2881 4271 3165 4328; x_wconf 81' lang='lat' dir='ltr'>afﬂictum</span> <span class='ocrx_word' id='word_1_643' title='bbox 3188 4289 3303 4328; x_wconf 91' lang='lat' dir='ltr'>non</span> <span class='ocrx_word' id='word_1_644' title='bbox 3327 4272 3801 4344; x_wconf 83' lang='lat' dir='ltr'>comprehendis-</span> 
     </span>
    </p>
   </div>
   <div class='ocr_carea' id='block_1_90' title="bbox 2148 4360 3801 4434">
    <p class='ocr_par' dir='ltr' id='par_1_90' title="bbox 2148 4360 3801 4434">
     <span class='ocr_line' id='line_1_90' title="bbox 2148 4360 3801 4434; baseline 0 -17"><span class='ocrx_word' id='word_1_645' title='bbox 2148 4361 2377 4432; x_wconf 90' lang='lat' dir='ltr'>se,quia</span> <span class='ocrx_word' id='word_1_646' title='bbox 2403 4360 2596 4422; x_wconf 83' lang='lat' dir='ltr'>adhuc</span> <span class='ocrx_word' id='word_1_647' title='bbox 2620 4360 2866 4430; x_wconf 88' lang='lat' dir='ltr'>vivebat;</span> <span class='ocrx_word' id='word_1_648' title='bbox 2901 4360 3177 4434; x_wconf 87' lang='lat' dir='ltr'>quoniam</span> <span class='ocrx_word' id='word_1_649' title='bbox 3197 4376 3413 4433; x_wconf 87' lang='lat' dir='ltr'>magna</span> <span class='ocrx_word' id='word_1_650' title='bbox 3425 4360 3801 4433; x_wconf 88' lang='lat' dir='ltr'>participatio</span> 
     </span>
    </p>
   </div>
   <div class='ocr_carea' id='block_1_91' title="bbox 2148 4448 3801 4523">
    <p class='ocr_par' dir='ltr' id='par_1_91' title="bbox 2148 4448 3801 4523">
     <span class='ocr_line' id='line_1_91' title="bbox 2148 4448 3801 4523; baseline -0.002 -16"><span class='ocrx_word' id='word_1_651' title='bbox 2148 4456 2238 4507; x_wconf 89' lang='lat' dir='ltr'>est</span> <span class='ocrx_word' id='word_1_652' title='bbox 2266 4449 2628 4523; x_wconf 89' lang='lat' dir='ltr'>passionum,</span> <span class='ocrx_word' id='word_1_653' title='bbox 2661 4450 2810 4507; x_wconf 91' lang='lat' dir='ltr'>mori</span> <span class='ocrx_word' id='word_1_654' title='bbox 2839 4466 2943 4522; x_wconf 92' lang='lat' dir='ltr'>pro</span> <span class='ocrx_word' id='word_1_655' title='bbox 2974 4449 3236 4517; x_wconf 86' lang='lat' dir='ltr'>Christo;</span> <span class='ocrx_word' id='word_1_656' title='bbox 3259 4455 3316 4505; x_wconf 90' lang='lat' dir='ltr'>et</span> <span class='ocrx_word' id='word_1_657' title='bbox 3346 4448 3487 4521; x_wconf 87' lang='lat' dir='ltr'>quia</span> <span class='ocrx_word' id='word_1_658' title='bbox 3511 4448 3675 4516; x_wconf 90' lang='lat' dir='ltr'>vivit,</span> <span class='ocrx_word' id='word_1_659' title='bbox 3706 4449 3801 4505; x_wconf 90' lang='lat' dir='ltr'>di-</span> 
     </span>
    </p>
   </div>
   <div class='ocr_carea' id='block_1_92' title="bbox 2147 4538 3804 4611">
    <p class='ocr_par' dir='ltr' id='par_1_92' title="bbox 2147 4538 3804 4611">
     <span class='ocr_line' id='line_1_92' title="bbox 2147 4538 3804 4611; baseline 0 -17"><span class='ocrx_word' id='word_1_660' title='bbox 2147 4540 2226 4595; x_wconf 89' lang='lat' dir='ltr'>cit</span> <span class='ocrx_word' id='word_1_661' title='bbox 2251 4555 2313 4594; x_wconf 90' lang='lat' dir='ltr'>se</span> <span class='ocrx_word' id='word_1_662' title='bbox 2346 4556 2459 4595; x_wconf 90' lang='lat' dir='ltr'>non</span> <span class='ocrx_word' id='word_1_663' title='bbox 2490 4538 3023 4611; x_wconf 89' lang='lat' dir='ltr'>comprehendisse.</span> <span class='ocrx_word' id='word_1_664' title='bbox 3055 4538 3138 4594; x_wconf 93' lang='lat' dir='ltr'>De</span> <span class='ocrx_word' id='word_1_665' title='bbox 3166 4553 3232 4593; x_wconf 92' lang='lat' dir='ltr'>eo</span> <span class='ocrx_word' id='word_1_666' title='bbox 3273 4538 3430 4610; x_wconf 90' lang='lat' dir='ltr'>quod</span> <span class='ocrx_word' id='word_1_667' title='bbox 3478 4553 3583 4610; x_wconf 90' lang='lat' dir='ltr'>per</span> <span class='ocrx_word' id='word_1_668' title='bbox 3625 4554 3804 4594; x_wconf 87' lang='lat' dir='ltr'>unum</span> 
     </span>
    </p>
   </div>
   <div class='ocr_carea' id='block_1_93' title="bbox 385 4622 3804 4706">
    <p class='ocr_par' dir='ltr' id='par_1_93' title="bbox 385 4622 3804 4706">
     <span class='ocr_line' id='line_1_93' title="bbox 385 4622 3804 4706; baseline -0 -22"><span class='ocrx_word' id='word_1_669' title='bbox 385 4630 570 4698; x_wconf 81' lang='lat' dir='ltr'>illum,</span> <span class='ocrx_word' id='word_1_670' title='bbox 622 4631 672 4683; x_wconf 88' lang='lat' dir='ltr'>et</span> <span class='ocrx_word' id='word_1_671' title='bbox 719 4629 977 4682; x_wconf 82' lang='lat' dir='ltr'>virtutem</span> <span class='ocrx_word' id='word_1_672' title='bbox 1028 4627 1447 4681; x_wconf 80' lang='lat' dir='ltr'>resurrectionis</span> <span class='ocrx_word' id='word_1_673' title='bbox 1492 4625 1642 4695; x_wconf 84' lang='lat' dir='ltr'>ejus;</span> <span class='ocrx_word' id='word_1_674' title='bbox 1696 4622 1752 4677; x_wconf 91' lang='lat' dir='ltr'>id</span> <span class='ocrx_word' id='word_1_675' title='bbox 1811 4628 1918 4689; x_wconf 89' lang='lat' dir='ltr'>est,</span> <span class='ocrx_word' id='word_1_676' title='bbox 1978 4630 2041 4680; x_wconf 91' lang='lat' dir='ltr'>ut</span> <span class='ocrx_word' id='word_1_677' title='bbox 2070 4642 2116 4706; x_wconf 82' lang='lat' dir='ltr'><strong>D</strong></span> <span class='ocrx_word' id='word_1_678' title='bbox 2150 4627 2527 4699; x_wconf 89' lang='lat' dir='ltr'>intelligenda</span> <span class='ocrx_word' id='word_1_679' title='bbox 2553 4630 2693 4681; x_wconf 89' lang='lat' dir='ltr'>sunt</span> <span class='ocrx_word' id='word_1_680' title='bbox 2722 4625 3068 4699; x_wconf 88' lang='lat' dir='ltr'>temporalia</span> <span class='ocrx_word' id='word_1_681' title='bbox 3095 4629 3327 4692; x_wconf 85' lang='lat' dir='ltr'>cuncta,</span> <span class='ocrx_word' id='word_1_682' title='bbox 3367 4631 3426 4682; x_wconf 91' lang='lat' dir='ltr'>et</span> <span class='ocrx_word' id='word_1_683' title='bbox 3454 4643 3558 4698; x_wconf 88' lang='lat' dir='ltr'>per</span> <span class='ocrx_word' id='word_1_684' title='bbox 3582 4630 3804 4700; x_wconf 71' lang='lat' dir='ltr'>latura,</span> 
     </span>
    </p>
   </div>
   <div class='ocr_carea' id='block_1_94' title="bbox 378 4710 2034 4791">
    <p class='ocr_par' dir='ltr' id='par_1_94' title="bbox 378 4710 2034 4791">
     <span class='ocr_line' id='line_1_94' title="bbox 378 4710 2034 4791; baseline -0.002 -18"><span class='ocrx_word' id='word_1_685' title='bbox 378 4733 694 4791; x_wconf 88' lang='lat' dir='ltr'>agnoscam</span> <span class='ocrx_word' id='word_1_686' title='bbox 727 4720 974 4788; x_wconf 74' lang='lat' dir='ltr'>perfecte</span> <span class='ocrx_word' id='word_1_687' title='bbox 1013 4714 1359 4769; x_wconf 83' lang='lat' dir='ltr'>beneﬁcium</span> <span class='ocrx_word' id='word_1_688' title='bbox 1393 4712 1543 4783; x_wconf 87' lang='lat' dir='ltr'>ejus,</span> <span class='ocrx_word' id='word_1_689' title='bbox 1574 4716 1632 4767; x_wconf 94' lang='lat' dir='ltr'>et</span> <span class='ocrx_word' id='word_1_690' title='bbox 1675 4710 1792 4766; x_wconf 90' lang='lat' dir='ltr'>vim</span> <span class='ocrx_word' id='word_1_691' title='bbox 1843 4729 2034 4769; x_wconf 90' lang='lat' dir='ltr'>resur-</span> 
     </span>
    </p>
   </div>
   <div class='ocr_carea' id='block_1_95' title="bbox 382 4800 2034 4876">
    <p class='ocr_par' dir='ltr' id='par_1_95' title="bbox 382 4800 2034 4876">
     <span class='ocr_line' id='line_1_95' title="bbox 382 4800 2034 4876; baseline -0.001 -16"><span class='ocrx_word' id='word_1_692' title='bbox 382 4804 678 4871; x_wconf 86' lang='lat' dir='ltr'>rectionis,</span> <span class='ocrx_word' id='word_1_693' title='bbox 712 4804 813 4876; x_wconf 92' lang='lat' dir='ltr'>qui</span> <span class='ocrx_word' id='word_1_694' title='bbox 846 4803 974 4857; x_wconf 90' lang='lat' dir='ltr'>ideo</span> <span class='ocrx_word' id='word_1_695' title='bbox 1009 4800 1340 4867; x_wconf 85' lang='lat' dir='ltr'>resurrexit,</span> <span class='ocrx_word' id='word_1_696' title='bbox 1374 4805 1439 4854; x_wconf 89' lang='lat' dir='ltr'>ut</span> <span class='ocrx_word' id='word_1_697' title='bbox 1487 4816 1594 4855; x_wconf 90' lang='lat' dir='ltr'>nos</span> <span class='ocrx_word' id='word_1_698' title='bbox 1636 4815 2034 4874; x_wconf 88' lang='lat' dir='ltr'>resurgamus,</span> 
     </span>
    </p>
   </div>
   <div class='ocr_carea' id='block_1_96' title="bbox 378 4887 2036 4963">
    <p class='ocr_par' dir='ltr' id='par_1_96' title="bbox 378 4887 2036 4963">
     <span class='ocr_line' id='line_1_96' title="bbox 378 4887 2036 4963; baseline -0.002 -14"><span class='ocrx_word' id='word_1_699' title='bbox 378 4903 431 4949; x_wconf 88' lang='lat' dir='ltr'>et</span> <span class='ocrx_word' id='word_1_700' title='bbox 460 4894 768 4948; x_wconf 81' lang='lat' dir='ltr'>societatem</span> <span class='ocrx_word' id='word_1_701' title='bbox 796 4892 1114 4963; x_wconf 83' lang='lat' dir='ltr'>passionum</span> <span class='ocrx_word' id='word_1_702' title='bbox 1145 4888 1325 4943; x_wconf 82' lang='lat' dir='ltr'>illius.</span> <span class='ocrx_word' id='word_1_703' title='bbox 1350 4887 1549 4943; x_wconf 87' lang='lat' dir='ltr'>Virtus</span> <span class='ocrx_word' id='word_1_704' title='bbox 1572 4890 2036 4959; x_wconf 87' lang='lat' dir='ltr'>resurrectionis,</span> 
     </span>
    </p>
   </div>
   <div class='ocr_carea' id='block_1_97' title="bbox 382 4976 2035 5051">
    <p class='ocr_par' dir='ltr' id='par_1_97' title="bbox 382 4976 2035 5051">
     <span class='ocr_line' id='line_1_97' title="bbox 382 4976 2035 5051; baseline -0.002 -12"><span class='ocrx_word' id='word_1_705' title='bbox 382 4988 473 5039; x_wconf 87' lang='lat' dir='ltr'>est</span> <span class='ocrx_word' id='word_1_706' title='bbox 505 4981 752 5037; x_wconf 88' lang='lat' dir='ltr'>societas</span> <span class='ocrx_word' id='word_1_707' title='bbox 782 4976 1146 5051; x_wconf 87' lang='lat' dir='ltr'>passionum.</span> <span class='ocrx_word' id='word_1_708' title='bbox 1198 4976 1265 5029; x_wconf 76' lang='lat' dir='ltr'>Et</span> <span class='ocrx_word' id='word_1_709' title='bbox 1312 4977 1449 5049; x_wconf 87' lang='lat' dir='ltr'>quia</span> <span class='ocrx_word' id='word_1_710' title='bbox 1498 4978 1770 5034; x_wconf 90' lang='lat' dir='ltr'>meritum</span> <span class='ocrx_word' id='word_1_711' title='bbox 1810 4979 2035 5051; x_wconf 87' lang='lat' dir='ltr'>passio-</span> 
     </span>
    </p>
   </div>
   <div class='ocr_carea' id='block_1_98' title="bbox 385 5063 2038 5139">
    <p class='ocr_par' dir='ltr' id='par_1_98' title="bbox 385 5063 2038 5139">
     <span class='ocr_line' id='line_1_98' title="bbox 385 5063 2038 5139; baseline -0.003 -12"><span class='ocrx_word' id='word_1_712' title='bbox 385 5088 528 5127; x_wconf 88' lang='lat' dir='ltr'>num</span> <span class='ocrx_word' id='word_1_713' title='bbox 560 5075 649 5126; x_wconf 90' lang='lat' dir='ltr'>est</span> <span class='ocrx_word' id='word_1_714' title='bbox 677 5063 1186 5129; x_wconf 84' lang='lat' dir='ltr'>resurrectio,ideo</span> <span class='ocrx_word' id='word_1_715' title='bbox 1218 5064 1361 5122; x_wconf 77' lang='lat' dir='ltr'>forte</span> <span class='ocrx_word' id='word_1_716' title='bbox 1390 5067 1690 5139; x_wconf 66' lang='lat' dir='ltr'>praemissa</span> <span class='ocrx_word' id='word_1_717' title='bbox 1718 5072 1808 5124; x_wconf 88' lang='lat' dir='ltr'>est</span> <span class='ocrx_word' id='word_1_718' title='bbox 1839 5083 2038 5123; x_wconf 89' lang='lat' dir='ltr'>resur-</span> 
     </span>
    </p>
   </div>
   <div class='ocr_carea' id='block_1_99' title="bbox 384 5159 586 5217">
    <p class='ocr_par' dir='ltr' id='par_1_99' title="bbox 384 5159 586 5217">
     <span class='ocr_line' id='line_1_99' title="bbox 384 5159 586 5217; baseline -0.03 0"><span class='ocrx_word' id='word_1_719' title='bbox 384 5159 586 5217; x_wconf 89' lang='lat' dir='ltr'>rectio.</span> 
     </span>
    </p>
   </div>
   <div class='ocr_carea' id='block_1_100' title="bbox 382 5371 2038 5447">
    <p class='ocr_par' dir='ltr' id='par_1_100' title="bbox 382 5371 2038 5447">
     <span class='ocr_line' id='line_1_100' title="bbox 382 5371 2038 5447; baseline -0.002 -12"><span class='ocrx_word' id='word_1_720' title='bbox 382 5378 656 5436; x_wconf 84' lang='lat' dir='ltr'>sitionem</span> <span class='ocrx_word' id='word_1_721' title='bbox 688 5374 840 5428; x_wconf 88' lang='lat' dir='ltr'>hanc</span> <span class='ocrx_word' id='word_1_722' title='bbox 870 5371 1325 5447; x_wconf 85' lang='lat' dir='ltr'>desumptam,in</span> <span class='ocrx_word' id='word_1_723' title='bbox 1349 5379 1471 5434; x_wconf 83' lang='lat' dir='ltr'>haec</span> <span class='ocrx_word' id='word_1_724' title='bbox 1498 5377 1675 5434; x_wconf 84' lang='lat' dir='ltr'>verba</span> <span class='ocrx_word' id='word_1_725' title='bbox 1701 5372 2038 5440; x_wconf 86' lang='lat' dir='ltr'>scil.,videte</span> 
     </span>
    </p>
   </div>
   <div class='ocr_carea' id='block_1_101' title="bbox 382 5444 2035 5521">
    <p class='ocr_par' dir='ltr' id='par_1_101' title="bbox 382 5444 2035 5521">
     <span class='ocr_line' id='line_1_101' title="bbox 382 5444 2035 5521; baseline -0.002 -17"><span class='ocrx_word' id='word_1_726' title='bbox 382 5451 556 5506; x_wconf 75' lang='lat' dir='ltr'>malos</span> <span class='ocrx_word' id='word_1_727' title='bbox 588 5446 890 5521; x_wconf 72' lang='lat' dir='ltr'>operarios,</span> <span class='ocrx_word' id='word_1_728' title='bbox 924 5444 1002 5500; x_wconf 85' lang='lat' dir='ltr'>ita</span> <span class='ocrx_word' id='word_1_729' title='bbox 1029 5444 1139 5520; x_wconf 75' lang='lat' dir='ltr'>legi</span> <span class='ocrx_word' id='word_1_730' title='bbox 1173 5468 1185 5502; x_wconf 90' lang='lat'>:</span> <span class='ocrx_word' id='word_1_731' title='bbox 1220 5444 1315 5521; x_wconf 77' lang='lat' dir='ltr'>qui</span> <span class='ocrx_word' id='word_1_732' title='bbox 1342 5449 1485 5521; x_wconf 84' lang='lat' dir='ltr'>quod</span> <span class='ocrx_word' id='word_1_733' title='bbox 1510 5464 1607 5503; x_wconf 86' lang='lat' dir='ltr'>nos</span> <span class='ocrx_word' id='word_1_734' title='bbox 1638 5448 1770 5502; x_wconf 85' lang='lat' dir='ltr'>bene</span> <span class='ocrx_word' id='word_1_735' title='bbox 1789 5450 2035 5502; x_wconf 80' lang='lat' dir='ltr'>constru-</span> 
     </span>
    </p>
   </div>
   <div class='ocr_carea' id='block_1_102' title="bbox 381 5518 1186 5578">
    <p class='ocr_par' dir='ltr' id='par_1_102' title="bbox 381 5518 1186 5578">
     <span class='ocr_line' id='line_1_102' title="bbox 381 5518 1186 5578; baseline 0.002 -4"><span class='ocrx_word' id='word_1_736' title='bbox 381 5524 569 5578; x_wconf 71' lang='lat' dir='ltr'>ximus-</span> <span class='ocrx_word' id='word_1_737' title='bbox 599 5518 874 5571; x_wconf 72' lang='lat' dir='ltr'>destruere</span> <span class='ocrx_word' id='word_1_738' title='bbox 902 5518 1186 5575; x_wconf 74' lang='lat' dir='ltr'>conantur.</span> 
     </span>
    </p>
   </div>
   <div class='ocr_carea' id='block_1_103' title="bbox 460 5589 1663 5657">
    <p class='ocr_par' dir='ltr' id='par_1_103' title="bbox 460 5589 1663 5657">
     <span class='ocr_line' id='line_1_103' title="bbox 460 5589 1663 5657; baseline 0.001 -16"><span class='ocrx_word' id='word_1_739' title='bbox 460 5590 641 5657; x_wconf 65' lang='lat'><strong>(1182&#39;)</strong></span> <span class='ocrx_word' id='word_1_740' title='bbox 674 5591 937 5645; x_wconf 81' lang='lat' dir='ltr'>Ambros.</span> <span class='ocrx_word' id='word_1_741' title='bbox 973 5589 1147 5648; x_wconf 89' lang='lat' dir='ltr'>habet</span> <span class='ocrx_word' id='word_1_742' title='bbox 1172 5590 1663 5646; x_wconf 82' lang='lat' dir='ltr'>circumcisionem.</span> 
     </span>
    </p>
   </div>
   <div class='ocr_carea' id='block_1_104' title="bbox 456 5661 1233 5736">
    <p class='ocr_par' dir='ltr' id='par_1_104' title="bbox 456 5661 1233 5736">
     <span class='ocr_line' id='line_1_104' title="bbox 456 5661 1233 5736; baseline 0 -22"><span class='ocrx_word' id='word_1_743' title='bbox 456 5662 642 5736; x_wconf 58' lang='lat'><strong>(11853)</strong></span> <span class='ocrx_word' id='word_1_744' title='bbox 676 5661 838 5736; x_wconf 41' lang='lat' dir='ltr'>Vulg.</span> <span class='ocrx_word' id='word_1_745' title='bbox 868 5664 1077 5736; x_wconf 82' lang='lat' dir='ltr'>Spiritu</span> <span class='ocrx_word' id='word_1_746' title='bbox 1109 5665 1233 5736; x_wconf 80' lang='lat' dir='ltr'>Deo.</span> 
     </span>
    </p>
   </div>
   <div class='ocr_carea' id='block_1_105' title="bbox 456 5729 1649 5807">
    <p class='ocr_par' dir='ltr' id='par_1_105' title="bbox 456 5729 1649 5807">
     <span class='ocr_line' id='line_1_105' title="bbox 456 5729 1649 5807; baseline -0.004 -21"><span class='ocrx_word' id='word_1_747' title='bbox 456 5729 637 5805; x_wconf 19' lang='lat'><strong>(11811)</strong></span> <span class='ocrx_word' id='word_1_748' title='bbox 674 5733 731 5789; x_wconf 83' lang='lat' dir='ltr'>in</span> <span class='ocrx_word' id='word_1_749' title='bbox 766 5729 1103 5807; x_wconf 37' lang='lat' dir='ltr'>autfmarg.</span> <span class='ocrx_word' id='word_1_750' title='bbox 1130 5734 1224 5787; x_wconf 90' lang='lat' dir='ltr'>hic</span> <span class='ocrx_word' id='word_1_751' title='bbox 1257 5729 1369 5799; x_wconf 84' lang='lat' dir='ltr'>leg.</span> <span class='ocrx_word' id='word_1_752' title='bbox 1401 5745 1523 5802; x_wconf 84' lang='lat' dir='ltr'>cap.</span> <span class='ocrx_word' id='word_1_753' title='bbox 1560 5732 1649 5785; x_wconf 79' lang='grc' dir='ltr'>Χῐ.</span> 
     </span>
    </p>
   </div>
   <div class='ocr_carea' id='block_1_106' title="bbox 2147 4713 3801 4791">
    <p class='ocr_par' dir='ltr' id='par_1_106' title="bbox 2147 4713 3801 4791">
     <span class='ocr_line' id='line_1_106' title="bbox 2147 4713 3801 4791; baseline -0.001 -18"><span class='ocrx_word' id='word_1_754' title='bbox 2147 4715 2421 4791; x_wconf 85' lang='lat' dir='ltr'>appetitio</span> <span class='ocrx_word' id='word_1_755' title='bbox 2450 4713 3111 4785; x_wconf 83' lang='lat' dir='ltr'>aeternoru_m.Quoniam</span> <span class='ocrx_word' id='word_1_756' title='bbox 3142 4718 3297 4771; x_wconf 87' lang='lat' dir='ltr'>retro</span> <span class='ocrx_word' id='word_1_757' title='bbox 3325 4718 3416 4771; x_wconf 88' lang='lat' dir='ltr'>est</span> <span class='ocrx_word' id='word_1_758' title='bbox 3440 4715 3801 4789; x_wconf 89' lang='lat' dir='ltr'>omne,quod</span> 
     </span>
    </p>
   </div>
   <div class='ocr_carea' id='block_1_107' title="bbox 2143 4802 3620 4875">
    <p class='ocr_par' dir='ltr' id='par_1_107' title="bbox 2143 4802 3620 4875">
     <span class='ocr_line' id='line_1_107' title="bbox 2143 4802 3620 4875; baseline -0.001 -14"><span class='ocrx_word' id='word_1_759' title='bbox 2143 4804 2384 4871; x_wconf 85' lang='lat' dir='ltr'>transit;</span> <span class='ocrx_word' id='word_1_760' title='bbox 2420 4803 2681 4858; x_wconf 82' lang='lat' dir='ltr'>futurum</span> <span class='ocrx_word' id='word_1_761' title='bbox 2708 4808 2816 4870; x_wconf 91' lang='lat' dir='ltr'>est,</span> <span class='ocrx_word' id='word_1_762' title='bbox 2844 4804 2999 4875; x_wconf 90' lang='lat' dir='ltr'>quod</span> <span class='ocrx_word' id='word_1_763' title='bbox 3024 4802 3262 4859; x_wconf 88' lang='lat' dir='ltr'>veniens</span> <span class='ocrx_word' id='word_1_764' title='bbox 3293 4808 3620 4875; x_wconf 90' lang='lat' dir='ltr'>permanet.</span> 
     </span>
    </p>
   </div>
   <div class='ocr_carea' id='block_1_108' title="bbox 2217 4891 3804 4963">
    <p class='ocr_par' dir='ltr' id='par_1_108' title="bbox 2217 4891 3804 4963">
     <span class='ocr_line' id='line_1_108' title="bbox 2217 4891 3804 4963; baseline 0.001 -15"><span class='ocrx_word' id='word_1_765' title='bbox 2217 4891 2495 4963; x_wconf 89' lang='lat' dir='ltr'>Sequitur</span> <span class='ocrx_word' id='word_1_766' title='bbox 2525 4908 2539 4946; x_wconf 95' lang='lat'>:</span> <span class='ocrx_word' id='word_1_767' title='bbox 2567 4891 2645 4945; x_wconf 85' lang='lat' dir='ltr'>Ad</span> <span class='ocrx_word' id='word_1_768' title='bbox 2674 4907 2737 4946; x_wconf 90' lang='lat' dir='ltr'>ea</span> <span class='ocrx_word' id='word_1_769' title='bbox 2764 4908 2908 4958; x_wconf 84' lang='lat' dir='ltr'>vero,</span> <span class='ocrx_word' id='word_1_770' title='bbox 2942 4908 3062 4963; x_wconf 66' lang='lat' dir='ltr'>qum</span> <span class='ocrx_word' id='word_1_771' title='bbox 3091 4896 3219 4947; x_wconf 85' lang='lat' dir='ltr'>sunt</span> <span class='ocrx_word' id='word_1_772' title='bbox 3241 4894 3473 4963; x_wconf 84' lang='lat' dir='ltr'>priora,</span> <span class='ocrx_word' id='word_1_773' title='bbox 3503 4891 3804 4950; x_wconf 68' lang='lat' dir='ltr'>extendens</span> 
     </span>
    </p>
   </div>
   <div class='ocr_carea' id='block_1_109' title="bbox 2143 4979 3804 5052">
    <p class='ocr_par' dir='ltr' id='par_1_109' title="bbox 2143 4979 3804 5052">
     <span class='ocr_line' id='line_1_109' title="bbox 2143 4979 3804 5052; baseline 0 -15"><span class='ocrx_word' id='word_1_774' title='bbox 2143 4982 2431 5052; x_wconf 85' lang='lat' dir='ltr'>meipsum,</span> <span class='ocrx_word' id='word_1_775' title='bbox 2460 4983 2567 5036; x_wconf 88' lang='lat' dir='ltr'>etc.</span> <span class='ocrx_word' id='word_1_776' title='bbox 2599 4985 2681 5035; x_wconf 89' lang='lat' dir='ltr'>Ac</span> <span class='ocrx_word' id='word_1_777' title='bbox 2711 4981 2761 5036; x_wconf 92' lang='lat' dir='ltr'>si</span> <span class='ocrx_word' id='word_1_778' title='bbox 2790 4980 2945 5036; x_wconf 91' lang='lat' dir='ltr'>dicat</span> <span class='ocrx_word' id='word_1_779' title='bbox 2974 4997 2992 5035; x_wconf 91' lang='lat'>:</span> <span class='ocrx_word' id='word_1_780' title='bbox 3022 4980 3151 5036; x_wconf 91' lang='lat' dir='ltr'>Scio</span> <span class='ocrx_word' id='word_1_781' title='bbox 3181 4980 3320 5052; x_wconf 91' lang='lat' dir='ltr'>quia</span> <span class='ocrx_word' id='word_1_782' title='bbox 3367 4979 3427 5036; x_wconf 89' lang='lat' dir='ltr'>in</span> <span class='ocrx_word' id='word_1_783' title='bbox 3470 4981 3645 5037; x_wconf 91' lang='lat' dir='ltr'>domo</span> <span class='ocrx_word' id='word_1_784' title='bbox 3698 4982 3804 5038; x_wconf 88' lang='lat' dir='ltr'>Dei</span> 
     </span>
    </p>
   </div>
   <div class='ocr_carea' id='block_1_110' title="bbox 2147 5067 3804 5142">
    <p class='ocr_par' dir='ltr' id='par_1_110' title="bbox 2147 5067 3804 5142">
     <span class='ocr_line' id='line_1_110' title="bbox 2147 5067 3804 5142; baseline 0.001 -18"><span class='ocrx_word' id='word_1_785' title='bbox 2147 5069 2405 5142; x_wconf 87' lang='lat' dir='ltr'>quotidie</span> <span class='ocrx_word' id='word_1_786' title='bbox 2436 5067 2695 5141; x_wconf 87' lang='lat' dir='ltr'>proﬁcio,</span> <span class='ocrx_word' id='word_1_787' title='bbox 2728 5072 2785 5123; x_wconf 90' lang='lat' dir='ltr'>et</span> <span class='ocrx_word' id='word_1_788' title='bbox 2814 5067 3172 5140; x_wconf 63' lang='lat' dir='ltr'>praeteritum</span> <span class='ocrx_word' id='word_1_789' title='bbox 3204 5068 3463 5125; x_wconf 88' lang='lat' dir='ltr'>laborem</span> <span class='ocrx_word' id='word_1_790' title='bbox 3498 5085 3616 5125; x_wconf 91' lang='lat' dir='ltr'>non</span> <span class='ocrx_word' id='word_1_791' title='bbox 3647 5085 3804 5126; x_wconf 90' lang='lat' dir='ltr'>com-</span> 
     </span>
    </p>
   </div>
   <div class='ocr_carea' id='block_1_111' title="bbox 2144 5156 3802 5231">
    <p class='ocr_par' dir='ltr' id='par_1_111' title="bbox 2144 5156 3802 5231">
     <span class='ocr_line' id='line_1_111' title="bbox 2144 5156 3802 5231; baseline 0 -16"><span class='ocrx_word' id='word_1_792' title='bbox 2144 5163 2381 5231; x_wconf 89' lang='lat' dir='ltr'>putans,</span> <span class='ocrx_word' id='word_1_793' title='bbox 2414 5158 2487 5214; x_wconf 91' lang='lat' dir='ltr'>ad</span> <span class='ocrx_word' id='word_1_794' title='bbox 2518 5156 2711 5230; x_wconf 89' lang='lat' dir='ltr'>priora</span> <span class='ocrx_word' id='word_1_795' title='bbox 2738 5156 2967 5213; x_wconf 83' lang='lat' dir='ltr'>festino.</span> <span class='ocrx_word' id='word_1_796' title='bbox 3021 5160 3116 5213; x_wconf 84' lang='lat' dir='ltr'>Est</span> <span class='ocrx_word' id='word_1_797' title='bbox 3159 5157 3316 5213; x_wconf 92' lang='lat' dir='ltr'>enim</span> <span class='ocrx_word' id='word_1_798' title='bbox 3365 5157 3683 5229; x_wconf 70' lang='lat' dir='ltr'>quaerentis</span> <span class='ocrx_word' id='word_1_799' title='bbox 3712 5158 3802 5215; x_wconf 87' lang='lat' dir='ltr'>in-</span> 
     </span>
    </p>
   </div>
   <div class='ocr_carea' id='block_1_112' title="bbox 2216 5369 3803 5442">
    <p class='ocr_par' dir='ltr' id='par_1_112' title="bbox 2216 5369 3803 5442">
     <span class='ocr_line' id='line_1_112' title="bbox 2216 5369 3803 5442; baseline 0.001 -15"><span class='ocrx_word' id='word_1_800' title='bbox 2216 5372 2397 5441; x_wconf 85' lang='lat'><strong>(1185‘</strong></span> <span class='ocrx_word' id='word_1_801' title='bbox 2431 5371 2698 5427; x_wconf 88' lang='lat' dir='ltr'>Fortasse</span> <span class='ocrx_word' id='word_1_802' title='bbox 2724 5372 2943 5442; x_wconf 71' lang='lat' dir='ltr'>enectus</span> <span class='ocrx_word' id='word_1_803' title='bbox 2988 5386 3131 5435; x_wconf 87' lang='lat' dir='ltr'>sum,</span> <span class='ocrx_word' id='word_1_804' title='bbox 3182 5369 3404 5442; x_wconf 84' lang='lat' dir='ltr'>scilicet</span> <span class='ocrx_word' id='word_1_805' title='bbox 3444 5369 3803 5428; x_wconf 85' lang='lat' dir='ltr'>detrimenta</span> 
     </span>
    </p>
   </div>
   <div class='ocr_carea' id='block_1_113' title="bbox 2147 5440 3798 5523">
    <p class='ocr_par' dir='ltr' id='par_1_113' title="bbox 2147 5440 3798 5523">
     <span class='ocr_line' id='line_1_113' title="bbox 2147 5440 3798 5523; baseline 0.002 -27"><span class='ocrx_word' id='word_1_806' title='bbox 2147 5443 2206 5497; x_wconf 91' lang='lat' dir='ltr'>in</span> <span class='ocrx_word' id='word_1_807' title='bbox 2239 5458 2475 5523; x_wconf 83' lang='lat' dir='ltr'>corpore</span> <span class='ocrx_word' id='word_1_808' title='bbox 2495 5440 2962 5523; x_wconf 73' lang='lat' dir='ltr'>sustinu_i.Aliter</span> <span class='ocrx_word' id='word_1_809' title='bbox 2986 5441 3289 5497; x_wconf 90' lang='lat' dir='ltr'>obscurior</span> <span class='ocrx_word' id='word_1_810' title='bbox 3316 5441 3588 5497; x_wconf 90' lang='lat' dir='ltr'>evaderet</span> <span class='ocrx_word' id='word_1_811' title='bbox 3616 5443 3798 5499; x_wconf 81' lang='lat' dir='ltr'>inter-</span> 
     </span>
    </p>
   </div>
   <div class='ocr_carea' id='block_1_114' title="bbox 2147 5516 2837 5586">
    <p class='ocr_par' dir='ltr' id='par_1_114' title="bbox 2147 5516 2837 5586">
     <span class='ocr_line' id='line_1_114' title="bbox 2147 5516 2837 5586; baseline 0 -18"><span class='ocrx_word' id='word_1_812' title='bbox 2147 5516 2391 5586; x_wconf 85' lang='lat' dir='ltr'>pretatio</span> <span class='ocrx_word' id='word_1_813' title='bbox 2424 5530 2600 5585; x_wconf 88' lang='lat' dir='ltr'>quam</span> <span class='ocrx_word' id='word_1_814' title='bbox 2626 5516 2837 5568; x_wconf 82' lang='lat' dir='ltr'>textus.</span> 
     </span>
    </p>
   </div>
   <div class='ocr_carea' id='block_1_115' title="bbox 2217 5581 3444 5655">
    <p class='ocr_par' dir='ltr' id='par_1_115' title="bbox 2217 5581 3444 5655">
     <span class='ocr_line' id='line_1_115' title="bbox 2217 5581 3444 5655; baseline -0.001 -17"><span class='ocrx_word' id='word_1_815' title='bbox 2217 5584 2400 5655; x_wconf 89' lang='lat'><strong>(1186)</strong></span> <span class='ocrx_word' id='word_1_816' title='bbox 2434 5581 2495 5639; x_wconf 83' lang='lat' dir='ltr'>ln</span> <span class='ocrx_word' id='word_1_817' title='bbox 2527 5589 2648 5640; x_wconf 88' lang='lat' dir='ltr'>aut.</span> <span class='ocrx_word' id='word_1_818' title='bbox 2683 5599 2870 5654; x_wconf 85' lang='lat' dir='ltr'>marg.</span> <span class='ocrx_word' id='word_1_819' title='bbox 2902 5581 2997 5636; x_wconf 90' lang='lat' dir='ltr'>hic</span> <span class='ocrx_word' id='word_1_820' title='bbox 3024 5581 3135 5655; x_wconf 81' lang='lat' dir='ltr'>leg.</span> <span class='ocrx_word' id='word_1_821' title='bbox 3167 5597 3294 5655; x_wconf 84' lang='lat' dir='ltr'>cap.</span> <span class='ocrx_word' id='word_1_822' title='bbox 3325 5582 3444 5655; x_wconf 67' lang='lat' dir='ltr'>XII.</span> 
     </span>
    </p>
   </div>
   <div class='ocr_carea' id='block_1_116' title="bbox 2218 5652 3802 5739">
    <p class='ocr_par' dir='ltr' id='par_1_116' title="bbox 2218 5652 3802 5739">
     <span class='ocr_line' id='line_1_116' title="bbox 2218 5652 3802 5739; baseline 0.001 -32"><span class='ocrx_word' id='word_1_823' title='bbox 2218 5652 2907 5739; x_wconf 47' lang='lat' dir='ltr'>(11_87&#39;Vulg_.hpriora,_et</span> <span class='ocrx_word' id='word_1_824' title='bbox 2938 5652 3477 5739; x_wconf 59' lang='lat' dir='ltr'>meliorelcctione.</span> <span class='ocrx_word' id='word_1_825' title='bbox 3527 5654 3694 5721; x_wconf 88' lang='lat' dir='ltr'>Quod</span> <span class='ocrx_word' id='word_1_826' title='bbox 3742 5656 3802 5711; x_wconf 91' lang='lat' dir='ltr'>et</span> 
     </span>
    </p>
   </div>
   <div class='ocr_carea' id='block_1_117' title="bbox 2147 5723 3216 5799">
    <p class='ocr_par' dir='ltr' id='par_1_117' title="bbox 2147 5723 3216 5799">
     <span class='ocr_line' id='line_1_117' title="bbox 2147 5723 3216 5799; baseline -0.003 -18"><span class='ocrx_word' id='word_1_827' title='bbox 2147 5723 2386 5781; x_wconf 81' lang='lat' dir='ltr'>inferior</span> <span class='ocrx_word' id='word_1_828' title='bbox 2414 5723 2678 5799; x_wconf 78' lang='lat' dir='ltr'>repetitio</span> <span class='ocrx_word' id='word_1_829' title='bbox 2707 5723 2897 5782; x_wconf 82' lang='lat' dir='ltr'>textus</span> <span class='ocrx_word' id='word_1_830' title='bbox 2926 5723 3216 5795; x_wconf 88' lang='lat' dir='ltr'>probabit.</span> 
     </span>
    </p>
   </div>
  </div>
