3978 6210
212 378 338 439 601

755 376 1168 438 EXPOSITIO
1212 377 1285 437 IN
1336 377 1766 439 EPISTOL'XS
1814 378 2070 441 PAULI.
2109 378 2287 437 -ΙΝ
2338 377 2584 437 EPIST.
2629 374 2731 436 AD
2776 371 3111 435 PHILIPP.

3514 370 3634 429 602

216 509 432 577 tentio,
465 509 650 565 donec
681 508 1157 581 apprehendatur
1190 508 1355 574 illud,
1388 526 1502 581 quo
1554 510 1877 565 tendimus.
1912 514 1967 579 Α
1996 510 2095 581 qui
2127 510 2451 566 cruciatum
2482 525 2742 581 corporis
2774 508 2832 562 in
2862 505 3065 577 epulas
3095 509 3151 560 et
3172 502 3461 558 luxuriam
3494 519 3633 557 con-

218 599 337 654 Sed
362 615 428 653 ea
458 602 545 653 est
579 604 740 652 recta
772 596 1037 663 intentio,
1082 614 1205 668 qua:
1261 598 1648 668 proﬁciscitur
1698 599 1880 666 (1188)

222 689 301 744 ad
338 688 538 742 ﬁdem.
580 687 809 741 Certam
846 685 1002 741 enim
1036 686 1180 741 ﬁdes
1212 685 1447 741 inchoat
1467 686 1880 759 cognitionem,

224 794 356 848 quas
388 793 505 831 non
538 776 596 831 in
620 774 753 841 hac,
787 775 887 829 sed
921 774 979 828 in
1011 773 1110 828 illa
1138 774 1255 830 vita
1283 775 1637 846 perﬁcietur,
1671 774 1883 846 quando

220 865 553 931 videbimus,
581 869 691 918 etc.
716 868 767 935 (Ι
799 863 923 917 Cor.
949 880 1072 931 xui,
1108 864 1213 933 12).
1250 867 1366 918 Hoc
1398 880 1533 935 ergo
1558 864 1879 935 sapiamus,

223 954 642 1009 utnoverimus
661 952 939 1007 tutiorem
965 968 1092 1006 esse
1114 952 1379 1007 eti'ectum
1407 970 1539 1007 vera
1561 952 1879 1023 quaarendi,

224 1060 411 1115 quam
440 1042 739 1113 incognita
772 1058 873 1114 pro
906 1041 1159 1111 cognitis
1181 1042 1594 1111 praesumendi.
1627 1042 1721 1096 Sic
1744 1058 1880 1111 ergo

224 1148 567 1204 quaeramus
598 1130 766 1201 quasi
799 1130 1118 1197 inventuri,
1141 1136 1197 1184 et
1218 1130 1299 1184 sic
1324 1130 1691 1184 inveniamus
1712 1129 1879 1201 quasi

226 1220 536 1292 quaesituri
564 1238 575 1275 :
608 1236 740 1273 cum
774 1220 930 1274 enim
965 1219 1462 1273 consummaverit
1494 1218 1688 1286 homo,
1740 1224 1881 1274 tunc

230 1308 466 1380 incipit.

305 1398 586 1469 Sequitur
619 1412 630 1450 :
667 1398 983 1466 Quicunque
1013 1412 1140 1463 ergo
1170 1397 1419 1466 perfecti,
1447 1400 1557 1450 etc.
1583 1395 1729 1458 Quid
1754 1411 1881 1450 sen-

228 1486 342 1541 tire
374 1486 675 1552 debemus,
710 1485 823 1539 nisi
858 1485 1226 1555 imperfectos
1259 1502 1365 1539 nos
1412 1500 1594 1555 essse,
1644 1489 1700 1539 et
1746 1501 1879 1539 nec-

229 1576 377 1629 dum
410 1572 924 1644 comprehendisse
948 1574 974 1626 2’
1023 1572 1132 1627 Sed
1188 1571 1300 1641 die,
1357 1573 1550 1639 Paule,
1591 1574 1878 1643 quomodo

230 1662 531 1734 perfectus
563 1666 620 1715 et
650 1661 1025 1732 imperfectus
1056 1661 1184 1715 sis?
1232 1662 1361 1717 Haec
1402 1668 1493 1717 est
1544 1662 1698 1718 enim
1747 1679 1880 1717 vera

232 1749 522 1821 sapientia
548 1748 828 1815 hominis,
855 1749 1258 1821 imperfectum
1281 1766 1344 1806 se
1366 1766 1679 1807 essenosse
1705 1768 1717 1805 :
1744 1768 1877 1807 nam

231 1844 580 1894 cunctorum
614 1842 952 1892 sanctorum
970 1837 1026 1892 in
1052 1854 1220 1893 carne
1248 1838 1587 1910 imperfecta
1606 1838 1879 1910 perfectio

230 1932 357 1995 est;
395 1927 535 1998 quia
565 1926 625 1981 in
657 1926 770 1982 ista
800 1925 917 1981 vita
966 1926 1216 1997 perfecta
1268 1926 1543 1999 perfectio
1590 1944 1717 1982 esse
1766 1944 1879 1983 non

231 2021 447 2088 potest,
479 2016 538 2069 iu
571 2031 689 2086 qua
719 2013 1079 2085 concupiscit
1100 2031 1232 2070 caro
1265 2016 1544 2071 adversus
1583 2016 1878 2085 spiritum.

230 2104 335 2159 Hic
364 2106 718 2175 praeceptum
744 2106 833 2157 est
864 2107 927 2156 ut
946 2103 1253 2159 desideriis
1272 2104 1489 2175 peccati
1518 2121 1631 2159 non
1654 2104 1881 2159 obedia-

232 2210 371 2247 mus
405 2209 418 2246 :
455 2191 534 2245 ibi
565 2191 675 2246 erit
702 2195 768 2245 ut
796 2191 1082 2246 desideria
1110 2192 1329 2263 peccati
1371 2209 1483 2247 non
1535 2192 1876 2248 habeamus.

232 2279 406 2335 Illam
438 2295 568 2333 vero
601 2279 914 2349 perfectam
949 2280 1360 2350 perfectionem
1394 2281 1602 2336 sitiens
1627 2281 1771 2335 dicit
1818 2298 1879 2335 se

242 2367 692 2438 imperfectum;
726 2372 783 2421 et
816 2384 1050 2422 rursum
1081 2368 1273 2424 sciens
1306 2386 1367 2424 se
1398 2387 1511 2425 non
1542 2370 1755 2425 habere
1781 2386 1880 2425 vo-

237 2456 533 2511 luntatem
561 2456 858 2526 peccandi,
889 2457 1157 2527 quamvis
1188 2464 1384 2528 peccet
1407 2458 1633 2526 nolens,
1658 2458 1796 2512 dicit
1818 2474 1879 2513 se

239 2545 588 2617 perfectum.
624 2545 918 2601 Perfectus
949 2550 1038 2601 est
1089 2545 1190 2618 qui
1223 2564 1393 2603 suam
1426 2564 1540 2603 non
1587 2546 1879 2602 erubescit

233 2634 315 2689 im
322 2632 759 2704 perfectionem.

308 2722 626 2793 Sequitur:
661 2726 729 2777 Et
756 2723 808 2776 si
829 2725 963 2793 quid
995 2723 1163 2777 aliter
1190 2725 1403 2794 sapitis,
1439 2728 1545 2778 etc.
1568 2742 1581 2791 ;
1608 2724 1663 2778 id
1687 2729 1795 2790 est,
1828 2724 1879 2780 si

231 2809 454 2882 aliquid
488 2810 603 2865 alia
633 2810 854 2865 ratione
886 2811 1038 2867 Deus
1070 2811 1231 2867 vobis
1258 2811 1549 2878 revelavit,
1583 2818 1647 2867 ut
1669 2815 1739 2868 ad
1764 2814 1879 2869 eul-

228 2904 354 2954 tum
380 2898 637 2954 melioris
659 2900 1114 2955 conversationis
1136 2902 1434 2971 pertinens
1455 2902 1752 2973 cogitetis;
1778 2904 1879 2959 Dei

225 2987 476 3060 cogitate
507 2989 752 3058 donum,
790 3004 861 3044 ne
891 2988 1201 3044 inﬂemini.

310 3077 385 3132 Et
414 3093 485 3132 ne
516 3076 610 3131 hic
658 3076 908 3133 oriretur
960 3078 1359 3149 praesumptio,
1410 3083 1465 3134 et
1511 3083 1815 3150 putaretur
1846 3096 1879 3134 a

229 3165 350 3220 Deo
375 3165 695 3221 revelatum
730 3167 886 3238 quod
917 3184 1033 3222 non
1081 3173 1206 3224 erat
1260 3167 1387 3223 ideo
1436 3169 1730 3239 subjecit:
1784 3170 1876 3224 Ve-

1989 604 2303 655 verterunt.

2063 688 2366 759 Sequitur:
2402 690 2555 744 Nunc
2593 694 2784 742 autem
2843 696 2892 741 ct
2951 688 3086 755 ﬂens
3130 684 3269 747 dico,
3321 686 3431 736 etc.
3485 680 3630 736 Nota

1991 782 2211 847 quanta
2240 777 2297 830 in
2331 794 2396 832 eo
2418 781 2541 832 erat
2566 776 2815 830 dilectio.
2844 774 2965 830 Non
2990 772 3180 827 solum
3206 787 3343 825 suos
3366 769 3631 839 instruit,

1991 866 2087 920 sed
2122 872 2425 921 extraneos
2458 866 2648 920 deﬁet.
2680 867 2725 918 Α
2746 865 2916 933 cujus
2933 860 3325 918 sollicitudine
3348 859 3517 929 longe
3540 858 3630 913 di-

1991 960 2169 1018 stant,
2202 955 2299 1024 qui
2334 956 2457 1010 suis
2490 954 2889 1025 pereuntibus,
2922 953 3195 1023 gaudent.

2061 1048 2213 1109 Quos
2246 1045 2418 1099 deﬁet
2440 1044 2672 1113 exponit
2698 1059 2709 1097 :
2736 1044 3008 1105 inimicos,
3035 1039 3243 1110 inquit,
3266 1040 3441 1092 crucis
3466 1037 3627 1092 Chri-

1987 1134 2079 1185 sti.
2112 1131 2197 1199 lli,
2233 1132 2331 1202 qui
2366 1132 2689 1186 secundum
2724 1129 3117 1199 Evangelium,
3148 1128 3444 1181 Christum
3495 1142 3626 1180 Das-

1989 1219 2240 1286 sibilem,
2276 1226 2331 1273 et
2362 1218 2807 1289 impassibilem,
2841 1217 3411 1286 incircumscriptum
3446 1220 3501 1269 et
3540 1214 3629 1268 lo-

1989 1307 2489 1371 calem,azternum
2509 1313 2566 1362 et
2589 1305 2965 1376 temporalem
2987 1321 3099 1359 non
3124 1304 3479 1375 intelligunt.
3505 1302 3626 1357 Ali-

1989 1399 2119 1449 ter:
2160 1396 2431 1450 Inimicos
2479 1394 2668 1448 crucis
2718 1394 2957 1458 Christi,
3014 1394 3113 1463 qui
3165 1398 3266 1447 aut
3325 1396 3625 1446 mortuum

1988 1500 2119 1538 eum
2154 1502 2267 1539 non
2300 1484 2564 1547 credunt,
2598 1488 2697 1537 aut
2728 1499 2939 1553 purum
2995 1480 3289 1553 hominem
3336 1496 3469 1534 eum
3520 1496 3625 1549 pu-

1988 1576 2179 1627 tantes
2208 1590 2357 1637 esse,
2391 1589 2620 1627 crucem
2654 1573 2782 1642 ejus
2811 1571 3099 1636 derident,
3131 1587 3256 1640 quae
3288 1568 3447 1623 salus
3480 1570 3629 1622 facta

1988 1665 2076 1716 est
2104 1660 2379 1715 hominis.

2057 1750 2332 1820 Sequitur
2360 1767 2371 1805 :
2408 1751 2645 1818 Quorum
2671 1749 2797 1817 ﬁnis
2822 1750 3109 1803 interitus:
3133 1746 3188 1800 id
3214 1749 3323 1815 est,
3349 1744 3627 1799 falsorum

1989 1838 2407 1910 apostolorum,
2440 1844 2497 1893 et
2528 1838 2964 1903 haereticorum;
2989 1836 3127 1907 quia
3158 1839 3358 1891 sancto
3407 1832 3627 1903 Spiritu

1990 1933 2112 1982 erat
2153 1927 2427 1998 repletus,
2464 1928 2590 1982 ideo
2620 1931 2857 1981 noverat
2890 1924 3017 1979 illos
3067 1927 3535 1996 perseveraturos
3568 1921 3626 1973 in

1988 2015 2164 2083 malo,
2199 2017 2352 2087 quod
2384 2014 2513 2071 aliis
2544 2031 2715 2070 nosse
2750 2031 2863 2069 non
2896 2015 3070 2068 datur
3096 2029 3111 2078 ;
3136 2012 3380 2081 ideoque
3402 2008 3629 2064 occulta

1989 2121 2103 2159 non
2126 2104 2472 2174 judicemus.

2060 2193 2334 2264 Sequitur
2367 2211 2379 2248 :
2411 2195 2661 2263 Quorum
2693 2193 2832 2247 Deus
2862 2194 3063 2246 venter.
3097 2192 3283 2255 Quare
3314 2188 3466 2243 Deus
3496 2202 3631 2240 ven-

1990 2282 2120 2335 ter?
2151 2283 2296 2347 Quia
2326 2288 2560 2353 propter
2591 2282 2785 2336 cibum
2837 2280 3268 2351 praedicabant;
3312 2277 3431 2332 sive
3489 2274 3628 2346 quia

1988 2370 2171 2425 Deum
2202 2370 2473 2425 delectari
2506 2371 2563 2425 in
2594 2371 2855 2425 ciborum
2887 2369 3238 2423 mundorum
3263 2365 3627 2438 perceptione

1987 2459 2319 2514 credebant.
2357 2459 2611 2513 Gloriam
2668 2475 2801 2513 vero
2860 2457 3108 2511 dicimus
3170 2457 3225 2509 in
3285 2454 3623 2522 confusione,

1987 2547 2127 2617 quia
2157 2547 2216 2602 in
2249 2548 2537 2619 pudendis
2560 2546 2837 2603 membris
2868 2544 3289 2617 gloriabantur,
3322 2545 3379 2597 et
3406 2541 3477 2595 de
3507 2539 3625 2606 his,

1988 2638 2083 2707 qui
2109 2642 2325 2692 terrena
2353 2637 2593 2707 sapiunt,
2645 2637 2891 2707 ideoque
2946 2635 3004 2689 in
3053 2632 3271 2688 carnali
3320 2628 3626 2685 circumci-

1987 2726 2150 2782 sione
2183 2726 2500 2781 conﬁdunt.

2058 2814 2333 2885 Sequitur
2364 2832 2375 2869 :
2409 2816 2602 2869 Nostra
2634 2817 2818 2869 autem
2844 2812 3201 2876 conversatio,
3227 2814 3336 2865 etc.
3359 2810 3438 2864 Ac
3464 2807 3513 2863 si
3544 2806 3628 2861 di-

1987 2908 2080 2958 cat
2112 2921 2124 2959 :
2159 2903 2203 2958 0
2233 2903 2653 2974 Philippenses,
2682 2908 2857 2957 tanta:
2889 2900 3125 2957 cautela
3158 2899 3372 2970 fuistis,
3407 2903 3471 2953 ut
3512 2913 3626 2951 non

1987 2992 2116 3048 sitis
2142 3008 2175 3046 a
2206 2993 2370 3048 falsis
2389 2992 2639 3062 seducti,
2664 2993 2763 3047 sed
2794 2992 3100 3047 nobiscum
3123 2985 3544 3045 conversemini
3569 2988 3629 3041 in

1986 3080 2312 3136 ccelis.Nota
2332 3081 2485 3151 quod
2512 3080 2571 3135 in
2593 3096 2764 3135 carne
2786 3086 2892 3145 est,
2916 3079 3015 3148 qui
3037 3095 3098 3134 se
3119 3078 3259 3133 dicit
3279 3076 3545 3132 habitare
3567 3075 3627 3130 in

1989 3168 2170 3236 cmlis,
2198 3170 2475 3240 quoniam
2495 3168 2675 3224 aliubi
2698 3168 3068 3223 detinebatur
3088 3181 3280 3233 carne,
3304 3164 3483 3220 aliubi
3506 3168 3629 3218 erat

230 3264 542 3311 rumtamen
572 3256 643 3312 ad
674 3256 816 3327 quod
843 3259 1111 3325 venimus,
1144 3263 1205 3311 ut
1238 3258 1380 3313 idem
1406 3262 1709 3329 sapiamus.
1760 3262 1879 3314 Hoc
1912 3240 1956 3310 (ἶ
1992 3262 2202 3313 mente.
2230 3258 2375 3314 Nota
2397 3258 2551 3327 quod
2574 3274 2684 3328 pax
2707 3257 2889 3326 (1191)
2915 3256 3025 3310 ista
3050 3271 3163 3309 non
3185 3259 3275 3309 est
3296 3252 3584 3307 malorum
3608 3268 3624 3320 ;

230 3348 343 3410 est,
380 3361 494 3400 non
528 3350 688 3400 extra
718 3345 980 3417 regulam
1025 3345 1347 3417 disciplinae
1404 3364 1607 3419 sapere
1647 3347 1706 3402 in
1738 3364 1877 3402 eon-

227 3433 559 3489 versatione
587 3433 724 3489 ﬁdei
756 3451 769 3501 ;
797 3436 897 3490 sed
928 3434 1038 3490 hoc
1087 3451 1310 3506 sapere,
1362 3437 1519 3505 quod
1566 3452 1878 3492 commune

227 3522 329 3592 sit,
386 3528 445 3577 et
504 3522 839 3593 honestum,
899 3524 959 3579 in
1006 3524 1298 3596 Evangelii
1342 3524 1597 3580 veritate.
1648 3525 1875 3581 Aliter:

227 3611 297 3665 Et
324 3610 375 3665 si
407 3615 498 3665 est
529 3610 751 3683 aliquid
782 3612 852 3667 de
883 3612 992 3667 hoc
1034 3612 1183 3684 ipso,
1234 3614 1388 3683 quod
1439 3630 1543 3667 nos
1595 3614 1873 3683 diximus,

224 3700 382 3772 quod
417 3716 516 3755 vos
548 3700 719 3755 aliter
748 3699 1069 3772 accipiatis,
1114 3700 1378 3771 sapiatis,
1437 3708 1495 3756 et
1536 3701 1877 3773 intelligetis

224 3789 465 3843 concedi
522 3789 708 3844 vobis.
769 3790 915 3860 Ergo
973 3790 1075 3861 qui
1132 3791 1371 3861 perfecti
1418 3791 1582 3861 estis,
1641 3792 1871 3845 etiamsi

224 3876 365 3946 quid
399 3876 598 3932 minus
630 3876 883 3948 perfecte
911 3878 1139 3949 sapitis,
1172 3878 1476 3934 humiliter
1520 3884 1870 3950 exspectate,

223 3970 281 4020 et
311 3982 343 4020 a
378 3967 490 4020 Deo
522 3966 783 4038 poscite:
816 3966 943 4037 ipse
972 3966 1129 4021 enim
1162 3971 1353 4036 potest
1382 3968 1634 4022 revelare
1666 3970 1872 4023 ambu-

223 4053 507 4109 lantibus.
541 4054 611 4109 Et
642 4053 771 4109 ideo
803 4054 1004 4109 subdit
1038 4071 1049 4107 :
1090 4059 1480 4111 Verumtamen
1510 4058 1588 4111 ad
1635 4056 1691 4111 id
1734 4057 1873 4129 quod

217 4143 590 4214 pervenimus,
627 4147 686 4197 ut
718 4142 862 4198 idem
912 4144 1215 4212 sapiamus.
1259 4145 1407 4210 Quid
1457 4150 1547 4200 est
1595 4146 1665 4200 ad
1715 4146 1871 4217 quod

223 4231 648 4303 pervenimus?
692 4230 941 4302 Scilicet,
999 4237 1061 4288 ut
1108 4250 1234 4304 quas
1284 4239 1437 4289 retro
1486 4239 1627 4289 sunt
1672 4234 1875 4290 oblivi-

222 4324 472 4386 scentes,
504 4321 575 4375 ad
611 4320 805 4392 priora
831 4321 1167 4377 tendamus.
1198 4326 1318 4377 Hoc
1348 4321 1504 4376 enim
1537 4322 1630 4376 hic
1663 4322 1872 4394 repetit

225 4408 469 4464 dicendo
505 4426 517 4463 :
550 4411 613 4463 In
640 4423 701 4464 eo
730 4409 1088 4465 ambulemus.
1127 4412 1209 4465 Ita
1230 4410 1671 4466 ambulantibus
1712 4411 1866 4482 quod

224 4496 389 4552 deest
418 4496 727 4552 reveletur.

1987 3346 2115 3402 ideo
2139 3346 2451 3400 videndum
2476 3350 2565 3399 est
2590 3350 2651 3398 ut
2667 3341 3219 3413 taliafaciamus,loq
3231 3356 3441 3396 uamur
3462 3345 3517 3394 et
3539 3356 3631 3394 co-

1987 3435 2263 3506 gitemus,
2293 3452 2418 3505 quae
2449 3432 2529 3487 illi
2563 3436 2906 3505 congruant.

2057 3524 2335 3594 Sequitur
2366 3540 2377 3578 :
2418 3522 2563 3579 Unde
2588 3525 2774 3586 etiam,
2808 3525 2939 3586 etc.,
2972 3519 3028 3574 id
3059 3523 3169 3584 est,
3201 3519 3270 3573 de
3322 3517 3486 3574 ccelo.
3544 3517 3625 3573 lbi

1986 3612 2141 3668 enim
2174 3612 2453 3667 ascendit.
2490 3612 2626 3667 Inde
2670 3615 2981 3665 venturum
3030 3625 3163 3663 eum
3214 3608 3508 3664 credimus
3556 3608 3626 3663 ad

1986 3701 2317 3772 exemplum
2338 3698 3049 3772 populi,quiexspectabat
3066 3697 3629 3768 sacerdotem,uteg-

1984 3791 2282 3845 rederetur
2298 3790 2368 3844 de
2383 3791 2602 3845 sanctis
2617 3793 2888 3844 sanctoru
2900 3805 2976 3842 m.
3002 3790 3182 3854 Quem
3206 3787 3233 3841 ?
3248 3788 3351 3854 Qui
3364 3790 3626 3857 reforma-

1986 3879 2087 3943 bit,
2107 3884 2211 3933 etc.
2236 3878 2296 3933 Id
2312 3878 2527 3950 est,qui
2544 3878 2899 3949 resurgendo
2913 3893 3074 3948 spem
3090 3876 3193 3931 ded
3205 3877 3245 3930 it
3260 3875 3623 3947 resurgendi,

1984 3968 2261 4038 quoniam
2280 3968 2432 4037 quod
2454 3966 2806 4022 habemusin
2832 3965 3631 4037 spe.celebrataresurrectio-

1983 4073 2054 4111 ne
2067 4056 2417 4111 habebimus
2432 4055 2487 4108 in
2508 4072 2596 4109 re:
2618 4054 2832 4125 quando
2849 4054 3083 4108 mortale
3096 4052 3282 4107 induet
3293 4054 3624 4107 immortali-

1981 4149 2283 4211 tatem,etc.
2308 4146 2355 4214 (I
2379 4144 2497 4198 Cor.
2523 4160 2613 4212 xv,
2636 4144 2748 4212 53).
2776 4144 2843 4196 Et
2874 4158 2944 4196 ne
2974 4141 3269 4196 difﬁderes
3292 4140 3362 4195 de
3384 4140 3622 4212 pulvero

1982 4231 2281 4287 hominem
2316 4235 2803 4294 resurrecturum,
2839 4228 3052 4299 adjecit
3076 4246 3088 4283 :
3113 4228 3423 4283 Secundum
3440 4243 3628 4298 opera-

1981 4322 2333 4390 tionem,qua
2352 4318 2732 4389 potuit(1192)
2759 4318 2865 4371 sibi
2890 4318 3157 4387 subjicere
3204 4318 3409 4369 omnia.
3464 4316 3628 4372 Tunc

1980 4409 2136 4463 enim
2167 4406 2715 4477 eritconﬁguratio,
2750 4405 2983 4476 quando
3010 4403 3231 4458 similes
3262 4403 3444 4459 effecti
3475 4404 3625 4459 vide-

1980 4498 2154 4553 bimus
2184 4513 2306 4553 eum
2335 4498 2501 4551 sicuti
2529 4504 2611 4551 est
2641 4496 2684 4567 (ι
2710 4496 2867 4551 Joan.
2892 4512 2975 4562 III,
3007 4493 3081 4564 2).

290 4586 477 4655 (1089)
508 4584 833 4656 Sequitur:
898 4586 1198 4672 imitatores
1255 4588 1365 4641 mei
1411 4588 1597 4651 estote,
1648 4584 1707 4640 id
1752 4589 1860 4657 est,
1895 4604 1946 4672 D
2050 4586 2508 4658 Sequitur(CAp.
2536 4584 2903 4656 1V.):Itaque,
2926 4585 3133 4653 fratres
3153 4584 3265 4637 mei
3293 4582 3623 4672 charissimi,

220 4670 483 4743 illorum,
515 4689 639 4744 quis
671 4688 800 4745 ago,
832 4671 921 4728 vel
952 4673 1154 4729 doceo.

300 4758 607 4829 Sequitur:
642 4760 705 4816 Et
735 4760 1010 4815 observate
1036 4776 1145 4829 eos,
1180 4766 1289 4817 etc.
1324 4762 1405 4817 De
1451 4777 1516 4817 eo
1547 4762 1700 4833 quod
1756 4762 1868 4816 du-

223 4845 456 4919 pliciter
483 4846 693 4903 dicitur
733 4849 1078 4919 observare;
1112 4849 1198 4905 vel
1248 4851 1320 4905 ad
1377 4850 1754 4919 imitandum,
1806 4853 1870 4906 ut

220 4934 316 4990 hic
351 4960 366 4993 :
397 4934 487 4991 vel
519 4936 590 4991 ad
624 4936 969 5007 cavendum,
1004 4943 1069 4993 nt
1098 4938 1170 4992 ad
1200 4942 1529 4994 Romanos:
1584 4940 1869 4996 Observata

217 5039 304 5079 eos
334 5027 433 5095 qui
486 5024 873 5094 dissensiones,
928 5036 979 5081 et
1032 5027 1370 5097 o/fendicula
1420 5029 1632 5097 faciunt
1688 5030 1863 5099 (liam.

227 5128 365 5181 xvu,
401 5114 513 5185 17).

286 5201 607 5274 Sequitur:
633 5202 790 5257 Multi
818 5204 967 5259 enim
991 5203 1299 5274 ambulant,
1332 5209 1442 5260 etc.
1492 5206 1569 5261 De
1604 5222 1669 5261 eo
1709 5207 1862 5277 quod

213 5289 503 5359 falsoshic
516 5289 814 5362 apostolos
831 5291 1307 5349 notat.Notantur
1317 5296 1373 5349 et
1383 5292 1638 5348 haeretici
1657 5292 1859 5365 (1190).

286 5469 475 5541 (1188)
509 5469 784 5523 Fortasse
812 5469 1046 5539 proﬁcit.

279 5538 467 5609 (1189)
492 5541 557 5594 1n
588 5542 790 5619 siut-0g.
824 5554 1007 5665 marg.
1042 5539 1137 5594 hic
1166 5538 1383 5610 legitur
1411 5556 1537 5611 cap.
1567 5540 1712 5595 XIII.

279 5612 469 5665 (1190)
500 5611 853 5665 Jovmianus
873 5611 952 5665 sci
984 5610 1223 5665 .notiss.

279 5612 469 5685 (1190)
500 5610 853 5685 .lovinianus
873 5610 1223 5685 scil.potiss.

281 5680 469 5757 (1191)
504 5681 779 5737 Fortasse
804 5696 923 5753 vox,
956 5680 1035 5739 id‘
1059 5690 1166 5748 est,
1218 5696 1408 5738 sermo
1451 5698 1463 5733 :
1498 5698 1649 5754 saepe
1698 5680 1855 5737 enim

1969 5487 2094 5528 υοσε

1969 5545 2039 5597 de
2071 5542 2209 5597 nace
2242 5542 2481 5596 mentio.

1981 4681 2177 4731 etc.De
2195 4692 2259 4731 eo
2275 4676 2431 4748 quod
2450 4674 2544 4729 his
2556 4673 2746 4730 verbis
2760 4677 3107 4741 commonet,
3132 4678 3199 4727 ut
3213 4672 3270 4725 in
3286 4671 3489 4726 eadem
3512 4670 3626 4727 ﬁde

1982 4770 2279 4832 maneant;
2297 4764 2449 4837 quod
2468 4762 2591 4819 ﬁeri
2608 4778 2719 4818 non
2737 4760 3070 4833 potest,nisi
3085 4776 3261 4816 unam
3277 4759 3622 4815 charitatem

1978 4853 2299 4909 habeant.()
2316 4853 2741 4925 Philippenses,
2775 4850 2823 4907 si
2842 4852 2950 4907 hoc
2968 4850 3240 4915 feceritis,
3264 4849 3423 4905 eritis
3443 4848 3627 4923 gloria

1978 4948 2035 4996 et
2057 4959 2270 5001 corona
2292 4959 2453 5009 mea;
2479 4942 2665 5013 gloria
2692 4942 2749 4995 in
2774 4940 3080 5012 praesnti,-
3103 4956 3313 4996 corona
3332 4939 3390 4993 in
3406 4940 3621 4993 futuro.

1980 5032 2042 5085 In
2068 5031 2356 5087 bonorum
2392 5046 2646 5101 namque
2668 5030 3004 5084 auditorum
3036 5034 3306 5100 provectu
3337 5028 3620 5100 gaudium

1977 5124 2065 5175 est
2094 5120 2562 5192 praedicatorum.

2044 5207 2350 5278 Sequitur:
2374 5207 2707 5263 Euchodzam
2724 5206 2908 5277 (1193)
2932 5222 3087 5279 rogo,
3111 5210 3220 5261 etc.
3240 5210 3317 5260 De
3346 5221 3412 5260 eo
3461 5205 3617 5277 quod

1975 5296 2250 5352 mulieres
2271 5300 2435 5350 erant
2447 5295 2750 5351 scientiam
2766 5294 3222 5365 habentes,quas
3243 5294 3315 5349 ad
3334 5296 3615 5365 majorem

2123 5486 2228 5543 pro
2256 5482 2498 5543 sermone
2526 5470 2709 5525 utitur
2738 5477 2942 5525 auctor
2968 5474 3182 5526 noster.
3209 5470 3426 5527 Nullibi
3455 5472 3611 5528 enim

2040 5609 2222 5758 (117:2)
2253 5609 2427 5683 Vulg.
2458 5612 2579 5666 loco
2614 5612 2785 5692 potuit
2816 5611 2989 5694 habet
3018 5616 3183 5667 etiam
3208 5618 3401 5694 possit.

2066 5684 2201 5740 1193
2253 5680 2423 5756 Vulg.
2458 5682 2759 5740 Evodzam:
2820 5682 2957 5740 alibi
3006 5683 3335 5738 Euhodiam.
3391 5686 3401 5709 ‘

2066 5680 2222 5753 1193)
2253 5680 2423 5756 Vulg.
2458 5682 2759 5740 Evodiam:
2820 5682 2957 5740 alibi
3006 5680 3335 5738 Euhodiam.
3391 5686 3493 5741 Vir
3540 5698 3612 5740 ne
