3978 6210
333 386 454 449 603

1361 386 1699 450 ATTONIS
1744 365 2322 450 VERCELLENSIS
2368 388 2720 451 EPISCOPI

3623 386 3761 450 604

335 518 1976 592 prudentiaminvitat,utsicutinoperibusEvangeliipro-
2005 528 2056 596 Α
2098 521 2440 577 exhortatio.
2473 522 2617 577 Cum
2651 521 2806 577 enim
2838 521 3144 577 immineat
3171 520 3308 576 finis
3339 521 3652 592 cujusque,
3689 525 3757 576 et

335 609 611 675 fecerant,
647 610 990 680 proﬁcerent
1017 615 1072 664 et
1111 609 1168 662 in
1221 609 1482 676 scientia,
1535 615 1591 664 et
1643 610 1790 664 bene
1839 610 1980 664 dicit

336 698 596 769 idipsum
629 715 832 770 sapere
865 699 921 752 in
954 698 1222 765 Domino,
1255 697 1312 751 id
1345 704 1452 767 est,
1491 715 1615 769 qua:
1648 699 1798 752 circa
1821 698 1980 752 Chri-

329 791 490 841 stum
523 787 742 857 scripta
773 791 928 852 sunt,
963 787 1405 860 recte'sentiant
1434 791 1490 841 et
1519 787 1868 857 intelligant.

397 874 869 943 Sequitur:Rogo
890 876 1054 928 etiam
1076 882 1142 940 te,
1185 880 1294 929 etc.
1338 874 1415 928 De
1437 891 1502 929 eo
1549 876 1701 944 quod
1748 874 1974 928 Germa-

326 980 432 1017 nus
465 965 646 1035 (1134)
681 964 982 1034 proprium
1015 979 1226 1018 nomen
1260 968 1404 1028 erat,
1435 979 1661 1033 compar
1710 980 1839 1018 vero
1889 963 1976 1016 di-

329 1053 591 1122 gnitatis,
616 1053 766 1107 sicut
788 1053 1219 1123 Epaphroditus
1238 1051 1452 1107 dicitur
1471 1053 1770 1107 commilito
1792 1051 1975 1106 Pauli.

330 1141 478 1194 Nota
496 1141 648 1210 quod
673 1158 785 1194 non
815 1140 973 1208 dicit,
999 1140 1242 1211 impero.
1269 1140 1374 1195 Ubi
1393 1141 1768 1194 instruuntur
1789 1141 1980 1194 docto-

329 1244 443 1295 res,
479 1235 541 1283 ut
562 1230 746 1284 bonos
759 1230 1055 1284 auditores
1081 1228 1429 1300 alloquendo
1453 1228 1641 1300 magis
1665 1245 1840 1299 quam
1864 1228 1976 1281 im-

330 1319 587 1389 perando
612 1319 876 1373 doceant.
903 1319 1130 1373 Etbene
1152 1317 1295 1373 dicit
1319 1336 1332 1384 ;
1360 1335 1478 1389 qum
1507 1334 1717 1371 mecum
1766 1318 1978 1371 labora-

328 1411 527 1460 verunt
555 1407 616 1460 in
667 1408 982 1477 Evangelia,
1044 1405 1131 1460 vel
1180 1407 1494 1476 operando,
1542 1405 1627 1460 vel
1680 1405 1976 1459 docendo:

331 1495 591 1550 decendo
623 1495 894 1550 videlicet
925 1512 1036 1549 non
1068 1495 1128 1548 in
1159 1495 1320 1559 viris,
1356 1495 1455 1548 sed
1480 1494 1538 1548 in
1569 1493 1800 1548 feminis
1828 1518 1840 1559 ;
1865 1509 1978 1547 non

331 1583 388 1636 in
413 1583 690 1650 Ecclesia,
723 1584 823 1638 sed
856 1583 914 1636 in
947 1583 1139 1637 domo.
1175 1583 1308 1638 Cum
1346 1584 1613 1637 Clemente
1667 1587 1722 1636 et
1768 1582 1981 1637 steteris

329 1671 668 1742 adjutoribus
687 1675 844 1726 meis.
871 1671 1140 1726 Clemens
1162 1670 1270 1726 iste
1296 1687 1364 1725 ex
1387 1669 1732 1741 philosopho
1755 1684 1978 1740 magna:

334 1760 610 1815 doctrinae
641 1760 730 1814 vir
759 1760 885 1830 fuit,
921 1761 1140 1830 quique
1193 1759 1464 1814 Romanae
1516 1757 1785 1812 Ecclesiae
1837 1774 1981 1828 prae-

336 1849 666 1919 tuit(119'5).
701 1849 768 1902 Et
789 1849 935 1903 bene
965 1847 1143 1903 dicit:
1177 1852 1426 1917 Quorum
1465 1849 1696 1901 nomina
1741 1851 1870 1900 sunt
1919 1847 1981 1900 in

334 1936 478 1991 libro
497 1937 646 2003 vitae,
671 1941 860 1990 utnec
882 1936 1288 2004 referat(1196)
1313 1935 1467 2006 quod
1490 1937 1605 1989 hon
1627 1933 1977 2004 sintscripta

334 2024 392 2079 in
420 2023 526 2079 bac
549 2024 912 2096 Epistola.De
933 2025 1164 2095 ecquod
1191 2024 1368 2094 hujus
1392 2022 1522 2078 libri
1539 2023 1764 2094 Moyses
1782 2022 1971 2091 (Exod.

333 2129 470 2179 xvn,
505 2114 612 2183 14),
644 2117 701 2168 et
733 2113 909 2168 David
943 2114 1120 2184 (Psal.
1172 2130 1362 2179 xxx1x,
1393 2113 1464 2179 8;
1509 2128 1694 2165 vam.
1750 2112 1840 2180 29)
1891 2111 1975 2165 fa-

330 2201 494 2255 ciunt
522 2202 898 2271 mentionem,
932 2206 988 2255 et
1026 2200 1289 2256 Salvator
1335 2201 1392 2253 in
1442 2198 1750 2269 Evangelio
1794 2199 1972 2266 (Joan.

329 2306 423 2353 xx,
458 2290 568 2356 30;
600 2307 712 2359 xxx,
745 2291 875 2360 25);
916 2289 1012 2360 qui
1045 2288 1199 2343 enim
1261 2305 1322 2343 se
1379 2292 1435 2343 et
1491 2287 1638 2343 olios
1685 2286 1974 2342 monendo

333 2377 584 2443 salvant,
616 2379 913 2448 adjutores
945 2375 1194 2448 apostoli
1229 2381 1385 2432 sunt.

407 2467 588 2537 (1197)
622 2466 700 2521 De
731 2465 976 2537 spiritali
1035 2482 1167 2520 vero
1216 2464 1717 2520 commendatione
1765 2462 1977 2518 transit

336 2555 406 2609 ad
440 2553 766 2625 generalem
800 2554 1281 2620 admonitionem,
1303 2570 1437 2608 cum
1457 2553 1633 2608 dicit:
1668 2553 1900 2608 Gaudete
1916 2554 1972 2606 in

336 2645 589 2710 Domino,
623 2649 732 2698 etc.
766 2643 845 2698 De
877 2659 943 2698 eo
974 2644 1129 2714 quod
1161 2641 1328 2697 lzetus
1377 2641 1680 2713 apostolus
1709 2641 1767 2695 in
1789 2643 1976 2713 cperi-

333 2732 468 2797 bus,
484 2735 539 2785 et
559 2731 671 2786 ﬁde
693 2747 892 2787 eorum
917 2732 988 2786 ad
1013 2732 1196 2802 (1168)
1219 2730 1519 2786 cumulum
1538 2730 1735 2802 gaudii
1758 2734 1974 2798 monet,

334 2825 399 2874 ut
429 2820 726 2892 gaudeant
755 2825 811 2874 et
841 2820 974 2891 ipsi.
1033 2820 1142 2875 Sed
1188 2819 1286 2874 ubi
1313 2820 1340 2873 ?
1368 2824 1434 2874 In
1460 2821 1724 2875 Domino:
1781 2820 1837 2873 id
1868 2824 1976 2886 est,

335 2926 454 2964 non
487 2909 544 2962 in
579 2909 821 2976 mundo,
855 2913 912 2963 et
935 2925 1052 2963 non
1083 2925 1186 2980 per
1213 2909 1397 2978 (1199)
1427 2907 1729 2963 intervalla
1759 2914 1979 2979 tempo-

340 3013 496 3061 rum,
520 3002 585 3052 ut
606 2997 845 3068 quidam
871 3023 884 3064 ;
908 2998 1008 3052 sed
1031 3014 1258 3068 semper,
1283 2997 1338 3051 id
1367 3000 1474 3064 est,
1500 2996 1558 3050 in
1581 2996 1893 3067 prosperis,
1923 3000 1981 3051 et

340 3085 398 3140 in
431 3085 708 3154 adversis,
742 3091 798 3141 et
825 3085 884 3140 in
917 3085 1139 3142 caeteris
1174 3103 1301 3158 quae
1332 3085 1402 3140 de
1431 3084 1524 3140 his
1552 3085 1665 3140 dici
1697 3084 1905 3140 solent.

407 3175 681 3246 Sequitur
711 3192 725 3230 :
756 3175 1013 3231 Modestia
1043 3182 1236 3242 vestra,
1270 3179 1378 3229 etc.
1415 3179 1492 3229 De
1537 3190 1602 3229 eo
1652 3174 1804 3245 quod
1857 3190 1980 3230 mo-

2007 1893 2054 1958 B

2090 610 2452 680 diesjudicii,
2474 611 2643 667 debet
2664 610 2831 665 nobis
2845 626 2971 666 esse
2984 609 3332 681 properatio,
3357 614 3422 663 ut
3434 609 3604 664 bonis
3621 626 3755 664 mo-

2092 700 2256 754 ribus
2289 716 2617 772 magnaque
2650 699 2934 755 modestia
2963 698 3228 753 vivamus
3256 713 3270 752 :
3297 697 3416 752 sive
3448 698 3589 769 quia
3625 703 3748 754 Do-

2089 791 2275 844 minus
2299 805 2475 860 prope
2503 793 2582 844 est
2613 789 2863 843 omnibus
2894 789 3272 842 invocantibus
3321 803 3378 842 se
3418 790 3476 842 in
3507 790 3754 843 veritate

2093 879 2266 941 (Psal.
2301 893 2481 944 cvuv,
2517 878 2625 948 18),
2659 894 2775 931 non
2806 877 3032 931 debetis
3061 891 3188 931 esse
3214 876 3439 930 solliciti
3467 877 3538 931 de
3560 876 3748 931 rebus

2091 966 2432 1032 mundanis,
2467 965 2602 1036 quia
2632 969 2688 1019 et
2709 964 2907 1019 omnia
2929 965 3257 1020 necessaria
3277 964 3442 1020 vobis
3464 969 3752 1034 procurat

2089 1055 2263 1121 Deus,
2297 1059 2352 1109 et
2386 1054 2626 1110 meliora
2656 1055 2712 1107 in
2737 1053 2834 1108 illa
2854 1053 2992 1117 vita,
3017 1070 3142 1124 quae
3165 1053 3361 1108 futura
3381 1058 3470 1108 est
3485 1058 3744 1108 aeterna:

2093 1145 2233 1213 sive,
2267 1143 2446 1198 nolite
2477 1144 2681 1198 timere
2712 1147 3146 1214 persequentes,
3180 1141 3495 1213 quiajuxta
3523 1147 3604 1197 est
3631 1144 3747 1197 Do-

2086 1235 2272 1288 minus
2315 1233 2400 1287 his
2456 1249 2548 1303 quz
2613 1233 2874 1287 brztulato
2935 1239 3064 1288 sunt
3117 1230 3275 1286 corde
3317 1233 3484 1303 (Psal.
3535 1249 3741 1303 xxxm,

2091 1322 2199 1393 19).

2159 1411 2476 1482 Sequitur:
2511 1410 2612 1465 Sed
2642 1412 2703 1464 in
2731 1410 2882 1465 omni
2927 1410 3193 1474 oratione,
3246 1413 3356 1464 etc.
3408 1407 3602 1464 Oratio
3646 1415 3745 1466 est

2092 1513 2195 1568 pro
2217 1497 2636 1568 adipiscendis,
2659 1513 2785 1567 quae
2801 1512 3137 1566 speramus;
3163 1496 3740 1569 obsecrationes,pro

2089 1586 2340 1657 peccatis
2366 1583 2786 1657 praeteritis,vel
2811 1585 3196 1654 praesentibus
3218 1602 3230 1639 :
3253 1587 3571 1655 gratiarum
3593 1590 3741 1640 sunt

2088 1677 2344 1740 actiones,
2380 1674 2584 1729 laudes
2615 1691 2718 1745 pro
2749 1672 2974 1728 collatis
3004 1672 3320 1740 beneﬁciis,
3355 1691 3482 1744 quae
3531 1674 3737 1730 omnia

2089 1764 2148 1818 in
2179 1765 2372 1820 missa:
2405 1762 2596 1819 officio
2627 1763 3020 1818 continentur.

2163 1854 2442 1924 Sequitur
2474 1869 2488 1907 :
2529 1853 2820 1908 Petitiones
2846 1857 3062 1916 vestrm,
3087 1855 3219 1916 etc.,
3243 1851 3301 1906 id
3323 1855 3434 1920 est,
3459 1851 3559 1923 qui
3586 1853 3739 1924 petit

2086 1942 2227 1998 talia
2250 1946 2426 2014 petat,
2454 1958 2582 2012 qum
2604 1940 2834 1995 ﬁdelem
2859 1944 3054 2012 petere
3073 1940 3238 1994 decet
3260 1940 3413 2011 ;jam
3436 1941 3569 2011 quia
3593 1945 3735 1994 nota

2086 2036 2225 2088 sunt
2253 2031 2370 2085 Deo
2401 2046 2527 2100 quae
2560 2029 2790 2098 agimus
2823 2047 2836 2096 ;
2870 2033 2926 2084 et
2953 2028 3372 2084 innotescenda
3399 2028 3498 2083 tali
3529 2029 3727 2097 modo,

2085 2125 2152 2203 u_t
2182 2119 2459 2185 diximus,
2489 2117 2632 2173 talia
2657 2119 2774 2173 sint
2804 2134 2930 2189 quae
2960 2115 3113 2172 ﬁdeli
3134 2117 3364 2188 etjuslo
3385 2117 3739 2173 conveniant

2084 2208 2226 2246 νιιῸ.

2155 2280 2465 2351 Sequitur:
2500 2285 2628 2334 Pax
2657 2280 2773 2343 Dei,
2807 2283 2915 2333 etc.
2945 2278 3026 2333 De
3055 2293 3121 2333 eo
3153 2278 3304 2349 quod
3354 2276 3736 2333 vehementer

2085 2374 2142 2424 et
2170 2373 2337 2425 acute
2365 2368 2473 2423 hoc
2493 2367 2748 2439 positum
2775 2371 2882 2422 est.
2906 2367 3048 2422 Cum
3073 2367 3230 2421 enim
3253 2382 3364 2437 pax
3383 2366 3481 2421 Dei
3507 2363 3735 2420 venerit

2084 2458 2142 2512 in
2175 2475 2304 2524 nos,
2337 2462 2514 2512 Deum
2543 2456 2975 2528 intelligemus;
3009 2461 3063 2510 et
3091 2472 3224 2510 cum
3258 2460 3439 2510 Deum
3499 2454 3732 2510 intelle-

2084 2547 2361 2614 xerimus,
2395 2545 2539 2601 nihil
2570 2545 2896 2613 dissonum,
2928 2544 3016 2600 vel
3047 2561 3311 2616 pravum,
3345 2543 3500 2600 sicut
3531 2547 3731 2612 antea,

2087 2637 2390 2703 faciemus,
2426 2636 2527 2690 sed
2559 2636 2639 2690 ita
2668 2639 2840 2690 erunt
2859 2635 3059 2690 omnia
3081 2637 3305 2705 pacata,
3332 2638 3399 2688 ut
3419 2632 3731 2689 nobiscum

2087 2725 2279 2781 omnis
2301 2729 2498 2780 noster
2511 2723 2950 2780 sitintellectus.
2976 2727 3092 2778 Pax
3113 2721 3268 2778 enim
3289 2723 3506 2793 estjam
3533 2722 3734 2793 quies-

2087 2831 2214 2870 cere
2243 2819 2298 2869 et
2329 2813 2700 2868 securitatem
2736 2812 2966 2867 habere.
2999 2812 3184 2876 Quam
3217 2825 3416 2882 pacem
3440 2811 3595 2866 Deus
3625 2827 3734 2865 no-

2088 2904 2181 2959 bis
2203 2902 2426 2969 tribuit,
2452 2902 2718 2971 cumjam
2733 2901 2924 2957 omnis
2944 2899 3278 2956 intellectus
3291 2899 3599 2955 nobiscum
3621 2903 3731 2955 est.

2089 2992 2193 3056 Qui
2225 2991 2381 3047 enim
2415 2991 2600 3046 Deum
2633 2988 2925 3059 intelligit,
2959 2989 3158 3044 omnia
3195 2987 3503 3059 intelligit;
3536 2993 3593 3043 et
3613 3003 3734 3042 om-

2091 3081 2188 3136 nia
2219 3079 2622 3151 intelligendo,
2655 3094 2858 3151 pacem
2888 3077 2988 3133 Dei
3019 3077 3214 3144 habet,
3248 3093 3352 3149 per
3405 3093 3586 3148 quam
3633 3092 3738 3131 cor

2092 3176 2150 3225 et
2179 3168 2375 3224 omnia
2405 3166 2596 3223 cordis
2626 3166 2903 3223 interiora
2932 3166 3363 3221 custodiuntur.
3395 3165 3545 3220 Nota
3575 3164 3734 3237 quod

293 3285 300 3288 ·
338 3263 522 3319 destia
543 3263 779 3330 dicitur,
811 3281 876 3319 eo
909 3263 1064 3335 quod
1097 3266 1291 3318 teneat
1319 3262 1580 3317 modum.
1612 3261 1792 3316 Valde
1821 3262 1978 3317 enim
2009 3259 2054 3326 C
2092 3259 2168 3315 ail
2197 3259 2520 3314 :Petitiones
2545 3265 2734 3312 vestrae
2764 3257 3124 3311 innotescunt.
3169 3254 3300 3310 Haec
3346 3253 3555 3310 notitia
3583 3253 3737 3310 assi-

336 3353 407 3407 ad
441 3351 716 3408 meritum
749 3353 958 3408 futura:
987 3352 1114 3407 vitae
1147 3351 1418 3424 pertinet,
1453 3350 1502 3405 si
1535 3351 1795 3406 modeste
1824 3351 1979 3406 viva-

336 3458 490 3497 mus.
523 3443 593 3497 Et
623 3442 682 3496 in
713 3442 966 3497 omnibus
994 3441 1155 3508 dicit,
1190 3441 1247 3495 id
1271 3445 1378 3506 est,
1412 3444 1531 3494 tam
1554 3438 1772 3495 Judaais
1802 3456 1978 3511 quam

335 3529 650 3602 gentilibus
681 3530 1190 3602 persequentibus,
1225 3533 1289 3584 ut
1318 3527 1603 3584 modestia
1629 3531 1822 3584 vestra
1850 3545 1981 3584 con-

343 3623 662 3674 vertantur.

408 3708 720 3778 Sequitur:
753 3709 1016 3764 Dominus
1049 3721 1221 3778 prope
1243 3711 1346 3776 est,
1377 3710 1488 3762 etc.
1523 3707 1734 3779 Magna
1749 3711 1839 3763 est
1859 3706 1982 3762 haec

339 3890 513 3951 esset,
548 3901 621 3939 an
652 3884 890 3954 femina,
925 3882 1282 3954 ambigitur;
1306 3899 1441 3955 nam
1473 3883 1739 3955 quadam
1771 3899 1982 3955 manu-

341 3956 559 4028 scripta
588 3955 805 4011 habent
851 3953 1126 4028 Evodium
1173 3953 1407 4028 nomine
1453 3953 1816 4028 masculinp:
1860 3953 1984 4028 im-

383 4023 544 4083 ressa
571 4044 728 4094 vero,
761 4032 817 4081 et
867 4027 983 4082 fere
1035 4025 1234 4097 omnia
1276 4026 1676 4097 manuscripta
1727 4023 1985 4097 Evodzam

383 4047 544 4083 ressa
571 4047 728 4094 vero,
761 4047 817 4081 ϐῐ.
867 4047 983 4082 lere
1035 4047 1234 4081 ΟΠΙΠΙΠ.
1276 4047 1676 4097 ωειηυεοΐιριᾱ
1727 4047 1984 4079 lwuuwm

338 4047 552 4155 gabent
586 4098 863 4153 feminino
893 4092 1529 4166 nomine,E6w6lav.Alii
1561 4095 1761 4151 volunt
1793 4095 1984 4166 Synti-

343 4171 489 4226 chen
521 4173 712 4224 virum
748 4171 947 4238 fuisse,
979 4187 1215 4225 uxorem
1250 4169 1549 4223 Evodiam.
1601 4173 1872 4222 Attamen
1912 4169 1983 4238 in

343 4241 752 4313 Martyrologio
781 4241 840 4295 in
875 4237 1118 4296 numero
1149 4245 1483 4313 sanctarum
1517 4237 1987 4313 mulierum,_die

344 4331 462 4369 xxu
486 4307 950 4385 JuliifSyntiche
981 4317 1334 4385 recensetur.
1367 4311 1552 4374 Quare
1571 4311 1720 4365 duas
1743 4307 1986 4366 feminas

348 4385 530 4440 fuisse
561 4384 929 4440 communior
957 4389 1046 4439 est
1075 4384 1296 4454 opinio.

419 4457 602 4526 (1194)
635 4456 1033 4511 Communiter
1063 4447 1256 4510 tamen
1291 4469 1403 4526 non
1429 4447 1987 4526 majusculalittera,

2089 3348 2311 3404 duitate
2340 3347 2405 3400 ﬁt
2451 3351 2508 3400 et
2563 3344 2865 3416 vigilantia
2911 3343 3220 3400 orationis.
3274 3343 3436 3398 Tunc
3491 3343 3732 3398 demum

2090 3433 2692 3505 munitionibuspacis
2715 3449 2855 3500 suis,
2873 3449 3000 3503 quae
3023 3448 3256 3488 omnem
3270 3436 3552 3504 superent
3573 3447 3734 3486 men-

2088 3530 2229 3593 tem,
2254 3525 2355 3591 ait,
2387 3522 2649 3578 custodiet
2677 3521 2840 3577 corda
2867 3524 3065 3577 vestra.
3099 3521 3216 3576 Hoc
3255 3520 3419 3587 dicit,
3453 3519 3595 3591 quia
3632 3519 3735 3591 qui

2090 3615 2268 3670 habet
2298 3629 2432 3669 cum
2480 3611 2595 3667 Deo
2628 3626 2830 3682 pacem
2863 3610 3068 3681 (1200),
3120 3625 3234 3664 non
3281 3609 3450 3664 timet
3498 3624 3734 3664 omnem

2091 3706 2345 3760 mentem
2375 3701 2700 3757 adversam.

2135 3879 2185 3934 is
2214 3877 2502 3934 institutis
2529 3877 2851 3933 Romanam
2882 3874 3196 3931 Ecclesiam
3228 3874 3428 3930 fidisse
3448 3874 3733 3930 scribunt.

2147 3950 2342 4005 uﬁnus
2375 3950 2492 4004 imo
2523 3947 2852 4020 apostolum
2882 3951 3123 4020 Petrum
3149 3945 3264 4020 sibi
3293 3945 3451 4020 hunc
3488 3944 3736 4020 elegisse

2094 4037 2490 4077 successorem
2518 4015 2708 4074 tr'adit.
2740 4021 2798 4073 In
2817 4016 3363 4084 Constitutionibus,
3385 4015 3424 4070 1.
3448 4033 3546 4083 vn,
3569 4016 3740 4082 46,1e-

2095 4093 2291 4162 gimus
2317 4096 2585 4146 sanctum
2617 4090 2829 4162 Linum
2861 4106 2894 4144 a
2914 4093 3123 4162 sancto
3167 4087 3345 4143 Paulo
3377 4087 3733 4162 ordinatum.

2097 4159 2348 4219 Sanctus
2379 4161 2735 4232 Epiphanius
2764 4177 2895 4216 vero
2913 4159 3071 4215 hunc
3094 4162 3320 4232 putata
3343 4163 3508 4232 Petro
3530 4159 3589 4232 in
3613 4159 3737 4232 epi-

2097 4250 2339 4304 scopum
2369 4229 2699 4288 Romanum
2730 4232 3000 4299 electum,
3035 4229 3413 4304 sp_onte_hanc
3436 4229 3737 4304 dimisisse

2096 4301 2463 4377 dignitatem.
2493 4321 2670 4375 quam
2703 4308 2835 4374 post
2863 4305 3199 4377 sanctorum
3232 4301 3360 4377 Lini
3389 4305 3447 4377 et
3473 4301 3737 4377 Anacleti

2097 4371 2344 4431 mortem
2372 4371 2666 4430 resumere
2699 4371 2934 4430 coactus
2965 4378 3072 4429 est.
3103 4373 3234 4428 Haec
3265 4372 3462 4445 opinio
3492 4371 3669 4445 vulgo
3703 4389 3735 4427 a

2100 4446 2481 4519 scriptoribus
2509 4445 2900 4519 amplectitur,
2949 4448 3020 4519 _ut
3064 4448 3265 4500 sancto
3304 4443 3734 4519 ’Petro‘Linus,

348 4514 474 4599 quis
500 4514 795 4598 proprium
816 4543 1029 4582 nomen
1046 4526 1334 4597 designat,
1355 4514 1989 4593 impréssumvidemus
2099 4514 2239 4599 hinc
2259 4518 2593 4599 anacletus,
2612 4514 2891 4599 διωριεῇλο
2909 4515 3174 4599 Clemens
3195 4514 3562 4599 successerit,
3586 4531 3735 4599 anno

343 4615 608 4672 germani
627 4615 870 4672 nomen.

415 4670 597 4741 (1195)
624 4669 704 4724 De
736 4669 845 4725 hoc
875 4665 1282 4741 sanctoplura
1304 4661 1774 4741 dicendaOessen't
1803 4676 1977 4730 quam

343 4731 557 4796 ad‘uos
580 4731 850 4796 attineat.
883 4740 1009 4794 Non
1042 4731 1147 4792 ab's
1179 4753 1238 4788 re
1269 4739 1461 4788 tamen
1495 4732 1604 4787 erit
1642 4731 1832 4787 dicere
1863 4749 1982 4788 me-

340 4812 544 4883 liorem
568 4819 788 4883 partem
809 4815 1046 4883 Patrum
1069 4812 1127 4861 et
1147 4807 1531 4883 interpretum
1555 4801 1896 4883 voluissede
1918 4821 1982 4859 eo

338 4873 760 4964 glemen‘telﬁc.
776 4881 889 4964 δεῖ»
917 4880 1012 4950 qui
1038 4873 1982 4964 20.5}$999,119???figit“

340 4959 611 5010 Romanae
633 4945 899 5008 Ecclesiae
923 4945 1170 5021 prmfuit.
1189 4945 1790 5021 G_rotiusC_lementem
1827 4946 1982 5002 hunc

341 5043 570 5098 merum
599 5016 1004 5098 Philippensis
1025 5016 1853 5098 Ecclesiaapresbyterumcen
1871 5023 1981 5074 set.

342 5101 476 5164 Quae
510 5097 580 5152 de
607 5095 708 5150 illo
740 5088 961 5164 i'n'Vita
991 5088 1278 5164 ipsius,_in
1303 5088 1448 5164 libro
1477 5088 1982 5164 Recognitionum,

343 5159 399 5224 et
419 5169 478 5223 in
502 5165 897 5240 apostolorum
913 5159 1438 5240 Constitutionibus
1462 5159 1985 5240 referuntur,p_lura

340 5244 481 5295 sunt
505 5257 518 5304 ;
541 5231 654 5292 "sed
688 5237 757 5289 de
788 5234 1034 5304 istorum
1068 5231 1728 5304 librorumauctoritate
1758 5231 1986 5304 isatis‘a

339 5301 579 5367 criticis.
603 5309 851 5361 Sanctus
873 5303 1346 5375 Chrysostomus,
1364 5303 1567 5360 homirl.
1597 5304 1622 5356 1
1650 5303 1711 5375 in
1725 5301 1982 5375 Timoth.

341 5401 379 5451 ι,
412 5379 535 5435 vult
563 5377 916 5451 Qlementem
963 5372 1119 5430 hunc
1171 5375 1375 5446 jugem
1430 5372 1712 5451 apostolo
1757 5373 1982 5451 socium

339 5444 544 5507 fuisse.
570 5448 820 5503 Sanctus
853 5448 1121 5514 Irenaeus,
1155 5444 1394 5502 san—ctus
1424 5444 1694 5499 Clemens
1740 5444 1986 5500 Alexan-

347 5519 882 5590 drinus,0rigenes,
906 5517 1353 5590 aliiqueveteres
1375 5514 1727 5590 discipulum
1753 5518 1984 5590 aposto-

345 5594 532 5648 lerum
563 5585 1136 5646 testantur.Sanctus
1165 5587 1553 5660 Epiphanius,
1588 5585 1988 5660 sanetusHie-

346 5681 648 5740 ronymus,
674 5661 936 5740 Ruﬁnus,
959 5663 1131 5740 Beda,
1155 5656 1352 5740 alique
1383 5661 1697 5740 P‘et‘rumlet
1714 5656 1984 5736 Paulum,

347 5727 659 5796 itineribus
671 5738 1004 5807 occupatos,
1032 5732 1191 5798 huic,
1215 5727 1360 5786 Lino
1381 5732 1438 5784 et
1461 5727 1742 5783 Anacleto
1763 5727 1986 5798 episco-

2013 4627 2060 4692 D

2097 4589 2309 4645 Christi
2341 4591 2429 4653 91,
2462 4587 2777 4643 Domitiani
2810 4589 2909 4656 10;
2944 4587 3093 4642 Iren.
3119 4586 3160 4640 l.
3195 4603 3276 4640 ιιι.
3329 4587 3400 4654 3;
3450 4586 3661 4642 Euseb.
3694 4587 3733 4641 l.

2095 4679 2176 4730 ιιι,
2210 4662 2263 4729 3,
2317 4661 2368 4721 4,
2401 4661 2492 4730 21,
2540 4659 2683 4712 llist.
2736 4657 2885 4730 Eccl,
2933 4657 3078 4713 Vide
3128 4656 3373 4730 Calmet.
3422 4656 3564 4730 dict.
3605 4674 3732 4730 sac.

2092 4727 2304 4803 Sc'ript.
2339 4731 2396 4803 in
2427 4729 2804 4785 Clementem.
2826 4728 3027 4803 ‘Hujus
3055 4727 3241 4803 sancti
3268 4727 3584 4803 Clementis
3603 4728 3733 4803 libri

2092 4799 2576 4874 Recognitionum
2621 4799 2943 4874 exemplar;
2962 4801 3021 4854 in
3058 4799 3511 4874 antiquissimq
3543 4801 3737 4874 codice

2134 4869 2319 4956 restat
2359 4873 2417 4927 in
2467 4869 2849 4927 Vercellens’is
2904 4869 3231 4928 Eusebiani’
3274 4869 3516 4942 capituli
3572 4871 3737 4926 tabu-

2116 4961 2255 5000 ario.

2163 5015 2346 5086 (1196)
2378 5018 2443 5068 In
2485 5013 2613 5069 cod.
2642 5013 2723 5068 ita
2756 5011 2972 5084 legitur
2998 5014 3056 5065 ut
3091 5026 3190 5086 nec
3212 5018 3461 5086 referent
3475 5011 3740 5086 Fortasse

2095 5081 2267 5143 scribi
2301 5081 2507 5140 debeat
2529 5089 2593 5139 ut
2620 5101 2660 5138 n
2679 5081 3029 5156 agre'ferant
3049 5100 3068 5136 :
3093 5081 3277 5153 juxta
3311 5081 3536 5156 pluries
3607 5084 3742 5138 cita-

2095 5163 2212 5213 tam
2254 5157 2673 5230 expositionem
2705 5153 3218 5230 divo'Hieronymo
3249 5153 3556 5230 tributam,
3610 5169 3737 5226 qua:

2096 5230 2210 5284 ita:
2243 5225 2568 5284 Ne—maleste
2596 5233 2810 5297 [errent
2837 5242 2941 5297 sue
2963 5225 3218 5297 nomine,
3250 5227 3361 5280 etc.

2191 5299 2351 5374 1197)
2381 5304 2447 5374 in
2475 5293 2885 5374 autog._marg_.
2918 5295 3012 5374 hic
3043 5293 3258 5366 legitur
3287 5311 3414 5374 cap.
3436 5293 3581 5350 XIV.

2191 5366 2348 5440 1198)
2381 5369 2590 5426 Partic.
2618 5366 2694 5424 ad
2722 5366 3086 5440 desideratur
3112 5383 3143 5440 ;_
3161 5370 3507 5440 eamautem
3530 5366 3742 5440 adden-

2097 5435 2231 5495 dam
2257 5435 2444 5495 suasit
2468 5440 2583 5495 divi
2604 5438 2912 5506 Ambrosii,
2936 5435 3502 5510 seu_Hilariidiaconi
3525 5437 3741 5510 srepius

2097 5511 2272 5566 citata
2302 5510 2604 5578 expositio,
2637 5511 2736 5565 ubi
2768 5510 2837 5564 ad
2863 5506 3286 5569 cumulandum,
3304 5513 3414 5564 etc.

2167 5582 2350 5651 (1199)
2374 5579 2508 5636 Haec
2539 5582 2713 5636 etiam
2744 5579 3074 5652 praepositio
3106 5579 3498 5652 dosideratur,
3555 5595 3733 5649 quam

2097 5650 2334 5707 omnino
2365 5653 2698 5708 uddendam
2721 5650 2915 5707 textus
2947 5651 3070 5723 ipse
3101 5650 3307 5706 suasit.

2169 5723 2352 5795 (1200)
2379 5724 2508 5779 Haec
2535 5740 2642 5780 vox
2669 5738 2862 5796 pacem
2887 5720 3254 5779 desideratur
3279 5739 3293 5778 :
3348 5735 3599 5792 eamque
3639 5720 3738 5776 ad-
