3978 6210
276 410 402 472 ωδ

822 408 1239 472 EXPOSI'I‘IO
1283 410 1362 472 IN
1408 408 1837 472 EPISTOLAS
1881 408 2138 472 PAULI.
2173 440 2248 454 —
2276 408 2356 470 IN
2390 408 2638 469 EPIST.
2683 408 2786 468 AD
2830 405 3164 468 PHILIPP.

3575 406 3693 468 606

359 544 544 616 (1201)
575 545 654 600 De
679 551 873 600 caetero
901 547 1122 613 fratres,
1153 547 1258 599 etc.
1293 544 1437 609 Quid
1474 549 1563 599 est
1591 545 1662 599 de
1694 543 1937 598 czetero?
1967 542 2021 608 Α
2054 559 2167 596 non
2215 547 2302 595 est
2350 542 2459 596 nisi
2511 557 2732 606 eorum,
2775 557 2922 612 quas
2972 539 3332 594 abundantia
3390 555 3503 593 non
3564 555 3693 594 cor-

281 632 430 702 Nisi,
457 638 777 704 postquam
807 631 1023 703 cogniti
1055 633 1217 696 estis,
1240 633 1321 687 sic
1348 633 1576 702 sentite,
1603 638 1666 687 ut
1688 648 1942 704 quacun-

277 738 388 793 que
415 725 551 776 sunt
583 737 732 786 vera,
765 721 884 774 haec
914 721 1237 792 accipiatis,
1263 730 1313 775 et
1341 723 1620 791 coqitetis?
1649 725 1782 788 Quae
1807 726 1943 776 sunt

281 808 384 864 illa
417 810 594 864 vera?
621 811 755 874 Quae
781 808 984 879 utique
1016 809 1071 862 in
1099 809 1402 881 Evangelio
1429 810 1584 865 dicta
1614 816 1769 864 sunt.
1795 811 1940 865 Con-

281 914 542 969 sequens
573 914 706 952 vero
734 902 844 966 est,
874 901 938 951 ut
967 913 1100 951 vera
1133 898 1250 952 sint
1280 909 1447 967 casta,
1481 915 1593 953 non
1629 899 1782 953 enim
1815 915 1941 952 cor-

274 987 580 1058 rumpitur
608 1001 810 1042 verum
835 1010 849 1050 ;
882 991 940 1039 et
971 985 1076 1039 hoc
1101 992 1326 1040 castum
1351 991 1458 1052 est,
1485 988 1637 1058 quod
1673 1004 1786 1041 non
1817 1004 1939 1041 cor-

276 1075 583 1146 rumpitur
608 1091 620 1128 :
645 1074 857 1128 deinde
888 1089 1016 1144 quae
1048 1091 1202 1139 vera,
1242 1080 1298 1128 et
1327 1080 1490 1129 casta
1523 1082 1681 1141 sunt,
1711 1081 1766 1129 et
1797 1078 1941 1141 iusta

280 1169 441 1218 sunt.
483 1162 702 1217 Deinde
755 1166 1062 1216 enumerat
1107 1163 1392 1233 amabilia,
1427 1169 1482 1218 et
1542 1165 1691 1218 bona:
1749 1166 1936 1234 famae,

283 1253 558 1323 quamvis
587 1269 698 1307 non
731 1256 887 1306 amet
930 1251 1253 1306 secundum
1303 1252 1544 1319 bonum,
1579 1253 1736 1322 quod
1775 1255 1844 1307 de
1873 1269 1938 1307 eo

285 1338 581 1410 loquatur.
613 1339 752 1394 Item
803 1356 931 1410 qua
983 1339 1138 1395 bona?
1165 1342 1330 1409 fama
1361 1345 1521 1407 sunt,
1556 1357 1669 1396 non
1722 1341 1940 1396 habent

277 1426 598 1493 invidiam;
634 1442 700 1482 ex
730 1429 946 1498 quibus
978 1428 1276 1492 omnibus,
1311 1427 1611 1499 superiora
1645 1430 1713 1483 ad
1748 1429 1936 1500 ipsam

272 1513 581 1576 virtutem,
605 1514 727 1568 haec
760 1514 829 1568 ad
857 1514 1113 1568 fructum
1137 1514 1372 1570 virtutis
1407 1516 1714 1586 pertinent.
1740 1516 1938 1571 Virtus

273 1601 436 1657 enim
467 1606 558 1657 est
586 1618 782 1657 amare
813 1618 960 1666 vera,
992 1608 1162 1667 casta,
1187 1603 1364 1674 justa,
1392 1613 1600 1673 sancta,
1628 1609 1684 1660 et
1717 1607 1937 1659 fructus

269 1689 516 1745 virtutis
545 1694 656 1756 est,
691 1692 962 1746 amabilia
995 1694 1045 1746 et
1093 1693 1248 1748 bona?
1288 1699 1470 1762 famae.
1506 1693 1638 1748 Ideo
1670 1693 1789 1748 hac
1821 1693 1937 1749 duo

270 1779 584 1850 subjungit
606 1796 619 1833 :
644 1781 711 1835 Si
741 1796 845 1850 qua
871 1780 1145 1847 virtus,si
1173 1797 1280 1851 qua
1312 1782 1433 1836 laus
1447 1800 1468 1844 ;
1497 1782 1597 1835 sed
1639 1782 1791 1836 sicut
1823 1798 1935 1836 non

271 1885 306 1923 a
335 1867 507 1922 nobis
549 1867 762 1936 virtus,
794 1869 876 1922 ita
921 1884 1026 1924 nec
1077 1874 1278 1924 nostra
1321 1868 1472 1933 laus,
1507 1871 1606 1924 sed
1641 1870 1763 1925 Dei.
1801 1875 1936 1928 Haec
1965 1907 2011 1970 Β

269 1958 541 2026 cogitate;
573 1956 778 2028 utique
807 1973 934 2028 quis
960 1956 1062 2012 illa
1081 1958 1221 2026 sint,
1243 1973 1363 2028 quae
1388 1959 1671 2028 didicistis,
1716 1975 1808 2015 me
1837 1961 1934 2014 do-

271 2049 458 2099 cente.
501 2045 785 2116 Sequitur
815 2063 828 2100 :
866 2049 930 2100 Et
957 2047 1238 2117 accepistis
1268 2065 1286 2100 :
1318 2063 1528 2100 rursus
1582 2048 1737 2102 unde
1784 2065 1931 2103 acce-

269 2132 455 2203 pistis,
501 2132 737 2187 audistis
786 2137 840 2188 et
883 2133 1138 2188 vidistis?
1186 2135 1244 2189 Id
1294 2138 1383 2189 est
1422 2135 1652 2190 audistis
1702 2152 1769 2190 ex
1817 2153 1930 2198 me.

271 2220 488 2275 vidistis
519 2222 579 2275 in
610 2237 716 2275 me.
741 2220 870 2275 Haec
900 2221 1061 2290 dicit,
1096 2222 1234 2294 quia
1261 2240 1375 2278 non
1399 2229 1626 2278 tantum
1657 2225 1930 2295 monitor,

274 2308 379 2364 sed
438 2309 767 2380 exemplum
822 2309 931 2364 fuit
987 2310 1165 2365 totius
1224 2311 1381 2366 boni.
1439 2312 1759 2380 Sequitur:
1805 2314 1932 2368 Ηιῑισ

277 2398 450 2466 agite.
482 2397 758 2469 Superius
789 2399 1048 2453 dixerat:
1073 2401 1342 2469 Cogitate;
1377 2417 1489 2455 non
1521 2401 1678 2455 enim
1712 2402 1932 2457 sufﬁcit

278 2485 439 2540 bona
468 2486 734 2555 cogitatio
767 2487 991 2558 absque
1023 2489 1248 2544 actione
1279 2490 1485 2559 (1202).

349 2573 665 2644 Sequitur:
693 2578 752 2630 Et
779 2577 918 2630 Deus
945 2578 1098 2648 pacis
1126 2579 1232 2632 erit
1263 2578 1561 2632 vobiscum.
1594 2577 1742 2632 Nota
1771 2580 1926 2649 quod

273 2661 387 2717 hoc
417 2663 725 2734 praemium
748 2664 1226 2737 Pbilippensibus
1249 2666 1500 2721 maxime
1529 2667 1927 2722 necessarium

273 2755 420 2816 erat,
455 2751 512 2804 id
551 2757 660 2820 est,
693 2757 758 2808 ut
787 2769 991 2809 omnes
1022 2771 1204 2808 unum
1254 2754 1558 2819 sentirent,
1591 2772 1656 2811 ac
1689 2772 1791 2828 per
1822 2757 1928 2811 hoc

273 2839 458 2894 Deum
493 2843 658 2911 pacis
699 2847 1018 2898 amatorem
1060 2848 1234 2914 atque
1265 2845 1561 2899 doctorem
1593 2861 1792 2900 secum
1825 2845 1926 2900 ha-

273 2927 500 2984 herent.

347 3019 532 3090 (1203)
563 3020 841 3090 Sequitur
873 3037 885 3075 :
920 3021 1149 3078 Gavisus
1189 3038 1313 3077 sum
1359 3030 1544 3078 autem
1591 3025 1652 3078 in
1699 3025 1927 3080 Domino

277 3107 645 3175 vehementer,
678 3113 811 3175 etc.;
857 3109 912 3164 id
960 3115 1068 3176 est,
1101 3112 1427 3180 reﬂoruistis
1459 3112 1595 3166 flore
1628 3111 1762 3166 boni
1791 3129 1925 3184 ope-

276 3195 382 3256 ris,
406 3212 580 3267 quem
616 3213 730 3251 non
755 3197 963 3254 oblivio
994 3200 1326 3266 arefacerat,
1361 3201 1459 3254 sed
1492 3200 1794 3271 occupatio
1821 3202 1925 3256 im-

274 3283 565 3355 pedierat;
598 3290 655 3340 et
682 3285 812 3341 ideo
843 3287 1045 3342 subdit
1078 3304 1090 3343 :
1126 3287 1383 3360 Occupati
1412 3291 1560 3343 enim
1588 3292 1778 3344 eratis.

342 3373 628 3444 Sequitur
656 3391 668 3428 :
694 3378 816 3430 Non
845 3379 1006 3447 quasi
1039 3381 1257 3448 propter
1293 3379 1607 3449 penuriam,
1640 3384 1748 3433 etc.
1775 3379 1921 3433 Sub-

273 3461 553 3518 auditur:
579 3467 645 3518 ut
673 3479 761 3534 ea,
786 3480 913 3535 quas
943 3464 1086 3520 mihi
1113 3471 1252 3521 sunt
1283 3467 1631 3533 necessaria,
1651 3466 1921 3523 mittatis.

275 3551 343 3606 Et
373 3555 468 3606 est
497 3567 743 3607 sensus:
769 3553 893 3608 Non
923 3553 1053 3610 ideo
1084 3555 1235 3623 dico,
1267 3555 1476 3626 inquit,
1501 3560 1724 3626 propter
1748 3571 1919 3627 penu-

267 3639 457 3699 riam;
487 3655 603 3694 non
653 3640 810 3695 enim
841 3640 969 3696 volo
1002 3658 1104 3713 pro
1138 3659 1229 3696 me
1259 3643 1525 3698 sentiatis
1568 3643 1626 3698 id
1676 3644 1830 3713 quod
1865 3649 1924 3700 et

268 3732 404 3782 ante
435 3727 804 3797 sentiebatis,
827 3735 890 3784 ut
915 3729 1057 3785 mihi
1085 3731 1422 3797 mitteretis;
1457 3737 1559 3787 aut
1582 3733 1736 3804 quod
1766 3749 1922 3788 nunc

264 3815 418 3883 volo,
453 3820 520 3871 ut
549 3817 818 3885 mittatis,
853 3823 1089 3890 propter
1117 3821 1422 3891 penuriam
1455 3820 1603 3876 dico.
1639 3821 1732 3876 Sic
1765 3822 1919 3877 enim

269 3909 471 3976 postea
523 3905 606 3960 ait
647 3922 659 3959 :
706 3907 825 3962 Non
871 3909 1001 3978 quia
1049 3924 1239 3978 quaero
1295 3910 1506 3979 datum,
1555 3910 1648 3965 sed
1704 3913 1922 3981 requiro

247 3994 283 4062 f
300 3998 523 4048 ructum
559 3994 927 4051 abundantem
974 3998 1033 4051 in
1082 4000 1334 4054 oratione
1361 4000 1545 4067 (1204)
1591 4003 1766 4055 vestra
1811 4001 1922 4070 (In-

266 4085 371 4153 [ra
432 4099 509 4149 ιν,
572 4083 690 4153 17).
751 4084 874 4139 Non
942 4101 1077 4156 ergo
1145 4092 1378 4158 propter
1441 4087 1697 4159 inopiam
1763 4088 1916 4143 istud

275 4186 496 4241 quaro,
539 4171 641 4226 sed
691 4176 758 4227 ut
804 4173 1028 4230 fructus
1077 4175 1156 4230 sit
1204 4176 1511 4232 abundans
1557 4177 1613 4231 in
1663 4179 1922 4233 oratione

272 4265 490 4315 vestra.

337 4346 620 4417 Sequitur
651 4363 664 4401 :
699 4349 810 4416 Ego
849 4351 999 4404 enim
1043 4350 1238 4418 didici,
1269 4352 1330 4405 in
1360 4352 1559 4424 quibus
1605 4355 1710 4408 sim
1755 4354 1917 4426 suffi-

264 4436 418 4489 ciens
449 4454 472 4490 :
499 4435 688 4491 Didici
718 4437 875 4492 enim
907 4455 1034 4510 ego,
1068 4444 1133 4493 ut
1163 4445 1471 4495 contentus
1503 4441 1614 4496 sim
1646 4443 1758 4509 his,
1791 4461 1917 4514 qum

269 4523 547 4590 habeo,et
562 4524 617 4578 in
638 4525 854 4597 quibus
869 4526 982 4582 sim
1002 4527 1385 4600 mihimetipsi
1402 4529 1915 4605 sufﬁciens(1205).

2052 632 2293 702 rumpit.

2123 721 2432 791 Sequitur:
2463 721 2665 776 Omnia
2701 735 2938 789 possum,
2985 723 3096 772 etc.
3148 718 3270 773 Non
3304 735 3364 773 se
3397 718 3484 772 sui
3519 734 3698 773 causa

2054 810 2162 864 hoc
2193 825 2392 863 eorum
2427 825 2597 880 opere
2640 808 2912 878 gaudere,
2946 808 3045 862 sed
3096 807 3154 861 in
3202 808 3456 878 profectu
3490 823 3691 862 eorum

2053 898 2306 967 gaudere
2327 902 2593 951 testatur.
2621 896 2761 950 Dicit
2785 896 2988 950 beatus
3016 913 3163 968 papa
3183 895 3514 967 Gregorius,
3536 897 3690 966 quod

2054 987 2162 1040 nisi
2198 1004 2291 1040 ars
2322 991 2474 1040 esset
2509 1002 2677 1040 nosse
2709 986 3025 1050 abundare,
3049 989 3105 1038 et
3134 983 3374 1054 esurire,
3400 990 3456 1040 et
3489 990 3694 1039 caetera

2051 1075 2209 1139 talia,
2247 1092 2356 1129 non
2414 1090 2762 1144 magnopere
2813 1075 3028 1127 diceret
3071 1073 3404 1145 Apostolus.
3449 1074 3576 1142 scio,
3604 1073 3692 1127 vcl

2049 1163 2240 1217 didici.
2269 1163 2413 1216 Nota
2445 1164 2596 1233 quod
2630 1162 2750 1215 haec
2799 1179 2911 1214 non
2940 1162 3072 1226 sibi,
3108 1162 3206 1216 sed
3244 1161 3486 1216 Domino
3516 1160 3696 1215 ascri-

2049 1252 2168 1306 bat.
2204 1253 2432 1312 Omnia.
2466 1251 2675 1320 inquit,
2705 1267 2961 1320 possum;
3013 1267 3125 1303 non
3177 1250 3442 1320 quaedam
3478 1266 3491 1303 :
3526 1250 3586 1302 in
3613 1264 3693 1315 eo,

2047 1343 2144 1412 qui
2172 1357 2256 1395 me
2283 1342 2586 1408 con/artat;
2634 1356 2747 1392 non
2807 1339 2864 1392 in
2898 1354 3009 1392 me.
3038 1343 3112 1392 De
3144 1354 3209 1392 eo
3240 1339 3392 1408 quod
3426 1338 3535 1392 iste
3566 1354 3692 1392 mo-

2048 1429 2160 1483 dus
2211 1434 2265 1482 et
2315 1428 2587 1482 ﬁdelibus
2627 1428 2947 1481 servandus
2999 1431 3109 1494 est,
3140 1427 3195 1480 id
3255 1432 3361 1493 est,
3396 1432 3459 1480 ut
3516 1441 3688 1481 suum

2050 1534 2218 1590 posse
2253 1518 2311 1571 in
2347 1516 2541 1570 divina
2574 1515 2915 1569 fortitudine
2941 1514 3242 1569 collocent.

2119 1606 2397 1676 Sequitur
2429 1623 2441 1660 :
2485 1606 2859 1659 Verumtamen
2913 1606 3044 1658 bene
3088 1605 3318 1673 fecistis,
3355 1603 3405 1656 id
3441 1607 3529 1657 est
3558 1620 3689 1674 par-

2048 1693 2252 1766 ticipes
2285 1693 2501 1759 fuistis,
2525 1692 2613 1748 vel
2646 1693 2999 1748 subvenistis
3023 1691 3163 1746 mihi
3199 1692 3256 1746 in
3291 1691 3686 1760 tribulatione,

2046 1783 2184 1853 quia
2202 1799 2314 1836 non
2337 1781 2538 1835 debuit
2561 1797 2689 1835 mea
2705 1780 3112 1852 aequanimitas
3132 1785 3383 1835 vestram
3407 1780 3691 1851 impedire

2047 1871 2394 1925 mercedem.
2420 1871 2567 1924 Nota
2599 1871 2750 1940 quod
2784 1886 2897 1924 non
2919 1874 3044 1924 erat
3065 1872 3133 1923 de
3160 1868 3396 1924 illorum
3421 1884 3686 1936 numero,

2044 1961 2142 2030 qui
2175 1975 2242 2013 ea
2274 1976 2399 2030 quae
2449 1975 2555 2013 sua
2606 1962 2745 2012 sunt
2774 1961 3072 2028 quierunt;
3108 1957 3242 2010 dicit
3275 1957 3428 2010 enim
3480 1973 3593 2010 non
3627 1973 3688 2010 se

2043 2065 2296 2119 quaerere
2327 2048 2536 2117 datum,
2561 2048 2660 2101 sed
2698 2047 2988 2117 requirere
3017 2049 3277 2114 fructum.
3303 2045 3408 2109 Qui
3441 2048 3686 2115 possunt

2043 2136 2219 2191 istum
2254 2137 2490 2202 imitari,
2517 2137 2845 2206 gaudeant:
2871 2135 2971 2205 qui
3003 2151 3134 2189 vero
3166 2150 3279 2189 non
3315 2139 3582 2206 possunt,
3613 2135 3684 2188 de

2043 2224 2188 2279 lacte
2211 2225 2402 2279 ovium
2429 2241 2667 2278 suarum
2692 2240 2858 2278 suam
2883 2228 3214 2278 sustentant
3238 2222 3644 2278 necessitatem
3671 2240 3683 2276 :

2042 2314 2141 2367 sed
2179 2329 2289 2367 non
2328 2312 2623 2383 negligant
2654 2312 2848 2366 ovium
2879 2311 3302 2365 infirmitatem.

2112 2403 2296 2471 (1206)
2328 2402 2604 2472 Sequitur
2639 2417 2652 2454 :
2687 2401 2847 2454 Scitis
2894 2404 3080 2454 autem
3123 2404 3176 2454 et
3208 2416 3316 2463 vos,
3349 2405 3458 2454 etc.
3494 2403 3572 2454 De
3619 2414 3685 2454 eo

2042 2491 2194 2560 quod
2231 2490 2322 2544 hic
2354 2496 2548 2562 aperte
2593 2490 2879 2561 exposuit,
2913 2489 3068 2559 quod
3113 2505 3291 2559 supra
3320 2488 3541 2542 dictum
3574 2492 3684 2556 est,

2038 2581 2389 2635 tribulationi
2443 2594 2581 2635 mea:
2637 2579 3096 2642 communicastis,
3141 2577 3196 2630 id
3251 2581 3358 2641 est,
3402 2576 3684 2630 auxilium

2041 2668 2419 2738 priestitistis,
2452 2667 2762 2738 praebendo
2795 2665 3142 2721 necessaria.
3167 2665 3325 2728 Quod
3359 2681 3491 2718 vero
3523 2664 3684 2732 dicit,

2037 2760 2098 2810 in
2129 2759 2344 2811 ratione
2372 2757 2492 2811 dati
2518 2764 2568 2812 et
2595 2758 2823 2828 accepti,
2859 2771 2967 2809 non
3018 2753 3099 2809 ita
3141 2753 3541 2826 accipiendum
3574 2757 3683 2822 est,

2037 2850 2102 2899 ut
2136 2846 2259 2916 ipse
2291 2844 2508 2916 aliquid
2554 2845 2778 2900 dederit
2809 2844 2905 2915 qui
2941 2843 3186 2916 accepit;
3239 2843 3337 2898 sed
3389 2859 3521 2898 cum
3557 2859 3681 2897 mu-

2039 2952 2150 2989 nus
2176 2936 2367 3005 datur,
2401 2935 2546 2988 ratio
2575 2935 2693 2988 dati
2722 2938 2812 2988 est
2841 2937 2897 2987 et
2928 2931 3163 3003 accepti.
3188 2933 3371 2996 Quam
3403 2931 3558 2986 enim
3593 2948 3684 3002 pe-

2037 3024 2268 3078 cuniam
2302 3022 2518 3078 Paulus
2564 3023 2765 3078 daret?
2792 3023 2899 3077 Sed
2935 3021 3211 3093 quoniam
3262 3020 3406 3075 ratio
3455 3020 3573 3074 dati
3624 3027 3682 3076 et

2035 3113 2250 3183 accepti
2285 3117 2372 3167 cst
2408 3112 2466 3166 in
2517 3111 2787 3183 pecunia,
2821 3110 3084 3180 sequitur
3118 3127 3130 3165 :
3167 3111 3305 3177 Quia
3335 3112 3383 3163 et
3409 3110 3680 3164 Thessalo-

2035 3204 2242 3268 nicam,
2277 3207 2384 3256 etc.
2420 3202 2560 3255 Ecce
2591 3200 2846 3254 ostendit
2889 3214 2950 3252 se
2997 3199 3146 3253 scire
3189 3213 3366 3268 quam
3399 3198 3585 3252 devoti
3620 3198 3677 3253 in

1955 3270 1998 3337 (ἶ
2038 3290 2426 3345 ministrando
2459 3290 2690 3356 fuerint,
2718 3288 2768 3341 id
2797 3290 2885 3340 est
2913 3292 2975 3340 ut
3003 3303 3116 3340 non
3141 3285 3331 3340 solum
3354 3286 3507 3355 apud
3540 3303 3680 3341 suos

2033 3377 2308 3450 Apostolo
2339 3376 2697 3448 prmdicanti,
2731 3375 2830 3430 sed
2877 3374 3048 3445 longe
3087 3373 3275 3444 posito
3311 3372 3676 3428 ministrave-

2034 3465 2169 3520 rint.

2102 3555 2170 3609 Et
2203 3571 2272 3609 ne
2301 3553 2594 3610 videretur
2623 3553 2729 3608 hoc
2775 3553 2900 3607 ideo
2930 3551 3141 3620 dicere,
3176 3554 3242 3605 ut
3272 3549 3531 3622 accipere
3558 3549 3676 3605 vel-

2031 3643 2109 3699 let
2137 3642 2354 3714 aliquid
2391 3643 2462 3698 ab
2493 3641 2629 3711 illis,
2662 3639 2966 3710 subjunxit
2998 3657 3009 3693 :
3045 3641 3326 3710 Nonquia
3355 3655 3544 3712 quaero
3571 3638 3671 3693 da-

2028 3735 2166 3799 tum,
2196 3732 2287 3788 sed
2335 3733 2557 3802 requiro
2601 3735 2863 3800 fructum.
2909 3730 3034 3785 Non
3084 3744 3210 3800 ego,
3243 3729 3453 3800 inquit,
3487 3745 3674 3800 neque

2029 3822 2142 3877 ista
2175 3821 2502 3876 necessaria
2536 3819 2765 3890 requiro
2797 3836 2809 3873 :
2845 3819 2944 3875 sed
2975 3819 3229 3874 fructum
3262 3816 3672 3873 benevolentia

2028 3915 2252 3966 vestra‘.
2287 3911 2496 3964 Datum
2529 3909 2668 3963 dicit
2713 3908 2774 3962 in
2815 3925 2893 3975 re,
2929 3908 3183 3962 fructum
3233 3907 3292 3962 in
3345 3906 3669 3961 devotione.

2030 4000 2192 4055 Unde
2222 4005 2280 4054 et
2322 3999 2519 4053 subdit
2550 4016 2562 4051 :
2602 3998 2786 4052 Habeo
2813 4006 2997 4052 autem
3028 3998 3233 4060 omnia,
3266 3999 3314 4049 et
3345 3995 3580 4059 abundo,
3610 3993 3671 4050 id

2030 4094 2119 4144 est
2147 4089 2274 4143 ideo
2305 4105 2418 4141 non
2451 4086 2682 4156 requiro
2713 4087 2940 4149 datum,
2974 4084 3112 4155 quia
3140 4083 3337 4138 omnia
3367 4083 3572 4137 habeo.
3603 4083 3672 4138 Et

2030 4176 2197 4232 multi
2229 4175 2443 4230 habent
2473 4173 2690 4236 omnia,
2725 4175 2823 4228 sed
2860 4190 2972 4227 non
3007 4172 3327 4226 abundant.

2098 4265 2356 4334 Denique
2388 4262 2781 4334 prosequitur,
2806 4265 2870 4315 ut
2896 4261 3166 4315 ostendat
3195 4258 3614 4312 abundantiam
3649 4275 3664 4314 :

2030 4353 2284 4426 Reptetus
2303 4369 2422 4407 sum
2455 4353 2690 4417 acceptis
2715 4350 2786 4404 ab
2811 4348 3193 4420 Epaphrodito.
3224 4347 3303 4402 Ne
3330 4346 3665 4416 illud,quod

2028 4443 2309 4501 abundat.
2331 4441 2585 4496 alienum
2620 4438 2718 4503 sit,
2743 4439 2883 4492 dicit
2903 4441 2959 4491 et
2982 4437 3241 4508 ipsorum
3266 4451 3415 4500 esse,
3443 4435 3543 4506 qui
3565 4435 3672 4489 mi-

2029 4537 2248 4588 serunt.
2285 4530 2557 4602 Repletus
2589 4545 2743 4593 sum,
2789 4526 2998 4597 inquit,
3043 4541 3175 4580 cum
3222 4524 3412 4595 accepi
3445 4540 3512 4578 ea
3541 4539 3668 4593 quae

266 4611 396 4667 Non
445 4614 602 4667 enim
633 4614 704 4668 ad
739 4619 1038 4686 sumptum
1099 4620 1327 4671 tantum
1385 4618 1492 4673 hoc
1551 4619 1916 4676 referendum
1950 4629 1998 4693 D
2029 4639 2131 4694 per
2151 4619 2610 4693 Epaphroditum
2639 4615 2900 4672 misistis.
2925 4615 3086 4670 Sicut
3107 4630 3283 4684 supra
3306 4611 3450 4667 nihil
3481 4612 3672 4681 requi-

271 4707 386 4766 est,
420 4702 520 4755 sed
551 4702 619 4756 ad
652 4703 872 4770 omnis,
907 4720 1032 4774 quae
1065 4706 1136 4760 ab
1168 4705 1280 4761 alio
1311 4706 1568 4762 exhiberi
1599 4707 1763 4764 alteri
1795 4726 1924 4780 pos-

271 4795 434 4845 sunt.
462 4789 718 4863 Denique
748 4809 862 4847 non
895 4793 966 4847 ad
1002 4795 1279 4864 pecunias
1308 4799 1561 4867 tantum,
1587 4798 1686 4852 sed
1721 4799 1792 4854 ad
1825 4815 1920 4854 ne-

266 4877 527 4934 cessaria
555 4896 802 4951 quisque
832 4882 1028 4952 posuit
1058 4883 1232 4938 etiam
1265 4884 1390 4940 hoc.

339 4967 620 5040 Sequitur
651 4986 664 5024 :
701 4969 820 5025 Scio
865 4971 1187 5038 humiliari,
1215 4975 1327 5028 scio
1355 4983 1406 5029 et
1431 4975 1714 5032 abundare
1743 4995 1762 5031 :
1793 4977 1915 5032 ubi-

267 5074 391 5130 que,
424 5063 534 5113 etc.
571 5057 880 5114 Penuriam
913 5061 1054 5132 pati,
1086 5078 1568 5136 quorumcunque
1608 5064 1916 5121 hominum

267 5151 376 5216 est,
419 5147 522 5202 sed
572 5145 720 5202 scire
767 5149 1073 5219 penuriam
1123 5151 1260 5222 pati,
1316 5169 1684 5225 magnorum.
1719 5154 1814 5209 Sic
1861 5159 1919 5210 et

264 5235 570 5292 abundare
603 5236 855 5308 quisque
903 5242 1119 5307 potest;
1158 5239 1304 5295 scire
1351 5247 1544 5297 autem
1595 5243 1913 5311 abundare,

262 5397 519 5472 dandam
553 5394 747 5452 suasit
775 5395 891 5450 divi
920 5397 1215 5454 Ambrosii
1244 5400 1548 5470 expositio,
1581 5402 1750 5472 cujus
1779 5407 1921 5458 sunt

258 5469 433 5524 verba
469 5469 613 5524 haec.
1317 5469 1331 5470 ί
1650 5469 1666 5472 ‘

331 5542 517 5612 (1201)
550 5539 617 5613 In
653 5539 850 5613 autog.
885 5554 1068 5610 marg.
1103 5538 1195 5594 hic
1227 5540 1441 5612 legitur
1470 5559 1594 5613 cap.
1630 5542 1746 5597 XV.

328 5609 516 5684 (1202)
548 5609 766 5673 Verba,
804 5609 1109 5680 sequitur...
1143 5609 1381 5679 actione,
1433 5614 1488 5668 in
1540 5609 1726 5684 marg.
1778 5610 1915 5667 late-

262 5683 364 5738 rali
401 5683 707 5756 leguntur.

2031 4711 2128 4776 rit,
2153 4709 2264 4764 nisi
2299 4709 2575 4774 fructum,
2602 4707 2676 4759 ita
2709 4711 2765 4760 et
2795 4704 2909 4768 hic,
2936 4721 3066 4758 cum
3101 4701 3383 4772 repletum
3415 4717 3478 4756 se
3507 4700 3669 4768 dicit,

2030 4816 2144 4854 non
2178 4799 2235 4852 in
2269 4797 2360 4853 his
2382 4814 2509 4868 qua:
2534 4795 2717 4850 missa
2737 4798 2875 4849 sunt
2901 4792 3132 4864 gaudet,
3157 4791 3256 4845 sed
3290 4790 3343 4844 in
3371 4790 3672 4845 devotione

2028 4887 2405 4944 mittentium.
2431 4886 2500 4940 Et
2540 4885 2671 4940 odor
2698 4884 2986 4940 suavitatis
3013 4899 3122 4936 non
3157 4880 3214 4934 in
3250 4896 3308 4936 re
3338 4886 3427 4936 est
3457 4878 3671 4944 oblata,

2027 4977 2125 5031 sed
2178 4977 2236 5030 in
2284 4975 2498 5031 mentis
2532 4973 2852 5038 devotione,
2878 4972 3030 5025 sicut
3076 4968 3424 5026 sacriﬁcium
3461 4969 3578 5024 Noe
3611 4968 3670 5023 in

2026 5066 2200 5120 odore
2247 5061 2552 5119 suavitatis
2601 5061 2816 5115 dicitur
2845 5060 2997 5129 (Gen.
3031 5077 3152 5122 vm,
3183 5061 3294 5126 21),
3330 5073 3464 5113 cum
3516 5057 3670 5112 Deus

2026 5171 2140 5209 non
2173 5152 2491 5207 delectetur
2530 5149 2586 5203 in
2639 5166 2807 5204 carne
2838 5155 2895 5203 et
2925 5148 3208 5219 sanguine
3258 5163 3552 5219 pecorum.
3587 5145 3668 5202 De

2027 5259 2093 5298 eo
2125 5241 2277 5310 quod
2308 5257 2421 5293 non
2451 5237 2634 5293 otiose
2664 5237 2784 5291 haec
2809 5235 2965 5301 dicit,
2990 5236 3100 5290 nisi
3133 5240 3234 5290 aut
3256 5235 3665 5306 negligentius,

2124 5398 2281 5462 1203)
2317 5397 2375 5450 In
2407 5398 2598 5464 autog.
2633 5409 2818 5464 marg.
2853 5393 2944 5447 hic
2974 5393 3188 5464 legitur
3211 5408 3338 5464 cap.
3370 5392 3507 5448 XVI.

2124 5468 2281 5537 1204)
2311 5463 2483 5537 Vulg.
2517 5465 2753 5537 ratione,
2772 5463 2840 5518 iet
2869 5464 2952 5537 sic
2982 5463 3141 5537 alibi.

2053 5617 2056 5620 ὶ
2098 5534 2278 5620 (1205)
2311 5536 2494 5590 Verba
2521 5534 2779 5588 didici....
2809 5535 3090 5602 suﬂiciens
3132 5534 3188 5590 in
3220 5534 3444 5591 laterali
3479 5552 3662 5605 marg.

2027 5612 2373 5753 ιϐἑῗῖἓδὲἶὶη
2404 5680 2598 5748 autog.
2633 5690 2816 5747 marg.
2852 5673 2945 5730 hic
2975 5673 3186 5744 legitur
3214 5691 3339 5745 cap.
3373 5675 3537 5734 XVII.
