3978 6210
317 387 436 450 60’1

1333 391 1675 456 ATTONIS
1722 392 2303 455 VERCELLENSIS
2349 391 2700 453 EPISCOPI

3599 390 3722 456 608

321 525 426 577 aut
456 521 654 578 minus
693 522 943 594 copiose,
976 522 1130 578 sicut
1157 522 1400 580 solitum
1444 529 1569 581 erat
1599 526 1670 581 ab
1701 525 1783 582 eis
1815 525 1956 596 ﬁeri,
1988 535 2036 596 Α
2075 542 2109 580 a
2139 523 2487 580 criminibus
2517 522 2758 590 alienos,
2791 537 2908 577 non
2938 539 2974 578 a
3002 521 3256 594 peccatis
3285 521 3492 594 (1209)."
3517 523 3727 594 Sequi-

321 609 540 665 factum
589 611 912 677 videbatur,
946 616 1010 666 ut
1039 612 1479 668 reminiscentes
1529 615 1789 686 priorum
1822 631 1956 686 ope-

321 715 452 754 rum
484 699 699 753 scirent
731 715 791 754 se
815 699 1010 756 minus
1041 699 1242 755 fecisse
1273 717 1450 772 quam
1477 708 1786 773 coeperant.
1812 703 1959 756 Nota

321 787 473 858 quod
500 786 867 858 eleemosyna
910 789 1084 842 hostia
1113 792 1380 856 vocatur;
1412 795 1468 845 et
1498 791 1649 845 sicut
1677 807 1712 844 a
1740 791 1958 846 sanctis

319 873 518 930 oblata
547 875 850 947 accipitur,
888 875 965 930 ita
997 892 1031 930 a
1062 875 1234 932 malis
1277 877 1471 932 oblata
1519 879 1832 950 respuitur.
1869 879 1957 932 Fi-

320 963 443 1019 nita
473 964 804 1019 narratione
836 964 905 1018 de
935 962 1324 1036 eleemosyna,
1353 974 1480 1022 orat
1511 983 1609 1038 pro
1641 966 1776 1022 illis.

387 1054 570 1121 (1207)
604 1052 879 1123 Sequitur
924 1070 936 1107 :
987 1054 1127 1108 Deus
1177 1058 1363 1110 autem
1407 1071 1577 1110 meus.
1606 1059 1752 1110 Nota
1803 1056 1956 1126 quod

307 1139 606 1209 justorum
626 1144 715 1194 est
734 1156 841 1195 vox
862 1140 994 1210 ista,
1009 1157 1259 1212 quorum
1281 1141 1431 1197 Deus
1455 1147 1542 1199 est
1565 1161 1664 1215 per
1682 1144 1953 1214 gratiam.

319 1227 655 1282 Desiderium
683 1232 923 1283 vestrum
944 1229 1104 1298 dicit,
1122 1247 1373 1300 quorum
1397 1237 1633 1286 noverat
1654 1232 1804 1287 bona
1833 1248 1960 1287 esse

315 1317 509 1371 corda.
533 1317 844 1373 Secundum
871 1318 1095 1374 divitias
1123 1335 1260 1374 sua;
1284 1319 1440 1390 dicit,
1467 1338 1578 1376 non
1608 1322 1832 1376 mundi.
1859 1321 1958 1376 Dei

317 1404 529 1459 divitiae
556 1406 850 1477 spiritales
881 1411 1036 1461 sunt.
1064 1409 1132 1462 Et
1160 1410 1220 1462 in
1249 1410 1453 1478 gloria,
1476 1413 1532 1463 et
1561 1409 1620 1464 in
1645 1409 1876 1476 Christo,
1900 1409 1957 1463 in

319 1509 434 1564 quo
467 1499 604 1549 sunt
633 1511 839 1551 omnes
870 1495 1130 1552 thesauri
1161 1497 1480 1568 sapientiae,
1508 1503 1564 1552 et
1595 1499 1850 1554 scientiae
1878 1514 1961 1554 re-

317 1581 557 1638 conditi.
592 1583 738 1638 Nota
769 1585 924 1655 quod
957 1585 1077 1640 hinc
1109 1586 1429 1642 benedictio
1462 1604 1573 1642 non
1607 1592 1695 1642 est
1725 1586 1962 1641 inferior

319 1669 827 1727 benedictionibus
857 1672 1344 1742 patriarcharum.

391 1759 666 1831 Sequitur
699 1776 712 1814 :
745 1761 852 1816 Deo
908 1768 1111 1826 autem,
1159 1765 1213 1816 et
1269 1763 1444 1831 Patri,
1477 1766 1584 1817 etc.
1636 1767 1748 1819 Deo
1807 1763 1958 1818 Patri

319 1845 527 1918 gloria,
551 1847 689 1903 etin
712 1848 940 1905 Christo
967 1851 1101 1905 lesu
1129 1850 1209 1906 sit
1239 1849 1326 1904 illi
1355 1849 1537 1920 gloria
1569 1855 1801 1916 aeterna,
1831 1868 1958 1923 quae

317 1934 506 2006 gloria
535 1936 820 1992 ambabus
863 1938 1129 2008 personis
1159 1955 1278 1994 una
1305 1954 1439 1994 cum
1470 1939 1690 2010 Spiritu
1737 1944 1957 2008 sancto,

316 2023 417 2094 qui
449 2028 537 2079 est
567 2041 720 2080 unus
746 2025 919 2096 Deus,
947 2027 1210 2082 debetur.
1234 2026 1313 2083 De
1343 2043 1408 2082 eo
1439 2028 1616 2099 quod,
1644 2028 1809 2084 ﬁnita
1837 2029 1960 2101 epi-

314 2111 465 2167 stola
495 2112 552 2166 in
586 2111 777 2184 laude,
811 2114 1021 2170 transit
1048 2116 1120 2170 ad
1155 2114 1584 2171 salutationem.

386 2201 568 2271 (1208)
599 2203 874 2274 Sequitur
907 2219 919 2258 :
954 2204 1200 2260 Salutate
1227 2220 1446 2260 omnem
1474 2213 1742 2260 sanctum.
1768 2205 1958 2262 Terri-

317 2287 451 2360 bile,
483 2291 635 2360 quod
671 2308 786 2346 non
819 2292 934 2348 nisi
973 2297 1210 2348 sanctos
1260 2292 1492 2348 salutat.
1526 2294 1770 2350 Sanctos
1801 2301 1962 2350 vocat

414 2449 570 2523 1207)
595 2449 663 2523 _In
697 2454 892 2521 autog.
927 2467 1108 2522 marg.
1143 2451 1240 2523 hic
1268 2450 1481 2523 legitur
1511 2469 1635 2523 cap.
1666 2451 1861 2523 XVIII.

412 2520 568 2594 1200)
595 2520 657 2594 In
689 2520 887 2594 autog.
921 2520 1105 2594 marg.
1141 2521 1236 2577 hic
1266 2520 1480 2594 legitur
1509 2520 1632 2594 cap.
1667 2522 1804 2577 XIX.

387 2591 572 2661 (1209)
621 2593 700 2646 En
753 2591 1140 2649 differentiam
1192 2591 1351 2649 inter
1389 2591 1609 2650 crimen
1657 2599 1716 2649 et
1758 2609 1957 2665 pecca-

1991 1901 2038 1966 B

2067 618 2209 669 tur:
2243 613 2501 668 Salutant
2546 629 2636 668 vos
2680 628 2864 668 omne:
2909 614 3134 682 fratres,
3166 613 3265 682 qui
3308 627 3521 668 mecum
3569 621 3723 684 sunt,

2067 718 2261 769 carne,
2293 702 2595 757 vobiscum
2641 705 2856 756 mente.
2879 699 3146 756 Salutant
3173 715 3274 755 vos
3323 699 3501 756 etiam
3533 701 3724 758 sancti

2067 789 2472 846 eminentioris
2502 789 2716 860 meriti,
2748 789 2849 843 sed
2901 789 3142 843 maxime
3164 789 3261 860 qui
3306 789 3370 844 de
3415 788 3571 844 domo
3601 788 3722 846 Cae-

2065 882 2208 935 saris
2235 882 2381 934 sunt.
2407 881 2591 945 Quare
2622 878 2766 933 istos
2799 877 3129 950 specialiter
3153 877 3356 932 notat?
3385 876 3534 941 Quia
3563 877 3721 933 vole-

2069 969 2167 1024 bat
2196 967 2326 1023 illos
2375 968 2680 1023 ostendere
2709 967 3065 1032 devotiores;
3101 970 3158 1022 et
3189 971 3254 1021 ut
3298 965 3383 1020 illi
3414 967 3723 1023 audientes

2068 1061 2337 1127 potentes
2371 1054 2706 1118 credidisse,
2740 1053 2986 1109 laetiores
3018 1055 3244 1120 tierent,
3271 1070 3338 1110 ac
3370 1054 3420 1109 si
3451 1053 3673 1110 diceret
3707 1072 3721 1110 :

2068 1144 2255 1200 Nolite
2287 1144 2490 1200 timere
2527 1143 2903 1216 Evangelium
2947 1143 3282 1214 pradicare,
3315 1141 3372 1196 in
3406 1158 3521 1214 quo
3555 1147 3726 1200 tanta

2065 1234 2154 1289 vis
2194 1238 2304 1304 est,
2338 1238 2402 1288 ut
2450 1232 2506 1287 bi
2553 1231 2750 1301 etiam,
2785 1231 2882 1302 qui
2934 1231 3238 1303 superbire
3290 1235 3583 1303 poterant,
3612 1232 3722 1288 de-

2068 1322 2258 1394 posita
2287 1319 2492 1376 mundi
2532 1319 2800 1391 elatione,
2834 1318 3056 1374 humile
3087 1318 3302 1376 Christi
3333 1319 3548 1392 jugum
3582 1337 3722 1376 sus-

2069 1411 2348 1482 ceperint.
3350 1447 3360 1455 .

2141 1498 2337 1553 Gratia
2383 1498 2604 1552 Domini
2646 1497 2826 1551 nostri
2871 1499 3003 1550 Jesu
3047 1495 3277 1561 Christi,
3309 1499 3416 1550 etc.
3451 1495 3598 1561 Quia
3628 1496 3721 1551 di-

2067 1602 2242 1641 versas
2274 1586 2624 1656 quaestiones
2673 1588 2840 1639 erant
2867 1585 2938 1639 de
2969 1583 3217 1654 Christo,
3251 1585 3324 1638 ad
3365 1586 3719 1641 confirman-

2068 1674 2202 1730 dam
2235 1673 2586 1729 soliditatem
2615 1671 2830 1728 Christi
2863 1671 3205 1739 divinitatis,
3240 1689 3596 1746 magnopere
3623 1691 3729 1746 po-

2067 1763 2179 1818 scit
2208 1762 2453 1834 gratiam
2486 1762 2612 1831 ejus
2642 1776 2770 1816 esse
2810 1778 2944 1817 cum
2988 1761 3252 1832 ipsorum
3280 1762 3507 1833 spiritu.
3546 1764 3622 1818 De
3650 1779 3720 1820 eo

2069 1851 2222 1922 quod
2252 1850 2440 1922 gratia
2459 1854 2569 1918 est,
2595 1867 2712 1921 qua
2743 1848 3078 1906 relaxantur
3106 1854 3344 1921 peccata
3371 1866 3549 1922 quam
3580 1867 3720 1908 cum

2070 1939 2280 2011 spiritu
2306 1955 2509 1994 eorum
2540 1955 2668 1994 esse
2690 1942 2870 2010 Optat,
2895 1939 3036 2010 quia
3066 1938 3319 1994 nobilior
3339 1944 3427 1996 est
3456 1939 3717 2009 interior,

2069 2045 2244 2099 quam
2277 2027 2524 2083 exterior
2559 2026 2753 2083 homo.

2139 2118 2310 2172 Amen
2358 2117 2667 2171 conﬁrmat
2713 2115 2914 2170 omnia
2960 2132 3088 2188 quas
3145 2115 3414 2186 superius
3459 2116 3714 2186 dixerat;

2069 2205 2208 2276 quia
2240 2220 2407 2260 amen
2445 2203 2657 2259 dicitur
2697 2219 2887 2260 verum
2915 2221 2934 2257 :
2964 2203 3130 2259 valde
3159 2203 3317 2259 enim
3350 2203 3596 2276 impium
3627 2209 3721 2262 est

2070 2293 2140 2348 de
2170 2292 2318 2348 tanti
2350 2291 2612 2348 Doctoris
2638 2291 2809 2347 dictis
2841 2291 2900 2346 in
2932 2290 3125 2363 aliquo
3156 2291 3445 2348 dubitare.

2069 2455 2216 2524 tum,
2276 2450 2394 2506 sive
2453 2450 2672 2524 peccati
2728 2450 3282 2524 concupiscentiam,
3337 2467 3516 2523 quam
3579 2451 3720 2508 alibi

2069 2523 2244 2578 etiam
2278 2523 2597 2577 constituit.

617 2931 1087 3026 INCIPIT
1158 2933 1980 3030 CAPITULATIO
2050 2934 2216 3027 AD
2290 2932 3173 3028 COLOSSENSES
3222 2933 3416 3024 “2"”.

383 3297 434 3351 1.
469 3297 614 3362 Quia
654 3301 782 3353 orat
829 3314 932 3370 pro
977 3297 1082 3369 eis,
1117 3297 1455 3354 collaudans
1505 3298 1680 3355 ﬁdem
1728 3314 1950 3367 eorum,
1984 3301 2027 3367 C
2136 3299 2189 3352 4.
2219 3297 2279 3353 Si
2311 3295 2526 3353 mortui
2552 3295 2695 3352 estis
2725 3295 2798 3351 ab
2827 3293 3154 3362 elementis,
3189 3295 3331 3368 quid
3361 3294 3557 3350 adhuc
3583 3300 3721 3351 tan-

311 3384 520 3458 dignos
549 3402 648 3442 eos
687 3387 871 3442 factos
915 3387 974 3442 in
1025 3392 1251 3458 partem
1300 3387 1477 3443 sortis
1527 3392 1861 3443 sanctorum
1895 3387 1953 3443 in

310 3473 560 3542 Christo,
608 3475 667 3530 in
715 3492 830 3546 quo
883 3475 1116 3531 condita
1163 3480 1302 3531 sunt
1349 3474 1570 3545 omnia,
1621 3476 1740 3532 sive
1789 3476 1955 3532 thro-

311 3562 392 3628 ni,
424 3566 533 3619 etc.

378 3652 433 3705 2.
467 3650 635 3718 Quia,
673 3667 808 3706 cum
865 3656 1064 3707 essent
1118 3651 1362 3724 inimici,
1408 3652 1760 3708 reconciliati
1818 3657 1958 3708 sunt

310 3739 426 3795 Deo
456 3738 516 3792 in
551 3738 964 3807 ministerium,
1001 3741 1154 3811 quod
1188 3740 1598 3797 absconditum
1630 3740 1737 3796 fuit
1774 3758 1807 3796 a
1849 3758 1954 3797 sls-

310 3826 479 3895 culis,
515 3830 571 3881 et
620 3827 894 3883 docentes
942 3844 1176 3884 omnem
1225 3828 1558 3892 hominem;
1609 3834 1666 3885 et
1712 3829 1851 3900 quia
1896 3829 1955 3884 in

310 3915 542 3971 Christo
574 3916 901 3972 absconditi
935 3921 1074 3972 sunt
1103 3933 1306 3973 omnes
1332 3917 1612 3974 thesauri.

380 4004 434 4058 3.
469 4003 542 4059 Ut
574 4021 688 4060 non
721 4005 1087 4077 decipiantur
1117 4023 1220 4078 pro
1250 4006 1638 4079 philosophia,
1662 4005 1763 4078 qui
1793 4005 1954 4062 Chri-

310 4097 402 4149 sto
429 4092 755 4166 consepulti
789 4099 928 4149 sunt
974 4095 1031 4149 in
1077 4095 1387 4167 baptismo.
1424 4096 1632 4152 Dolens
1661 4096 1815 4168 quod
1848 4097 1956 4151 ad-

306 4198 540 4238 versum
573 4200 679 4238 nos
719 4187 860 4248 erat,
897 4182 1374 4258 chirographum.
1408 4187 1478 4241 Et
1522 4202 1692 4241 nemo
1732 4185 1958 4256 judicet

307 4271 366 4327 in
397 4271 549 4342 cibo,
583 4277 685 4328 aut
713 4272 773 4327 in
806 4277 964 4343 potu.
998 4278 1065 4330 Et
1113 4290 1184 4330 ne
1215 4276 1592 4342 seducantur,
1623 4275 1682 4329 in
1716 4272 1954 4332 humili-

306 4362 423 4415 tate
451 4360 812 4433 angelorum.

2065 3403 2242 3458 quam
2271 3385 2532 3442 viventes
2577 3383 2938 3440 decernitis?
2988 3384 3076 3451 Et,
3110 3400 3238 3456 quas
3287 3400 3529 3440 sursum
3581 3388 3721 3442 sunt

2065 3474 2272 3547 sapite.
2306 3478 2396 3544 Et,
2430 3472 2838 3530 mortiﬁcanda
2877 3473 3168 3541 membra,
3199 3488 3327 3544 qua;
3371 3477 3516 3528 sunt
3541 3489 3722 3544 super

2063 3567 2301 3619 terram.
2324 3563 2413 3630 Et,
2437 3561 2804 3617 induendum
2836 3577 3053 3616 novum
3085 3560 3384 3617 hominem
3415 3577 3429 3615 :
3463 3561 3568 3616 ubi
3599 3577 3718 3618 non

2065 3655 2153 3708 est
2181 3650 2418 3724 gentilis
2447 3655 2504 3705 et
2529 3650 2789 3706 Judaus.

2133 3742 2187 3794 5.
2221 3740 2293 3796 Ut
2331 3740 2380 3796 si
2429 3739 2562 3812 quis
2611 3738 2789 3794 habet
2833 3737 3055 3810 aliquid
3103 3737 3384 3794 adversus
3430 3737 3714 3811 aliquem,

2065 3828 2340 3885 dimittat.
2374 3829 2464 3898 Et,
2495 3827 2554 3883 in
2603 3826 2872 3898 psalmis,
2901 3831 2959 3882 et
3006 3825 3243 3899 hymnis
3287 3827 3495 3898 (1211).
3530 3828 3620 3896 Et,
3655 3827 3715 3882 in

2065 3919 2302 3974 nomine
2333 3917 2560 3972 Domini
2592 3915 2794 3972 omnia
2822 3915 3104 3973 facienda.
3143 3916 3235 3983 Et,
3268 3914 3544 3971 mulieres
3574 3916 3714 3971 sub-

2065 4007 2196 4062 dita:
2228 4007 2348 4061 sint
2373 4005 2535 4073 viris,
2571 4010 2628 4060 et
2654 4005 2764 4061 viri
2795 4021 3006 4060 uxores
3037 4003 3306 4076 diligant,
3339 4003 3444 4058 ﬁlii
3474 4009 3534 4060 et
3560 4004 3713 4060 servi

2065 4095 2358 4151 obediant.

2133 4185 2187 4238 6.
2219 4181 2477 4238 Orationi
2531 4182 2876 4238 instandum
2928 4197 3032 4253 pro
3061 4195 3122 4236 se
3153 4196 3167 4235 :
3200 4183 3258 4236 et
3308 4179 3368 4235 in
3427 4180 3716 4252 sapientia

2065 4269 2486 4327 ambulandum
2518 4271 2590 4326 ad
2621 4287 2740 4340 eos,
2772 4270 2873 4341 qui
2904 4268 3045 4324 foris
3077 4272 3236 4337 sunt,
3261 4273 3339 4337 et,
3363 4284 3562 4325 sermo
3594 4269 3716 4327 sale

2065 4359 2142 4414 sit
2172 4359 2466 4415 conditus.
2496 4361 2584 4430 Et,
2615 4359 2687 4414 de
2717 4357 2831 4427 his,
2857 4374 3006 4430 quos
3035 4356 3274 4412 salutat.

516 4556 720 4638 (1212)
751 4558 955 4630 QUOS
1002 4558 1482 4622 SANCTORUM
1529 4556 2589 4708 COhlhéEgO%%Ig§E%l;%SSTOLUS
2634 4554 2947 4616 PAULUS
2991 4554 3070 4614 IN
3114 4551 3497 4614 EPISTULA

378 4833 730 4907 Epaphram,
754 4850 1048 4906 quemque
1077 4829 1308 4886 ﬁdelem
1339 4826 1675 4883 ministrum
1706 4843 1775 4885 ex
1803 4828 1946 4901 ipsis

306 4937 454 4992 esse,
506 4928 563 4979 et
607 4923 949 4997 Tychicum,
1000 4934 1174 4993 quem
1232 4915 1648 4972 cbarissimum
1709 4918 1946 4976 fratrem

306 5017 495 5069 vocat.

295 5163 300 5166 _
378 5101 721 5158 Onesimum
747 5101 982 5155 fratrem
1003 5091 1418 5150 cbarissimum
1435 5097 1492 5150 et
1513 5093 1946 5170 ﬁdelem,quem

306 5208 375 5248 ex
404 5192 551 5265 ipsis
582 5190 764 5247 fuisse
792 5185 948 5241 dicit.
981 5182 1407 5251 Aristarchum,
1441 5200 1614 5255 quem
1652 5187 1945 5259 concepti-

305 5297 444 5336 vum
475 5283 661 5335 vocat.

376 5370 639 5426 Marcum
666 5360 1083 5420 consobrinum
1121 5361 1418 5429 Barnabas,
1450 5363 1522 5419 de
1551 5378 1666 5435 quo
1708 5379 1948 5436 accepe-

377 5507 561 5581 (1210)
589 5505 825 5581 Titulus
864 5503 959 5559 hic
1007 5501 1236 5581 litteris,
1277 5503 1547 5581 ut_aiunt_
1595 5502 1944 5581 capitalibus

305 5573 556 5654 partim,‘
578 5578 870 5654 partimin
895 5573 1418 5654 ventre_conten_tis
1434 5573 1687 5654 scriptus
1713 5573 1943 5644 legitur.

377 5644 754 5720 (1211)'Quod
793 5648 976 5706 anz’s
1002 5644 1281 5720 scriptum
1311 5647 1542 5719 legitur.

2059 4829 2176 4886 rint
2206 4827 2500 4884 mandata.
2533 4827 2602 4881 Et
2641 4825 2866 4895 Jesum,
2902 4825 3003 4898 qui
3035 4825 3254 4882 dicitur
3283 4826 3504 4898 justus.
3540 4828 3613 4883 Hi
3645 4844 3713 4884 ex

2056 4917 2499 4975 circumcisione
2529 4915 2844 4987 adjutores.

2128 5008 2344 5062 Lucam
2375 5005 2669 5061 medicum
2717 5002 3153 5060 cbarissimum.
3181 5001 3254 5058 Et
3283 5002 3504 5059 Deman
3533 5003 3711 5077 Nym-

2057 5096 2328 5168 pham,et
2347 5111 2492 5166 quas
2522 5093 2584 5150 in
2616 5093 2788 5150 domo
2819 5094 2949 5165 ejus
2977 5091 3286 5150 Ecclesias.
3318 5090 3709 5165 Archippum,

2057 5200 2232 5256 quem
2254 5187 2585 5240 commonet
2611 5186 2678 5239 ut
2694 5183 2887 5240 videat
2915 5179 3338 5250 ministerium,
3360 5181 3519 5253 quod
3546 5197 3711 5239 acce-

2055 5272 2161 5345 pit.

2125 5501 2554 5625 (1212).0mpes
2591 5499 2770 5582 tituli,
2802 5499 2902 5572 qui
2953 5501 3284 5582 sequuntur
3334 5499 3518 5573 hujus
3567 5502 3702 5576 Epi-

2125 5571 2237 5625 318.
2318 5575 2524 5625 literis.
2572 5577 2638 5625 ut
2685 5577 2867 5625 alunt.
2915 5569 3245 5625 uncialibus
3285 5545 3591 5625 ’habentur
3636 5574 3695 5625 in

2053 5545 2554 5699 stlitiéfiit't'éii'sv,"
2572 5545 2902 5642 ιὶἴῖίῗιιῆῖ
2915 5545 3272 5627 υὶὶῖεἷιῖιῖιίἷ
3285 5545 3696 5630 ἰιῖἑῦἒῖιῖυῗῆὶί

2053 5660 2127 5699 au
2155 5659 2247 5716 og.
