3978 6210
324 339 453 399 609

871 336 1285 399 EXPOSITIO
1330 339 1405 397 IN
1452 340 1876 399 El’lSTOLAS
1924 340 2178 401 PAULI.
2225 375 2295 384 -—
2341 343 2415 401 ΙΝ
2469 341 2713 402 EPIST.
2758 342 2860 400 AD
2906 342 3216 403 COLOSS.

3630 341 3753 401 610

1400 474 1951 534 ARGITMENTUM
2001 476 2103 533 AD
2150 476 2710 534 CULOSSENSES.

414 576 794 632 Colossenses
825 581 983 643 sunt,
1006 580 1062 630 et
1086 576 1325 647 hi,sicut
1349 578 1994 644 Laodicenses,Asiani.
2027 579 2083 645 Α
2113 579 2423 650 Archippo,
2460 579 2559 650 qui
2590 586 2645 633 et
2678 580 3069 634 ministerium
3103 582 3161 633 in
3203 596 3299 633 eos
3332 580 3571 650 accepit.
3607 584 3750 651 Ergo

322 670 401 720 Et
433 665 545 735 ipsi
606 664 885 735 praeventi
937 664 1120 735 (1213)
1177 669 1343 719 erant
1383 682 1415 719 a
1474 665 1996 738 pseudoapostolis.

325 755 451 811 Nec
476 755 551 809 ad
575 770 674 808 eos
699 753 948 808 accessit
973 752 1095 824 ipse
1120 754 1463 823 Apostolus;
1490 755 1587 809 sed
1617 754 1723 809 bos
1748 772 1847 826 per
1870 754 1997 826 Epi-

320 844 550 899 stolam
612 840 941 912 recorrigit.
1018 840 1338 895 Audierant
1409 842 1563 897 enim
1623 844 1862 897 verbum
1924 844 1995 897 ab

407 984 601 1050 (1213)
634 987 694 1037 In
728 983 858 1038 cod.
889 983 1193 1053 praebendi.

410 1056 601 1122 (1214)
626 1055 773 1109 Loco
802 1055 1005 1125 Epheso
1034 1053 1344 1125 legendum
1370 1055 1612 1111 fortasse
1631 1056 1702 1110 ab
1726 1056 1996 1111 Onesimo.

328 1126 570 1206 scilicet
601 1142 700 1206 per
728 1142 924 1206 quem,
954 1130 1009 1178 et
1038 1126 1350 1206 'I‘ychicum
1378 1126 1565 1206 Amissa
1597 1132 1685 1181 est
1719 1127 1995 1206 Epistola.

329 1197 473 1260 Vel,
509 1197 659 1267 quod
690 1197 917 1267 veritati
945 1197 1131 1267 magis
1154 1202 1609 1251 consentaneum
1648 1197 1886 1263 est,loco
1909 1200 1997 1262 ab,

343 1266 669 1340 legendum
692 1271 777 1340 et:
802 1273 869 1340 ut
888 1266 1119 1340 legatur
1147 1285 1158 1322 :
1192 1269 1383 1322 scribit
1409 1270 1504 1340 eis,
1526 1277 1575 1323 et
1598 1270 1809 1340 Epheso
1832 1287 1849 1322 :
1872 1270 1998 1323 duae

342 1336 516 1411 enim
550 1338 634 1411 his
662 1336 1225 1411 Epistolaifalterave
1258 1340 1328 1393 ad
1366 1336 1763 1411 Philippenses
1794 1344 1996 1405 Roma,

338 1416 403 1464 et
438 1410 497 1463 in
544 1409 787 1464 vinculis
817 1410 1072 1480 scriptae,
1119 1415 1179 1465 et
1211 1410 1400 1465 missas
1442 1409 1790 1467 censentur:
1828 1412 1999 1466 sicuti

2109 667 2425 739 Apostolus
2449 669 2573 739 jam
2610 667 2823 738 ligatus
2848 667 3050 721 scribit
3079 667 3160 721 eis
3192 668 3261 721 ab
3291 668 3514 739 Epheso
3546 670 3747 739 (1214).

2202 776 2443 845 Erplirit
2473 776 2541 829 ad
2576 774 2908 845 Colossenses
2938 775 3141 843 scripta
3171 773 3237 826 de
3270 774 3452 827 Roma.
3488 774 3649 828 Habet

2626 862 2808 899 versus
2842 844 2897 899 C.
2944 846 3000 898 C.
3050 846 3229 898 VIII.

2110 986 2180 1039 de
2210 984 2318 1038 hac
2351 986 2715 1054 peculiariter
2738 985 2951 1055 legitur
2974 1002 3156 1056 pauca
3183 991 3311 1057 post
3333 988 3507 1041 verba
3532 987 3589 1041 in
3622 988 3747 1042 cod.

2111 1061 2310 1110 nostro
2340 1057 2453 1111 ibi:
2485 1060 2689 1126 scripta
2719 1058 2789 1112 de
2812 1059 2997 1112 Roma.
3032 1058 3191 1120 Quod
3222 1057 3381 1112 nullo
3414 1060 3584 1112 modo
3616 1076 3749 1113 cum

2109 1127 2203 1199 his
2236 1128 2445 1199 verbis,
2477 1130 2544 1181 ab
2576 1128 2777 1197 Epheso
2802 1127 3095 1182 conciliari
3132 1134 3344 1199 posset.
3382 1129 3439 1182 ld
3473 1146 3603 1183 vero
3634 1130 3750 1185 cla-

2112 1198 2232 1251 rius
2264 1198 2600 1251 elucebitex
2635 1200 2724 1253 his
2749 1216 2873 1268 qua:
2910 1200 3079 1269 paulo
3106 1198 3346 1254 inferius
3380 1199 3747 1255 habenturin

2109 1286 2175 1323 ea
2206 1270 2379 1323 verba
2412 1269 2694 1339 Epistolas,
2741 1270 2823 1323 his
2854 1273 2948 1339 qui
2994 1273 3118 1323 sunt
3152 1272 3377 1325 Colossis
3408 1314 3423 1339 ,
3458 1270 3556 1325 ubi
3588 1288 3749 1325 men-

2110 1340 2248 1421 dose
2272 1340 2329 1393 in
2355 1342 2716 1421 argumentis
2738 1340 3129 1411 Epistolarum
3154 1343 3434 1413 scriptum
3460 1344 3526 1397 ab
3549 1343 3752 1414 Epheso

2111 1411 2433 1465 adinveniri
2459 1412 2757 1466 asseritur.

887 1702 1347 1795 INCIPIT
1409 1703 2019 1799 EPISTOLA
2088 1706 2251 1799 AD
2326 1704 3236 1799 COLOSSENSES.

919 2012 1438 2068 ARGUMENTUM.

414 2103 794 2160 Colossenses
827 2101 1301 2173 pseudoapostoli
1355 2106 1610 2157 evertere
1641 2102 2001 2169 nitebantur,

342 2198 412 2249 ut
444 2195 580 2264 post
610 2190 1078 2263 praedicationem
1110 2191 1388 2262 Epaphrze
1420 2190 1537 2245 sive
1566 2190 2001 2263 Archippi,pbi-

343 2280 673 2351 Iosophicis
701 2279 1200 2350 disputationibus
1232 2280 1524 2335 irretireut
1560 2279 2001 2351 simplicitatem

353 2368 576 2423 mentis
606 2384 824 2423 eorum.
883 2370 1168 2423 Admonet
1216 2366 1529 2438 Apostolus
1580 2383 1650 2421 ne
1683 2376 1917 2439 sperent
1943 2367 2001 2422 in

354 2455 688 2510 rationibus
719 2456 1159 2521 elementorum,
1203 2456 1419 2526 quibus
1448 2455 1614 2526 quasi
1646 2458 2005 2527 gubernatur

352 2544 476 2598 vita
504 2543 774 2598 humana.
810 2543 1030 2599 Idcirco
1062 2543 1169 2599 hoc
1210 2543 1521 2614 Apostolus
1552 2561 1654 2615 per
1682 2543 1999 2614 Epistolam

352 2632 630 2687 hortatur
660 2637 715 2687 et
767 2633 1062 2697 admouet,
1098 2648 1167 2686 ne
1225 2632 1439 2686 alicubi
1472 2636 1675 2703 praeter
1703 2632 2001 2687 Christum

349 2720 614 2791 aliquam
649 2737 811 2791 spem
832 2736 960 2776 esse
984 2725 1344 2792 putarent,et
1364 2721 1773 2792 deciperentur
1794 2722 2000 2792 (1215).

424 2856 586 2926 (CAP.
620 2854 688 2925 1.)
724 2855 933 2909 Paulus
966 2857 1241 2925 apostolus
1292 2856 1496 2909 Christi
1523 2856 1647 2910 Iesu
1676 2872 1776 2927 per
1807 2856 2001 2910 volun-

351 2950 518 3000 tatem
574 2945 674 2999 Dei
726 2948 775 2998 et
834 2944 1145 3000 Timotheus
1203 2943 1405 3016 frater.
1441 2945 1502 2997 In
1556 2943 1684 2999 aliis
1736 2944 2002 3015 Epistolis

354 3033 675 3089 Sosthenes
706 3037 763 3086 et
800 3030 1108 3103 Sylvanus,
1132 3031 1424 3087 interdum
1449 3036 1505 3086 et
1527 3031 1891 3099 Timotheus,
1918 3048 2004 3087 as-

358 3121 637 3177 sumitur.
676 3121 737 3174 ln
772 3124 1021 3191 quatuor
1064 3124 1290 3175 tantum
1353 3119 1718 3185 Timotheus,
1751 3120 1889 3191 quia
1916 3120 2003 3175 vel

358 3211 566 3265 eodem
610 3213 891 3280 tempore,
943 3208 1031 3263 vel
1090 3213 1371 3280 praesente
1430 3208 1732 3263 Timotheo
1787 3214 2003 3263 caetera

357 3314 596 3372 quoque
619 3297 846 3352 dictatas
880 3298 1204 3361 sunt.Quod
1236 3297 1455 3368 duplici
1478 3314 1545 3351 ex
1574 3314 1752 3352 causa
1783 3297 2002 3351 factum

356 3388 620 3459 ponitur,
654 3391 719 3441 ut
744 3391 801 3440 et
826 3385 1082 3457 Epistola
1112 3387 1391 3457 majorem
1425 3385 1664 3440 haberet
1695 3387 2007 3440 auctorita-
2039 3379 2080 3444 C

356 3482 501 3541 tem,
534 3492 663 3545 quae
716 3491 829 3529 non
893 3475 964 3528 ab
1014 3491 1128 3528 uno
1188 3474 1574 3540 scribebatur,
1608 3478 1663 3528 et
1689 3473 1827 3544 quia
1854 3473 2015 3528 nulla

359 3564 658 3619 8310018.th
690 3566 813 3617 erat
840 3562 899 3615 in
935 3562 1274 3633 Apostolo,si
1303 3562 1441 3633 quid
1478 3562 1619 3616 forte
1642 3561 1738 3615 illo
1762 3562 2014 3616 dictante

360 3652 493 3707 aliis
524 3651 781 3723 Spiritus
813 3658 1050 3704 sanctus
1076 3649 1485 3721 suggessisset,
1512 3650 1734 3719 absque
1764 3649 1881 3703 ulla
1912 3649 2012 3703 tri-

360 3740 525 3795 stitia
557 3740 811 3794 addebat
837 3737 1053 3793 Paulus
1080 3738 1136 3791 in
1171 3738 1404 3801 litteris,
1439 3754 1584 3808 quas
1620 3738 1897 3802 dictabat,
1933 3754 2017 3793 se-

359 3831 624 3885 cundum
659 3828 740 3892 id,
774 3828 928 3898 quod
952 3827 1076 3898 ipse
1098 3826 1415 3880 Corinthiis
1440 3826 1804 3897 przecepit,ut
1835 3827 1882 3881 si
1906 3826 2016 3881 alio

365 3918 751 3990 prophetante
784 3914 881 3969 alii
934 3915 1107 3969 fuerit
1163 3914 1479 3969 revelatum
1520 3915 1563 3973 (1
1608 3914 1727 3969 Cor.
1756 3932 1870 3981 xxv,
1904 3916 2014 3986 30),

362 4010 554 4061 taceat
586 4004 685 4058 ille
718 4004 817 4076 qui
850 4003 1013 4074 prius
1036 4003 1535 4074 prophetabat.lta
1566 4004 1763 4075 etipse
1786 4020 2018 4074 quoque

369 4098 726 4165 praeceptum
759 4108 930 4147 suum
957 4107 1128 4162 opere
1160 4090 1520 4161 complebat:
1546 4096 1601 4146 et
1628 4096 1862 4163 propter
1882 4109 2020 4163 pau-

366 4200 453 4253 ca,
490 4199 619 4253 quae
652 4180 747 4235 alii
775 4180 1137 4249 addiderant,
1164 4184 1539 4251 suggerentes
1565 4186 1629 4235 ut
1649 4181 1865 4245 sua,ita
1885 4180 2021 4236 alte-

368 4272 494 4326 rius
526 4286 762 4342 quoque
793 4268 967 4323 verba
1002 4268 1433 4340 praescribebat.

440 4406 554 4471 His,
588 4404 687 4474 qui
714 4408 842 4456 sunt
891 4400 1137 4456 Colossis.
1173 4398 1567 4466 Colossenses,
1617 4401 1769 4456 sicut
1797 4406 1852 4456 et
1886 4402 2020 4458 Lao-

367 4494 661 4556 dicenses,
685 4495 825 4545 sunt
844 4488 1385 4544 Asiani.Audierant
1406 4488 1562 4543 enim
1580 4491 1820 4545 verbum
1844 4491 2023 4545 Evan-

368 4580 507 4653 gelii
541 4580 614 4633 ab
646 4578 959 4649 Archippo,
994 4578 1090 4649 qui
1126 4582 1181 4633 et
1221 4577 1612 4632 ministerium
1647 4578 1704 4632 in
1754 4577 1837 4632 eis
1863 4594 2021 4634 acce-

371 4669 483 4739 pit.
512 4667 625 4722 Nec
657 4668 725 4721 ad
759 4667 869 4721 hos
901 4670 1222 4721 accesserat
1255 4666 1379 4736 ipse
1404 4665 1724 4737 apostolus,
1750 4666 1846 4720 sed
1882 4667 2022 4721 scri-

2028 2018 2074 2081 B
2108 2032 2254 2070 cere.
2292 2017 2359 2069 Et
2389 2016 2443 2069 in
2478 2015 2684 2085 primis
2709 2015 2879 2068 ﬁdem
2904 2031 3102 2069 eorum
3130 2031 3402 2086 magnam
3433 2017 3667 2072 audisse
3692 2035 3753 2073 se

2113 2104 2330 2159 laudat.
2364 2103 2578 2158 Deinde
2602 2104 2875 2157 admonet
2896 2119 2994 2158 eos
3013 2120 3081 2156 ne
3104 2103 3645 2175 perpbilosophiam
3664 2107 3750 2161 vel

2112 2192 2257 2262 legis
2288 2191 2664 2246 caeremonias
2698 2193 2793 2247 sed
2806 2198 3074 2247 ucantur.

2181 2283 2395 2335 Sanctis
2424 2286 2475 2335 et
2503 2280 2755 2349 ﬁdelibus
2784 2281 3069 2349 fratribus
3119 2282 3173 2334 in
3208 2280 3422 2335 Christo
3450 2282 3573 2336 Jesu
3608 2285 3754 2338 Gra-

2112 2371 2192 2424 tia
2224 2372 2375 2423 vobis
2404 2373 2453 2422 et
2480 2386 2597 2437 pas:
2626 2385 2665 2423 α
2696 2369 2798 2422 Deo
2852 2370 3011 2422 Patre
3042 2371 3242 2421 nostro.
3304 2368 3427 2422 Non
3459 2370 3651 2423 omnis
3686 2372 3751 2424 fi-

2113 2457 2256 2511 delis
2289 2462 2376 2511 est
2398 2462 2660 2521 sanctus,
2685 2455 2824 2526 quia
2856 2460 3101 2527 possunt
3128 2457 3302 2509 etiam
3325 2457 3751 2529 catechumeni,

2113 2562 2180 2601 ex
2210 2562 2274 2599 eo
2307 2546 2457 2616 quod
2490 2544 2715 2599 Christo
2738 2545 3002 2609 credunt,
3029 2542 3225 2598 fideles
3248 2543 3382 2609 dici,
3411 2562 3524 2598 non
3558 2550 3750 2600 tamen

2113 2634 2297 2688 sancti
2318 2638 2457 2687 sunt
2481 2649 2579 2703 per
2598 2633 2958 2703 baptismum
2990 2632 3522 2696 sanctificati.Quod
3555 2638 3750 2689 tamen

2113 2721 2355 2792 intelligi
2388 2728 2445 2776 et
2474 2721 2643 2775 aliter
2664 2720 2874 2774 melius
2906 2725 3115 2791 potest,
3142 2720 3195 2774 id
3222 2724 3307 2773 est
3335 2725 3395 2775 ut
3416 2726 3650 2777 sanctos
3674 2722 3753 2776 di-

2111 2817 2205 2865 cat
2236 2811 2586 2873 sacerdotes,
2626 2815 2681 2864 et
2734 2809 3037 2863 ministros
3069 2807 3356 2877 Ecclesia},
3390 2808 3587 2864 ﬁdeles
3622 2828 3751 2865 vero

2112 2904 2377 2954 eceteram
2427 2897 2685 2953 fidelium
2738 2897 3195 2952 multitudinem.
3258 2897 3481 2953 Gratias
3540 2902 3757 2969 agimus

2110 2988 2215 3041 Deo
2245 2991 2293 3041 et
2322 2988 2477 3041 Patri
2509 2988 2730 3041 Domini
2772 2988 2949 3042 nostri
2994 2987 3119 3041 Iesu
3165 2985 3389 3051 Christi,
3421 3003 3629 3058 semper
3652 3005 3753 3059 pro

2110 3076 2259 3130 vobis
2289 3080 2523 3129 orantes.
2558 3077 2598 3129 A
2634 3073 2906 3129 laudibus
2937 3074 3034 3128 Dei
3070 3073 3292 3144 incipit,
3322 3075 3475 3145 quod
3504 3075 3640 3130 talia
3669 3076 3754 3131 eis

2112 3165 2432 3231 donaverit,
2466 3180 2593 3234 quae
2624 3163 2867 3218 inferius
2896 3163 3289 3217 continentur.

2182 3252 2467 3307 Audientes
2514 3252 2672 3321 ﬁdem
2732 3256 2973 3305 vestram
3012 3252 3071 3304 in
3126 3250 3339 3304 Christo
3365 3254 3516 3306 Jesu.
3555 3251 3619 3304 Et
3650 3250 3757 3306 hoc

2120 3342 2189 3396 ad
2224 3340 2655 3394 distinctionem
2688 3338 3136 3410 diligentissime
3166 3338 3422 3407 positum
3460 3344 3585 3391 est:
3620 3344 3761 3393 sunt

2122 3429 2335 3499 quippe
2364 3428 2559 3497 plures
2590 3427 2808 3493 fideles,
2860 3428 2960 3481 sed
2996 3443 3108 3481 non
3143 3426 3200 3479 in
3246 3425 3474 3481 Christo
3504 3426 3663 3481 Jesu.
3698 3429 3760 3481 Et

2121 3518 2487 3587 dilectionem,
2520 3534 2683 3586 quam
2715 3517 2924 3570 habetis
2956 3518 3015 3569 in.
3070 3522 3279 3569 sanctos
3309 3530 3510 3569 omnes.
3546 3519 3760 3570 Notau-

2124 3607 2263 3660 dum
2298 3622 2437 3659 sane
2468 3604 2643 3675 quod,
2678 3604 2828 3659 sicut
2867 3602 3199 3659 Corinthios
3222 3601 3469 3657 subliter
3499 3604 3567 3657 de
3601 3608 3761 3658 tena-

2124 3695 2292 3747 citate
2324 3692 2802 3764 reprehendit,ita
2832 3698 2887 3746 et
2917 3692 3027 3747 isto
3051 3693 3121 3745 de
3151 3690 3415 3761 largitate
3438 3691 3763 3748 dilectionis

2126 3781 2450 3836 collaudat:
2510 3780 2771 3852 probatio
2832 3781 3049 3853 quippe
3107 3778 3442 3834 dilectionis
3486 3779 3763 3835 exhibitio

2126 3869 2316 3941 cperis
2343 3874 2447 3925 est.

2196 3958 2422 4027 Propter
2450 3973 2599 4028 spem
2654 3973 2772 4026 qua:
2801 3958 3038 4027 reposita
3094 3962 3171 4011 cst
3223 3958 3371 4010 vobis
3402 3960 3457 4009 in
3490 3955 3665 4010 caelis.
3695 3957 3767 4011 Ac

2127 4046 2175 4099 si
2208 4045 2398 4099 dicat:
2432 4045 2657 4107 Quanto
2690 4044 2844 4098 enim
2896 4044 3150 4115 amplius
3204 4046 3381 4098 Deum
3427 4043 3670 4113 diligitis
3698 4044 3769 4097 de

2129 4133 2309 4198 ccelis,
2344 4139 2503 4187 tanto
2537 4132 2792 4203 amplius
2843 4133 3120 4203 proximis
3149 4132 3299 4187 bona
3330 4132 3670 4202 impenditis
3710 4131 3768 4185 in

2128 4221 2319 4283 terris,
2352 4238 2416 4275 eo
2474 4221 2627 4291 quod
2686 4218 2803 4275 illic
2834 4238 2933 4274 vos
2990 4220 3384 4274 thesaurizare
3433 4219 3644 4282 nostis,
3674 4219 3773 4274 ubi

2128 4312 2281 4363 tinea
2310 4325 2419 4364 non
2448 4310 2749 4379 corrumpit
2796 4311 2847 4363 et
2887 4308 2983 4362 ubi
3037 4310 3191 4377 fures
3220 4325 3327 4362 non
3358 4308 3642 4378 effodiunt,
3676 4324 3772 4364 nec
3866 4328 3869 4333 ·

2128 4400 2392 4468 furantur
2422 4396 2634 4468 (Matth.
2663 4413 2740 4461 vx,
2770 4398 2882 4467 20).

2204 4488 2379 4555 Quam
2408 4486 2640 4541 audistis
2673 4486 2729 4539 in
2762 4485 2923 4541 verbo
2971 4486 3223 4540 veritatis
3265 4484 3573 4557 Evangelii.
3608 4485 3771 4548 Quod

2134 4575 2297 4647 prius
2328 4575 2549 4630 dixerat
2592 4575 2834 4629 verbum
2880 4574 3163 4642 veritatis,
3223 4573 3330 4628 hoc
3362 4578 3493 4644 post
3525 4573 3772 4643 repetiit,

2134 4666 2437 4736 Evangelii.
2471 4664 2618 4731 Quia
2674 4679 2871 4719 revera
2908 4663 3070 4718 nulla
3123 4662 3237 4718 alia
3280 4662 3611 4734 praedicatio
3641 4680 3775 4717 vera

375 4756 495 4827 psit
522 4757 637 4824 eis;
682 4773 797 4811 non
822 4756 893 4809 ab
926 4754 1173 4827 Epheso,
1200 4760 1265 4809 ut
1286 4754 1563 4810 mendose
1584 4755 1642 4809 in
1662 4756 2025 4827 argumentis
2056 4753 2100 4816 D
2133 4759 2241 4825 est,
2274 4755 2385 4809 nisi
2419 4771 2544 4826 quae
2578 4752 2815 4807 fulcitur
2845 4752 3135 4824 Evangelii
3169 4752 3530 4807 auctoritate.

375 4844 759 4917 Epistolarum
778 4844 1061 4913 scriptum
1089 4843 1401 4913 invenitur,
1428 4845 1525 4899 sed
1543 4862 1576 4899 a
1600 4843 1783 4899 Roma
1809 4843 1878 4897 de
1905 4861 2026 4899 car-

441 4988 624 5059 (1215)
652 4986 771 5059 Hoc
802 4989 1219 5059 argumentum
1246 4984 1671 5059 (ut_un_icuique
1704 5002 1876 5059 suum
1911 4990 2025 5059 tra-

371 5054 661 5131 damus)'a
683 5058 815 5131 divo
839 5054 1293 5123 A'mbrosio,sive
1310 5057 1379 5131 d_e
1395 5054 1610 5131 Hilario
1628 5057 1743 5111 fere
1765 5058 1835 5111 de
1853 5057 2022 5131 verbo

373 5132 442 5185 ad
474 5128 719 5186 verbum
753 5128 1130 5198 desumptum
1184 5131 1291 5182 est.
1327 5129 1455 5181 Fere
1485 5128 1760 5195 dicimus,
1794 5128 1934 5198 quia
1964 5128 2021 5181 in

368 5202 589 5269 aliquot
618 5199 816 5257 verbis
872 5198 1197 5253 differentia
1253 5204 1379 5253 est:
1428 5198 1647 5253 scilicet
1681 5200 1737 5251 in
1772 5198 1864 5269 his
1896 5215 2022 5269 qua:

370 5276 447 5330 ita
464 5268 647 5330 habet
672 5276 868 5327 textus
895 5270 1008 5323 divi
1034 5269 1323 5324 Ambrosii
1347 5285 1358 5324 :
1386 5271 1667 5324 irretirent
1692 5268 2026 5335 simplicita-

363 5351 468 5403 tem
499 5346 708 5402 mentis
743 5357 954 5410 eorum,
986 5357 1055 5396 ne
1100 5348 1416 5412 spernerent
1460 5344 1700 5396 rationes
1730 5341 2022 5412 elemento-

362 5437 485 5475 rum
517 5417 730 5490 quibus
782 5413 949 5483 quasi
1000 5412 1365 5490 gubernator,
1414 5416 1563 5467 etc.:
1616 5411 1827 5490 quoin
1862 5416 2022 5466 textu

356 5485 594 5547 videtur
627 5489 765 5549 hoc,
801 5501 872 5537 ne
911 5488 1225 5551 spernerent
1256 5485 1513 5550 rationes,
1574 5488 1706 5551 etc.,
1740 5486 2022 5553 tanquam

352 5554 1002 5639 pseudoapostolorum
1027 5557 1314 5639 monitum
1334 5554 1733 5639 prptulisseJn
1750 5559 1903 5639 textu
1930 5570 2027 5608 au-

347 5624 466 5700 tem
502 5624 722 5694 nostro
756 5628 892 5701 post
919 5641 985 5681 ea
1012 5629 1209 5700 verba,
1240 5624 1663 5701 simplicitatem
1703 5627 1906 5682 mentis
1934 5640 2020 5682 eo-

2208 4842 2355 4910 Quod
2380 4843 2625 4914 pervenit
2672 4841 2740 4896 ad
2799 4857 2887 4897 vos
2936 4843 3076 4896 sicut
3104 4849 3153 4896 et
3203 4843 3259 4896 in
3292 4842 3543 4896 universo
3572 4840 3775 4896 mundo

2130 5002 2275 5051 rum,
2338 4984 2585 5057 legitur:
2647 4985 2907 5039 Admouet
2964 4984 3241 5055 Apostolus
3298 4999 3397 5037 nec
3451 4988 3669 5108 sacrant
3719 4986 3779 5039 in

2130 5059 2403 5108 orationes
2432 5059 2855 5108 elementorum.
2886 5057 3081 5108 auibus
3118 5056 3293 5108 quasi.
3331 5059 3440 5108 etc.
3517 5056 3576 5108 bi
3600 5056 3779 5108 moni-

2130 5056 2855 5122 orationes’elementorum,
2886 5057 3081 5126 quibus
3118 5056 3293 5125 quasi,
3331 5059 3440 5110 etc.
3468 5056 3576 5108 Ubi
3600 5056 3780 5109 moni-

2131 5135 2256 5182 tum
2288 5143 2357 5180 ne
2380 5132 2595 5196 sperent
2638 5129 2894 5197 Apostoli
2956 5132 3061 5181 est.
3107 5126 3550 5180 Emendandum
3582 5132 3777 5197 autem

2132 5200 2322 5253 visum
2354 5204 2442 5269 est
2472 5198 2612 5251 illud
2637 5214 2754 5269 nec,
2788 5203 2844 5269 et
2872 5198 3179 5269 legendum
3203 5212 3289 5265 ne,
3316 5197 3540 5269 decoris
3562 5196 3781 5269 scilicet

2132 5267 2421 5323 sermonis
2444 5269 2649 5338 gratia.
2679 5268 2821 5320 Illud
2847 5267 3042 5332 etiam,
3069 5270 3128 5321 in
3149 5270 3443 5331 orationes,
3467 5267 3777 5338 legendum

2132 5337 2491 5402 censuimus,
2526 5341 2585 5391 in
2614 5338 2938 5393 rationibus.
2975 5339 3120 5403 Quid
3154 5338 3307 5391 enim
3341 5337 3633 5392 orationes
3662 5338 3777 5393 ele-

2133 5412 2465 5464 mentorum
2487 5408 2514 5461 ‘t
2536 5411 2670 5473 Quae
2701 5408 2757 5461 in
2791 5408 2875 5461 eis
2920 5408 3098 5477 spes?
3131 5408 3300 5479 Atqui
3352 5409 3421 5462 de
3452 5409 3779 5465 rationibus

2132 5479 2553 5534 elementorum
2577 5483 2701 5532 tum
2724 5481 2919 5532 textus
2940 5479 3229 5550 Epistolas,
3255 5484 3377 5531 tum
3402 5479 3518 5533 divi
3539 5480 3781 5536 Ambro-

2132 5552 2202 5605 sii
2240 5552 2481 5604 citatum
2517 5553 2932 5623 argumentum
2978 5551 3333 5608 mentionem
3372 5550 3525 5607 facit.
