3978 6210
374 281 490 340 615

1390 279 1727 338 ATTONIS
1773 275 2358 337 VERCELLENSIS
2406 277 2759 338 EPISCOPI

3662 277 3793 338 616

375 412 588 468 factum
624 418 730 478 est,
766 415 921 483 patet
954 411 1226 482 profecto,
1261 410 1397 480 quia
1429 410 1553 481 ipse
1598 414 1862 465 creatura
1901 424 2014 462 non
2046 409 2099 473 Α
2131 407 2421 479 pium,per
2449 411 2599 480 quod
2633 409 2781 464 facta
2827 413 2965 464 sunt
3011 410 3228 478 omnia,
3259 409 3687 482 primogenitae
3721 411 3788 466 in

373 505 480 569 est,
514 517 616 572 per
645 517 819 570 quem
852 499 1041 554 omnis
1073 501 1339 552 creatura
1371 500 1519 552 facta
1548 504 1654 554 est.
1689 499 1795 552 Sed
1831 498 2016 552 scien-

2127 499 2334 566 gratia,
2372 515 2472 567 pro
2504 515 2569 552 eo
2603 498 2750 567 quod
2786 502 2918 552 ante
2950 514 3154 552 omnes
3185 501 3418 552 sanctos
3461 500 3791 554 resurrexit

372 591 509 644 dum
545 589 684 659 quia
712 588 991 657 quidquid
1023 603 1122 658 per
1150 585 1318 640 illum
1352 588 1568 641 factum
1603 587 1875 653 creditur,
1917 602 2020 657 per
2127 601 2160 638 a
2190 586 2460 651 mortuis,
2491 590 2547 640 et
2578 585 2799 640 devicta
2837 590 3020 640 morte
3059 587 3185 656 jam
3233 591 3438 656 regnat
3482 587 3539 642 in
3594 587 3786 644 caelis.

369 676 532 731 illum
567 675 784 746 regitur
809 681 866 729 et
883 673 1571 728 continetur.Secundum
1607 690 1837 729 carnem
1857 672 2015 728 omni

370 763 700 820 rationabili
733 769 1012 817 creaturae
1035 763 1261 832 primus
1283 763 1522 818 effectus
1535 767 1639 817 est.
1668 760 2017 831 Primogeni-

367 859 482 924 tus,
513 853 720 922 inquit,
754 868 867 906 non
900 851 1090 922 primo
1119 855 1441 915 creatus,ut
1471 850 1700 919 genitus
1732 866 1833 920 per
1853 853 2016 902 natu-

367 959 514 1011 ram,
566 945 622 996 et
671 941 897 1012 primus
945 938 1330 1009 perpetuitate
1378 938 1667 993 credatur.
1714 937 1814 991 Vel
1861 951 2012 991 certe

359 1031 761 1102 primogenitus
789 1044 861 1083 ex
887 1029 1123 1084 mortuis
1154 1027 1609 1098 (Infra,18),quia
1641 1026 1866 1098 primus
1888 1026 2012 1096 ipse

364 1117 700 1173 resurrexit.
736 1118 804 1170 Et
835 1121 898 1170 ut
929 1116 1188 1186 apertius
1219 1117 1593 1185 tradat,quae,
1619 1119 1674 1169 et
1700 1119 1914 1184 quanta
1938 1113 2014 1166 sit

362 1208 618 1278 potentia
651 1205 778 1260 Filii
812 1206 1134 1260 secundum
1169 1203 1556 1272 divinitatem,
1589 1203 1841 1258 ostendit
1883 1219 2010 1273 quas

361 1312 464 1367 per
493 1296 685 1366 ipsum
719 1295 867 1360 sint;
903 1294 959 1348 id
991 1298 1098 1358 est,
1129 1294 1336 1359 throni,
1384 1291 1803 1356 dominationes,
1848 1293 2007 1362 prin-

360 1386 590 1456 cipatus,
640 1387 922 1455 potestates
971 1399 988 1435 :
1037 1383 1222 1437 omnia
1275 1397 1368 1452 per
1414 1382 1610 1452 ipsum,
1671 1389 1721 1436 et
1778 1383 1840 1435 in
1896 1382 2010 1450 ipso

358 1478 543 1529 creata
571 1477 700 1528 sunt
729 1489 748 1527 :
779 1476 827 1526 et
860 1473 973 1542 ipse
1002 1475 1078 1526 est
1107 1475 1239 1525 ante
1266 1485 1471 1537 omnes,
1506 1474 1554 1524 et
1584 1471 1774 1524 omnia
1806 1472 1864 1524 in
1897 1471 2010 1540 ipso

359 1567 627 1617 constant.
663 1560 735 1616 Ut
763 1560 1006 1631 proinde
1036 1559 1273 1614 omnino
1301 1559 1497 1613 minus
1530 1558 1673 1612 nihil
1707 1559 1764 1612 in
1797 1575 1862 1612 eo
1885 1575 2006 1613 cre-

361 1651 534 1705 datur
561 1665 708 1716 esse,
733 1665 906 1719 quam
931 1653 1019 1702 est
1042 1647 1098 1702 in
1127 1649 1304 1703 Patre.
1343 1649 1402 1701 Et
1423 1647 1535 1718 ipse
1553 1655 1630 1702 est
1648 1655 1771 1701 ante
1800 1663 2005 1701 omnes.

2124 673 2379 735 Quorum
2441 674 2685 728 fratrum
2747 679 2898 729 recte
2947 673 3372 745 primogenitus
3428 675 3784 748 appellatur-

2125 763 2262 832 quia
2293 778 2497 818 omnes
2528 761 2857 834 ad0ptionis
2890 762 3040 818 filios
3073 761 3246 818 etiam
3280 762 3410 818 illos
3441 764 3536 834 qui
3589 765 3790 821 incar-

2122 850 2374 906 nationis
2405 852 2532 920 ejus
2566 855 2831 922 tempora
2862 852 3174 918 nascendo,
3221 858 3648 923 princesserunt
3689 856 3786 911 di-

2122 939 2342 1010 gnitate
2374 940 2769 1012 praegreditur.

2201 1030 2264 1084 Ut
2288 1031 2358 1082 sit
2384 1031 2444 1082 in
2472 1031 2729 1084 omnibus
2751 1030 2866 1099 ipse
2891 1030 3195 1099 primatum
3217 1040 3422 1083 tenens.
3455 1029 3600 1094 Quia
3628 1032 3790 1087 vide-

2123 1116 2279 1181 licet,
2313 1117 2466 1172 sicut
2500 1134 2600 1188 per
2629 1117 2990 1172 divinitatem
3018 1116 3460 1188 principium,et
3492 1125 3670 1192 caput
3689 1125 3787 1176 est

2121 1204 2482 1276 angelorum,
2525 1205 2607 1260 ita
2661 1209 2717 1260 et
2769 1222 2870 1277 per
2919 1205 3348 1276 susceptionem
3377 1209 3570 1263 carnis
3603 1201 3786 1281 caput

2119 1299 2209 1349 est
2239 1295 2502 1349 omnium
2534 1294 2837 1349 hominum
2863 1294 3197 1350 electorum.

2191 1384 2331 1450 Quia
2386 1384 2445 1437 in
2508 1385 2620 1454 ipso
2685 1383 3010 1454 complacuit
3065 1385 3315 1438 omnium
3367 1385 3781 1455 plenitudinem

2119 1471 2448 1539 inhabitare,
2481 1480 2531 1526 et
2557 1489 2653 1543 per
2681 1488 2805 1527 eum
2836 1473 3188 1528 reconciliare
3232 1476 3422 1528 omnia
3471 1476 3530 1530 in
3572 1476 3777 1548 ipsum.

2118 1559 2332 1614 Plenus
2365 1559 2579 1631 quippe
2612 1564 2734 1614 erat
2763 1560 3044 1616 Dominus
3078 1560 3294 1632 Spiritu
3332 1562 3776 1634 sancto,plenus

2117 1648 2302 1718 gratia
2351 1652 2407 1702 et
2453 1649 2692 1702 veritate
2740 1649 2923 1718 (Joan.
2961 1666 2997 1714 ι,
3034 1650 3121 1719 14)
3159 1667 3170 1704 :
3203 1651 3274 1705 de
3306 1651 3477 1722 cujus
3520 1651 3775 1723 plenitu-

359 1739 418 1794 Si
452 1743 558 1808 est,
591 1738 731 1809 quia
763 1737 854 1792 hic
884 1736 1044 1792 solus
1097 1737 1167 1792 de
1219 1736 1380 1790 Patre
1436 1740 1547 1790 Deo
1592 1740 1763 1790 natus
1795 1739 1902 1801 est,
1937 1735 2007 1789 de
2038 1769 2085 1832 Β
2116 1737 2250 1792 dine
2283 1753 2386 1792 nos
2417 1738 2801 1806 omnesjuxta
2822 1738 3059 1793 modum
3085 1742 3296 1794 nostra:
3318 1739 3660 1811 capacitatis
3681 1757 3776 1798 ae-

361 1827 622 1898 ingenita
651 1826 854 1896 utique
887 1824 1215 1879 substantia
1253 1824 1372 1879 Dei.
1408 1824 1536 1878 Haec
1568 1829 1763 1878 autem
1796 1823 2005 1879 virtute

357 1917 506 1985 ejus,
541 1931 667 1985 quas
699 1913 1129 1985 generationem
1162 1913 1355 1978 habet,
1381 1913 1436 1966 id
1469 1918 1576 1978 est,
1610 1917 1827 1967 caeteras
1854 1929 2006 1968 crea-

356 2009 499 2058 turae
530 2021 562 2058 a
597 2003 762 2058 Patre
793 2002 1199 2066 substiterunt,
1262 2018 1375 2055 non
1426 2006 1490 2055 ut
1534 2001 1869 2056 communio
1919 2002 2003 2056 eis

356 2091 698 2146 substantia:
721 2091 796 2144 sit
816 2106 948 2144 cum
972 2091 1164 2155 eo,sed
1193 2106 1258 2144 ex
1284 2089 1640 2150 nihilo,nutn
1673 2089 1762 2142 Dei
1792 2089 2001 2152 Patris,

357 2180 499 2236 Filio
513 2178 1057 2251 cmperunt.Throni
1075 2179 1229 2233 enim
1252 2177 1352 2232 illa
1373 2179 1608 2248 agmina
1631 2184 1768 2232 sunt
1784 2183 1999 2241 vocata,

355 2269 567 2338 quibus
591 2269 661 2322 ad
687 2267 1070 2322 exercendum
1089 2265 1374 2335 judicium
1400 2281 1630 2336 semper
1653 2271 1800 2321 Deus
1822 2266 2004 2320 omni-

355 2360 561 2425 potens
592 2353 1035 2425 priesidet.Quia
1055 2353 1210 2406 enim
1242 2353 1483 2408 thronos
1515 2353 1714 2409 Latino
1738 2369 2004 2408 sermone

355 2443 607 2497 dicimus
639 2443 830 2508 sedes,
862 2439 1055 2496 throni
1087 2441 1227 2495 dicti
1254 2445 1391 2496 sunt
1421 2441 1501 2506 hi,
1535 2442 1630 2511 qui
1666 2447 1825 2496 tanta
1860 2442 2000 2496 divi-

357 2532 561 2587 nitatis
591 2531 778 2602 gratia
807 2528 1125 2600 replentur,
1159 2535 1222 2584 ut
1253 2529 1309 2583 in
1342 2529 1424 2584 eis
1453 2531 1735 2584 Dominus
1781 2532 1999 2599 sedeat,

355 2625 411 2675 et
443 2636 544 2691 per
572 2636 670 2674 eos
701 2635 807 2673 sua
827 2616 1053 2688 judicia
1083 2618 1375 2672 decernat.
1413 2617 1574 2672 Unde
1609 2623 1664 2672 et
1694 2617 2004 2672 Psalmista

355 2708 535 2763 dicit:
571 2708 726 2762 Sedes
753 2723 916 2778 super
951 2707 1230 2772 thronum,
1281 2708 1379 2776 qui
1417 2706 1636 2776 judicas
1683 2708 2003 2775 .z’quitatem

355 2798 520 2869 (Psat.
557 2814 632 2862 1x,
663 2797 740 2865 5).
773 2795 934 2859 Quod
966 2811 1096 2850 vero
1129 2795 1282 2861 ait,et
1312 2797 1498 2848 omnia
1523 2797 1580 2849 in
1612 2796 1726 2865 ipso
1751 2799 2003 2850 canstant

355 2886 436 2940 ita
466 2884 909 2956 intelligendum
943 2890 1032 2939 est
1065 2901 1077 2938 :
1113 2883 1251 2954 quia
1281 2885 1407 2937 sine
1436 2899 1502 2937 eo
1535 2883 1677 2936 nihil
1712 2883 2000 2952 sunt,nisi

353 2974 509 3030 enim
542 2973 676 3028 huic
720 2973 935 3027 fuerint
965 2973 1221 3038 subdita,
1255 2987 1447 3026 errore
1479 2971 1644 3026 devia
1674 2971 1838 3042 quasi
1872 2988 2000 3042 per-

353 3063 557 3117 ditioni
593 3063 732 3116 fient
761 3060 1028 3116 obnoxia.

425 3153 488 3206 Et
518 3154 629 3222 ipse
657 3155 735 3206 est
763 3154 925 3220 caput
956 3149 1201 3218 corporis
1233 3148 1505 3203 Ecclesiae.
1535 3147 1794 3202 Ecclesia:
1826 3153 2002 3219 caput
2031 3130 2073 3196 C

353 3245 442 3295 est
463 3240 749 3304 Christus,
775 3238 821 3291 si
845 3242 1039 3291 tamen
1064 3252 1268 3290 omnes
1309 3253 1488 3290 unum
1528 3238 1782 3292 sentiant
1803 3238 1999 3292 coeles-

350 3335 460 3392 tes,
495 3334 550 3383 et
580 3326 815 3388 terreni,
850 3329 912 3378 ut
943 3325 1059 3378 sint
1087 3324 1358 3390 Ecclesia,
1396 3324 1499 3378 hoc
1532 3326 1821 3389 est,unius
1846 3326 1996 3380 ﬁdei.

354 3419 412 3472 Si
447 3415 765 3488 quominus
798 3413 1042 3467 truncati
1068 3413 1274 3483 capite,
1310 3413 1414 3466 hoc
1445 3420 1551 3480 est,
1585 3414 1844 3468 omnium
1874 3432 2000 3469 cor-

355 3521 586 3578 porum,
617 3501 792 3557 totius
837 3501 1094 3572 corporis
1125 3502 1326 3570 (1226),
1365 3501 1417 3554 id
1439 3505 1527 3555 est
1548 3517 1581 3554 a
1601 3509 1856 3557 creatore
1894 3520 2000 3558 suo

354 3592 623 3664 sejuncti,
659 3591 913 3645 amentia
942 3589 1192 3659 quadam
1233 3595 1289 3644 et
1336 3589 1586 3644 vanitate
1619 3591 1996 3658 bacchantur,

354 3680 654 3746 Quomodo
707 3679 863 3733 enim
897 3682 1072 3748 caput
1103 3676 1355 3746 plurima
1385 3677 1493 3732 sibi
1529 3678 1704 3733 habet
1736 3681 2000 3734 membra

354 3767 726 3838 subjecta,ita
754 3771 810 3821 et
835 3765 1117 3820 Dominus
1148 3769 1344 3820 noster
1370 3769 1542 3821 Jesus
1571 3766 1998 3833 Christus,cum

353 3860 432 3914 sit
457 3860 630 3928 caput
659 3854 941 3921 Ecclesiae,
977 3854 1151 3909 habet
1179 3855 1444 3910 membra
1463 3871 1562 3910 eos
1592 3871 1796 3911 omnes
1819 3857 1914 3926 qui
1941 3857 1997 3912 in

351 3946 608 4002 Ecclesia
630 3949 1077 4016 congregantur.

424 4037 532 4104 Qui
560 4043 635 4090 est
658 4035 1015 4106 principium,
1064 4033 1460 4105 primogenitus
1510 4049 1580 4088 ex
1627 4035 1883 4089 mortuis.
1937 4034 1996 4089 Id

347 4131 455 4193 est,
489 4141 592 4196 per
620 4124 816 4196 ipsum
848 4123 1038 4178 denuo
1069 4121 1423 4195 negligentia
1450 4122 1704 4192 quadam
1739 4122 1890 4177 facta
1911 4138 1999 4176 ca-

349 4216 500 4271 duca
531 4212 900 4269 reformanda
927 4213 1258 4277 fuerunt,ne
1280 4212 1350 4266 ad
1377 4210 1653 4281 injuriam
1677 4212 1804 4280 ejus
1828 4210 1999 4282 perti-

350 4303 586 4372 neret,si
618 4319 767 4374 opus
791 4302 918 4372 ejus
947 4316 1049 4372 per
1079 4299 1327 4355 alterum
1351 4300 1744 4355 instauratum
1769 4298 1994 4365 fuisset;

350 4398 416 4449 ut
442 4393 735 4465 quomodo
770 4394 902 4445 ante
933 4406 1136 4445 omnes
1159 4393 1334 4444 natus
1367 4392 1474 4455 est,
1508 4387 1592 4441 sic
1622 4387 1830 4441 iterum
1864 4391 1997 4441 ante

2116 1825 2422 1896 cepimus:
2457 1825 2596 1896 quia
2628 1827 2930 1896 unicuique
2973 1834 3222 1882 nostrum
3268 1828 3397 1883 data
3443 1832 3523 1884 est
3565 1832 3771 1902 gratia,

2112 1914 2408 1968 secundum
2433 1931 2752 1969 mensuram
2783 1915 3094 1970 donationis
3119 1915 3552 1988 Christi(Ephes.
3581 1936 3655 1986 iv,
3686 1919 3769 1990 7).

2118 2007 2193 2057 De
2225 2002 2346 2056 solo
2378 2018 2630 2074 namque
2658 2003 2977 2058 mediatore
3000 2004 3096 2059 Dei
3119 2008 3172 2058 et
3200 2003 3504 2060 hominum
3527 2005 3771 2062 homine

2111 2091 2250 2145 ἔδει]
2301 2091 2529 2147 Christo
2570 2091 2682 2146 dici
2734 2092 2968 2162 potuit:
3001 2093 3062 2145 Et
3091 2094 3388 2162 requiescet
3429 2110 3590 2164 super
3633 2110 3769 2149 eum

2110 2180 2356 2246 Spiritus
2404 2181 2656 2240 Domini,-
2707 2180 2943 2250 Spiritus
2989 2181 3296 2251 Sapientiae
3343 2186 3393 2236 et
3438 2182 3768 2246 intellectus,

2113 2266 2352 2337 Spiritus
2412 2269 2637 2322 consilii
2683 2273 2734 2324 et
2781 2268 3151 2340 fortitudinis,
3219 2269 3455 2340 Spiritus
3521 2274 3772 2329 scientia?

2113 2363 2166 2410 et
2194 2358 2437 2426 pietatis,
2468 2365 2518 2411 et
2548 2357 2772 2427 replevit
2820 2374 2946 2412 eum
2996 2358 3235 2429 Spiritus
3281 2360 3500 2414 timoris
3526 2353 3773 2415 ‘Domini

2112 2444 2236 2512 (lsa.
2277 2461 2336 2510 ιι,
2368 2446 2422 2510 2,
2457 2446 2533 2514 3).
2565 2444 2778 2500 Omnes
2808 2463 2940 2501 vero
2973 2446 3158 2500 sancti
3191 2463 3306 2500 non
3340 2446 3768 2518 plenitudinem

2110 2531 2364 2600 Spiritus
2394 2533 2538 2601 ejus,
2560 2533 2660 2587 sed
2693 2533 2762 2587 de
2790 2533 3151 2604 plenitudine
3181 2535 3329 2603 ejus,
3365 2541 3653 2606 quantum
3673 2535 3770 2590 ille

2110 2621 2306 2687 donat,
2325 2621 2635 2691 accipiunt.
2667 2622 2812 2686 Quia
2839 2624 2945 2676 alii
2967 2639 3070 2693 per
3092 2623 3361 2694 Spiritum
3390 2624 3564 2679 datur
3590 2641 3770 2681 sermo

2109 2709 2419 2778 sapientia},
2464 2711 2570 2763 alii
2625 2725 2802 2764 sermo
2865 2711 3108 2765 scientias
3163 2710 3464 2766 secundum
3518 2713 3770 2768 eumdem

2109 2797 2401 2868 Spiritum,
2453 2799 2618 2852 alteri
2663 2799 2798 2868 ﬁdes
2845 2801 2906 2852 in
2947 2799 3129 2854 eodem
3179 2798 3408 2868 Spiritu,
3442 2799 3557 2854 alii
3583 2805 3770 2871 gratia

2109 2887 2405 2940 sanitatem
2439 2887 2500 2939 in
2532 2901 2637 2940 uno
2667 2886 2905 2958 Spiritu,
2939 2887 3047 2941 alii
3073 2889 3317 2957 operatio
3337 2889 3626 2954 virtutum,
3662 2891 3771 2944 alii

2109 2975 2411 3045 prophetia,
2443 2975 2554 3029 alii
2580 2975 2830 3030 discretio
2861 2976 3290 3046 spirituum,alii
3313 2992 3521 3044 genera
3542 2978 3766 3048 lingua-

2111 3078 2253 3126 rum,
2285 3063 2390 3116 alii
2419 3064 2802 3133 interpretatio
2833 3079 3142 3117 sermonum
3172 3082 3190 3118 :
3223 3065 3342 3118 Haec
3369 3068 3555 3120 autem
3581 3067 3768 3121 omnia

2110 3155 2373 3221 operatur
2401 3167 2546 3205 unus
2575 3160 2734 3221 atque
2764 3151 2906 3206 idem
2936 3152 3195 3222 Spiritus,
3238 3153 3489 3208 dividens
3530 3155 3769 3224 singulis

2109 3247 2270 3309 prout
2301 3239 2414 3292 vult
2446 3239 2491 3308 (Ι
2521 3237 2640 3294 Cor.
2675 3255 2774 3300 xii,
2808 3240 2975 3307 8-11).
3012 3240 3159 3304 Quia
3203 3257 3340 3312 ergo
3389 3243 3459 3296 de
3508 3241 3768 3312 plenitu-

2111 3329 2244 3381 dine
2275 3327 2592 3382 conditoris
2624 3327 2805 3381 nostri
2831 3344 2943 3381 non
2970 3328 3377 3398 quiddam,sed
3404 3346 3579 3385 omne
3601 3331 3770 3402 quid-

2111 3416 2250 3486 quid
2284 3415 2418 3469 boni
2453 3415 2756 3482 habemus,
2781 3417 3466 3487 accepimus,curandum
3499 3435 3767 3474 summo-

2111 3520 2245 3576 pere
2275 3509 2384 3570 est,
2418 3519 2488 3558 ne
2513 3503 2801 3574 quispiam
2835 3505 2906 3558 de
2936 3521 3043 3559 sua
3091 3521 3152 3560 se
3200 3505 3350 3560 bona
3394 3506 3645 3572 actione,
3677 3508 3769 3564 vel

2111 3593 2456 3665 cogitatione
2487 3593 2758 3647 incautus
2789 3591 3046 3658 extollat,
3079 3609 3170 3660 ne,
3205 3594 3252 3648 si
3286 3594 3553 3664 ingratus
3584 3595 3768 3668 largi-

2108 3683 2217 3738 tori
2251 3681 2616 3746 remanserit,
2651 3682 2854 3752 perdat
2885 3681 3101 3735 bonum
3135 3680 3288 3751 quod
3323 3683 3565 3754 accepit.

2180 3769 2485 3838 Paciﬁcans
2512 3785 2610 3840 per
2635 3771 2961 3839 sanguinem
3003 3771 3180 3824 crucis
3225 3770 3366 3839 ejus,
3396 3773 3507 3826 sive
3545 3787 3677 3844 qua
3706 3775 3769 3828 in

2108 3861 2290 3925 terris,
2319 3860 2436 3913 sive
2464 3873 2592 3929 quae
2623 3859 2682 3912 in
2717 3858 2871 3912 caelis
2912 3861 3062 3912 sunt.
3120 3857 3502 3914 Paciﬁcantur
3551 3861 3768 3933 quippe

2107 3963 2238 4018 quas
2268 3947 2324 4000 in
2359 3945 2521 4000 caelis
2551 3952 2862 4010 sunt,cum
2894 3945 2972 4012 id,
3001 3946 3156 4016 quod
3179 3946 3238 4000 in
3273 3945 3495 4018 angelis
3526 3947 3763 4020 lapsum

2107 4039 2217 4101 est,
2267 4049 2336 4089 ex
2380 4033 2717 4088 hominibus
2767 4033 3048 4088 redditur.
3107 4033 3520 4090 Instaurantur
3566 4043 3764 4094 autem

2108 4139 2232 4192 quis
2261 4121 2320 4175 in
2351 4121 2526 4176 terris
2554 4124 2710 4191 sunt,
2744 4137 2878 4176 cum
2920 4121 3033 4193 ipsi
3087 4120 3377 4188 homines,
3407 4123 3508 4194 qui
3539 4126 3766 4196 praede-

2108 4210 2306 4275 stinati
2357 4213 2494 4264 sunt
2541 4209 2599 4262 in
2643 4213 2918 4264 aiternam
2951 4209 3151 4275 vitam,
3183 4227 3218 4265 a
3247 4210 3643 4282 corruptionis
3673 4229 3767 4270 ve-

2106 4301 2323 4352 tustate
2355 4296 2809 4352 innovantur.Ac
2840 4296 2924 4352 sic
2955 4313 3058 4369 per
3086 4297 3230 4352 illud
3262 4297 3561 4372 singulare
3582 4303 3767 4357 sacri-

2105 4386 2324 4456 ficium,
2357 4386 2417 4440 in
2448 4401 2563 4456 quo
2594 4385 2875 4440 Mediator
2903 4389 2992 4440 est
3019 4384 3546 4459 immolatus,quod
3573 4406 3762 4447 unum

348 4498 554 4538 omnes
583 4481 808 4552 primus
853 4483 1006 4534 esset
1055 4495 1123 4532 ex
1166 4475 1587 4532 resurrectione
1633 4480 1997 4532 mortuorum
2029 4495 2074 4558 D
2104 4475 2162 4530 in
2220 4473 2345 4546 lege
2402 4473 2596 4527 multa:
2658 4472 2906 4527 victima:
2964 4473 3318 4545 ﬁgurabant,
3379 4476 3766 4547 pacihcantur

349 4571 578 4627 reddita
609 4568 855 4640 pristina
885 4567 1179 4622 vita.Ante
1210 4563 1409 4620 omnia
1437 4561 1593 4616 enim
1628 4568 1799 4616 natus
1821 4568 1908 4620 est
1928 4565 1999 4620 de

349 4665 484 4730 Deo,
513 4663 578 4713 ut
608 4663 819 4714 cuncta
849 4659 1088 4722 crearet,
1122 4671 1247 4725 qua:
1283 4668 1396 4706 non
1429 4655 1614 4705 erant.
1652 4652 1863 4707 Iterum
1903 4670 1996 4709 ac-

349 4753 514 4820 cepta
540 4763 712 4801 carne
742 4747 814 4800 de
849 4744 1079 4816 Virgine
1106 4745 1278 4796 natus
1300 4743 1483 4808 est,ut
1512 4743 1995 4812 peccatum,quod

349 4854 415 4894 ex
473 4835 696 4908 virgine
741 4835 857 4889 Eva
906 4833 1220 4886 intraverat
1267 4827 1325 4881 in
1377 4827 1687 4894 mundum,
1721 4829 1994 4888 aboleret.

348 4927 531 4981 Natus
561 4941 717 4996 ergo,
751 4926 808 4976 et
839 4923 1104 4973 mortuus
1127 4916 1461 4982 resurrexit,
1496 4919 1560 4971 ut
1589 4934 1714 4988 quas
1739 4919 1995 4991 primum

348 5016 577 5079 fecerat,
612 5015 813 5084 postea
841 5006 1051 5060 iterum
1084 5009 1386 5074 recrearet,
1420 5005 1556 5077 quia
1595 5023 1696 5077 per
1741 5023 1995 5064 errorem

347 5105 579 5160 fuerant
603 5101 761 5155 velut
795 5097 1044 5158 mortua,
1081 5098 1144 5147 ut
1175 5108 1405 5166 semper
1451 5095 1508 5149 in
1559 5096 1716 5151 omni
1761 5097 1878 5152 vita
1921 5099 1997 5153 sit

347 5191 574 5264 primus
605 5192 662 5242 et
692 5183 982 5256 princeps.
1037 5181 1178 5237 Ecce
1227 5183 1372 5238 duas
1421 5188 1644 5239 taxatas
1677 5186 1859 5256 (1227)
1893 5202 1994 5240 na—

346 5285 509 5336 turas
542 5277 599 5330 in
634 5289 754 5328 una
781 5283 1030 5342 persona
1059 5269 1287 5327 Domini
1313 5272 1453 5330 Jesu
1485 5271 1719 5329 Christi.
1774 5271 1992 5328 Princi-

417 5504 602 5578 (1226)
621 5501 720 5578 Vel
741 5513 1058 5578 perperam
1087 5501 1401 5578 addita,vel
1430 5501 1816 5578 desideranda
1836 5517 1992 5578 qum-

346 5572 479 5634 dam
509 5572 1342 5647 orationiotticiunt,quamvis
1371 5589 1540 5631 mens
1567 5572 1824 5631 auctoris
1848 5572 1994 5634 satis

2107 4563 2361 4620 ccelestia
2392 4579 2525 4617 cum
2559 4560 3013 4629 terrestribus,et
3042 4562 3341 4618 terrestria
3360 4580 3494 4620 cum
3517 4565 3768 4622 caalesti-

2108 4653 2238 4707 bus.
2273 4653 2558 4719 Quoniam,
2588 4649 2738 4703 sicut
2771 4649 2923 4705 idem
2963 4650 3279 4722 Apostolus
3329 4651 3488 4720 dicit,
3540 4657 3599 4708 in
3648 4658 3763 4728 ipso

2105 4741 2448 4812 complacuit,
2481 4753 2695 4792 omnem
2725 4738 3133 4808 plenitudinem
3182 4740 3512 4810 inhabitare,
3563 4748 3618 4798 et
3662 4761 3764 4816 per

2105 4847 2230 4886 eum
2283 4827 2637 4883 reconciliare
2692 4830 2879 4882 omnia
2922 4829 2982 4882 in
3038 4830 3238 4900 ipsum,
3304 4831 3607 4901 paciﬁcans
3659 4849 3764 4904 per

2103 4919 2439 4988 sanguinem
2467 4917 2646 4970 crucis
2675 4916 2810 4986 ejus,
2842 4917 2956 4971 sive
2989 4932 3108 4987 qum
3157 4919 3215 4972 in
3264 4919 3425 4975 terris
3464 4924 3616 4987 sunt,
3649 4923 3764 4978 sive

2106 5022 2231 5079 quae
2262 5009 2321 5062 in
2348 5007 2514 5061 caelis.
2551 5004 2664 5059 Pax
2693 5005 2805 5059 ista
2835 5005 3129 5076 praecellit,
3163 5005 3312 5060 sicut
3343 5007 3632 5079 scriptum
3673 5014 3764 5066 est

2105 5095 2329 5167 (Philip.
2369 5111 2441 5164 1v,
2471 5093 2547 5163 7),
2580 5109 2811 5148 omnem
2875 5092 3256 5161 intellectum,
3289 5111 3479 5166 neque
3532 5097 3670 5153 sciri
3729 5115 3765 5154 a

2106 5182 2414 5251 nobis,nisi
2447 5198 2578 5236 cum
2604 5181 2676 5236 ad
2699 5196 2825 5235 eam
2856 5180 3211 5247 venerimus,
3236 5185 3763 5253 potest.Quomodo

2103 5271 2262 5328 enim
2292 5271 2674 5343 paciﬁcantur
2704 5268 2980 5336 ccelestia,
3014 5270 3127 5325 nisi
3158 5270 3329 5327 nobis
3382 5272 3437 5328 id
3471 5279 3582 5344 est,
3615 5291 3764 5333 con-

2101 5498 2346 5558 eluceat.

2173 5571 2354 5646 (1227)
2383 5571 2448 5628 Id
2479 5575 2590 5643 est,
2617 5571 2994 5646 signiﬁcatus.
