3978 6210
163 303 276 361 617

717 297 1130 359 EXPOSITIO
1174 298 1251 358 IN
1300 295 1722 358 EPISTULAS
1770 293 2126 356 PAULL—
2157 296 2234 355 IN
2283 298 2530 360 EPIST.
2581 301 2682 358 AD
2727 300 3044 363 COLOSS.

3463 307 3582 364 618

164 431 463 488 cordando
525 429 832 486 nobiscum
865 430 894 485 ‘?
923 431 1069 485 Nam
1101 429 1178 484 ibi
1229 445 1460 502 semper
1488 434 1576 484 est
1607 445 1735 499 pax,
1770 431 1826 482 et
1853 428 1906 492 Α
1937 427 2022 481 vel
2083 429 2347 500 exempla
2405 448 2517 485 non
2551 431 2902 502 deciperent,
2940 435 3040 489 sed
3074 435 3318 490 firmiter
3350 453 3477 508 qua:
3510 439 3580 492 ab

165 523 321 576 inter
349 537 410 575 se
434 519 727 574 universis
748 519 1242 574 intellectualibus
1276 520 1577 587 creaturis,
1601 524 1655 571 et
1688 535 1819 570 cum

163 627 272 666 suo
317 614 626 674 creatore;
663 626 790 680 quae
822 625 930 679 pax
981 607 1280 679 praecellit,
1331 613 1396 661 ut
1443 608 1662 662 dictum
1713 612 1822 663 est.

165 715 404 754 omnem
436 696 799 751 intellectum
827 714 842 762 ;
878 697 978 751 sed
1028 695 1230 767 utique
1263 702 1549 763 nostrum,
1583 712 1695 750 non
1729 711 1824 748 eo-

167 804 323 854 rum,
358 786 459 858 qui
500 801 736 856 semper
761 784 961 840 vident
991 785 1192 839 faciem
1227 784 1414 840 Patris
1443 784 1650 854 (Matth.
1685 800 1822 848 xm,

171 878 276 946 10).
331 875 511 931 Nobis
567 880 762 929 autem
823 878 1314 944 quantuscunque
1363 874 1440 928 sit
1497 872 1824 927 intellectus

169 964 494 1028 humanus,
531 979 601 1017 ex
631 967 794 1033 parte
825 961 1073 1028 scimus,
1105 967 1160 1015 et
1192 962 1457 1015 videmus
1490 977 1590 1032 per
1619 977 1822 1031 specu-

168 1053 293 1108 lum
321 1070 334 1107 :
367 1054 429 1106 in
453 1051 759 1123 aenigmate
792 1051 838 1121 (I
866 1051 986 1105 Cor.
1014 1067 1134 1114 xm,
1171 1051 1277 1119 12).
1302 1051 1444 1104 Cum
1468 1065 1600 1104 vero
1630 1065 1822 1119 aequa-

171 1142 258 1197 les
283 1140 509 1213 angelis
539 1139 641 1194 Dei
665 1139 970 1204 fuerimus,
991 1139 1661 1209 tunc,quemadmodum
1689 1138 1822 1208 ipsi.

168 1231 482 1285 videbimus
511 1229 652 1301 facie
683 1226 753 1281 ad
783 1225 1172 1297 faciemUbid.)
1204 1243 1216 1281 :
1246 1231 1588 1296 tantamque
1621 1241 1820 1296 pacem

173 1318 532 1373 habebimus
560 1332 693 1387 erga
721 1332 842 1386 eos,
862 1320 1142 1386 quantam
1167 1315 1345 1385 etipsi
1381 1331 1515 1386 erga
1540 1331 1665 1376 nos,
1685 1314 1823 1385 quia

174 1412 415 1462 tantum
451 1421 547 1459 eos
577 1403 844 1458 dilecturi
868 1420 1096 1458 sumus.
1115 1409 1402 1474 quantum
1417 1405 1488 1457 ab
1511 1403 1594 1457 eis
1617 1403 1820 1473 dilige-

171 1512 328 1549 mur.
368 1493 567 1565 Itaque
598 1510 710 1564 pax
758 1508 958 1547 eorum
1010 1496 1149 1546 nota
1209 1491 1374 1546 nobis
1423 1491 1550 1556 erit,
1601 1490 1736 1562 quia
1767 1497 1823 1546 et

170 1588 382 1638 nostra
412 1582 570 1649 talis,
605 1597 672 1636 ac
702 1586 867 1636 tanta
897 1582 1025 1647 erit,
1062 1597 1164 1634 nec
1179 1579 1464 1652 praecellet
1494 1586 1632 1635 tune
1654 1579 1819 1635 intel-

171 1674 388 1727 lectum
419 1675 713 1725 nostrum.
774 1669 872 1724 Dei
921 1685 1053 1724 vero
1085 1686 1214 1737 pax,
1253 1685 1378 1738 qum
1427 1668 1542 1722 illic
1570 1674 1657 1722 est
1686 1684 1822 1740 erga

167 1777 289 1827 eos,
321 1765 380 1815 et
408 1763 678 1814 nostrum
712 1761 766 1813 et
794 1756 1405 1812 illorumintellectum
1438 1756 1562 1811 sine
1595 1757 1821 1811 dubita-

172 1850 330 1904 tione
381 1846 705 1921 prascellit;
749 1847 820 1900 de
850 1845 976 1917 ipso
1010 1845 1224 1917 quippe
1257 1845 1423 1900 beata
1452 1850 1540 1900 est
1569 1845 1822 1899 rationa-

170 1937 307 1994 bilis
339 1941 633 2002 creatura,
684 1950 1046 2007 quaacunque
1095 1935 1262 1989 beata
1287 1939 1411 1999 est;
1448 1951 1559 1989 non
1600 1935 1722 2004 ipse
1753 1935 1823 1988 de

169 2027 290 2082 illa.
329 2026 494 2081 Unde
524 2024 850 2080 secundum
910 2024 1018 2078 hoc
1078 2023 1288 2077 melius
1340 2022 1622 2093 accipitur
1667 2023 1821 2092 quod

169 2115 462 2187 scriptum
495 2119 604 2180 est,
639 2129 751 2184 pax
787 2114 898 2179 Dei,
956 2129 1072 2183 qua:
1119 2113 1364 2183 prwcelit
1415 2127 1630 2165 omnem
1663 2111 1821 2165 intel-

171 2205 390 2268 lectum,
421 2209 487 2257 ut
517 2203 576 2256 in
609 2219 676 2256 eo
708 2202 861 2271 quod
896 2200 1060 2267 dixit,
1095 2217 1328 2265 omnem,
1364 2217 1468 2255 nec
1501 2200 1624 2269 ipse
1655 2196 1822 2253 intel-

168 2293 361 2347 lectus
390 2296 729 2346 sanctorum
761 2289 1101 2362 angelorum
1155 2305 1282 2344 esse
1316 2288 1500 2359 possit
1528 2293 1821 2358 exceptus,

165 2382 279 2436 sed
318 2381 417 2434 Dei
448 2379 650 2444 solius,
686 2395 875 2449 neque
907 2379 1060 2433 enim
1120 2383 1177 2432 et
1223 2378 1408 2449 ipsius
1463 2376 1821 2431 intellectum

165 2485 291 2541 pax
324 2469 455 2537 ejus
478 2467 714 2522 excellit.

244 2587 311 2639 Et
344 2601 435 2638 vos
491 2600 612 2637 cum
655 2586 840 2637 essetis
897 2581 1194 2653 aliquando
1243 2582 1494 2646 alienati,
1528 2586 1580 2636 ct
1610 2581 1828 2634 inimici

165 2691 334 2730 sensu
367 2674 427 2727 in
484 2673 737 2744 operibus
796 2673 988 2735 malis;
1035 2688 1183 2726 nunc
1227 2678 1407 2726 autem
1454 2670 1826 2724 reconciliavit

169 2768 230 2819 in
263 2778 488 2835 corpore
525 2763 720 2816 carnis
763 2761 879 2832 ejus
917 2777 1020 2832 per
1061 2765 1312 2816 mortem.
1373 2759 1550 2824 Quale
1605 2759 1825 2814 donum

167 2853 270 2907 Dei
306 2853 382 2907 sit
412 2867 550 2922 erga
579 2855 807 2922 gentes,
827 2854 1133 2917 memorat,
1153 2855 1216 2904 ut
1248 2849 1514 2904 ostendat
1545 2865 1642 2902 eos
1661 2848 1825 2904 debi~

165 2948 327 2998 tores
378 2957 508 2996 esse
567 2938 817 2994 multum
869 2939 928 2992 in
978 2937 1299 3010 gratiarum
1351 2937 1680 2992 actionibus
1712 2937 1826 2992 Deo

163 3032 270 3101 qui
304 3047 438 3084 cum
473 3027 710 3083 alienati
741 3032 796 3082 et
829 3026 1050 3082 inimici
1099 3043 1386 3093 essemus,
1421 3025 1664 3081 consilio
1697 3043 1824 3096 suo,

159 3137 275 3193 per
306 3118 462 3190 quod
475 3117 727 3172 decrevit
748 3117 984 3171 visitare
1001 3133 1188 3188 genus
1203 3115 1551 3181 humanum,
1573 3115 1826 3170 visitavit

158 3215 219 3265 et
257 3205 652 3262 reconciliavit
682 3206 739 3260 in
774 3221 1012 3276 corpore
1044 3205 1238 3262 Carnis
1267 3205 1396 3274 ejus
1427 3230 1440 3272 ;
1473 3208 1530 3258 et
1562 3203 1690 3260 ideo
1711 3204 1824 3258 ista

153 3297 370 3355 omnia
393 3294 678 3368 praestitit,
716 3312 785 3349 ne
833 3295 962 3364 ejus
993 3293 1340 3348 beneficium
1382 3292 1610 3348 irritum
1644 3293 1820 3348 facia-

162 3404 332 3450 mus,
367 3384 654 3440 etiterum
679 3383 870 3439 simus
892 3382 1140 3447 inimici,
1173 3383 1325 3437 sicut
1356 3383 1820 3454 quondam,cum

157 3479 224 3532 in
266 3473 443 3530 idolis
470 3474 597 3528 etin
614 3471 888 3544 operibus
912 3471 1130 3542 iniquis
1154 3472 1401 3527 fuerant.
1427 3472 1826 3526 Adoraverunt

159 3565 331 3620 enim
366 3579 540 3631 Opera
569 3578 678 3616 sua
707 3577 834 3631 quae
868 3560 1149 3615 fecerunt.
1184 3559 1567 3614 Misericordia
1603 3564 1819 3627 autem,

160 3661 224 3710 et
288 3651 660 3724 providentia
717 3649 812 3704 Dei
845 3649 1144 3720 requisivit
1190 3665 1308 3718 eos,
1343 3654 1406 3702 ut
1436 3648 1688 3720 gratuito
1721 3648 1822 3702 Dei

162 3740 428 3814 gratiam
465 3744 980 3810 consequerentur,
1004 3738 1392 3793 redeuntesad
1426 3754 1559 3793 eum
1593 3736 1652 3791 in
1685 3754 1820 3792 con-

161 3831 425 3886 scientia
455 3828 698 3891 munda,
734 3827 874 3882 utin
907 3828 998 3882 die
1020 3827 1252 3898 judicii,
1277 3828 1416 3881 dum
1451 3825 1821 3882 nihilerroris

157 3919 384 3976 veteris
417 3917 774 3972 inveniretur
803 3916 860 3970 in
885 3916 1540 3988 his,adcorporarentur
1578 3915 1820 3970 creatori

159 4025 297 4075 suo,
334 4006 457 4078 qui,
491 4009 556 4060 ut
605 4004 910 4078 prodesset
941 4005 1198 4058 humano
1230 4003 1446 4076 generi,
1483 4005 1820 4060 incarnatus

156 4098 345 4151 homo
379 4095 566 4150 factus
598 4099 708 4160 est,
743 4097 807 4147 ut
835 4093 894 4148 in
927 4109 1100 4148 carne
1131 4110 1239 4148 sua
1268 4093 1522 4149 vinceret
1553 4098 1817 4148 mortem.

235 4220 510 4276 Exhibere
546 4235 638 4274 vos
684 4223 914 4288 sanctos,
964 4226 1013 4273 et
1042 4219 1445 4282 immaculatos,
1486 4223 1535 4273 et
1585 4220 1819 4289 irrepre-

153 4307 471 4366 hensibiles
500 4324 688 4363 coram
730 4307 866 4378 ipos.
927 4307 1070 4361 Ecce
1127 4307 1185 4360 in
1239 4306 1452 4378 quibus
1504 4306 1821 4362 virtutibus

155 4403 293 4453 vult
319 4413 418 4453 eos
448 4414 577 4453 esse
609 4396 958 4468 conspicuos
989 4394 1253 4468 gentium
1285 4395 1646 4466 praedicator.
1671 4396 1819 4451 San-

157 4485 342 4542 ctitas
374 4486 622 4541 refertur
652 4485 724 4540 ad
749 4483 1072 4539 castitatem
1100 4501 1112 4550 ;
1147 4480 1546 4538 immaculatio
1576 4483 1645 4536 ad
1679 4482 1821 4538 inte-

155 4574 481 4648 gritatem;
542 4571 1140 4642 irreprehensibilitas
1198 4571 1269 4626 ad
1313 4570 1722 4642 prudentiam;
1759 4576 1823 4625 ut

154 4667 370 4720 essent
425 4661 934 4734 irrprehensibiles
979 4662 1036 4717 in
1097 4661 1286 4716 medio
1348 4660 1599 4716 nationis
1637 4677 1822 4731 pravae

153 4759 348 4821 atque
380 4766 680 4820 perversae,
714 4755 772 4805 et
802 4749 1064 4805 lucerent
1093 4749 1245 4804 inter
1274 4765 1373 4804 eos
1415 4765 1587 4820 opere
1639 4748 1823 4803 virtu-

148 4847 316 4906 tum,
355 4838 506 4894 sicut
527 4838 846 4894 luminaria
865 4839 921 4892 in
943 4840 1311 4893 ﬁrmamento
1329 4837 1476 4892 cceli.
1494 4838 1824 4892 Notandum

151 4929 321 5001 quod
354 4927 642 4984 alienatos
680 4945 715 4982 a
746 4933 860 4982 Deo
895 4928 952 4982 in
998 4927 1275 4999 operibus
1309 4925 1481 4981 malis
1513 4926 1826 4997 aliquando

155 5034 295 5074 esse
329 5017 566 5088 dixerit,
603 5033 720 5071 non
747 5019 873 5086 jam
906 5022 1046 5072 tunc
1105 5017 1339 5088 quando
1371 5015 1484 5070 ista
1513 5016 1825 5070 scribebat.

240 5135 304 5188 Si
332 5137 521 5188 tamen
562 5134 905 5204 permanetis
944 5134 1004 5187 in
1033 5133 1138 5201 [ide
1193 5132 1434 5202 fundati,
1479 5140 1532 5185 et
1587 5131 1827 5197 stabiles,

163 5227 220 5278 et
251 5222 582 5276 immobiles.
630 5220 703 5276 Ut
735 5221 951 5276 scirent
983 5227 1120 5276 tunc
1152 5222 1429 5292 prodesse
1463 5219 1574 5274 sibi
1608 5217 1830 5289 passio-

165 5328 304 5366 nem
337 5310 582 5380 Christi,
635 5310 683 5365 si
718 5310 777 5363 in
811 5315 1041 5382 accepta
1076 5310 1188 5364 fide
1231 5313 1534 5365 manerent
1562 5324 1574 5363 :
1608 5312 1663 5362 et
1694 5311 1833 5361 tunc

161 5399 536 5455 immaculati
554 5400 784 5468 tierent,
809 5398 856 5452 si
878 5397 1008 5454 illos
1026 5399 1333 5454 hominum
1354 5414 1526 5468 prava
1548 5396 1830 5465 doctrina,

203 5576 217 5588 ο
240 5507 426 5590 (1]52ᾷ)
459 5503 638 5590 Vulg.
671 5520 770 5574 ego
799 5506 1006 5561 Paulus
1035 5508 1304 5573 minister,
1360 5508 1418 5560 et
1446 5503 1530 5586 sic
1573 5502 1633 5558 in
1664 5505 1833 5558 caste-

164 5578 255 5638 ris
284 5578 668 5638 lectionibus.

464 5705 738 5764 Ps'rsuc.
796 5700 1108 5766 CXXXIV.

1935 517 2210 585 Apostolo
2237 520 2565 586 audierant,
2598 523 2796 575 futura
2826 523 3126 580 crederent

2007 607 2040 657 A
2075 621 2171 671 spe
2208 609 2514 675 Evangelii,
2575 609 2714 679 quod
2744 609 3001 664 audistis.
3059 613 3231 682 Spem
3270 613 3578 685 Evangelii,

1938 692 2046 746 nisi
2084 694 2179 764 qui
2215 697 2540 751 secundum
2574 699 2766 768 ipsum
2800 699 3016 764 vivunt,
3052 699 3263 755 habere
3295 719 3409 756 non
3443 719 3576 773 pos-

1935 789 2108 835 sunt:
2165 786 2489 839 secundum
2549 787 2700 856 quod
2760 787 2870 841 alio
2925 787 3045 842 loco
3080 789 3231 843 idem
3267 790 3581 860 Apostolus

1934 870 2073 924 dicit
2115 889 2126 925 :
2181 873 2242 926 Si
2296 877 2446 928 enim
2498 877 2854 946 complantati
2892 879 3162 947 luerim-us
3219 880 3582 935 similitudini

1933 962 2120 1014 mortis
2144 963 2283 1031 ejus,
2306 965 2540 1018 simulet
2566 967 2980 1020 resurrectionis
3002 967 3390 1037 erimus(Rom.
3408 969 3575 1038 vx,5).

2008 1049 2157 1113 Quod
2207 1051 2577 1120 praedicatum
2629 1063 2706 1108 est
2762 1056 2820 1107 in.
2854 1056 3108 1108 universa
3147 1065 3418 1122 creatura,
3453 1072 3579 1127 qua?

1930 1137 2028 1189 sub
2057 1138 2190 1190 cale
2247 1143 2340 1192 est.
2371 1140 2573 1195 Omnis
2631 1147 2906 1195 creatura:
2958 1144 3192 1197 nomine
3251 1150 3457 1215 potest,
3523 1150 3579 1200 et

1934 1225 2106 1278 debet
2137 1225 2328 1280 omnis
2361 1228 2518 1282 natio
2551 1229 2813 1299 gentium
2871 1230 3184 1300 designari.
3244 1237 3389 1287 Ante
3420 1233 3576 1287 enim

1933 1313 2155 1367 dictum
2190 1316 2376 1370 fuerat
2398 1333 2431 1370 a
2453 1316 2692 1370 Domino
2724 1318 3025 1388 apostolis,
3043 1336 3113 1373 ne
3132 1320 3187 1373 in
3208 1320 3299 1374 via
3316 1321 3578 1390 gentium

1931 1400 2084 1456 irent
2118 1403 2334 1471 (Matth.
2370 1423 2427 1470 x,
2460 1406 2535 1473 ὗ).
2572 1405 2776 1459 Postea
2808 1423 2938 1460 vero
2961 1408 3201 1477 jussum
3231 1413 3318 1461 est
3350 1414 3413 1462 ut
3442 1426 3582 1480 prle-

1933 1491 2195 1545 dicarcnt
2225 1491 2602 1565 Evangelium
2636 1494 2794 1547 omni
2829 1500 3103 1549 creatura:
3137 1499 3304 1563 (Mac.
3339 1499 3578 1567 xv:,15).

2003 1580 2168 1649 Cujus
2227 1582 2404 1650 [actus
2459 1598 2582 1635 sum
2626 1598 2719 1650 ego
2779 1584 3053 1652 Apostolus
3083 1585 3289 1652 (1228),
3326 1592 3376 1639 et
3405 1585 3583 1639 mini-

1929 1669 2058 1730 ster,
2119 1670 2220 1738 qui
2275 1685 2422 1722 nunc
2477 1671 2682 1738 gaudeo
2742 1672 2802 1723 in
2859 1671 3207 1741 passionibus
3261 1688 3358 1742 pro
3414 1673 3580 1728 vobis.

1935 1757 1992 1808 in
2031 1755 2528 1827 tribulationibus,
2589 1776 2735 1829 quas
2798 1760 3150 1829 patiebatur,
3209 1760 3465 1814 exultare
3521 1776 3582 1816 se

1936 1844 2166 1911 fatetur,
2201 1845 2338 1916 quia
2369 1848 2693 1917 profectum
2727 1864 2900 1901 suum
2934 1848 3087 1902 videt
3115 1848 3169 1902 in
3196 1850 3306 1902 fide
3336 1850 3580 1904 creden-

1935 1932 2105 1986 tium.
2139 1933 2262 1986 Non
2287 1939 2373 1988 est
2404 1934 2560 1988 enim
2587 1935 2778 1989 inanis
2803 1934 3123 2004 tribulatio,
3157 1937 3390 2005 quando
3421 1953 3577 2003 cum,

1932 2037 2035 2091 pro
2066 2037 2179 2091 quo
2210 2024 2446 2092 patitur,
2475 2022 2726 2092 acquirit
2755 2023 2827 2076 ad
2858 2023 3055 2082 vitam.
3091 2025 3244 2088 Quas
3280 2026 3580 2094 passiones

1931 2109 2160 2164 Christo
2182 2109 2322 2165 dicit
2350 2109 2570 2178 inferri,
2606 2113 2773 2180 cujus
2799 2112 2999 2182 utique
3030 2113 3354 2167 doctrinam
3386 2129 3580 2184 perse-

1934 2202 2212 2266 quuntur,
2268 2202 2329 2250 ut
2362 2199 2612 2268 perfidos
2644 2203 2841 2268 gravet
2870 2199 3187 2270 impietatis
3224 2218 3344 2254 suae
3397 2203 3580 2271 (1259)

1935 2283 2296 2348 crudelitate,
2331 2292 2386 2340 et
2433 2286 2700 2341 fidelibus
2759 2287 2854 2340 Dei
2901 2287 3169 2358 prmdicet
3214 2288 3578 2354 charitatem,

1935 2375 2103 2442 cujus
2137 2374 2317 2428 Filius
2349 2392 2500 2428 nunc
2534 2375 2983 2446 usqueiujurias
3007 2377 3226 2446 patitur
3249 2394 3352 2448 pro
3387 2378 3573 2432 nobis.

2008 2466 2080 2516 lc't
2111 2463 2378 2533 adimplco
2407 2481 2490 2530 ea,
2541 2480 2664 2534 qua!
2710 2464 2906 2518 desunt
2933 2468 3257 2535 passionum
3291 2466 3493 2520 Christi
3525 2468 3584 2520 in

1934 2569 2102 2605 carne
2161 2568 2299 2618 mea,
2355 2568 2454 2621 pro
2512 2569 2738 2623 corpore
2793 2556 2930 2622 ejus,
2991 2554 3130 2624 quod
3185 2559 3259 2608 est
3319 2556 3580 2608 Ecclesia.

1935 2642 2004 2694 Et
2030 2646 2117 2695 est
2149 2657 2395 2696 sensus:
2429 2641 2700 2696 Christus
2733 2659 2765 2696 a
2789 2641 2928 2697 solis
2958 2642 3178 2698 Judmis
3204 2643 3493 2697 adductus
3511 2644 3581 2697 ad

1938 2735 2183 2784 mortem
2217 2735 2305 2784 est
2338 2747 2350 2796 ;
2383 2746 2487 2800 ego
2521 2747 2621 2801 pro
2657 2730 2911 2786 Ecclesia
2942 2732 3090 2801 ejus,
3124 2736 3180 2786 et
3212 2749 3244 2786 a
3271 2732 3509 2802 Judaeis,
3528 2737 3586 2788 et

1937 2835 1970 2872 a
2001 2818 2294 2888 gentibus.
2329 2818 2595 2872 Christus
2630 2819 2926 2874 inchoavit
2955 2821 3309 2892 passionem,
3333 2839 3446 2877 non
3474 2822 3584 2876 im-

1936 2907 2152 2978 plevit;
2188 2907 2286 2961 sed
2319 2907 2377 2961 in
2413 2923 2652 2978 corpore
2674 2925 2800 2977 suo,
2836 2909 2891 2962 id
2926 2913 3034 2976 est,
3069 2910 3124 2963 in
3159 2909 3583 2965 Ecclesianunc

1937 2995 2310 3067 adimpletur,
2343 2996 2483 3050 dum
2504 3013 2607 3068 pro
2627 2997 2790 3052 vobis
2818 2998 3092 3068 patimur,
3123 3003 3185 3052 ut
3214 3016 3314 3053 vos
3337 3000 3582 3055 aedifice-

1939 3101 2096 3150 mus,
2128 3085 2280 3139 sicut
2311 3088 2368 3139 et
2397 3084 2514 3151 ille,
2548 3086 2647 3155 qui
2685 3086 2840 3156 prior
2866 3104 3075 3158 passus
3109 3092 3215 3152 est,
3249 3087 3585 3158 relinquens

1858 3159 1901 3224 (ἶ
1939 3174 2108 3229 nobis
2139 3173 2490 3244 exemplum,
2527 3180 2591 3228 ut
2622 3191 2939 3244 sequamur
2967 3175 3210 3246 vestigia
3241 3177 3387 3244 ejus.

2006 3262 2168 3330 Cujus
2198 3263 2376 3332 fact-us
2420 3279 2540 3315 sum
2571 3277 2666 3332 ego
2686 3263 2944 3316 minister
2969 3264 3261 3317 secundum
3285 3264 3584 3333 dispensa-

1934 3354 2135 3406 tionem
2166 3352 2281 3418 Dei,
2315 3367 2385 3420 qu
2410 3367 2454 3404 EB
2485 3351 2616 3405 data
2647 3355 2723 3404 est
2754 3351 2900 3404 milii
2928 3353 2985 3404 in
3030 3351 3194 3405 vobis.
3245 3351 3580 3407 Ministrum

1935 3442 2153 3495 factum
2189 3456 2316 3494 esse
2377 3455 2436 3494 se
2467 3437 2762 3509 Evangelii
2804 3439 2956 3493 inter
3013 3444 3213 3510 gentes
3273 3457 3306 3494 a
3338 3438 3452 3494 Deo
3483 3456 3586 3510 per

1875 3545 1880 3550 '
1935 3529 2231 3584 Christum
2268 3545 2398 3582 cum
2442 3527 2654 3582 fiducia
2685 3527 2966 3598 loquitur,
3002 3533 3063 3582 ut
3093 3528 3436 3599 mysterium
3468 3545 3580 3582 ca:-

1935 3624 2100 3690 ptum
2134 3635 2166 3672 a
2198 3617 2464 3683 Domino,
2526 3633 2628 3688 per
2681 3616 2955 3672 idoneum
3013 3618 3308 3673 efficacem
3343 3634 3577 3672 servum

1935 3705 2382 3779 possitimpleri,
2403 3706 2556 3776 quod
2580 3705 2845 3777 ignotum
2864 3707 2972 3761 fuit
3003 3725 3036 3762 a
3062 3707 3307 3762 saeculis.
3326 3705 3578 3761 Etmini-

1933 3802 2120 3852 strum
2153 3813 2214 3851 se
2246 3795 2393 3850 sacri
2427 3795 2720 3867 Evangelii
2755 3797 2970 3850 factum
2987 3797 3144 3867 dicit,
3172 3785 3285 3852 non
3318 3795 3575 3868 qualem-

1931 3902 2184 3958 cunque,
2215 3886 2314 3940 sed
2337 3885 2407 3940 de
2421 3884 2639 3956 quibus
2665 3884 2943 3939 Dominus
2961 3885 3181 3941 dixerat
3207 3887 3576 3955 :Quis,putas,

1929 3980 2006 4031 est
2038 3975 2214 4045 ﬁdelis
2242 3989 2449 4041 servus,
2475 3982 2526 4028 et
2541 3973 2802 4044 prudens,
2826 3991 2986 4042 quem
3002 3975 3281 4030 constituit
3313 3975 3577 4029 Dominus

1929 4080 2093 4136 super
2122 4064 2401 4133 familiam
2427 4078 2602 4130 suam,
2636 4067 2696 4115 ut
2751 4061 2838 4116 det.
2871 4063 2984 4117 illis
3035 4065 3089 4116 in
3123 4072 3363 4131 tempore
3394 4064 3575 4117 tritici

1929 4168 2244 4208 mensuram
2269 4151 2403 4218 (Luc
2432 4168 2528 4216 xu,
2565 4150 2672 4220 42).
2709 4150 2776 4204 Et
2809 4152 3132 4205 notandum
3166 4151 3320 4223 quod
3347 4149 3570 4206 occulte

1931 4239 2208 4313 suggillet
2237 4255 2354 4308 eos,
2388 4238 2568 4307 quiex
2599 4237 3041 4293 circumcisione
3071 4239 3401 4304 veniebant,
3427 4255 3574 4309 quos

1930 4329 2211 4386 Dominus
2243 4328 2311 4382 ad
2349 4327 2454 4380 hoc
2485 4343 2598 4380 non
2632 4325 2882 4398 elegerat
2913 4343 3079 4398 opus.
3117 4328 3226 4382 Sed
3261 4326 3372 4398 ipsi
3409 4331 3576 4398 turpe

1929 4421 2157 4475 lucrum
2190 4422 2476 4473 sectantes
2507 4415 2732 4470 Christo
2763 4415 3009 4470 Domino
3060 4433 3175 4470 non
3225 4415 3575 4481 serviebant,

1860 4521 1901 4586 D
1938 4510 2037 4566 sed
2071 4525 2176 4563 suo
2231 4506 2438 4572 ventri,
2491 4509 2548 4560 et
2598 4521 2699 4576 per
2730 4504 2927 4560 dulces
2957 4521 3278 4571 sermones,
3311 4509 3367 4559 et
3398 4503 3576 4559 falsas

1932 4597 2364 4655 benedictiones
2396 4594 2797 4665 pervertebant
2827 4594 3002 4648 corda
3032 4592 3450 4648 innocentium.

2008 4689 2070 4743 Ut
2092 4686 2351 4756 impleam
2378 4683 2611 4737 verbum
2643 4683 2756 4738 Dei.
2779 4683 2838 4736 In
2884 4682 2994 4738 isto
3026 4683 3199 4737 verbo
3231 4681 3418 4736 multa
3449 4698 3578 4752 pro-

1936 4776 2162 4849 phetica
2192 4774 2566 4829 continentur
2593 4773 2767 4826 verba
2797 4772 2868 4826 de
2899 4773 3196 4827 vocatione
3223 4771 3504 4842 gentium,
3526 4777 3583 4826 et

1936 4863 2338 4936 reprobatione
2371 4860 2566 4932 populi
2588 4860 2946 4930 Judieorum,
2981 4866 3043 4915 ut
3067 4865 3155 4916 est
3186 4861 3368 4915 illud:
3404 4860 3583 4915 Remi~

1937 4955 2237 5017 niseentur,
2271 4961 2320 5005 et
2349 4953 2725 5004 convertentur
2758 4949 2827 5002 ad
2855 4951 3144 5004 Dominum
3175 4952 3422 5004 universi
3448 4951 3584 5019 ﬁnes

1937 5052 2124 5106 terras,
2185 5044 2236 5094 et
2290 5039 2593 5092 adorabunt
2650 5054 2776 5092 eum
2827 5053 3012 5092 omnes
3068 5041 3306 5109 familias
3334 5040 3583 5108 gentium

1943 5131 2111 5200 (Psal.
2136 5146 2250 5194 xxr,
2285 5127 2318 5180 2
2339 5127 2395 5194 ὲ).
2433 5126 2606 5179 Vobis
2639 5126 2794 5179 enim
2819 5127 3207 5192 credentibus,
3232 5129 3470 5182 verbum
3491 5127 3584 5180 Dei

1942 5217 2238 5290 impletur,
2259 5213 2492 5284 quando
2509 5213 2844 5284 prophetica
2870 5214 3022 5268 dicta
3036 5214 3276 5286 impleta
3295 5215 3585 5271 videntur.

1945 5307 2106 5362 Unde
2137 5309 2193 5358 et
2214 5305 2512 5371 sequ1tur:

2019 5393 2357 5462 Mysterium,
2391 5387 2530 5456 quod
2569 5389 2944 5443 absconditum
3013 5391 3127 5461 fuit
3185 5410 3219 5446 α
3274 5393 3495 5450 smculis
3542 5395 3592 5446 et

2019 5495 2206 5570 (1229)
2235 5491 2602 5562 Ambrosius,
2632 5491 2752 5548 sive
2781 5494 3212 5551 Ambrosiaster
3238 5499 3587 5556 credulitate.

3241 5693 3324 5766 20
