3978 6210
398 369 515 428 619

1426 365 1759 424 ΑΊἽὈΝΙΞ
1807 364 2388 422 VERCELLI‘ZNSIS
2436 361 2783 422 EPISCOI‘I

3691 365 3822 422 620

395 499 852 574 generationibus.
871 496 1364 552 Considerandum
1385 498 1538 566 quod
1574 496 1915 568 mysterium
1947 512 2042 549 νο·
2074 499 2126 564 Α
2157 495 2215 547 in
2238 493 2650 563 virtute.Cujus
2682 493 2761 547 rei
2787 498 3080 548 certamen
3104 497 3306 548 contra
3328 493 3579 564 perﬁdos
3597 493 3825 549 habere

395 590 642 647 cationis
657 589 920 658 gentium
937 603 1051 640 non
1069 585 1594 655 dixeritApostolus
1613 585 1905 640 occultum
1921 599 2048 638 esse

401 679 537 733 ﬁliis
570 677 684 740 Dei,
710 676 765 728 id
786 681 893 740 est,
921 673 1264 744 patriarchis
1293 681 1348 726 et
1378 674 1677 744 prophetis
1702 675 1800 728 sed
1820 672 2049 728 saeculis

400 771 455 822 et
482 762 971 838 generationibus,
993 762 1047 815 id
1081 767 1190 828 est,
1222 761 1589 832 philosophis
1613 760 2050 833 etsapientibus

402 855 627 910 mundi.
662 853 805 906 Nam
840 850 1024 905 sancti
1060 851 1352 920 prephetae
1387 851 1531 904 bene
1565 867 1630 904 ea
1660 854 1966 914 noverunt,
1998 852 2053 902 et

401 944 459 997 in
490 942 657 996 nobis
703 940 1002 1010 implenda
1040 939 1449 1010 praedixerunt.
1489 938 1647 992 Unde
1679 943 1735 993 et
1765 936 2049 1008 sequitur.

474 1031 628 1084 Nunc
643 1032 822 1082 autem
845 1031 1203 1096 manifestum
1227 1038 1304 1082 est
1324 1029 1532 1082 sanctis
1557 1029 1695 1098 ejus.
1740 1027 1862 1080 Non
1895 1026 2052 1080 enim

411 1118 647 1188 quando
681 1115 931 1187 apostoli
965 1117 1034 1170 ad
1059 1120 1260 1185 gentes
1281 1122 1578 1179 venerunt,
1600 1114 2054 1185 sedillievangeo

403 1206 628 1260 lizando
660 1204 844 1260 eil'ecti
872 1209 1012 1258 sunt
1041 1204 1254 1258 sancti.
1291 1204 1362 1258 Ut
1383 1209 1470 1257 est
1491 1204 1630 1258 illud
1659 1204 1712 1257 in
1751 1202 2054 1273 Evangelio

405 1299 491 1364 (II,
522 1297 615 1362 52)
665 1294 989 1348 secundum
1022 1293 1305 1347 Joannem
1337 1310 1348 1346 :
1387 1293 1525 1359 Quia
1571 1294 1725 1347 Jesus
1755 1293 2058 1346 moritur-us

408 1386 533 1439 erat
560 1398 658 1453 pro
691 1390 871 1450 gente,
903 1390 954 1436 et
986 1397 1097 1435 non
1128 1387 1342 1435 tantum
1361 1397 1466 1451 pro
1492 1385 1668 1451 gente,
1699 1382 1800 1436 sed
1828 1390 1886 1434 ut
1912 1380 2059 1449 ﬁlios

409 1474 533 1543 Dei,
584 1471 681 1544 qui
736 1478 892 1525 erant
947 1470 1205 1541 dispersi,
1255 1478 1603 1540 congregaret
1635 1472 1694 1524 in
1723 1487 1913 1524 unum.
1946 1469 2061 1522 Nec

411 1562 554 1616 dum
569 1564 733 1615 erant
747 1558 848 1612 ﬁlii
864 1558 985 1626 Dei,
1001 1558 1113 1613 nisi
1127 1558 1184 1612 in
1200 1558 1834 1629 praedestinatione,sed
1857 1557 2062 1612 unicus

412 1649 515 1705 Dei
544 1648 723 1703 Filius
756 1664 860 1719 pro
889 1647 971 1702 eis
1003 1664 1233 1718 passus,
1254 1665 1321 1702 ex
1345 1646 1588 1702 ﬁliisirae
1611 1647 1740 1702 fecit
1761 1646 1907 1701 ﬁlios
1927 1647 2061 1700 ado-

411 1738 629 1809 ptionis
661 1753 762 1808 pro
795 1737 1007 1807 quibus
1052 1740 1109 1790 et
1137 1737 1421 1807 adjungit.

486 1827 694 1896 Quibut
722 1827 892 1879 votuit
925 1825 1058 1878 Deus
1099 1829 1253 1879 notas
1281 1827 1462 1893 ﬁwere
1490 1824 1712 1878 divitias
1730 1825 1929 1894 gloriae
1973 1841 2061 1878 sa-

415 1916 690 1970 cramenti
719 1914 880 1984 hujus
903 1915 957 1966 in
979 1913 1249 1983 gentibus,
1272 1912 1412 1984 quod
1442 1918 1521 1968 est
1537 1913 1782 1968 Christus
1812 1914 1870 1967 in
1897 1915 2065 1968 vobis.

421 2004 756 2075 Mysterium
804 2003 958 2072 quod
991 2003 1161 2057 latuit
1189 2019 1222 2055 a
1251 2001 1504 2069 saeculis,
1546 2004 1717 2057 modo
1751 2001 2068 2057 revelatum

426 2093 652 2160 asserit,
685 2091 744 2146 id
774 2097 880 2157 est,
902 2097 1159 2162 tempore
1182 2091 1575 2162 apostolorum
1599 2091 2070 2162 ostensum,quia

423 2188 481 2237 et
509 2185 713 2253 gentes
731 2181 1106 2234 admittenda:
1132 2186 1330 2235 essent
1352 2182 1475 2234 sine
1493 2179 1938 2235 circumcisione
1951 2195 2069 2234 car-

422 2271 515 2324 nis
546 2271 616 2324 ad
669 2270 843 2323 ﬁdem
886 2269 1124 2336 Christi,
1180 2270 1278 2339 qui
1314 2269 1636 2340 promissus
1679 2272 1803 2323 erat
1830 2268 2064 2322 Judznis.

421 2358 591 2412 Prius
604 2357 759 2412 enim
775 2362 907 2411 ante
921 2357 1388 2427 prazdicationem
1405 2358 1533 2411 fidei
1556 2356 1891 2411 circumcidi
1911 2373 2070 2410 man-

423 2447 626 2500 datum
659 2450 748 2500 est
778 2444 1445 2516 gentiles,sivoluissent
1468 2446 1539 2500 ad
1563 2444 1749 2517 legem
1774 2447 2065 2500 accedere.

422 2535 586 2589 Nunc
633 2538 828 2588 autem
859 2534 1260 2588 misericordia
1294 2534 1408 2597 Dei,
1443 2535 1522 2588 ita
1569 2541 1629 2588 ut
1659 2539 1816 2599 sunt,
1850 2534 2068 2606 suscipi

415 2623 571 2694 jussi
603 2626 742 2676 sunt
773 2622 842 2676 ad
877 2622 1074 2676 ﬁdem.
1109 2623 1269 2685 Quod
1295 2623 1604 2692 indignum
1636 2623 2068 2694 putabaturJu-

426 2711 586 2777 daeis,
620 2715 685 2764 ut
710 2710 998 2776 Christus,
1024 2711 1080 2762 in
1101 2727 1216 2781 quo
1233 2728 1366 2782 spes
1379 2712 1874 2778 eratJudaaorum,
1893 2712 2067 2766 etiam

428 2806 632 2873 gentes
664 2799 978 2870 participes
1006 2799 1218 2853 faceret
1246 2801 1442 2871 gloria:
1475 2818 1612 2855 suas.

500 2890 630 2961 Spes
650 2890 864 2960 gloria},
910 2904 1065 2958 quem
1103 2905 1200 2943 nos
1251 2892 1669 2945 annuntiamus.
1702 2891 1845 2962 Spes
1876 2889 2070 2962 gloria;

427 2979 694 3035 Christus
707 2977 1046 3049 dicitur,pro
1065 2995 1128 3034 eo
1143 2979 1295 3050 quod
1310 2995 1556 3050 pereum
1575 2978 1819 3052 gloriam
1837 2981 2074 3051 adeptu-

427 3069 476 3125 ri
490 3069 916 3124 sintcredentes
931 3068 987 3122 in
1001 3068 1527 3140 eum.Corripientes
1539 3085 1756 3124 onmem
1768 3070 2069 3136 hominem,

428 3167 481 3215 et
511 3159 754 3214 docentes
782 3173 996 3212 omnem
1025 3157 1296 3212 hominem
1330 3161 1387 3212 in
1419 3160 1570 3212 omni
1599 3161 1867 3229 sapentia,
1889 3164 1949 3212 ut
1981 3174 2074 3213 ex-

2158 600 2218 636 se
2250 582 2528 652 loquitur,
2550 582 2964 652 adjuvantibus
2980 582 3164 654 signis
3181 583 3557 648 virtutum,ut
3577 599 3680 653 per
3695 583 3824 638 haec

2159 669 2308 724 victa
2341 670 2657 725 inﬁdelitas
2679 670 3237 741 comprimatur.Qui
3267 672 3421 726 enim
3455 671 3650 726 verbis
3680 673 3828 728 sub-

2159 757 2370 812 tilitate
2405 759 2656 829 quadam
2689 759 2987 814 diabolica:
3049 760 3316 815 versutia:
3347 777 3528 815 ausus
3564 764 3654 816 est
3677 777 3827 816 con-

2162 845 2465 915 tradicere,
2502 848 2722 918 pudore
2763 853 3063 920 correptus
3113 865 3350 904 necesse
3380 855 3470 904 est
3503 850 3671 904 cedat
3701 849 3829 904 vir-

2163 936 2291 989 tuti.
2326 937 2394 989 Et
2426 953 2494 989 ne
2526 936 2794 1007 ingratus
2835 937 3041 991 divina;
3073 937 3273 1008 gratiae
3307 937 3578 994 existeret
3606 939 3825 1010 praedi-

2164 1029 2343 1093 cator,
2393 1025 2681 1096 quidquid
2733 1043 2914 1096 supra
2967 1027 3037 1080 de
3069 1043 3130 1081 se
3160 1027 3328 1092 dixit,
3362 1027 3534 1082 modo
3575 1028 3644 1081 ad
3681 1044 3826 1082 eum

2164 1113 2381 1176 retulit,
2417 1131 2449 1168 a
2507 1132 2620 1185 quo
2683 1115 2923 1187 accepit,
2985 1116 3252 1184 dicendo,
3298 1116 3592 1172 secundum
3633 1132 3833 1188 opera-

2165 1204 2372 1256 tionem
2403 1204 2538 1272 ejus.
2600 1202 2789 1273 Usque
2836 1221 2988 1258 nunc
3020 1203 3412 1259 communiter
3441 1205 3514 1259 de
3542 1205 3832 1260 omnibus

2167 1291 2694 1360 disputavit:modo
2709 1296 2904 1347 tamen
2920 1291 3513 1364 ipsisColossensibus
3535 1293 3829 1366 loquitur,

2168 1383 2224 1433 et
2253 1379 2432 1433 dicit:

2241 1469 2390 1537 (ΟΑΡ.
2417 1467 2511 1537 ΙΙ.)
2564 1469 2684 1523 Volo
2742 1470 2888 1524 enim
2940 1485 3030 1525 vos
3085 1473 3227 1526 scire
3281 1472 3504 1542 qualem
3555 1472 3837 1528 sollicitu-

2170 1556 2355 1610 dinem
2409 1555 2637 1610 habeam
2689 1573 2793 1628 pro
2823 1558 2994 1624 vobis,
3055 1567 3105 1614 et
3128 1575 3230 1629 pro
3251 1560 3359 1625 his,
3392 1561 3490 1632 qui
3517 1565 3647 1616 sunt
3678 1562 3834 1617 Lao-

2171 1644 2353 1713 dieiw,
2386 1645 2565 1713 (1230)
2597 1649 2646 1699 et
2676 1647 2988 1718 quicunque
3007 1664 3116 1702 non
3138 1648 3393 1704 viderunt
3419 1651 3616 1720 faciem
3648 1665 3836 1706 meam

2174 1749 2233 1786 in.
2251 1749 2434 1799 carne,
2458 1741 2517 1788 ut
2533 1735 2879 1788 consolentur
2898 1736 3073 1791 corda
3096 1738 3358 1806 ipsorum.
3394 1738 3520 1794 Non
3547 1754 3608 1794 se
3630 1738 3834 1794 minus

2176 1820 2489 1876 sollicitum
2516 1839 2616 1893 pro
2667 1821 2778 1892 bis,
2814 1841 2961 1894 quos
2992 1825 3050 1878 in
3082 1841 3254 1880 carne
3289 1826 3532 1881 minime
3582 1827 3832 1898 viderat,

2178 1927 2353 1980 quam
2407 1911 2474 1964 de
2522 1909 2638 1965 illis
2682 1916 2823 1978 erat,
2877 1912 3092 1983 quibus
3146 1930 3406 1984 praesens
3449 1916 3831 1987 praedicabat,

2174 2003 2442 2065 testatur,
2478 2003 2540 2053 ut
2569 1999 2783 2054 scirent
2814 2017 2927 2055 non
2979 2002 3188 2057 minori
3221 2004 3428 2058 atfectu
3459 2003 3620 2076 diligi
3653 2021 3717 2059 se
3749 2006 3834 2060 ab

2177 2104 2263 2154 eo,
2297 2087 2435 2158 quia
2463 2105 2562 2143 eos
2592 2105 2705 2142 non
2732 2089 2974 2156 viderat,
3001 2107 3179 2161 quam
3203 2096 3459 2159 caeteros,
3483 2092 3638 2164 apud
3671 2110 3836 2164 quos

2177 2180 2322 2243 erat,
2337 2177 2707 2248 diligebat,ut
2729 2179 2944 2235 foveret
2964 2180 3193 2235 animos
3210 2197 3408 2236 eorum
3435 2182 3492 2236 in
3515 2181 3835 2249 charitate,

2177 2269 2233 2318 et
2264 2265 2515 2336 prompti
2547 2266 2751 2321 ﬁerent
2780 2283 2881 2337 per
2923 2267 3230 2338 epistolam
3267 2269 3622 2342 agnitionem
3673 2270 3836 2325 acci-

2176 2369 2310 2422 pere
2341 2354 2688 2409 sacramenti
2720 2355 2891 2410 Deiin
2924 2356 3176 2412 Christo.
3205 2358 3351 2412 Cum
3379 2359 3537 2414 enim
3575 2374 3835 2414 comme-

2179 2448 2467 2498 morasset
2487 2448 2543 2499 et
2568 2445 3039 2501 commendasset
3058 2446 3370 2518 Apostolus
3389 2453 3678 2518 quantum
3709 2464 3836 2503 cer-

2176 2536 2371 2586 tamen
2431 2549 2532 2603 pro
2589 2533 2674 2588 eis
2706 2533 2964 2603 haberet,
3010 2539 3065 2589 et
3117 2553 3220 2607 pro
3268 2537 3358 2592 bis
3417 2537 3519 2609 qui
3548 2536 3836 2592 Laodicia

2179 2621 2360 2690 (1231)
2395 2621 2639 2690 fuerant,
2675 2626 2731 2676 et
2783 2623 3120 2694 quicunque
3172 2641 3286 2679 non
3320 2625 3588 2680 viderant
3618 2624 3830 2680 faciem

2179 2709 2306 2778 ejus
2338 2709 2396 2762 in
2429 2725 2622 2776 carne,
2655 2715 2720 2764 ut
2750 2711 3024 2767 cordibus
3045 2713 3509 2781 consolarentur,
3535 2713 3832 2785 adjunxit.

2249 2800 2515 2852 Instructi
2559 2800 2617 2852 in
2648 2799 2928 2867 eharitate,
2961 2809 3012 2855 et
3044 2804 3104 2856 in
3133 2817 3318 2857 omnes
3341 2802 3564 2858 divitias
3588 2804 3836 2874 pienitu-

2179 2885 2326 2940 dinis
2355 2888 2685 2954 intellectus,
2743 2890 2803 2942 in
2832 2891 3179 2962 agnitionem
3207 2893 3463 2963 mysterii
3496 2892 3591 2947 Dei
3616 2892 3831 2961 Patris,

2179 2983 2232 3030 et
2263 2975 2467 3030 Christi
2489 2977 2634 3031 Jesu.
2669 2978 3043 3034 Advertentes
3101 2979 3207 3036 has
3239 2997 3367 3036 esse
3422 2979 3743 3052 sapientiae,
3775 2984 3838 3035 et

2181 3064 2432 3119 scientia:
2465 3065 2720 3132 divitias,
2747 3070 2794 3121 si
2821 3072 3173 3139 agnoscatur
3198 3068 3467 3125 Christus
3497 3070 3554 3124 in
3597 3068 3840 3125 deitatis

2182 3170 2299 3207 suae
2332 3152 2692 3224 plenitudine
2724 3156 3466 3230 adorandus.0mneigitur
3487 3156 3834 3230 mysterium

429 3248 710 3303 hibeamus
741 3263 955 3302 omnem
976 3246 1250 3302 hominem
1264 3249 1569 3318 perfectum
1593 3250 1648 3301 in
1683 3248 1893 3303 Christo
1924 3251 2070 3314 Iesu,
2103 3233 2146 3299 C
2187 3243 2641 3298 sacramentiDei
2672 3243 2728 3298 in
2755 3245 2984 3301 Christo
3008 3251 3116 3301 est.
3150 3247 3255 3302 Hic
3283 3252 3370 3302 est
3402 3245 3558 3302 enim
3590 3245 3837 3314 unus,in

425 3337 485 3393 id
503 3337 885 3404 est,Judzeum
899 3340 956 3390 et
971 3335 1494 3404 Graecum,servum
1517 3337 1831 3391 etliberum
1851 3355 1862 3400 ;
1885 3354 1986 3408 pro
2005 3354 2071 3392 eo

429 3427 583 3498 quod
601 3443 714 3481 non
733 3431 822 3481 est
838 3442 1221 3496 personarum
1239 3427 1494 3497 acceptio
1512 3425 2069 3498 apudDeum(Ephes.

429 3516 581 3586 v1,9)
601 3532 614 3570 :
634 3515 725 3570 sed
757 3517 812 3569 in
847 3517 998 3569 omni
1027 3523 1200 3582 gente,
1225 3517 1320 3584 qui
1347 3516 1544 3569 timent
1565 3517 1862 3570 Dominum
1881 3521 2071 3586 etope-

429 3613 630 3660 rantur
652 3605 952 3673 justitiam,
987 3606 1270 3674 acceptum
1298 3609 1372 3658 est
1405 3605 1499 3659 illi
1528 3605 1660 3675 (Act.
1695 3622 1749 3665 x,
1782 3607 1893 3675 35).
1915 3605 2073 3659 Hanc

433 3694 610 3749 enim.
640 3693 780 3747 dicit
808 3709 1001 3747 veram
1019 3709 1146 3748 esse
1161 3693 1530 3763 sapientiam,
1564 3711 1689 3765 quae
1704 3700 1794 3749 est
1825 3695 1880 3748 in
1897 3694 2073 3748 disci-

433 3781 596 3854 plina
626 3781 948 3846 Dominica,
981 3797 1113 3835 cum
1146 3783 1481 3854 agnoscitur
1510 3781 1797 3838 Christus.
1823 3783 1983 3847 Quod
2016 3798 2077 3836 se

433 3872 629 3943 ipsum
667 3869 976 3941 Apostolus
999 3887 1354 3942 magnacum
1389 3888 1528 3926 cura
1558 3888 1726 3944 agere
1753 3874 2080 3926 testaturut

434 3961 709 4016 erudiens
727 3975 956 4014 omnem
983 3959 1280 4014 hominem
1297 3961 1354 4014 in
1389 3960 1494 4014 hac
1513 3960 2078 4032 sapientiaconsum-

435 4054 660 4105 matum
693 4066 826 4104 eum
859 4049 1124 4104 exhibeat
1153 4050 1268 4105 Deo
1301 4051 1358 4103 in
1388 4049 1744 4104 intellectum
1763 4048 1993 4118 Christi,
2017 4052 2082 4102 ut

435 4139 778 4212 mysterium
803 4139 1124 4194 nativitatis
1141 4155 1208 4194 ex
1230 4139 1431 4209 Deo,et
1457 4138 1778 4193 nativitatis
1801 4154 1866 4192 ex
1882 4137 2077 4206 Maria,

434 4234 492 4284 et
518 4229 702 4284 totius
727 4228 916 4300 operis
938 4229 987 4298 ej
1000 4246 1066 4283 us
1079 4229 1426 4296 caelestium,
1456 4227 1886 4283 etterrestrium
1920 4243 2080 4281 asse-

434 4323 668 4390 quatur.
701 4317 767 4372 Et
783 4318 891 4373 hoc
914 4319 1238 4373 notandum
1261 4318 1416 4390 quod
1439 4333 1643 4372 omnes
1666 4316 1791 4371 vult
1811 4315 2080 4371 exhibere

434 4409 720 4480 perfectos
769 4408 1090 4462 secundum
1122 4408 1284 4462 illam
1325 4406 1760 4478 perfectionem,
1795 4421 1911 4474 qua
1941 4403 2079 4457 alibi

434 4497 901 4566 dicit:Quotquot
956 4498 1104 4550 enim
1132 4511 1318 4551 sumus
1370 4495 1621 4564 perfecti,
1667 4499 1765 4547 hoc
1801 4493 2081 4562 sapiamus

435 4587 608 4658 (Phil.
644 4602 727 4653 III,
762 4586 868 4656 15),
904 4600 1036 4639 cum
1070 4588 1220 4638 retro
1251 4581 1498 4636 dixerit:
1541 4583 1650 4648 Ego
1679 4596 1901 4669 menon
1930 4581 2080 4635 arbi-
2113 4603 2157 4669 D

434 4679 554 4730 tror
598 4672 1064 4744 comprehendisse
1109 4673 1293 4741 (Ibid.,
1344 4670 1452 4739 13).
1490 4669 1587 4722 Est
1617 4668 1768 4722 enim
1817 4670 2079 4740 quaedam

436 4763 777 4834 imperfecta
809 4761 1104 4833 perfectio,
1137 4764 1201 4812 ut
1231 4759 1378 4813 sciat
1403 4774 1463 4812 se
1507 4756 1680 4812 homo
1726 4757 1782 4813 in
1827 4759 1932 4814 hac
1962 4761 2080 4814 vita

437 4869 550 4908 non
584 4867 754 4923 posse
785 4866 913 4905 esse
934 4850 1274 4918 perfectum.

507 4944 570 4996 In
601 4956 701 5010 quo
730 4943 784 4994 et
814 4938 998 4992 laboro
1027 4935 1300 4989 certando.
1338 4935 1497 4990 Sicut
1527 4937 1680 4992 enim
1724 4955 1902 5010 supra
1933 4938 2079 4998 duas

437 5047 529 5086 res
561 5027 884 5102 proposuit,
916 5025 1332 5094 correptionem
1365 5032 1421 5080 et
1450 5027 1882 5092 doctrinam,ita
1903 5032 1959 5082 et
1988 5027 2080 5081 hic

436 5122 603 5186 duas,
637 5117 894 5170 laborem
925 5122 980 5164 ct
1000 5118 1309 5171 certamen.
1334 5117 1626 5189 Correptio
1649 5118 1802 5172 enim
1831 5117 2081 5187 pertinet

438 5210 509 5262 ad
534 5205 832 5275 improbos
866 5219 877 5269 ;
909 5202 1170 5259 doctrina
1199 5207 1268 5261 ad
1294 5207 1564 5262 humiles.
1596 5207 1680 5260 Ita
1711 5211 1767 5259 et
1788 5204 2082 5271 hic,labor

437 5296 508 5350 ad
540 5309 687 5363 opus
718 5291 1175 5364 praedicationis;
1212 5303 1504 5352 certamen
1539 5311 1670 5350 vero
1693 5299 1894 5348 contra
1925 5294 2080 5349 obsi-

436 5387 675 5438 stentes.

508 5470 812 5528 Secundum
840 5474 1210 5544 Operationem
1238 5477 1376 5545 ejus,
1409 5490 1568 5547 quam
1609 5477 1870 5544 operatur
1910 5475 1968 5527 in
1995 5489 2082 5528 me

508 5575 686 5649 (1230)
719 5581 779 5636 In
831 5579 962 5636 cod.
1014 5580 1296 5637 Laudocia:
1318 5600 1336 5636 :
1369 5581 1506 5636 alibi
1535 5578 1813 5636 Laodicea:
1845 5595 1858 5635 :
1892 5585 1948 5634 et
2002 5580 2082 5633 ita

507 5653 977 5727 Chrysostomus,
1039 5656 1094 5704 et
1145 5654 1552 5730 H.cronymus,
1607 5649 1726 5704 sive
1773 5649 2077 5724 Pelagius;

2181 3347 2296 3402 quo
2328 3332 2520 3386 omnis
2543 3338 2808 3389 creatura
2838 3333 2948 3390 nisi
2980 3337 3316 3407 speraverit,
3349 3335 3582 3408 peribit,
3612 3341 3678 3391 ut
3706 3351 3838 3390 om-

2183 3421 2346 3474 nium
2379 3422 2636 3491 potentia
2665 3423 2723 3476 in
2757 3440 2823 3478 eo
2882 3425 2980 3491 sit,
3039 3429 3104 3480 ut
3151 3426 3249 3496 qui
3298 3425 3598 3497 cognoscit
3627 3425 3835 3492 istum,

2183 3514 2525 3564 cunctorum
2560 3528 2921 3583 quaecunque
2963 3519 3122 3580 sunt,
3155 3514 3544 3586 cognitionem
3569 3514 3843 3568 videatur

2184 3599 2415 3654 habere.
2448 3600 2560 3654 Nec
2591 3600 2868 3657 colendus
2931 3601 3105 3670 alius,
3167 3609 3376 3675 praeter
3432 3603 3588 3658 hunc
3636 3601 3840 3674 requi-

2185 3695 2368 3755 ratur,
2401 3688 2539 3760 quia
2560 3691 2823 3746 omnium
2845 3692 3235 3763 potentiarum
3255 3693 3444 3748 virtus
3465 3692 3523 3748 in
3546 3708 3612 3747 eo
3635 3692 3842 3747 est.Ex

2187 3778 2312 3850 ipso
2343 3779 2498 3834 enim
2530 3780 3159 3837 habentomnes.Unus
3181 3782 3338 3837 enim
3362 3798 3495 3837 cum
3529 3780 3841 3850 sit,omnia

2187 3869 2591 3938 potest.Quare
2609 3873 2665 3923 et
2693 3873 2868 3940 caput
2884 3871 3147 3925 omnium
3181 3871 3486 3936 dicitur,ut
3514 3887 3616 3942 per
3636 3870 3838 3942 ipsum

2189 3971 2390 4010 omnes
2423 3956 2513 4011 sul
2536 3957 2740 4012 sistere
2770 3957 3336 4022 videantur.Quibus
3365 3959 3520 4014 enim
3554 3959 3668 4014 ista
3697 3958 3844 4014 scri-

2189 4045 2326 4115 psit,
2357 4046 2653 4101 metuebat
2681 4063 2778 4102 eos
2809 4048 3007 4102 seduci
3035 4049 3261 4103 umbris
3292 4065 3486 4104 rerum
3519 4047 3676 4103 dulci
3730 4065 3846 4103 no-

2191 4133 2346 4186 mine
2393 4134 2667 4203 scientiae,
2701 4141 2758 4190 et
2805 4137 2982 4192 averti
3043 4155 3076 4192 a
3107 4137 3238 4193 luce
3265 4138 3552 4206 veritatis,
3585 4154 3713 4210 quae
3747 4142 3842 4193 est

2191 4220 2250 4274 in
2283 4221 2509 4277 Christo
2537 4222 2676 4278 Jesu
2707 4223 2954 4280 Domino
2983 4230 3202 4281 nostro.
3236 4227 3322 4281 Ab
3351 4225 3461 4281 hac
3490 4230 3688 4281 autem
3721 4226 3836 4281 sub

2191 4310 2425 4366 nomine
2454 4312 2773 4384 sapientiai,
2825 4313 2914 4369 vel
2945 4315 3197 4370 scientias
3227 4331 3367 4371 cura
3395 4331 3703 4380 vanarum,
3738 4331 3844 4370 su-

2190 4400 2329 4471 perﬂ
2341 4417 2546 4456 uarum
2561 4402 3116 4474 observationum,et
3131 4405 3200 4460 de
3222 4422 3289 4460 su
3298 4403 3636 4476 perstitione
3656 4403 3850 4476 genti-

2190 4487 2390 4556 litatis,
2421 4490 2674 4546 maxime
2705 4492 2776 4545 ab
2829 4492 2934 4561 eis,
2986 4493 3084 4564 qui
3119 4492 3453 4565 philosophi
3513 4491 3846 4563 nuncupati

2191 4584 2352 4644 sunt,
2377 4583 2434 4633 et
2466 4595 2498 4633 a
2525 4579 2828 4636 Judaismo
2858 4582 3182 4637 cavendum
3233 4598 3362 4638 esse
3410 4581 3709 4650 cernebat,
3740 4579 3846 4635 ubi

2191 4673 2357 4725 erant
2371 4670 2589 4722 umbrae
2607 4669 2936 4724 futurorum
2953 4670 3624 4744 removendm,quoniam
3637 4669 3844 4725 lumen

2190 4775 2390 4814 earum
2415 4757 2539 4826 jam
2573 4757 2840 4814 Christus
2861 4761 3194 4816 advenerat-

2261 4848 2324 4901 In
2355 4861 2455 4916 quo
2484 4850 2613 4900 sunt
2641 4863 2822 4903 omnes
2878 4851 3126 4904 thesauri
3153 4851 3464 4922 sapientiae,
3516 4857 3568 4905 et
3593 4851 3846 4905 scientiae

2189 4936 2512 4991 absconditi.
2547 4935 2730 5008 Digne
2760 4952 2894 5008 ergo
2927 4955 3132 4993 omnes
3161 4938 3422 4994 thesauri
3467 4937 3771 5010 sapientia:
3789 4942 3850 4993 et

2190 5025 2521 5082 scientiaain
2535 5041 2601 5080 eo
2621 5026 2898 5080 dicuntur
2910 5026 3638 5082 absconditi.0mnisenim
3661 5026 3852 5082 scien-

2189 5116 2280 5170 tiae
2313 5115 2457 5170 ratio
2495 5115 2674 5171 totius
2701 5121 2979 5170 creaturae
3011 5133 3276 5187 superna:
3315 5122 3373 5172 et
3392 5122 3634 5171 terrena:
3689 5115 3752 5170 in
3785 5130 3854 5170 eo

2190 5206 2266 5260 sit
2295 5210 2537 5275 oportet,
2573 5204 2712 5275 quia
2741 5205 3006 5259 omnium
3036 5221 3238 5260 eorum
3269 5210 3444 5276 caput
3471 5205 3725 5272 est;sive
3757 5220 3860 5259 an-

2189 5293 2478 5366 gelorum,
2512 5293 2597 5348 vel
2657 5293 2943 5362 omnium,
3003 5294 3194 5348 omnis
3240 5293 3502 5350 scientiae
3533 5294 3750 5364 peritia
3787 5291 3850 5347 in

2191 5388 2424 5437 auctore
2481 5381 2717 5438 illorum
2766 5388 2873 5450 est,
2936 5387 2999 5437 ut
3030 5383 3128 5454 qui
3163 5383 3320 5438 hunc
3367 5383 3663 5455 agnoscit,
3697 5380 3848 5438 nihil

2191 5470 2344 5526 ultra
2415 5472 2693 5542 requirat,
2765 5488 2868 5527 nec
2943 5471 3312 5544 sapientiam,
3372 5487 3477 5528 nec
3537 5472 3848 5542 virtutem,

2189 5582 2382 5633 Graece
2402 5595 2551 5633 mem
2567 5597 2630 5650 pe
2655 5574 2959 5632 nomen.

2264 5651 2447 5728 (1231)
2485 5648 2698 5706 lterum
2725 5652 2782 5705 in
2829 5653 2934 5718 cod
2968 5648 3269 5708 Laudocix.
