3978 6210
151 372 246 430 621

688 368 1102 456 EXPOSITIO
1149 369 1223 428 IN
1275 372 1700 432 EPISTULAS
1753 373 2000 432 PAULI.
2031 405 2101 415 —-
2132 373 2206 432 ΙΝ
2256 375 2501 433 EPIS'I‘.
2552 375 2652 431 AD
2699 373 3009 433 COLOSS.

3428 377 3543 434 622

154 501 280 571 quia
311 499 546 570 agnovit
577 515 736 561 eum,
787 498 843 552 in
879 516 994 569 quo
1043 501 1295 569 perfecta
1347 503 1550 564 virtus,
1605 505 1787 572 perl'e-
1819 506 1864 568 Α
1898 503 2076 571 Cujus
2107 505 2470 572 vagationcm
2508 504 2714 557 melius
2739 503 3168 572 cognoscimus,
3204 506 3248 557 si
3283 506 3410 574 ejus
3441 507 3542 559 ad-

155 596 345 659 ctaquc
376 589 671 659 sapientia
705 594 810 642 est.
847 590 1146 660 Quidquid
1180 591 1332 643 enim
1369 593 1502 644 alibi
1536 609 1594 644 se
1626 598 1789 661 prcita-

154 678 588 745 veritinvenire,
637 676 802 748 plene
833 677 888 730 in
943 677 1072 744 hoc,
1127 685 1182 731 et
1223 680 1454 732 abunde
1514 680 1786 734 inveniet.

159 768 286 821 Nam
319 767 456 837 quid
491 766 822 837 sapientius
864 766 1214 822 Salomone?
1245 768 1387 829 Quid
1444 769 1789 839 prudentius

159 854 400 909 Daniele?
435 856 544 920 Qui
579 857 687 908 bus
721 855 903 908 idirco
963 857 1108 909 Deus
1142 873 1254 926 prae
1296 859 1513 910 crrteris
1559 857 1786 927 sapien-

159 944 284 998 tiam
305 943 482 1009 dedit,
523 951 586 996 ut
619 950 822 997 notum
855 945 1065 998 faceret
1098 945 1432 999 inlidilibus
1491 947 1668 1000 totius
1725 962 1788 1000 se

157 1034 438 1103 sapientiae
479 1049 606 1087 esse
641 1040 957 1086 auctorem.
983 1034 1236 1103 Deniquc
1256 1035 1787 1088 Nabuchodonosor

155 1122 516 1176 dicitDanieli
548 1122 847 1175 admirans
881 1139 1054 1192 super
1087 1124 1428 1193 sapientiam
1460 1125 1586 1191 ejus
1615 1142 1627 1178 :
1662 1125 1784 1176 l’cre

169 1212 298 1264 Deus
327 1215 496 1264 vester
527 1215 640 1282 ipse
659 1219 738 1264 est
770 1215 913 1265 Deus
959 1228 1108 1264 rivus
1137 1221 1204 1274 et,
1238 1216 1485 1282 aperiens
1523 1216 1784 1281 mysteria

157 1301 314 1365 (Dan.
351 1317 411 1365 ιι,
448 1301 552 1364 47).
609 1299 769 1361 Quod
829 1300 1066 1369 quidem
1123 1317 1352 1354 omnem
1415 1301 1781 1356 incredulum

159 1387 292 1441 latet
323 1389 375 1441 in
402 1388 628 1442 Christo
660 1404 890 1442 omnem
926 1405 1054 1444 esse
1085 1389 1428 1460 sapientiam
1459 1406 1472 1455 ;
1507 1389 1642 1460 quia
1666 1406 1780 1444 non

157 1475 348 1547 legunt
378 1476 437 1530 in
473 1476 796 1547 Evangeliis
827 1477 1223 1544 astrologiam,
1267 1496 1383 1532 non
1415 1480 1472 1532 in
1504 1479 1781 1550 Apostolo

158 1566 547 1636 geometriam,
599 1582 712 1619 non
754 1567 812 1619 in
857 1569 1138 1637 prephcia
1189 1567 1618 1622 arithmeticam
1679 1585 1782 1624 nec

160 1654 429 1708 musicam
471 1653 868 1724 :quazideirco
891 1656 1163 1726 despecta
1194 1657 1783 1728 suntanostris,quia

149 1744 211 1797 ad
246 1743 492 1798 salutem
527 1760 642 1798 non
680 1744 987 1814 pertinent,
1035 1746 1133 1798 sed
1196 1746 1382 1816 magis
1441 1747 1683 1799 mittunt
1721 1747 1776 1799 in

147 1848 411 1897 errorem,
447 1837 504 1886 et
534 1837 804 1886 revocant
836 1851 868 1886 a
898 1833 1033 1898 Deo,
1069 1840 1129 1887 ut
1152 1835 1290 1888 dum
1316 1834 1407 1888 his
1429 1835 1665 1888 student
1688 1852 1778 1888 ra-

154 1919 588 1975 tiocinationum
623 1922 1139 1992 disputationibus,
1173 1940 1370 1976 curam
1423 1924 1629 1976 anima)
1661 1941 1778 1978 sua:

156 2025 256 2062 non
289 2009 561 2064 habeant.
596 2011 730 2073 Quae
763 2011 915 2064 enim
961 2015 1080 2065 tam
1141 2028 1273 2065 vera
1331 2012 1617 2082 sapientia
1669 2018 1776 2080 est,

154 2097 255 2151 nisi
283 2098 809 2178 cognovissequod
861 2101 1061 2169 prosit,
1122 2105 1178 2154 et
1235 2101 1568 2170 despexisse
1622 2103 1778 2172 quod

148 2186 335 2240 obsit?
363 2187 548 2242 Obest
577 2187 758 2252 enim,
791 2188 928 2258 quia
950 2188 1192 2259 impedit
1222 2190 1451 2254 animae,
1486 2208 1555 2243 ne
1578 2207 1776 2245 curam

145 2276 226 2329 sui
257 2281 406 2346 agat.
433 2277 561 2331 Non
592 2277 885 2332 immerito
918 2279 1166 2348 ergoqui
1200 2277 1493 2332 Christum
1522 2279 1774 2349 agnovit,

141 2362 354 2418 invenit
378 2365 719 2418 thesaurum
772 2365 1068 2436 sapientiae
1128 2371 1182 2419 et
1213 2365 1466 2420 scientia:
1493 2383 1506 2420 :
1541 2368 1776 2437 agnovit

142 2451 295 2506 enim
331 2452 474 2522 quid
503 2451 549 2506 ei
583 2453 658 2506 sit
689 2453 846 2518 utile,
882 2459 946 2506 ut
1005 2470 1239 2508 omnem
1300 2471 1629 2509 sermonem
1688 2455 1774 2510 vel

141 2555 396 2607 sensum,
421 2540 528 2612 qui
561 2547 762 2611 printer
791 2542 957 2596 illum
991 2548 1098 2604 est,
1133 2560 1246 2597 non
1280 2544 1470 2598 solum
1503 2563 1620 2598 non
1663 2545 1777 2598 mi-

143 2628 359 2693 remini,
393 2631 499 2685 sed
535 2630 708 2684 etiam
741 2631 1047 2685 stultitiam
1085 2632 1394 2702 deputet—is.

206 2719 306 2772 Hoc
325 2724 519 2774 autem
550 2720 692 2782 dico,
725 2724 780 2772 ut
811 2737 964 2774 nemo
994 2736 1082 2774 ros
1121 2720 1356 2790 decipiat
1419 2723 1474 2775 in
1534 2722 1780 2776 sublimi-

139 2810 246 2861 tate
274 2824 596 2864 sermonum
624 2808 738 2861 Hoc
771 2809 921 2874 dico,
954 2808 1163 2879 inquit,
1200 2817 1262 2862 ut
1313 2827 1478 2864 nemo
1509 2828 1609 2864 vos
1667 2811 1776 2866 cir-

142 2898 463 2951 cumveniat
485 2896 861 2951 inverisimili
879 2915 1144 2951 sermone
1164 2916 1176 2962 ;
1197 2899 1604 2968 quiaveritatis
1624 2917 1776 2953 amo-

144 3000 198 3038 re
217 2986 608 3049 ducebantur,
633 2986 1141 3040 verisimilitudine
1160 2986 1290 3040 illos
1316 2988 1612 3048 timuit,ne
1633 2987 1781 3042 deci-

141 3080 438 3143 perentur;
473 3080 534 3129 et
568 3074 697 3128 ideo
731 3075 1162 3128 commendavit
1193 3075 1248 3128 in
1292 3075 1546 3140 Christo,
1607 3093 1781 3146 quem

140 3161 549 3218 dulcissimum
586 3162 882 3217 habebant
911 3163 1276 3233 thesaurum,
1300 3164 1521 3219 scilicet
1551 3165 1776 3235 sapien-

1903 590 2014 643 liuc
2040 595 2106 643 ad
2146 593 2470 644 Corinthios
2513 594 2683 646 verba
2716 609 3052 662 pensamus.
3097 595 3187 646 Ait
3218 595 3412 647 cnim:
3457 597 3540 648 l'e-

1898 682 2051 732 niam
2082 680 2148 733 ad
2175 698 2415 743 vos,cnm
2449 682 2813 734 Maccdoniani
2835 685 3241 751 per-transiero;
3273 698 3406 735 nam
3427 684 3537 736 lita-

1898 768 2058 822 cedon
2071 772 2177 822 iam
2198 772 2558 840 perlransilio.
2596 769 2747 839 Apud
2779 787 2868 822 ros
2897 772 3147 838 forsitan:
3178 771 3420 838 numebo,
3457 772 3537 825 vel

1896 860 2062 911 etiam
2089 858 2333 913 liicmalio
2367 860 2508 928 (Cor.
2543 876 2656 920 xvr,
2687 860 2761 925 ὅ).

1966 947 2114 1000 Sicut
2169 964 2291 1016 ergo
2351 950 2630 1014 accepistis
2690 948 2974 1001 Christum
3020 949 3202 1002 Iesum
3245 949 3536 1002 Dominum

1893 1039 2160 1096 nostrum,
2188 1039 2242 1088 in
2271 1040 2381 1106 ipso
2412 1037 2698 1089 ambulate
2753 1037 3004 1098 riu/irati,
3038 1041 3085 1089 et
3117 1037 3538 1105 supera‘di/‘icati

1893 1124 1953 1176 in
1987 1126 2118 1192 ipso,
2152 1130 2198 1177 cl
2222 1126 2339 1193 jam
2374 1126 2576 1177 ﬁrmati
2613 1125 2739 1192 ﬁde,
2769 1129 2910 1177 sicut
2941 1135 2989 1178 et
3021 1126 3305 1194 didicistis,
3356 1127 3529 1178 abun-

1891 1211 2076 1264 dantes
2102 1214 2154 1264 in
2189 1215 2283 1266 illo
2317 1215 2373 1265 in.
2402 1216 2709 1279 gratiarum
2772 1215 2998 1265 actione.
3061 1218 3176 1266 lloc
3211 1219 3423 1277 monet,
3478 1219 3534 1268 et

1891 1299 2176 1366 hortatur,
2215 1318 2281 1354 ne
2314 1302 2536 1352 devotio
2561 1318 2757 1352 corum
2798 1301 3179 1367 minueretur,
3213 1307 3266 1354 et
3303 1304 3527 1356 recede-

1890 1393 2017 1441 rent
2050 1406 2079 1440 a
2107 1391 2236 1456 tide,
2276 1407 2447 1459 quam
2482 1391 2702 1442 l'ucrant
2732 1388 3006 1456 assecuti,
3027 1389 3294 1460 etpravis
3319 1391 3532 1445 fabulis

1890 1477 2069 1532 eversi
2104 1478 2271 1532 aliter
2299 1479 2591 1531 (Zhristum
2616 1477 2962 1548 acciperent,
2981 1494 3157 1547 quam
3183 1479 3527 1534 didicerant.

1892 1566 2057 1620 Multi
2092 1568 2244 1620 cnim
2282 1575 2647 1638 corruptores
2683 1568 2813 1620 tidei
2847 1567 3234 1621 circumibant
3265 1567 3333 1622 ad
3358 1568 3530 1623 sedu-

1889 1656 2103 1709 cendos
2133 1656 2452 1727 simplices.
2485 1656 2781 1724 dolose,et
2821 1673 2950 1709 cum
3015 1655 3387 1712 simulatione
3427 1674 3530 1711 an-

1888 1745 2226 1799 nuntiantes
2247 1745 2930 1814 Christum,quosevitari
2957 1751 3150 1798 monet
3173 1762 3384 1816 magna
3398 1762 3527 1799 cau-

1888 1833 2023 1897 tela,
2043 1838 2104 1886 ut
2132 1833 2391 1897 stabiles,
2417 1835 2636 1886 etlirmi
2671 1851 2849 1903 supra
2874 1834 3320 1887 fundamentum
3346 1835 3531 1888 Trini-

1890 1922 2026 1975 tatis
2058 1939 2158 1993 spe
2194 1926 2516 1976 t'uturorum
2554 1922 2770 1991 gratias
2806 1923 3010 1976 uberes
3067 1927 3304 1991 agerent
3355 1939 3532 1993 super

1890 2011 2290 2065 misericordia
2314 2012 2427 2064 ltci.
2457 2012 2647 2065 Nutrit
2669 2011 2823 2064 enim
2849 2027 2966 2074 eos,
2994 2016 3053 2064 ut
3076 2027 3314 2080 capaces
3337 2015 3532 2065 essent

1888 2100 2424 2171 participandorum
2471 2100 2880 2153 thesaurorum
2914 2099 3169 2154 scientia:
3215 2105 3271 2154 et
3294 2099 3526 2171 sapien-

1888 2189 2001 2251 tia),
2037 2190 2134 2255 qui
2167 2195 2304 2242 sunt
2336 2189 2658 2242 abseonditi
2688 2189 2744 2242 in
2765 2188 3091 2254 Christo,ne
3118 2194 3527 2260 tanquamnon

1889 2277 2005 2331 sint
2026 2278 2094 2330 ad
2114 2277 2230 2330 htPC
2267 2278 2475 2346 idonei,
2520 2283 2574 2330 et
2596 2277 2891 2331 verisimili
2911 2294 3178 2331 sermone
3199 2277 3524 2347 capientur,

1887 2370 1942 2418 et
1974 2382 2006 2418 a
2036 2366 2293 2419 veritatis
2329 2367 2530 2420 itinere
2563 2368 2792 2421 dcvient
2817 2384 2828 2432 ;
2857 2366 2982 2420 ideo
3015 2366 3312 2436 adjungit:

1964 2455 2141 2508 Videte
2177 2459 2396 2526 nequis
2455 2472 2542 2509 vos
2596 2456 2834 2525 decipiat
2886 2472 2986 2524 per
3022 2455 3449 2525 philosophiam,
3483 2461 3536 2510 et

1891 2545 2114 2596 inanem
2147 2546 2452 2609 fallaciam,
2485 2545 2774 2598 secundum
2817 2545 3163 2599 traditionem
3223 2543 3531 2610 hominum,

1887 2633 2179 2686 secundum
2204 2636 2465 2687 ci‘cmcnla
2497 2634 2710 2702 mundi,
2727 2638 2771 2686 cl
2791 2650 2896 2687 non
2917 2634 3210 2687 secundum
3236 2632 3532 2687 Christum.

1891 2721 2323 2792 Philosophiam
2360 2724 2498 2776 dicit
2531 2729 2841 2788 terrenam,
2878 2739 2979 2792 per
3010 2739 3187 2792 quam
3220 2721 3408 2777 solent
3449 2739 3534 2776 se-

1889 2811 2018 2864 duci
2056 2812 2154 2880 qui
2176 2813 2417 2882 cupiunt
2447 2811 3022 2885 prudentesjudicari
3061 2812 3116 2864 in
3142 2812 3381 2866 mundo.
3407 2811 3536 2866 Haec

1891 2900 2255 2968 argumentis
2287 2906 2342 2953 et.
2367 2900 2686 2954 subtilitate
2713 2901 3092 2954 minutiarum
3141 2901 3534 2970 quorumdam

1891 2988 2278 3058 componitur,
2316 2988 2480 3058 quasi
2500 2989 2766 3060 physicas
2789 2989 3223 3059 investigaverit
3256 2989 3533 3055 rationes,

1892 3075 2156 3144 quredam
2177 3075 2395 3129 habens
2409 3077 2682 3139 admista,
2706 3092 2828 3144 qua:
2853 3075 3219 3128 hortamenta
3235 3076 3354 3129 sint
3373 3077 3534 3129 bona:

1891 3163 2016 3216 vitae
2049 3163 2132 3218 vel
2187 3165 2536 3218 documenta
2569 3180 2580 3217 :
2608 3163 2923 3233 aliquando
2941 3163 3010 3217 de
3038 3163 3350 3225 mensuris,
3401 3180 3534 3218 nec-

139 3250 222 3305 tis:
253 3257 306 3307 et
335 3253 602 3308 scientiae
634 3254 804 3322 cujus
833 3253 1065 3308 nomine
1096 3253 1555 3323 etpromissione
1586 3253 1780 3308 induci
1814 3266 1856 3331 ρ
1897 3254 2094 3306 nonde
2110 3254 2390 3317 numeris,
2419 3252 2733 3322 aliquando
2750 3253 2817 3304 de
2839 3251 3258 3305 elementorum
3283 3250 3536 3321 qualita-

140 3344 395 3410 poterant
425 3343 485 3396 in
520 3357 802 3396 errorem.
837 3341 1174 3395 Commonet
1212 3342 1370 3395 enim
1405 3358 1475 3396 ne
1505 3341 1563 3395 in
1597 3342 1779 3397 malo-

136 3446 257 3484 rum
289 3430 635 3503 colloquiis,
670 3431 956 3484 etastutia
985 3429 1313 3500 iniquitatis
1337 3447 1546 3485 sensus
1578 3448 1781 3486 eorum

138 3521 619 3575 transduceretur
641 3535 655 3584 ;
676 3517 814 3588 quia
835 3518 1124 3588 sapientes
1143 3519 1344 3572 mundi
1361 3523 1481 3572 arte
1505 3520 1785 3588 quadam,

135 3611 188 3660 et
216 3609 484 3664 minutiis
516 3607 988 3677 disputationum
1021 3607 1246 3662 irretire
1268 3608 1527 3677 gestiunt
1559 3608 1786 3679 simpli-

137 3696 282 3751 cium
317 3699 582 3761 animas,
620 3701 683 3750 ut
712 3696 933 3749 ratione
967 3697 1397 3750 mundanarum
1431 3713 1622 3751 rerum
1649 3698 1780 3752 abs-

137 3787 364 3842 trahant
397 3803 500 3843 eos
541 3803 576 3840 a
608 3801 730 3856 spe,
766 3801 891 3856 qua;
923 3784 1096 3839 estin
1135 3784 1384 3839 Christo.

202 3877 336 3930 Nam
362 3878 467 3931 etsi
497 3890 744 3944 corpore
772 3874 1115 3943 absenssum,
1149 3874 1240 3928 sed
1262 3876 1466 3944 spiritu
1489 3875 1785 3929 vobiscum.

137 3962 263 4020 Ideo
286 3965 355 4020 de
375 3965 498 4019 illis
514 3963 787 4028 timebat,
804 3963 1079 4034 quoniam
1105 3963 1242 4034 quid
1260 3963 1343 4016 eis
1358 3965 1546 4018 adhuc
1565 3965 1792 4019 deesset

134 4054 381 4109 videbat.
409 4054 584 4109 Unde
602 4057 660 4106 et
681 4051 949 4127 sequitur
974 4070 984 4106 :
1005 4051 1323 4106 Gaudenset
1339 4055 1527 4107 videns
1545 4053 1791 4108 ordinem

132 4147 370 4199 vestrum
396 4161 417 4205 ,ο
449 4152 508 4198 et
552 4143 814 4212 suppleas
866 4142 920 4195 id
951 4141 1089 4211 quod
1145 4141 1286 4195 deest
1344 4143 1626 4211 utilitati(
1665 4144 1788 4215 232)

133 4233 256 4300 ﬁdei
293 4243 512 4288 vestras.
552 4231 836 4286 Cernebat
880 4231 1081 4301 utique
1132 4231 1449 4301 quamdam
1509 4231 1790 4287 fabricam

134 4320 485 4391 spiritalem,
509 4321 669 4376 sicut
685 4319 821 4373 alibi
842 4319 995 4374 decit
1015 4337 1025 4372 :
1042 4320 1139 4373 Dei
1151 4318 1440 4388 wdiﬁeatio
1463 4321 1594 4374 est-is
1611 4320 1790 4390 (lCor.

135 4425 215 4474 ιιι,
234 4412 322 4482 9);
349 4411 480 4466 etin
506 4427 579 4464 ea
593 4409 866 4463 cernebat
883 4413 1220 4478 utrumque,
1247 4409 1470 4462 etunde
1491 4409 1790 4479 gauderet,

135 4503 189 4551 et
215 4500 371 4552 unde
404 4502 722 4568 satageret.
759 4497 1061 4552 Gaudebat
1090 4514 1156 4551 ex
1189 4513 1254 4552 eo
1286 4498 1436 4566 quod
1466 4498 1592 4567 jam
1615 4498 1793 4550 aedili-

132 4585 286 4640 cium
308 4587 576 4651 videbat,
597 4586 902 4655 satagebat
918 4601 982 4639 ex
1000 4601 1064 4639 eo
1088 4586 1240 4656 quod
1267 4602 1451 4656 usque
1469 4586 1538 4640 ad
1563 4585 1795 4640 culmen

133 4673 524 4745 perfectionis
546 4673 735 4726 adhuc
757 4674 1166 4727 aediﬁcandum
1190 4691 1316 4728 esse
1331 4675 1635 4729 sentiebat.
1657 4675 1796 4729 Ecce

130 4763 441 4832 quomodo
461 4767 664 4816 sancto
683 4762 972 4816 desiderio
986 4763 1151 4832 quasi
1167 4767 1374 4834 vagatu
1387 4764 1540 4818 r.Hic
1561 4780 1797 4834 corpore

131 4849 586 4918 tenetur;illuc
638 4851 845 4921 spiritu
902 4851 1153 4906 ducitur.
1220 4853 1286 4906 Et
1309 4854 1532 4922 paterni
1578 4853 1797 4907 amoris

133 4942 417 4996 ati'ectum
456 4939 596 4993 istis
629 4940 999 5010 prtesintibus
1021 4941 1290 5006 exhibet;
1317 4941 1430 4995 illis
1456 4941 1798 4998 absentibus

133 5029 420 5083 ostendit.
458 5032 670 5082 Coram
707 5027 914 5097 positis
946 5027 1230 5099 impendit
1263 5047 1476 5099 opera;
1515 5031 1801 5084 audienti-

134 5119 245 5172 bus
266 5115 563 5188 exprimit
594 5121 754 5169 vota:
792 5116 1100 5171 efﬁcaciter
1122 5135 1374 5188 praesens
1405 5119 1490 5173 eis
1522 5119 1802 5189 cumqui-

134 5206 246 5260 bus
269 5212 424 5270 erat;
445 5208 753 5258 nectatem
776 5204 891 5259 illis
907 5206 1278 5271 absens,cum
1297 5208 1512 5277 quibus
1528 5225 1641 5260 non
1658 5213 1801 5261 erat.

203 5312 395 5383 (1232)
431 5308 618 5380 Vulg.
646 5325 759 5362 non
789 5309 892 5383 ita,
949 5312 1046 5365 sed
1077 5329 1087 5365 :
1123 5311 1441 5380 gaudens,et
1477 5312 1662 5366 videns
1719 5328 1805 5365 0r-

133 5379 318 5437 diuem
344 5379 629 5444 vestrum,
662 5383 735 5453 et,
765 5379 1180 5453 ﬁrmamentum
1209 5385 1324 5453 ejus
1353 5399 1476 5452 qua:
1508 5386 1567 5436 in.
1596 5383 1808 5437 Christo

132 5463 212 5508 est
245 5453 379 5522 ﬁdei
410 5450 840 5522 vestranVulg.
876 5454 1166 5507 consentit
1215 5450 1409 5507 (mea
1465 5454 1634 5508 lectio
1693 5454 1808 5506 divi

130 5521 586 5596 Chrysostorni.
624 5521 791 5596 Hunc
828 5530 1016 5578 autem
1070 5528 1292 5578 textum
1327 5542 1359 5577 a
1390 5526 1522 5578 divo
1575 5526 1813 5578 Ambro-

135 5593 392 5661 sio,'seu
460 5593 696 5647 Hilario
759 5595 1124 5672 transcripsit
1161 5601 1363 5672 auctor
1399 5600 1635 5672 Anoster,
1697 5610 1814 5647 una

137 5682 278 5726 cum
307 5679 545 5737 magna
577 5664 956 5733 expositionis
989 5664 1258 5738 Epistolas
1284 5668 1467 5738 parte.

1894 3341 2053 3394 tibus
2084 3347 2140 3395 et
2170 3341 2598 3411 quantitatibus
2625 3339 2978 3393 ordinata.ln
3003 3340 3172 3409 cujus
3195 3339 3540 3410 disputatio-

1897 3429 2069 3483 nibus
2102 3430 2198 3499 qui
2231 3428 2522 3493 inciderit,
2554 3429 2666 3497 vix,
2701 3432 2756 3482 et
2790 3445 2916 3482 raro
2948 3428 3171 3482 evadet.
3235 3429 3541 3484 Dctinetur

1897 3518 2051 3572 enim
2085 3518 2504 3572 verisimilibus
2536 3519 2751 3582 causis,
2787 3524 2842 3572 et
2873 3517 3290 3572 commentitiis
3340 3519 3537 3588 rebus,

1899 3607 2044 3660 nihil
2079 3612 2196 3660 tam
2225 3624 2424 3662 verum
2443 3607 2760 3676 aestimans,
2790 3623 2964 3678 quam
2982 3607 3338 3678 conspicitur
3366 3613 3422 3663 et
3449 3609 3542 3664 in-

1899 3695 2185 3766 telligitur
2216 3695 2269 3749 in
2292 3697 2618 3752 elementis.
2644 3700 2707 3750 Et
2725 3695 2998 3767 quiaque:
3024 3697 3092 3750 ad
3112 3712 3367 3768 praesens
3381 3702 3540 3764 sunt,

1898 3790 1956 3839 et
1979 3790 2298 3839 cernuntur
2323 3784 2527 3851 oculis,
2562 3785 2762 3839 suavia
2782 3790 2838 3839 et
2860 3785 3075 3839 oblecta
3089 3786 3225 3840 bilia
3251 3786 3540 3853 videntur,

1901 3874 2233 3944 aliquantos
2258 3875 2670 3944 seducunt,qui
2695 3874 3018 3944 spiritalem
3045 3875 3328 3930 rationem
3347 3876 3542 3946 despi-

1900 3964 2264 4029 ciendam,et
2283 3964 2583 4018 ridendum
2618 3968 2826 4034 putant
2883 3964 3287 4033 desperatione
3337 3964 3538 4031 futuri,

1899 4069 2130 4108 omnem
2158 4053 2270 4104 vim
2307 4052 2479 4106 astris
2515 4051 2883 4120 assignantes
2916 4051 3132 4105 carnali
3194 4051 3400 4105 rationi
3433 4053 3540 4105 ob-

1901 4141 2076 4207 noxii,
2111 4156 2181 4193 ne.
2198 4139 2394 4210 gravia
2426 4139 2712 4192 credenda
2738 4137 3098 4192 sintsustolli
3121 4139 3358 4208 possein
3375 4138 3538 4194 cmlo.

1901 4246 2039 4285 neve
2065 4228 2210 4283 levia
2231 4228 2425 4282 venire
2457 4228 2525 4280 ad
2559 4233 2762 4292 terras,
2798 4232 2898 4279 aut
2929 4225 3144 4296 aliquid
3196 4243 3542 4296 corporeum

1902 4321 2025 4374 sine
2045 4334 2236 4372 rerum
2282 4316 2629 4370 adipis-tione
2647 4315 2931 4384 generari,
2965 4319 3354 4386 repugnantes
3373 4321 3544 4385 poten

1903 4409 1994 4461 tia:
2019 4425 2085 4461 ac
2110 4405 2479 4478 providentiic
2511 4404 2841 4458 t)ei.Sciunt
2888 4404 3044 4458 enim
3081 4403 3191 4475 legi
3226 4404 3283 4457 in
3332 4404 3548 4459 divinis

1904 4496 2198 4551 veteribus
2231 4495 2599 4549 Hebraeorum
2622 4493 3020 4548 voluminibus
3047 4493 3232 4547 multa
3263 4498 3428 4564 gesta
3450 4509 3552 4563 per

1908 4586 2164 4657 Moysen,
2201 4601 2328 4654 qua:
2363 4583 2622 4637 humana
2653 4581 2796 4636 ratio
2819 4599 2932 4636 non
2965 4582 3120 4653 capit
3146 4580 3354 4648 ;simi1i
3379 4580 3553 4636 modo

1907 4679 1963 4729 et
1992 4673 2050 4726 in
2087 4674 2247 4726 novis
2278 4672 2441 4727 libris
2462 4675 2612 4726 facta
2635 4689 2667 4726 a
2701 4673 2960 4741 Domino,
2996 4675 3095 4724 aut
3119 4688 3218 4742 per
3240 4668 3553 4740 apostolos,

1908 4779 2034 4834 quae
2065 4766 2347 4816 tractatus
2380 4761 2630 4815 carnalis
2654 4760 3107 4832 prohibetcredi.
3148 4760 3554 4831 l)icunt(1233)

1908 4867 1975 4906 ex
2000 4849 2182 4904 nihilo
2215 4850 2335 4905 fieri
2367 4849 2506 4903 nihil
2538 4868 2731 4921 posse;
2767 4854 2823 4904 et
2857 4849 3114 4904 animam
3158 4854 3259 4904 ant
3319 4849 3552 4903 initium

1909 4956 2024 4993 non
2055 4939 2285 5005 habere,
2311 4945 2412 4992 aut
2442 4956 2568 4993 esse
2601 4939 2902 4993 mortalem
2929 4957 2941 5004 ;
2976 4944 3033 4992 et
3053 4938 3335 5009 virginem
3357 4953 3556 5008 parere

1912 5046 2024 5082 non
2061 5044 2251 5097 posse,
2276 5033 2374 5081 ant
2406 5028 2452 5080 si
2497 5028 2738 5098 peperit,
2772 5032 2836 5079 ut
2867 5028 3050 5096 aiunt,
3085 5028 3248 5099 virgo
3275 5044 3386 5081 non
3421 5031 3553 5091 est;

1915 5122 2299 5184 Deumqueex
2323 5116 2557 5169 homine
2592 5115 2773 5182 nasci,
2804 5117 2971 5182 mori,
3028 5121 3205 5186 atque
3255 5130 3557 5185 resurgere

1916 5205 2163 5260 stultum
2189 5219 2315 5256 esse
2347 5205 2578 5257 credere
2596 5210 2925 5258 autumant.
2953 5208 3113 5257 Hanc
3137 5220 3271 5274 ergo
3294 5204 3560 5257 traditio-

1990 5309 2174 5378 (1233)
2209 5308 2267 5362 In
2301 5307 2427 5360 cod.
2480 5307 2689 5381 legitur
2719 5311 2958 5364 dicentes
2992 5331 3008 5370 ε
3041 5310 3194 5381 quod
3229 5325 3360 5363 cum
3390 5308 3562 5381 rela-

1917 5382 2074 5434 tione
2109 5383 2350 5440 careret,
2385 5380 2439 5427 et
2473 5380 2698 5447 ordine,
2733 5380 3160 5435 emendandbm
3202 5380 3564 5434 censuimus.

1919 5450 2194 5521 Quamvis
2242 5447 2380 5521 illud
2433 5447 2665 5521 dicentes
2711 5467 2839 5502 cum
2903 5453 3125 5521 aliquot
3184 5452 3569 5520 sequentibus

1920 5519 2188 5592 versibus
2339 5517 2509 5569 verbo
2543 5519 2613 5570 ad
2646 5522 2883 5592 verbum
2934 5517 3204 5591 legantur
3239 5517 3293 5573 in
3331 5523 3570 5592 rszepius

1923 5589 2271 5663 cit,_Pelagii
2307 5595 2624 5663 comment.
2654 5608 2668 5659 ;
2704 5590 2799 5645 ubi
2824 5589 3062 5646 dicentes
3083 5592 3255 5647 refert
3276 5591 3348 5644 ad
3381 5589 3570 5663 philo-

1925 5659 2141 5732 sophes
2173 5658 2301 5731 ejus
2330 5658 2635 5729 temporis.
