3978 6210
443 440 558 496 62ῗί

1460 427 1712 484 AT’I‘ON
1729 427 1740 480 l
1841 424 1990 481 ‘VEll
2004 418 2374 478 CELLENSI
2388 421 2423 472 μ
2477 415 2821 475 1⁴ἶΡ18ΩοΡ1

3722 416 3832 476 624

443 585 574 624 nem
609 566 690 620 vel
713 560 1437 638 philosopliiam,fallacem
1461 563 1516 612 et
1540 558 1772 611 inanem
1807 554 2078 625 appellat,
2111 556 2163 618 Α
2267 556 2640 610 Abundantia
2669 555 3012 622 divinitatis,
3044 570 3218 626 quam
3252 553 3544 610 elementa
3590 572 3704 610 non
3734 557 3830 613 ha-

445 658 582 728 quia
614 672 725 708 non
760 671 792 708 a
827 653 1084 722 potentia
1105 650 1203 704 Dei
1244 649 1510 703 ordinata
1541 653 1647 711 est,
1684 645 1781 700 sed
1814 646 1884 698 ab
1906 643 2089 696 imbe-

443 744 675 799 cillitate
705 741 1164 797 ratiocinationis
1196 740 1484 800 humanae,
1509 752 1634 805 quae
1657 732 1976 805 potentiam
1995 730 2090 785 Dei

443 834 596 887 intra
617 830 919 887 scientiam
959 845 1126 883 suam
1178 829 1455 888 coarctat,
1487 841 1558 878 ne
1605 823 1773 877 aliter
1821 821 2090 875 credatur

445 923 652 986 facere,
675 935 848 990 quam
882 917 1131 972 carnalis
1159 933 1220 970 se
1250 915 1508 969 continet
1523 912 1692 978 ratio,
1711 927 1825 981 qua
1841 907 2089 979 singulis

445 1007 746 1064 elementis
760 1005 1083 1060 divinitatis
1099 1003 1490 1058 diversitatem
1511 1001 1794 1072 deputant
1813 999 1881 1052 ad
1898 997 2088 1052 cultu-

445 1100 672 1163 ram,ut
691 1091 1633 1166 obligentanimosimperitorum,
1660 1087 1885 1154 nelsead
1909 1089 2086 1141 Deum

443 1201 645 1239 verum
664 1183 995 1238 extendant.
1017 1181 1405 1245 Quamobrem
1429 1180 1743 1234 cavendam
1761 1180 1957 1231 monet
1971 1180 2088 1228 tra-

444 1275 724 1328 ditionem
751 1271 1092 1342 istam,quia
1125 1269 1327 1324 mundi
1349 1268 1557 1322 cultrix
1580 1272 1688 1330 est,
1721 1283 1832 1320 non
1849 1263 2087 1334 Dci,qui

444 1381 600 1418 unus
639 1367 861 1428 est,nec
885 1361 956 1414 ad
980 1359 1305 1426 Christum,
1329 1357 1427 1412 sed
1455 1374 1488 1410 a
1517 1355 1744 1409 Christo
1778 1351 2084 1408 abstrahit.

514 1454 656 1519 Quia
687 1453 747 1504 in
785 1453 900 1521 ipso
928 1450 1141 1504 habitat
1195 1449 1374 1502 omnis
1425 1444 1706 1516 plenitudo
1765 1442 2076 1497 Divinitatis

441 1542 820 1613 corporaliter.
843 1540 1038 1609 Neque
1066 1539 1221 1592 enim
1256 1536 1531 1590 divinitas
1548 1549 1823 1604 corporea
1845 1536 1957 1598 est;
1985 1531 2083 1585 sed

442 1631 584 1703 quia
614 1633 982 1684 sacramenta
1013 1627 1241 1688 Veteris
1275 1624 1635 1679 'l‘cstamenti
1666 1621 1920 1693 appellat
1955 1637 2084 1674 um-

441 1721 608 1775 bram
640 1719 966 1771 f'uturorum
995 1734 1006 1780 ;
1036 1721 1266 1785 propter
1303 1714 1649 1780 umbrarum
1700 1709 2083 1780 comparatio-

441 1804 1140 1877 nem,corporaliterdixit
1161 1803 1426 1858 habitare
1453 1802 1508 1856 in
1531 1800 1758 1855 Christo
1779 1798 2085 1870 plenitudi-

442 1913 575 1952 nem
593 1893 1002 1957 divinitatis,eo
1043 1892 1197 1962 quod
1223 1892 1280 1944 in
1315 1889 1415 1944 illo
1463 1888 1820 1960 impleantur
1864 1887 2082 1952 omnia,
2115 1924 2161 1988 Β

442 2001 570 2055 quze
601 1982 718 2036 illis
740 1981 965 2034 umbris
990 1982 1237 2050 figurata
1259 1984 1418 2033 sunt.
1441 1980 1519 2031 Ac
1539 1978 1623 2031 sic
1650 1977 2083 2048 quodammodo

442 2073 785 2127 umbrarum
804 2069 1035 2124 illarum
1053 2070 1174 2140 ipse
1192 2068 1266 2123 sit
1288 2084 1497 2137 corpus
1517 2067 1646 2122 :hoc
1662 2067 2083 2136 estligurarum

439 2168 496 2219 et
525 2159 1016 2234 signiﬁcationum
1038 2158 1275 2212 illarum
1300 2158 1422 2226 ipse
1436 2156 1757 2212 sitveritas.
1780 2156 1888 2209 Sed
1912 2155 2084 2209 verbo

437 2251 719 2306 translato
750 2247 1063 2320 Apostolus
1093 2264 1239 2302 usus
1290 2250 1398 2314 est,
1433 2250 1718 2315 tanquam
1749 2244 1809 2298 in
1867 2243 2084 2314 templo

439 2357 614 2396 manu
627 2341 794 2406 facto,
817 2353 931 2391 non
950 2335 1346 2406 corporaliter,
1374 2335 1475 2389 sed
1500 2333 1841 2388 umbraliter
1858 2333 2084 2388 habita-

435 2428 606 2494 verit,
636 2427 694 2480 id
725 2432 832 2489 est,
864 2424 1380 2495 prazﬁgurantibus
1411 2422 1616 2494 signis.
1638 2423 1764 2477 Nan
1795 2420 1927 2476 illas
1959 2439 2082 2477 0m-

439 2533 545 2572 nes
568 2514 1023 2577 observationes,
1050 2513 1286 2567 umbras
1319 2514 1649 2566 futurorum
1682 2517 1848 2566 vocat
1904 2512 2081 2565 etiam

439 2607 568 2676 ipso
597 2601 880 2658 translato
900 2599 1181 2656 vocabulo
1204 2601 1425 2667 (Colcss.
1444 2601 1904 2670 11,17):summus
1927 2599 2082 2655 enim

441 2695 617 2750 Deus.
642 2693 797 2747 sicut
818 2691 1100 2761 scriptum
1124 2696 1232 2754 est,
1253 2706 1365 2744 non
1390 2689 1449 2742 in
1475 2689 1823 2743 manufactis
1849 2687 2083 2759 templis

442 2783 669 2838 habitat
694 2781 831 2851 (Act.
864 2796 1004 2844 xvn,
1035 2779 1135 2846 illi;
1168 2779 1296 2832 Isai.
1323 2795 1469 2843 LXVI,
1495 2778 1566 2848 1).
1600 2779 1714 2831 Aut
1757 2782 1908 2832 certe
1963 2794 2082 2832 cor-

438 2871 706 2943 poraliter
727 2868 947 2923 dictum
997 2869 1103 2934 est,
1156 2867 1294 2936 quia
1349 2871 1405 2920 et
1452 2866 1508 2919 in
1567 2865 1780 2920 Christi
1839 2883 2081 2938 corpore,

443 2960 600 3032 quod
626 2957 948 3027 assumpsit
975 2972 1040 3011 ex
1071 2954 1312 3026 virgine,
1339 2960 1624 3025 tanquam
1654 2954 1712 3008 in
1745 2955 1961 3026 templo
1984 2957 2083 3012 ba-

442 3052 592 3106 bitat
623 3048 797 3111 Deus,
819 3044 964 3100 Hinc
991 3048 1078 3099 est
1097 3043 1254 3099 enim
1284 3044 1438 3115 quod
1468 3043 1687 3098 Judaeis
1715 3043 1950 3115 signum
1986 3063 2080 3117 pe-

441 3138 700 3195 tentibus
732 3152 864 3190 cum
917 3132 1195 3188 dixisset:
1221 3133 1421 3187 Sol-vite
1451 3133 1710 3203 templum
1733 3133 1850 3201 hoc,
1885 3138 1935 3189 et
1961 3145 2082 3205 post

436 3229 687 3283 triduum
727 3224 994 3279 suscitabo
1052 3221 1191 3276 illud
1241 3222 1426 3291 (Joan.
1468 3240 1528 3287 1|,
1564 3222 1673 3291 19),
1724 3223 2082 3294 evangelista

438 3317 580 3390 quid
611 3317 719 3371 hoc
749 3318 902 3369 es‘set
933 3290 1356 3381 consequenter
1376 3290 1690 3382 exponens,
1717 3312 1834 3367 ait:
1862 3290 2076 3370 llleau-
2110 3290 2152 3358 (ἶ

436 3413 552 3464 tem
585 3405 814 3461 dicebat
833 3403 904 3457 de
935 3401 1152 3471 templo
1179 3400 1438 3472 corporis
1456 3400 1546 3455 sui
1570 3400 1773 3472 (1234).
1807 3402 1926 3457 Hoc
1946 3419 2081 3476 ergo

434 3500 717 3554 interesse
747 3492 1105 3547 arbitramur
1125 3488 1276 3542 inter
1289 3494 1464 3560 caput
1493 3491 1549 3542 et
1569 3493 1774 3544 czetera
1798 3493 2081 3564 membra,

437 3585 593 3658 quod
616 3585 677 3637 in
710 3579 970 3652 quolibet
997 3576 1264 3649 quamvis
1295 3575 1582 3648 praecipuo
1607 3579 1890 3648 membro,
1924 3581 2084 3637 velut

439 3675 498 3730 in
524 3673 721 3742 aliquo
744 3684 956 3740 magno
988 3665 1293 3738 propheta,
1318 3669 1419 3719 aut
1449 3666 1730 3737 apostolo,
1765 3676 2083 3738 quantum-

441 3764 532 3818 vis
566 3757 886 3815 divinitatis
933 3755 1297 3823 habitet,n0n
1331 3760 1525 3809 tamen
1558 3755 1712 3810 sicut
1759 3757 1819 3810 in
1870 3760 2081 3830 capite,

444 3851 601 3924 quod
634 3854 722 3905 est
753 3846 1043 3910 Christus,
1115 3845 1306 3899 omnis
1364 3843 1664 3915 plenitudo
1724 3846 2078 3917 divinitatis;

443 3941 584 4012 quia
613 3943 670 3994 et
717 3938 775 3991 in
827 3940 1024 3990 nostro
1075 3950 1313 4005 corpore
1373 3934 1525 3988 inest
1571 3950 1780 3988 sensus
1830 3935 2080 4008 singulis

439 4028 746 4097 membris,
779 4026 878 4081 sed
913 4040 1027 4078 non
1049 4028 1250 4078 tantus
1281 4027 1538 4093 quantus
1571 4022 1629 4076 in
1654 4022 1862 4093 capite.

505 4122 581 4174 Et
609 4117 709 4172 esti
740 4117 797 4169 in
828 4115 924 4170 illo
957 4112 1179 4184 repleti,
1212 4114 1308 4183 qui
1337 4120 1412 4167 est
1462 4119 1624 4182 caput
1654 4113 1834 4166 omnis
1863 4115 2081 4184 princi-

424 4214 594 4282 patus
623 4212 676 4262 et
701 4204 1008 4277 potestatis.
1041 4201 1227 4272 Caput
1257 4205 1451 4255 autem
1485 4201 1748 4255 omnium
1782 4201 2078 4257 Christum

428 4295 783 4372 principium
818 4292 1083 4348 omnium
1109 4289 1290 4345 voluit
1314 4287 1582 4360 intelligi,
1617 4289 1769 4344 sicut
1800 4290 1926 4360 ipse
1973 4290 2074 4357 ait,

427 4405 563 4444 cum
595 4387 645 4441 ei
695 4385 916 4438 dictum
977 4385 1128 4435 esset
1163 4395 1174 4432 :
1229 4380 1300 4432 Tu
1342 4380 1463 4447 quis
1493 4395 1549 4432 es
1575 4379 1798 4447 9(Joan.
1831 4395 1932 4432 vm
1961 4379 2075 4451 25.)

428 4473 750 4548 Respondit
779 4472 933 4527 enim
968 4487 981 4524 :
1017 4469 1387 4538 Principium,
1417 4466 1555 4537 quod
1606 4468 1656 4520 et
1687 4467 1875 4535 loquor
1902 4467 2071 4523 vobis.

428 4566 622 4622 Omnia
654 4564 805 4618 enim
827 4577 926 4632 per
974 4561 1154 4628 ipsum
1182 4558 1331 4626 facta
1353 4557 1479 4607 sunt
1506 4572 1519 4620 ;
1553 4559 1605 4608 et
1660 4556 1781 4608 sine
1833 4557 1948 4626 ipso
1991 4559 2074 4628 fa,-

2202 647 2356 701 bent.
2391 645 2651 715 Denique
2675 646 2732 699 in
2756 644 3124 700 credentibus
3155 644 3407 715 Spiritus
3464 649 3704 700 sanctus
3751 647 3834 701 in-

2199 735 2447 799 habitat,
2482 735 2632 805 quod
2669 733 2972 789 elementis
2998 733 3233 788 concedi
3284 749 3399 788 non
3449 738 3674 804 potest;
3704 737 3835 806 quia

2199 823 2506 894 indignum
2538 827 2733 878 eratet
2763 823 3248 893 incongruum,ut
3269 821 3582 877 invisibilis
3615 823 3834 880 habita-

2200 918 2285 967 ret
2314 913 2372 967 in
2405 912 2738 967 substantia
2761 911 2999 981 visibili,
3023 915 3081 966 et
3101 910 3479 982 incorporeus
3508 911 3566 966 in
3597 912 3834 986 his,quaa

2199 1001 2503 1056 sensibilia
2531 1005 2690 1055 sunt.
2723 1001 2976 1055 Audiant
3029 1015 3183 1071 ergo,
3209 1004 3266 1054 et
3319 1000 3555 1055 veniant
3590 1002 3835 1060 cultores

2198 1106 2424 1155 eorum,
2459 1095 2517 1145 et
2547 1090 2788 1144 credant
2842 1089 2901 1143 in
2960 1088 3212 1159 Christo,
3271 1093 3336 1144 ut
3395 1089 3540 1145 fiant
3593 1092 3835 1163 majores

2199 1195 2424 1248 eorum,
2461 1195 2605 1250 quos
2639 1195 2794 1232 nunc
2819 1176 3037 1232 colunt.

2272 1268 2416 1322 Hinc
2440 1268 2566 1338 jam
2599 1268 2833 1322 Judaeos
2864 1267 3460 1338 etpseudoapostolos
3479 1269 3737 1341 sugillat,
3767 1288 3835 1328 ne

2197 1357 2270 1409 al)
2301 1355 2446 1426 ipsis
2476 1356 2854 1420 seducantur,
2886 1360 2942 1410 et
2968 1356 3110 1411 dicit
3142 1373 3154 1412 :
3189 1359 3250 1410 In
3289 1374 3394 1429 quo
3426 1360 3479 1413 et
3535 1360 3837 1416 circumcisi

2193 1447 2320 1498 estis
2350 1446 2760 1500 circmnsicione
2779 1460 2891 1500 non
2917 1462 3088 1499 mami
3110 1445 3262 1517 facta
3284 1447 3430 1502 Hinc
3446 1448 3574 1517 jam
3608 1465 3678 1504 ne
3701 1467 3826 1505 um-

2198 1533 2318 1587 bris
2355 1533 2616 1588 Judaicis
2643 1535 3020 1600 seducantur,
3051 1535 3321 1606 adjungit
3354 1553 3368 1592 :
3398 1537 3463 1590 In
3508 1553 3617 1608 quo
3665 1541 3823 1594 etiam

2193 1625 2508 1677 circumcisi
2535 1624 2664 1677 estis
2690 1625 3105 1678 circumcisione
3132 1639 3244 1679 non
3273 1627 3699 1696 manufacta,id
3728 1634 3834 1695 est,

2195 1726 2298 1781 per
2321 1726 2498 1781 quam
2524 1716 2714 1766 totum
2745 1716 2993 1766 veterem
3029 1710 3327 1766 hominem
3358 1713 3750 1784 exspoliastis.
3776 1716 3834 1770 Hi

2194 1798 2689 1855 circumcidentur
2715 1800 2776 1855 in
2807 1799 3153 1871 cbristo,qui
3184 1806 3494 1872 amputata
3513 1803 3690 1860 totius
3721 1808 3834 1861 tra-

2192 1888 2432 1943 ditionis
2461 1889 2731 1944 humanae
2762 1889 3014 1957 cultura,
3043 1889 3640 1963 Christojunguntur,
3671 1895 3834 1950 corde

2196 1993 2310 2031 non
2347 1994 2520 2032 carne
2551 1977 2972 2045 circumcisi,id
3003 1978 3178 2046 est,in
3208 1980 3563 2050 spiritu,non
3587 1981 3645 2036 in
3667 1998 3834 2038 carne

2194 2067 2532 2131 servientes,
2566 2072 2684 2121 uta
2714 2068 2960 2123 terrenis
3001 2068 3074 2122 ad
3125 2066 3401 2134 cmlestia,
3436 2069 3507 2123 ab
3557 2069 3837 2127 humanis

2196 2155 2265 2209 ad
2302 2155 2518 2225 divina,
2555 2160 2611 2210 et
2641 2156 2713 2210 ab
2743 2171 2935 2211 errore
2965 2161 3382 2212 convertantur
3407 2159 3478 2212 ad
3526 2157 3832 2214 veritatem

2267 2244 2329 2298 In
2358 2245 2750 2314 exspoliatione
2777 2246 3019 2316 corporis
3044 2247 3276 2302 carnis..
3305 2246 3429 2301 Non
3458 2246 3604 2303 duas
3632 2247 3836 2320 utique

2195 2347 2286 2386 res
2317 2332 2560 2404 intelligi
2590 2331 2792 2399 voluit,
2814 2334 2980 2405 quasi
3008 2333 3166 2389 aliud
3200 2335 3276 2390 sit
3295 2351 3449 2402 caro,
3483 2335 3643 2391 aliud
3705 2353 3828 2392 cor-

2193 2438 2304 2492 pus
2341 2423 2569 2489 carnis;
2604 2424 2703 2477 sed
2738 2425 2877 2493 quia
2905 2439 3117 2494 corpus
3150 2423 3471 2478 multarum
3504 2441 3700 2480 rerum
3730 2443 3834 2481 no-

2194 2526 2327 2565 men
2350 2517 2458 2577 est,
2492 2528 2743 2583 quarum
2777 2529 2896 2567 una
2925 2529 3056 2568 caro
3084 2516 3194 2568 est.
3253 2513 3400 2569 Nam
3433 2512 3621 2570 multa
3681 2521 3836 2585 sunt,

2193 2605 2431 2670 excepta
2455 2617 2647 2668 carne,
2677 2617 2920 2673 corpora
2950 2601 3201 2657 calestia
3232 2607 3289 2658 et
3327 2617 3572 2674 corpora
3625 2607 3838 2660 terres-

2191 2690 2326 2742 tria.
2363 2688 2604 2760 Corpue,
2638 2691 2829 2746 carnis
2851 2690 3016 2756 dixit,
3075 2707 3140 2746 eo
3175 2691 3332 2761 quod
3364 2695 3472 2747 hoc
3530 2691 3656 2748 loco
3714 2711 3835 2749 cor-

2193 2793 2326 2846 pus,
2359 2793 2593 2833 carnem
2612 2779 2862 2849 inteltigi
2891 2778 3090 2835 voluit.
3119 2779 3282 2836 Unde
3317 2785 3374 2836 et
3403 2782 3673 2852 sequitur
3699 2798 3711 2838 :

2265 2865 2578 2936 Consepulti
2605 2871 2666 2922 in
2688 2869 2974 2937 baptismo,
3006 2885 3067 2922 in
3096 2884 3199 2938 quo
3227 2873 3282 2924 et
3330 2872 3715 2926 resurrexistis
3741 2888 3839 2944 per

2189 2953 2353 3022 ﬁdem
2371 2955 2701 3024 Operationis
2729 2957 2844 3024 Dci,
2875 2958 2972 3026 qui
2999 2958 3282 3013 suscitavit
3310 2959 3470 3013 illum
3497 2975 3533 3014 α
3579 2963 3832 3018 mortuis.

2194 3041 2656 3099 Resurrexerunt
2684 3049 2878 3100 autem
2903 3061 3002 3116 per
3032 3045 3206 3100 ﬁdem
3238 3045 3338 3101 Dei
3364 3063 3378 3101 :
3412 3047 3482 3102 de
3535 3063 3652 3120 quo
3715 3065 3835 3106 cre-

2191 3130 2520 3202 dunt,quod
2543 3132 2804 3204 exemplo
2825 3133 3037 3189 Christi
3059 3134 3400 3191 resucitabit
3427 3135 3562 3192 illos
3592 3152 3663 3194 ex
3684 3154 3839 3194 mor-

2190 3219 2328 3274 tuis.
2352 3219 2474 3276 lllic
2505 3221 2660 3276 enim
2691 3222 2866 3278 homo
2924 3228 3090 3278 vetus
3149 3224 3479 3294 deponitur,
3542 3230 3600 3281 et
3649 3243 3836 3284 novus

2192 3309 2516 3364 assumitur
2544 3335 2558 3378 ;
2591 3311 2842 3382 peccatis
2873 3311 3348 3384 moritur(1233),
3382 3318 3449 3370 ut
3477 3314 3634 3370 vivat
3658 3316 3838 3386 justi-

2193 3397 2311 3466 ciae,
2346 3402 2410 3452 ut
2437 3398 2662 3455 Christo
2695 3401 2970 3468 societur,
3011 3401 3427 3459 resurectionis
3487 3403 3698 3460 futurae
3756 3410 3840 3461 te-

2193 3502 2337 3542 nens
2368 3487 2582 3560 pignus
2611 3489 2872 3561 exemplo
2904 3489 3240 3559 Savaltoris,
3271 3492 3372 3562 qui
3427 3495 3748 3551 resurrexit
3776 3511 3844 3552 ex

2194 3577 2461 3632 mortuis.
2496 3579 3159 3652 Resurrexistis,inquit,
3190 3581 3249 3636 in
3263 3598 3472 3638 novam
3501 3583 3843 3653 vitam,cre-

2194 3665 2395 3721 dentes
2449 3672 2506 3722 et
2560 3667 2956 3740 intelligentes
3011 3668 3174 3725 illius
3232 3687 3360 3726 esse
3415 3673 3840 3744 operationem.

2191 3753 2334 3810 Vide
2365 3757 2861 3827 quemadmodum
2891 3762 2949 3813 et
2990 3757 3085 3814 hic
3114 3775 3326 3831 corpus
3355 3760 3571 3817 Christi
3601 3763 3692 3819 eis
3749 3781 3842 3820 os-

2190 3845 2399 3910 tendit,
2433 3846 2625 3900 utista
2644 3852 3043 3914 contemnant,
3075 3848 3434 3906 cohaerentes
3464 3855 3630 3907 tanto
3660 3853 3842 3925 capiti

2193 3949 2319 4000 suo,
2353 3934 2655 3990 mediatori
2692 3935 2785 3991 Dei
2815 3940 2871 3991 et
2899 3936 3229 4004 hominum,
3284 3938 3516 3995 Christo
3563 3942 3732 4008 Jesu,
3789 3948 3845 3998 et

2190 4021 2420 4076 nullum
2452 4022 2686 4090 falsum,
2718 4024 2805 4079 vel
2836 4023 3158 4080 invalidum
3206 4027 3489 4092 medium,
3524 4045 3630 4101 per
3681 4033 3842 4102 quod

2188 4107 2305 4163 Deo
2332 4109 2678 4179 cohaereant,
2709 4113 3090 4183 requirentes.
3118 4114 3249 4170 Haec
3277 4115 3456 4187 igitur
3476 4126 3847 4189 commonet,

2188 4200 2252 4251 ut
2284 4205 2609 4268 perseveret
2637 4201 2696 4256 in
2727 4202 3229 4259 abrenuntiatione
3259 4211 3570 4277 pompamt
3600 4209 3850 4279 praesti-

2187 4285 2296 4356 giis
2315 4287 2497 4356 (1236)
2520 4290 2749 4346 Satanae
2773 4309 2786 4346 :
2815 4290 2915 4362 qui
2938 4291 3152 4348 idcirco
3167 4292 3592 4351 elementorum
3615 4299 3841 4355 suadet

2185 4373 2497 4448 culturam,
2531 4382 2659 4433 uta
2703 4384 2818 4434 Deo
2865 4384 3082 4447 avocet,
3142 4382 3456 4454 participes
3512 4388 3842 4456 apostasia

2183 4479 2301 4518 suae
2323 4464 2522 4522 valens
2543 4467 2771 4523 efficere
2788 4467 3076 4525 homines.
3105 4471 3251 4536 Quia
3269 4473 3426 4526 enim
3449 4473 3558 4528 sub
3595 4477 3853 4533 nomine

2181 4569 2287 4608 suo
2318 4554 2611 4610 culturam
2647 4557 2891 4613 suadere
2915 4574 3029 4613 non
3079 4563 3272 4630 potest
3328 4559 3626 4631 (horretur
3676 4565 3850 4622 enim

422 4660 571 4713 ctum
603 4658 682 4708 est
703 4651 846 4705 nihil
867 4650 1042 4716 (Joan.
1076 4663 1114 4711 1,
1147 4646 1226 4714 3).
1286 4642 1634 4697 Mirabiliter
1694 4648 1888 4698 autem
1945 4646 2072 4702 vult
2099 4664 2145 4728 D
2178 4642 2366 4714 ipsius
2398 4645 2654 4716 nomine)
2685 4646 2796 4700 sub
2827 4646 3066 4703 alterius
3123 4648 3360 4705 nomine
3416 4667 3588 4706 suam
3619 4653 3848 4712 volun-

423 4761 552 4800 esse
583 4743 792 4796 horum
824 4737 980 4792 velut
1012 4731 1372 4787 mirabilium
1432 4735 1883 4802 contemptores,
1933 4752 2067 4792 cum

423 4851 522 4890 eos
545 4828 801 4886 ostendit
831 4841 1043 4894 corpus
1079 4823 1261 4874 factos
1294 4819 1454 4873 illius
1486 4820 1716 4891 capitis,
1766 4823 2008 4880 dicendo
2043 4843 2056 4881 ε

421 4925 484 4978 Et
515 4921 642 4976 estis
669 4920 728 4971 in.
760 4917 855 4970 illo
887 4912 1104 4981 repleti,
1137 4909 1232 4978 qui
1261 4919 1335 4962 est
1364 4918 1528 4980 caput
1553 4914 1728 4966 omnis
1777 4916 2059 4985 prmcz'pa-

421 5016 507 5066 tus
537 5014 592 5064 et
610 5004 914 5080 potestatis.
951 5000 1016 5053 Et
1037 5003 1125 5051 est
1157 5013 1386 5064 sensus,
1421 5000 1506 5054 vel
1539 5001 1677 5056 ordo
1709 5002 2019 5057 verborum
2047 5020 2059 5058 :

417 5103 472 5157 Si
510 5099 670 5153 illius
701 5090 945 5147 scientia
962 5086 1296 5155 erudimini,
1325 5089 1421 5161 qui
1445 5090 1604 5145 dedit
1629 5090 1864 5144 initium
1887 5092 2063 5146 etiam

413 5181 696 5245 invisibili
730 5182 1028 5245 creaturre,
1062 5177 1200 5248 quid
1233 5178 1395 5234 vobis
1427 5180 1726 5234 conferent
1756 5179 1855 5249 qui
1915 5178 2061 5233 nihil

413 5273 670 5347 amplius
693 5266 1048 5337 intelligunt,
1075 5283 1248 5338 quam
1273 5268 1425 5338 quod
1451 5266 1694 5320 vident?
1717 5265 1854 5321 Plus
1875 5267 2061 5338 signi-

411 5367 547 5420 ﬁcat
566 5356 937 5414 credentibus
959 5356 1287 5427 duri,quam
1319 5358 1510 5424 potest
1540 5355 1599 5408 in
1631 5353 1937 5410 elementis
1970 5356 2064 5411 de-

408 5448 737 5526 prehendi:
798 5446 934 5518 quia
990 5446 1088 5517 qui
1147 5446 1206 5498 in
1253 5442 1482 5498 Christo
1515 5447 1622 5508 est,
1671 5443 1928 5515 repletus
1975 5448 2064 5501 est

481 5576 666 5648 (123/1)
698 5575 914 5648 Textus
950 5570 1175 5648 h_ic,per
1197 5567 1585 5648 amanuensis
1616 5567 2059 5648 _tortasse_o_bli-

406 5638 660 5724 vionem,
693 5649 770 5705 ita
802 5647 858 5702 in
893 5642 1020 5724 cod.
1054 5638 1435 5724 desideratur,
1494 5644 1560 5696 ut
1613 5639 1783 5697 illum
1841 5640 2059 5698 adden-

405 5726 544 5786 dum
578 5712 705 5782 vine
739 5712 1017 5796 scrupulo
1047 5712 1173 5768 ausi
1227 5712 1434 5767 simus.

2178 4735 2359 4792 tatem
2395 4739 2634 4788 conatur
2665 4733 2924 4806 implere.

2240 4829 2304 4880 Et
2332 4839 2442 4892 vos,
2476 4839 2600 4877 cum
2627 4825 2814 4879 essetis
2840 4827 3051 4880 mortui
3079 4827 3138 4880 in
3193 4826 3425 4895 delictis,
3457 4833 3512 4884 et
3537 4835 3844 4903 prmputio

2172 4915 2358 4968 carnis
2381 4915 2574 4968 vestrae
2601 4912 3004 4981 conviviﬁcavil
3027 4930 3152 4968 cum
3182 4915 3300 4971 illo.
3361 4917 3629 4974 Mortuos
3695 4922 3853 4977 dicit

2173 5001 2418 5073 gentiles
2451 5001 2666 5056 fuisse:
2694 5000 2948 5072 primum
2983 5002 3244 5073 quidem,
3271 5004 3408 5075 quia
3438 5005 3632 5079 legem
3667 5009 3851 5083 Moy-

2172 5092 2242 5157 si,
2267 5106 2398 5163 qua:
2418 5090 2486 5145 ad
2507 5089 2911 5146 testimonium
2934 5091 3070 5147 data
3099 5095 3189 5147 est
3218 5095 3527 5165 Creatoris,
3559 5102 3619 5152 et
3649 5100 3734 5154 ad
3763 5100 3854 5155 vi-

2170 5181 2250 5236 tia
2279 5180 2742 5250 condemnanda,
2765 5179 3018 5251 recipere
3042 5181 3600 5251 noluerunt;deinde
3624 5203 3856 5258 pecca-

2171 5274 2364 5326 torum
2393 5287 2634 5326 suorum
2678 5269 3111 5341 causa,indigni
3169 5273 3513 5341 erantvita;
3577 5275 3854 5350 ideoque

2171 5359 2444 5414 discrevit
2476 5359 2581 5414 hos
2613 5376 2647 5413 a
2676 5358 2912 5425 Iudaeis,
2981 5359 3150 5430 quasi
3179 5362 3280 5430 qui
3326 5361 3545 5418 fuerint
3603 5365 3855 5422 inimici

2169 5448 2270 5502 Dei
2301 5449 2497 5504 unius.
2541 5447 2730 5503 Judaei
2778 5463 2910 5502 vero
2957 5447 3016 5502 in
3071 5449 3248 5504 unius
3294 5450 3398 5506 Dei
3455 5453 3856 5512 confessione

2169 5569 2438 5701 “£1233
2456 5572 2667 5643 Verba,
2693 5574 2752 5627 et
2781 5587 3033 5640 novus,..
3067 5572 3336 5646 moritur,
3370 5574 3431 5632 in
3480 5575 3605 5636 imo
3637 5596 3853 5658 marg.

2194 5659 2717 5792 eﬁzgégi‘l‘ortasse
2750 5714 2959 5772 melius
2986 5717 3418 5792 praestigiarum.
