3978 6210
201 320 338 384 629
775 323 1190 384 EXPOSITIO
1236 324 1312 383 ΙΝ
1360 322 1782 384 EPISTOLAS
1825 320 2185 384 PAULL—
2217 322 2293 381 ΙΝ
2341 323 2586 384 EPIST.
2636 328 2740 386 AD
2785 327 3099 388 CULOSS.
3518 333 3637 394 630

203 455 365 510 data
390 471 425 510 α
455 458 590 523 Deo,
625 470 730 524 per
759 471 934 526 quam
990 455 1202 509 vivitur
1258 456 1372 511 Deo
1407 473 1506 526 per
1535 473 1721 527 spem,
1757 471 1884 525 qum
1917 456 1964 518 Α
1999 455 2176 524 hujus
2209 456 2515 514 elementa.
2552 464 2938 530 naturamque
2969 478 3160 517 rerum
3190 465 3334 519 ratio
3367 467 3633 536 qumdam

202 550 313 599 est
348 544 409 598 in
441 543 695 599 Christo.
723 544 969 598 Moritur
989 550 1183 599 autem
1215 545 1325 612 his,
1352 546 1562 616 quibus
1587 545 1884 614 subjectus
1997 547 2293 617 sapientia-
2328 547 2484 602 reddi
2521 549 2800 603 videatur.
2837 551 2995 606 Unde
3027 553 3200 608 etiam
3233 554 3408 609 dicit:
3445 556 3637 612 Cavete

205 632 423 686 fuerat
455 648 558 703 per
587 648 868 697 errorem,
922 634 1062 686 dum
1127 639 1297 703 negat
1341 622 1668 703 illos,'quos
1702 633 1884 702 (1218)
1993 653 2060 690 ne
2092 639 2211 706 quis
2246 654 2333 692 vos
2377 639 2614 708 decipiat
2641 657 2738 709 per
2784 639 3182 711 philosophiam
3214 647 3420 714 (supra,
3455 647 3544 709 8):
3581 650 3637 699 et

207 726 687 791 praesumpserat
738 737 886 773 esse.
921 722 988 775 Et
1020 721 1099 775 ita
1157 722 1241 783 tit,
1290 727 1353 776 ut
1385 739 1486 793 per
1516 720 1880 775 inimicitiam
1993 729 2186 780 tamen
2213 744 2325 779 non
2351 727 2450 792 ait,
2476 728 2636 799 hujus
2661 730 2871 782 mundi.
2900 731 2966 783 Et
2989 732 3126 800 quid
3151 737 3237 786 est
3269 732 3637 804 philosOphia

207 808 1029 864 abrenuntiationisinvicem
1047 809 1878 878 sibimortuidicanturhomo,
1993 816 2206 882 Latine,
2245 816 2352 869 nisi
2383 817 2622 871 studium
2680 821 2987 888 sapientiae.
3051 821 3198 873 Sunt
3226 837 3382 890 ergo,
3417 822 3632 893 inquit,

206 901 272 952 et
305 898 740 953 elementorum
775 897 1022 952 cultura.
1052 898 1335 954 Mundum
1368 900 1522 954 enim
1557 900 1774 964 dicens,
1801 916 1883 952 er-
1991 901 2103 955 ista
2135 904 2404 956 rationem
2435 907 2654 973 quidem
2693 905 2946 960 habentia
2996 910 3301 977 sapientiw,
3337 909 3391 962 id
3423 917 3529 976 est,
3564 912 3634 965 de

205 1004 416 1041 rorem
450 987 646 1041 carnis
677 988 988 1056 signiﬁcat.
1042 988 1224 1042 Omne
1255 988 1409 1043 enim
1447 989 1599 1059 quod
1632 989 1879 1056 videtur,
1991 991 2206 1060 quibus
2234 990 2430 1061 aliqua
2462 994 2738 1047 reddatur
2775 995 3099 1049 secundum
3141 995 3425 1052 elementa
3455 997 3632 1068 hujus

205 1075 389 1130 carni
414 1076 748 1147 deputatur.
774 1076 916 1130 Hinc
937 1082 1023 1131 est
1047 1078 1198 1130 unde
1219 1078 1541 1132 etJoannes
1561 1077 1878 1147 apostolus,
1993 1079 2216 1145 mundi,
2241 1086 2297 1133 et
2327 1081 2688 1152 principatus
2712 1100 2775 1134 ac
2801 1089 3112 1153 potestates
3140 1102 3151 1150 ;
3184 1087 3237 1139 in
3266 1087 3634 1142 observatione

205 1165 429 1228 Nolite,
461 1165 650 1235 inquit
680 1166 912 1235 diligere
958 1166 1100 1219 hunc
1147 1167 1432 1230 mundum,
1468 1182 1638 1236 neque
1667 1183 1727 1220 ea
1760 1183 1879 1237 qua?
1987 1174 2039 1222 et
2073 1170 2131 1222 in.
2162 1171 2476 1223 humilitate
2496 1171 2694 1224 cordis.
2725 1173 2782 1225 Id
2808 1172 2960 1226 enim
2991 1179 3170 1243 agunt
3199 1174 3317 1227 istae
3351 1177 3631 1246 supersti-

203 1254 278 1307 t'n
315 1254 423 1308 hoc
447 1254 647 1309 mundo
702 1263 831 1308 sunt
864 1256 907 1325 (I
965 1256 1119 1310 Joan.
1159 1273 1220 1319 ιι,
1281 1257 1389 1324 15),
1432 1255 1486 1308 id
1550 1260 1658 1323 est,
1695 1271 1879 1324 neque
1988 1258 2924 1325 tiones,utvitiocorhumilietur.
2951 1261 3633 1332 Videnturigiturobser-

206 1342 550 1411 elementa,
584 1343 791 1412 quibus
822 1349 1164 1414 compactus
1192 1345 1445 1398 mundus
1468 1349 1768 1414 est,neque
1789 1360 1875 1396 er-
1986 1347 2267 1401 vationes.
2304 1348 2561 1402 Judairas
2583 1349 2733 1417 apud
2761 1349 3144 1419 imperitos,et
3167 1350 3335 1404 vilem
3359 1351 3627 1422 plebecu-

202 1447 418 1495 rores,
453 1448 600 1502 quos
632 1432 883 1486 humana
914 1432 1213 1486 adinvenit
1247 1432 1501 1498 traditio,
1539 1433 1875 1502 diligamus,
1987 1433 2101 1488 lam
2139 1435 2452 1506 imaginem
2485 1435 2699 1490 habere
2722 1438 2962 1491 rationis
2996 1439 3379 1509 humanaeque
3407 1441 3632 1510 sapien-

203 1519 320 1574 sed
362 1521 560 1574 solum
591 1519 1016 1591 Christum,qui
1051 1527 1320 1575 mortuus
1352 1525 1438 1574 est
1473 1538 1574 1592 pro
1607 1521 1788 1585 nobis,
1815 1526 1878 1574 ut
1986 1523 2100 1587 tia},
2134 1541 2198 1577 eo
2233 1525 2382 1594 quod
2421 1523 2667 1578 humilia
2699 1525 2980 1579 sentiunt.

197 1608 454 1679 corpori
501 1625 608 1663 suo
632 1624 738 1663 nos
767 1609 1017 1664 sociaret
1039 1626 1106 1663 ex
1129 1609 1504 1680 perditis.Qui
1523 1626 1657 1680 ergo
1681 1626 1872 1662 conse-
2055 1612 2331 1681 Sequitur
2355 1614 2489 1667 :Non
2521 1613 2587 1666 ad
2604 1614 2937 1683 parcendum
2956 1615 3336 1684 corpori,dum
3366 1617 3634 1670 fraudan-

197 1695 372 1766 pulti
406 1687 548 1752 sunt
576 1696 825 1763 Christo,
858 1696 1072 1751 mortui
1106 1703 1243 1751 sunt
1281 1697 1606 1760 elementis,
1643 1703 1704 1750 ut
1733 1697 1873 1750 nihil
1985 1704 2084 1754 tur
2117 1700 2243 1754 istis
2277 1701 2446 1766 escis,
2482 1700 2697 1770 quibus
2729 1701 3161 1772 compelluntur
3189 1703 3630 1758 abstinere.Non

195 1789 426 1838 curent
461 1801 529 1838 ex
561 1784 670 1838 his.
715 1785 984 1856 Superna
1029 1784 1183 1838 enim
1241 1785 1572 1839 didicerunt
1603 1785 1871 1852 tenenda,
1909 1822 1953 1884 Β
1985 1789 2136 1842 enim
2166 1794 2412 1859 parcunt
2437 1789 2616 1843 Judaii
2643 1790 2980 1862 corporibus
3000 1792 3120 1845 suis
3147 1792 3200 1845 in
3225 1793 3630 1863 assumptione

195 1889 344 1944 quas
371 1878 624 1944 possunt
642 1872 821 1926 vitam
843 1872 978 1927 dare
1006 1874 1313 1944 pristinam
1338 1874 1694 1944 (1249).Hmc
1718 1874 1871 1927 enim
1909 1872 1952 1884 υ
1987 1877 2272 1946 ciborum,
2311 1883 2750 1932 contemnentes
2801 1879 3094 1933 interdum
3148 1897 3271 1950 quae
3306 1881 3540 1946 habent,
3574 1885 3632 1936 et

198 1977 320 2015 nec
351 1964 703 2032 praesentem
718 1962 1285 2032 dant,etimpediunt
1308 1979 1378 2016 ne
1402 1962 1877 2033 apprehendatur
1987 1970 2314 2036 qua-rentes
2341 1983 2466 2036 qua:
2491 1984 2602 2020 non
2639 1968 2946 2032 habent,ex
2969 1985 3084 2037 qua
3111 1969 3455 2023 necessitate
3478 1970 3630 2022 debi-

197 2051 440 2105 futura.
476 2049 582 2113 Qui
618 2056 814 2104 autem
847 2055 977 2121 post
999 2051 1355 2121 baptismum
1390 2050 1643 2122 ambiget
1670 2052 1738 2104 de
1773 2051 1873 2104 ali-
1988 2055 3325 2123 litatesinterdum,etmorboscontrahunt,nec
3344 2058 3633 2112 honorant

201 2140 461 2212 quibus.
496 2145 712 2210 putans
745 2140 1010 2210 quaedam
1042 2157 1071 2195 e
1093 2139 1383 2194 veteribus
1409 2141 1757 2205 veneranda,
1793 2140 1873 2193 vi-

199 2245 348 2284 vere
374 2244 436 2283 se
459 2228 715 2281 ostendit
736 2228 1193 2300 elementis,quze
1221 2229 1482 2283 decernit
1507 2228 1876 2294 colenda,aut

203 2317 461 2372 dubitat
492 2317 953 2384 contemnenda;
986 2317 1066 2373 ita
1101 2318 1594 2372 remanebitintra
1627 2316 1875 2371 circulos

183 2405 467 2471 'mundi,
497 2403 719 2459 alienus
748 2424 780 2460 a
811 2406 945 2474 Deo,
974 2408 1112 2476 quia
1139 2407 1313 2460 veteri
1365 2407 1608 2460 indutus
1640 2407 1876 2461 homine

201 2491 491 2549 carnalia
511 2494 750 2548 transire
774 2512 885 2550 non
913 2496 1144 2566 poterit.
1161 2495 1262 2550 His
1285 2495 1455 2550 dictis
1479 2495 1682 2549 inserit
1702 2496 1874 2549 verba

201 2581 563 2652 eorum,qui
588 2582 891 2638 dicernunt
923 2584 992 2638 de
1021 2583 1128 2639 hoc
1163 2585 1381 2638 mundo
1412 2601 1511 2655 per
1543 2584 1648 2638 has
1673 2584 1868 2638 obser-

196 2672 485 2728 Vationes
507 2671 672 2742 quasi
697 2671 1286 2736 rationabiles,etfecti
1305 2674 1555 2728 vanitate
1580 2673 1874 2727 humilita-

202 2761 290 2816 tis
323 2761 537 2829 inﬂati,
571 2766 628 2815 et
683 2761 1007 2815 econtrario
1053 2763 1218 2832 quasi
1272 2762 1525 2815 viventes
1558 2763 1615 2815 in
1653 2763 1870 2816 mundo

203 2850 872 2917 decernunt,dicentes:
906 2849 983 2903 Ne
1016 2852 1340 2922 tetigeritis,
1374 2867 1548 2920 neque
1575 2853 1871 2920 gustaveri-

199 2941 306 3005 tis,
344 2939 401 2992 id
434 2942 544 3007 est,
581 2955 650 2993 ne
677 2937 982 3011 tetigeritis
1004 2955 1213 3010 corpus
1236 2939 1494 2994 hominis
1526 2942 1872 3009 mortui,nec

201 3028 659 3096 vestimentum,
694 3031 750 3081 et
779 3025 1122 3097 scabellum,
1171 3029 1226 3082 in
1271 3045 1385 3099 quo
1418 3029 1629 3082 sederit
1663 3028 1872 3083 mulier

203 3121 615 3182 menstruata,
650 3131 838 3186 neque
869 3116 1242 3188 gustaveritis
1273 3116 1506 3171 suillam
1540 3134 1794 3178 carnem,
1815 3123 1870 3171 et

201 3206 502 3278 leporem,
529 3221 857 3271 murenam,
883 3187 942 3260 et
966 3204 1309 3277 anguillam,
1338 3213 1393 3260 et
1415 3206 1637 3278 sepiam
1663 3207 1866 3276 (12:30),
1900 3187 1942 3252 C

203 3300 268 3351 et
300 3294 611 3350 universos
646 3293 854 3365 pisces,
888 3294 988 3363 qui
1015 3311 1315 3366 squamas,
1348 3299 1400 3348 et
1447 3293 1718 3366 pinnulas
1753 3311 1865 3348 non

203 3369 443 3439 habent.
473 3383 618 3453 (Leu.
652 3400 694 3436 ιι
721 3400 734 3448 ;
767 3383 919 3437 Deut.
946 3385 1082 3454 xw).

286 3473 432 3540 Quae
458 3475 587 3525 sunt
613 3473 798 3526 omnia
841 3473 901 3525 in
938 3473 1163 3527 interitu
1214 3474 1328 3544 ipso
1358 3489 1480 3539 usu,
1514 3473 1569 3524 id
1605 3478 1712 3537 est,
1750 3471 1868 3526 hec

205 3561 422 3618 omnia
451 3560 509 3614 in
541 3561 917 3631 corruptione
954 3561 1012 3614 in
1047 3560 1282 3616 interitu
1317 3567 1473 3631 sunt,
1506 3567 1561 3614 et
1597 3561 1867 3614 sumendi

204 3669 328 3706 usu
363 3649 423 3704 in
457 3654 708 3704 stercore
759 3650 1125 3721 digeruntur.
1186 3649 1492 3705 Secundum
1522 3654 1790 3720 prierepta
1821 3657 1870 3702 et

205 3741 497 3796 doctrinas
515 3739 820 3792 hominum.
837 3739 1063 3793 Secund
1077 3757 1106 3792 u
1118 3756 1170 3792 m
1191 3743 1559 3810 prmcepta,et
1577 3737 1870 3791 doctrinas

207 3827 530 3881 hominum
563 3826 850 3896 videlicet,
885 3828 954 3881 de
987 3827 1200 3897 quibus
1222 3827 1506 3881 Dominus
1542 3826 1870 3896 phazricaeos

212 3916 481 3987 corripit,
533 3917 768 3971 dicens:
839 3917 1065 3971 lrritum
1132 3918 1338 3986 fecistis
1395 3915 1718 3970 mandatum
1779 3916 1873 3970 Dei

211 4009 443 4076 propter
497 4004 855 4059 traditionem
912 4013 1145 4059 vestram
1202 4004 1408 4075 (Matth.
1458 4019 1545 4070 xv,
1605 4005 1672 4069 6;
1707 4004 1867 4058 Marc.

215 4111 325 4160 vn,
357 4094 435 4164 9).

291 4187 436 4253 Qua:
453 4187 582 4238 sunt
603 4182 820 4253 quidem
845 4184 1115 4238 rationem
1147 4183 1404 4237 habentia
1424 4183 1723 4252 sapientiae.
1760 4184 1874 4238 Cur

217 4272 367 4327 dicit
397 4272 680 4326 rationem
741 4271 954 4326 habere
1010 4270 1306 4342 sapientiae
1363 4271 1696 4341 Apostolus,
1744 4287 1874 4341 quae

220 4359 637 4432 reprehendit?
651 4359 844 4413 Dicam
856 4377 922 4414 us
938 4363 1130 4415 tamen
1149 4360 1300 4430 quod
1324 4358 1380 4413 in
1403 4359 1591 4430 ipsius
1613 4359 1870 4429 Apostoli

217 4447 392 4506 dictis
416 4464 734 4519 possumus
763 4447 1057 4503 advertere
1079 4463 1230 4518 saepe
1253 4447 1597 4517 sapientiam
1626 4448 1872 4517 positam

1986 2143 2357 2214 semetipsos,
2391 2161 2521 2197 cum
2557 2143 2754 2197 omnia
2789 2143 3007 2197 munda
3039 2143 3152 2198 sint
3187 2146 3424 2199 mundis
3455 2147 3626 2211 (Itum.

1984 2249 2095 2300 xiv,
2129 2234 2236 2297 20;
2275 2233 2370 2285 Tit.
2411 2250 2446 2296 ι,
2482 2234 2589 2301 15),
2634 2231 2895 2302 nihilque
2945 2233 3129 2303 possit
3159 2250 3286 2288 esse
3319 2233 3630 2303 pollutum,

1985 2321 2138 2390 quod
2174 2337 2304 2374 cum
2334 2320 2655 2391 gratiarum
2683 2320 2906 2374 actione
2933 2321 3329 2391 percipitunet
3359 2321 3572 2376 idcirco
3601 2339 3634 2376 a

1989 2409 2229 2464 Domino
2263 2412 2339 2463 sit
2370 2415 2652 2474 creatum,
2687 2413 2748 2461 ut
2781 2409 3081 2463 saturitate
3129 2415 3185 2464 et
3217 2409 3634 2480 adimpletione

1983 2499 2176 2553 carnis
2209 2499 2498 2552 humanos
2533 2503 2694 2551 artus
2717 2503 2937 2565 vegetet
2969 2504 3141 2568 atque
3174 2503 3482 2553 sustentet.
3506 2499 3629 2553 Ele-

1985 2592 2179 2640 menta
2211 2591 2405 2640 autem
2439 2586 2642 2639 mundi
2677 2603 2709 2639 a
2739 2586 2978 2655 quibus,
3020 2585 3136 2639 imo
3170 2586 3386 2655 quibus
3418 2588 3632 2642 mortui

1983 2693 2211 2744 sumus,
2247 2676 2355 2730 Lex
2406 2674 2606 2745 Moysi,
2642 2679 2697 2727 et
2745 2691 2917 2728 omne
2963 2680 3127 2728 vetus
3168 2674 3631 2730 instrumentum

1982 2764 2424 2834 intelligendum
2457 2769 2564 2828 est,
2599 2762 2812 2833 quibus
2863 2763 3028 2832 quasi
3076 2762 3382 2818 elementis
3414 2769 3469 2818 et
3499 2763 3630 2818 reli-

1980 2853 2169 2922 gionis
2200 2852 2449 2906 exordiis
2483 2856 2660 2905 Deum
2685 2851 2987 2921 discimus,
3011 2855 3067 2905 et
3096 2852 3167 2906 ab
3200 2852 3505 2907 elementis
3533 2853 3632 2907 lit-

1980 2947 2133 3007 teras,
2177 2957 2300 3010 qua":
2332 2940 2676 3004 destruitur,
2718 2939 2964 2994 transire
3007 2939 3225 2994 faciunt
3255 2942 3324 2996 ad
3359 2940 3627 3012 spiritum

1977 3029 2384 3083 viviticantem.
2444 3028 2550 3091 Qui
2605 3045 2740 3098 ergo
2773 3029 3016 3094 mundo,
3069 3034 3125 3082 et
3165 3028 3470 3084 elementis
3504 3033 3630 3099 ejus

1979 3119 2190 3172 mortui
2224 3135 2451 3183 sumus,
2506 3134 2620 3170 non
2678 3117 2961 3170 debemus
3019 3133 3086 3170 ea
3137 3119 3465 3182 observare,
3501 3136 3627 3188 quas

1983 3207 2182 3260 mundi
2218 3211 2376 3270 sunt,
2409 3205 2547 3276 quia
2589 3205 2645 3258 in
2681 3204 2858 3260 altero
2905 3204 3162 3272 initium,
3196 3207 3254 3259 in
3287 3206 3466 3260 altero
3500 3222 3627 3276 per-

1981 3296 2146 3350 fectio
2171 3301 2277 3349 est.

2052 3384 2364 3454 Sequitur:
2408 3383 2521 3435 Non
2572 3383 2631 3434 in
2690 3380 2890 3435 honore
2947 3382 3133 3449 aliqua
3188 3381 3255 3434 ad
3283 3383 3630 3437 saturitatem

1979 3475 2190 3526 carnis.
2223 3471 2343 3525 Non
2381 3471 2533 3540 quod
2568 3469 2911 3524 honoratius
2946 3468 3043 3523 illo
3078 3468 3283 3539 magis,
3320 3486 3497 3540 quam
3531 3469 3626 3524 illo

1980 3561 2108 3614 cibo
2141 3578 2272 3614 caro
2306 3559 2570 3624 satietur,
2621 3575 2751 3612 cum
2787 3559 2855 3612 ad
2903 3558 3031 3627 ejus
3073 3559 3477 3612 necessitatem
3511 3575 3626 3612 non

1982 3648 2285 3719 pertineat,
2322 3647 2432 3701 nisi
2492 3646 2752 3717 quolibet
2807 3646 3124 3702 valetudini
3185 3651 3319 3717 apto
3352 3645 3627 3701 alimento

1982 3739 2136 3792 refici
2173 3742 2347 3808 atque
2380 3736 2590 3790 fulciri.

2053 3828 2207 3896 (CAP.
2243 3825 2367 3896 Ill.)
2388 3828 2560 3895 Igitur
2583 3827 2632 3879 si
2651 3827 3074 3880 consum-existis
3095 3841 3219 3880 cum
3244 3825 3473 3891 Christo,
3506 3842 3629 3896 qua)

1982 3933 2202 3970 sursum
2226 3919 2353 3968 sunt
2374 3915 2976 3985 quaerite,utn'Christus
2991 3921 3068 3969 est
3088 3917 3147 3970 in.
3170 3915 3400 3970 dextera
3431 3917 3530 3968 Dei
3550 3932 3629 3970 se-

1980 4005 2111 4060 dens
2129 4022 2146 4065 ;
2174 4019 2295 4075 qum
2315 4020 2532 4058 sursum
2555 4007 2681 4056 sunt
2702 4005 2891 4073 sapite,
2923 4019 3035 4057 non.
3067 4019 3192 4073 quae
3214 4019 3377 4074 super
3398 4012 3625 4059 terram.

1981 4093 2051 4147 Et
2081 4092 2208 4146 ideo
2236 4091 2377 4145 nihil
2400 4096 2694 4145 terrenum
2719 4088 3164 4155 ainbiatis,nihil
3199 4089 3627 4158 transitorium,

1983 4181 2070 4235 vel
2106 4179 2349 4234 mortale
2381 4177 2677 4248 quaeratis,
2731 4178 2828 4230 sed
2881 4178 3173 4231 cculestem
3205 4177 3507 4231 sectamini
3539 4193 3628 4231 sa-

1987 4268 2285 4342 pientiam,
2319 4283 2432 4320 non
2485 4249 2799 4319 terrenam.
2848 4265 3210 4320 Resurrectio
3254 4269 3448 4319 tamen
3480 4264 3628 4320 duas

1985 4359 2160 4412 habet
2193 4353 2709 4424 t‘ormas,utprimo
2735 4353 2928 4406 animo
2952 4353 3022 4404 de
3057 4351 3224 4407 terris
3257 4357 3524 4422 resurgat
3557 4354 3629 4407 ad

1985 4445 2395 4511 cmlos,deinde
2411 4447 2636 4513 recepto
2650 4459 2886 4512 corpore
2905 4445 3386 4512 resurgatraptus
3399 4439 3626 4495 obviam

224 4539 400 4594 etiam
433 4539 492 4592 in
525 4537 700 4592 rebus
724 4536 927 4590 mundi
953 4536 1154 4606 hujus,
1181 4553 1357 4606 quam
1380 4536 1522 4590 dicit
1543 4535 1874 4604 expressius
1907 4553 1951 4616 D
1983 4537 2209 4592 Christo
2244 4539 2290 4605 (Ι
2324 4534 2497 4589 Thess.
2535 4549 2606 4601 ιν,
2643 4532 2753 4597 16).

226 4626 574 4698 sapientiam
611 4625 792 4695 hujus
815 4625 1018 4679 mundi
1040 4627 1086 4696 (Ι
1105 4628 1228 4680 Cor.
1264 4642 1345 4692 ιιι,
1380 4625 1488 4695 19).
1516 4629 1628 4678 Nec
1650 4628 1874 4678 moveat

229 4716 386 4788 quod
419 4713 514 4768 hic
558 4731 672 4768 non
731 4713 974 4780 addidit,
1025 4713 1253 4768 mundi:
1315 4731 1428 4768 non
1487 4713 1641 4768 enim
1673 4719 1731 4767 et
1760 4712 1874 4767 alio

228 4803 376 4866 loco,
411 4818 543 4856 cum
578 4802 691 4856 ait:
729 4802 829 4858 Ubi
853 4802 1088 4871 sapiens,
1112 4801 1209 4856 ubi
1227 4801 1515 4864 scriba!“
1546 4791 1663 4856 Cor:
1688 4819 1728 4865 ι,
1760 4802 1874 4872 ‘20.)

233 4890 673 4960 Addidit,hujus
706 4891 1005 4957 mundi,ut
1033 4891 1283 4944 diceret:
1314 4889 1414 4945 Ubi
1437 4890 1671 4959 sapiens
1696 4891 1873 4960 hujus

235 4980 471 5037 mundi?
496 4981 566 5035 Et
599 4985 798 5034 tamen
833 4977 940 5032 hoc
970 4976 1334 5050 intelligitur.
1360 4977 1453 5032 Sic
1475 4984 1561 5033 est
1591 4979 1703 5031 ista
1726 4979 1873 5033 ratio

234 5071 534 5144 sapientia.
569 5067 735 5124 Nihil
761 5067 914 5122 enim
964 5069 1038 5123 ab
1080 5068 1168 5122 eis
1197 5068 1411 5122 dicitur
1440 5067 1497 5122 in
1533 5067 1872 5138 hujusmodi

233 5157 658 5234 superstitiosis
688 5155 1215 5225 observationibus,
1248 5156 1347 5211 ubi
1382 5157 1564 5228 (1251)
1586 5156 1643 5210 in
1671 5157 1871 5210 mundi
1919 5197 1927 5203 .

285 5323 483 5398 (1248i
503 5314 769 5375 Maurini
803 5315 860 5370 in
890 5316 1142 5398 editione
1171 5333 1412 5398 operum
1438 5317 1552 5398 divi
1579 5316 1873 5398 Ambrosii

223 5387 337 5474 post
363 5387 638 5474 verbum.
664 5403 814 5468 quos.
839 5387 1191 5474 addiderunt
1219 5388 1342 5474 deos
1372 5405 1440 5474 ex
1487 5387 1774 5458 pluribus,
1812 5392 1877 5440 ut

223 5457 383 5541 aiunt,
412 5460 742 5541 codicibus
769 5457 856 5524 ;in
880 5466 1080 5541 nostro
1095 5457 1872 5541 aut‘em‘textu,’quamquam

218 5529 490 5620 éxpos'itio
527 5531 723 5620 hujus
745 5529 1012 5620 versiculi
1037 5531 1245 5586 exinde
1275 5531 1586 5601 desumpta
1618 5530 1714 5594 sit,
1745 5546 1874 5583 ver-

214 5598 333 5681 iiiis
355 5598 504 5672 deos
541 5598 672 5661 non
703 5598 934 5671 legitur.

2054 4626 2256 4680 Mori-ui
2284 4625 2429 4678 enim
2458 4623 2582 4676 estis
2612 4629 2662 4674 et
2691 4622 2807 4675 vita
2838 4628 3014 4674 vestra
3043 4618 3360 4674 abscondita
3396 4621 3475 4672 est
3504 4633 3628 4672 cum

1986 4713 2195 4768 Christo
2229 4715 2290 4768 in
2327 4717 2450 4767 Deo.
2487 4711 2603 4765 Vita
2631 4718 2833 4773 vestra,
2885 4709 2939 4762 id
2975 4713 3062 4762 est
3085 4707 3390 4762 beatitudo
3413 4711 3626 4773 vestra,

1983 4802 2298 4857 abscondita
2327 4806 2426 4866 est,
2461 4818 2572 4854 non
2608 4804 2672 4853 ut
2705 4816 2814 4852 non
2847 4797 3128 4867 videatur,
3167 4797 3266 4850 sed
3301 4801 3365 4850 ut
3394 4812 3626 4850 conser-

1983 4897 2169 4955 vetur,
2205 4891 2354 4944 sicut
2386 4889 2668 4960 scriptum
2703 4894 2826 4942 est:
2863 4890 2998 4943 Cum
3027 4886 3227 4941 dedi-rit
3265 4885 3483 4941 dilectis
3511 4887 3629 4941 suis

1982 4996 2256 5045 somnum,
2293 4995 2408 5033 ecce
2429 4978 2718 5033 hmreititas
2747 4977 2967 5030 Domini
3000 4978 3168 5045 (Psat.
3200 4992 3384 5046 CXXVI,
3419 4976 3492 5042 4).
3527 4974 3630 5029 Hic

1984 5069 2138 5122 enim
2170 5067 2333 5122 labor
2365 5068 2635 5136 exigitur,
2659 5065 2759 5120 sed
2793 5063 2850 5118 in
2876 5066 3070 5119 futuro
3102 5064 3409 5135 praemium
3442 5078 3628 5117 reser-

1983 5163 2174 5211 vatur.
2215 5156 2316 5209 Pro
2347 5171 2412 5209 eo
2445 5155 2598 5224 quod
2633 5152 2937 5223 sequitur:

2055 5313 2238 5391 (1249)
2284 5313 2617 5391 Perpetuam
2673 5310 2849 5362 habet
2877 5315 3098 5391 “textus
3156 5310 3271 5364 divi
3319 5308 3631 5375 Ambrosii,

1983 5402 2018 5440 a
2050 5401 2164 5454 quo
2199 5381 2510 5448 desumpta
2542 5381 2662 5461 hinc
2691 5381 2997 5447 expositio.

2056 5455 2238 5518 (1250)
2274 5454 2334 5504 In
2367 5450 2492 5502 cod.
2526 5465 2749 5518 szpiam.

2056 5459 2238 5523 (12:30)
2274 5459 2334 5504 In
2367 5459 2492 5502 cod.
2526 5459 2749 5518 szpiam.

2055 5524 2239 5594 (1251)
2275 5523 2418 5576 Loco
2441 5521 2535 5572 ubi
2556 5519 2845 5589 legeretur
2865 5519 3110 5576 fortasse
3139 5521 3347 5576 melius
3382 5523 3633 5590 quamvis
