3978 6210
343 356 456 416 631

1368 355 1704 417 A'l‘TONIS
1749 355 2332 419 VERCELLENSIS
2378 358 2729 421 EPISCOPI

3634 360 3775 420 632

419 491 557 544 Cum
587 493 777 544 autem
817 488 1061 544 Christus
1107 488 1428 558 apparuerit
1485 491 1599 544 vita
1637 491 1830 553 vestra,
1864 495 1991 541 tunc
2023 494 2076 552 Α
2109 489 2383 545 creaturis
2417 491 2532 560 Dei,
2569 490 2827 562 lignis,et
2846 490 3162 563 lapidibus,
3191 489 3281 546 vel
3333 489 3465 545 aliis
3498 489 3775 546 metallis

349 590 400 632 et
429 593 518 632 vos
573 578 912 648 apparebitis
967 593 1089 630 cum
1120 577 1216 631 illo
1263 578 1323 630 in
1374 577 1574 646 gloria.
1623 577 1747 631 Vita
1793 579 1995 630 nostra

350 665 616 721 Christus
647 670 752 729 est,
788 664 925 734 quia
957 663 1221 718 videlicet
1249 664 1372 734 ipse
1405 669 1493 719 est
1529 681 1700 718 verus
1735 669 1903 730 Deus,
1939 665 1998 715 et

352 754 469 807 vita
499 757 734 816 aeterna,
786 753 912 806 sine
970 753 1139 821 cujus
1171 751 1355 821 gratia
1416 753 1687 822 quisquis
1717 769 1777 805 se
1809 751 1996 803 vivere

355 841 554 908 credit,
588 843 783 895 vivens
812 845 1077 895 mortuus
1126 847 1233 894 est.
1284 842 1351 895 Et
1383 842 1508 894 ideo
1561 857 1764 894 omnes
1799 838 1996 893 fideles

357 948 469 986 non
490 931 701 985 debent
719 931 886 984 modo
909 929 1000 983 hic
1019 946 1274 1000 quaerere
1293 928 1535 1000 gloriam
1557 945 1819 996 suam,eo
1841 927 1994 997 quod

356 1019 437 1072 illi
472 1020 562 1072 Dei
598 1019 734 1081 sint,
766 1024 821 1072 et
880 1023 1073 1071 tamen
1116 1019 1379 1072 nondum
1433 1022 1672 1088 apparet
1699 1017 1836 1086 quid
1873 1031 2000 1070 esse

360 1107 587 1161 debent.
622 1107 766 1171 Quid
802 1112 889 1160 est
920 1107 1074 1162 enim
1125 1107 1338 1169 dicere,
1370 1123 1492 1160 cum
1545 1106 1790 1159 Christus
1820 1120 2000 1174 appa-

358 1198 532 1250 ruerit
564 1198 674 1250 vita
697 1200 893 1265 vestra,
924 1200 1057 1250 tunc
1083 1204 1132 1250 et
1167 1212 1251 1250 vos
1298 1195 1640 1266 apparebitis
1665 1210 1789 1248 cum
1819 1193 1915 1246 illo
1943 1192 2002 1244 in

353 1285 554 1355 gloria,
591 1285 700 1338 nisi
725 1285 879 1355 quod
903 1285 1232 1339 etJoannes
1264 1283 1621 1354 evangelista
1642 1283 1770 1350 ejus
1802 1297 2006 1350 coapo-

359 1373 547 1428 stolus
571 1374 628 1427 in
652 1390 758 1427 sua
783 1372 1028 1444 epistola
1055 1371 1326 1426 ﬁdelibus
1344 1371 1595 1442 scripsit,
1618 1371 1849 1425 dicens:
1871 1370 2008 1422 Cha-

359 1464 768 1524 rissimi,nunc
820 1461 935 1532 ﬁlii
991 1463 1086 1516 Dei
1144 1478 1356 1526 sumus,
1414 1469 1466 1515 et
1513 1459 1754 1514 nondum
1783 1465 2006 1528 apparet

363 1552 493 1621 quid
521 1554 767 1611 erimus;
817 1553 1026 1604 scimus
1083 1553 1228 1604 enim
1290 1550 1438 1620 quia,
1496 1564 1621 1602 cum
1665 1547 2006 1617 apparuerit,

361 1641 575 1696 similes
604 1641 656 1694 ei
684 1641 904 1705 erimus,
928 1641 1188 1709 quoniam
1216 1638 1512 1693 videbimus
1541 1652 1667 1690 eum
1696 1636 1857 1689 sicuti
1887 1643 1964 1688 est
1986 1637 2010 1685 γ

366 1731 413 1800 (1
439 1731 604 1785 Ιοαη.
640 1746 720 1793 ιιι,
747 1732 824 1800 2,)

439 1818 758 1886 Mortiﬁcate
778 1833 904 1884 ergo
933 1817 1180 1871 membra
1202 1821 1398 1882 vestra,
1424 1829 1549 1884 qua:
1567 1817 1692 1867 sunt
1717 1828 1880 1882 super
1901 1819 2010 1866 ter-

369 1924 511 1961 ram.
545 1906 827 1968 Quoniam
859 1906 1058 1960 omnia
1087 1904 1262 1959 simul
1293 1909 1527 1975 peccata
1555 1919 1765 1973 corpus
1795 1917 1923 1955 esse
1952 1899 2012 1953 in

373 1994 619 2066 epistola
650 1995 719 2050 ad
754 1995 1044 2050 Romanos
1068 1994 1361 2066 significat
1384 1995 1552 2063 (ltom.
1579 2009 1654 2057 v1,
1687 1992 1762 2060 6).
1798 1989 2014 2044 Idcirco

372 2083 606 2155 singula
634 2083 842 2138 delicta
873 2083 1231 2150 describens,
1265 2082 1529 2136 membra
1559 2096 1625 2134 ea
1655 2077 1928 2150 appellat,
1954 2081 2018 2131 ut

373 2179 504 2245 post
531 2177 921 2244 acceptam,ac
953 2177 1238 2227 servatam
1284 2169 1684 2240 Evangelicam
1719 2169 1788 2222 de
1818 2167 2016 2221 Salva-

370 2263 514 2318 toris
545 2261 906 2333 plenitudine
929 2261 1234 2322 rationem,
1267 2261 1430 2314 bona:
1453 2259 1626 2311 vitam
1662 2273 1896 2327 cperam
1921 2255 2017 2309 da-

370 2356 518 2415 rent,
552 2350 914 2405 abstinentes
945 2365 1006 2402 se
1028 2349 1098 2403 ab
1133 2348 1291 2402 omni
1318 2347 1764 2417 turpitudine,ct
1794 2344 2015 2398 deside-

372 2440 457 2494 rio
490 2438 664 2503 malo,
694 2455 808 2508 quo
842 2437 1067 2508 possint
1118 2436 1334 2506 peritia:
1365 2435 1570 2490 divina:
1612 2435 1862 2488 fructum
1899 2451 2014 2487 non

371 2527 780 2582 amittere.Per
826 2532 1059 2596 tropum
1119 2524 1399 2594 loquitur,
1448 2541 1551 2594 per
1579 2523 1923 2576 efficientem
1958 2521 2013 2574 id

372 2615 529 2685 quod
562 2612 975 2684 etiicitur,quia
1006 2631 1119 2668 non
1152 2618 1372 2667 statum
1406 2612 1664 2666 cordoris
1693 2609 2014 2679 jubetinte-

373 2702 530 2768 rimi,
563 2718 667 2757 nec
699 2703 960 2756 membra
981 2702 1224 2770 destrui,
1257 2719 1381 2770 qua:
1413 2704 1551 2754 sunt
1572 2715 1789 2770 organa
1811 2697 2016 2750 animae

375 2793 442 2847 ad
471 2792 760 2862 agendum
785 2808 932 2862 Opus
954 2789 1599 2859 bonum,membrorum
1615 2787 1770 2842 enim
1797 2785 2016 2840 malum

375 2896 572 2949 usum,
597 2879 750 2934 sicut
770 2879 1209 2949 solet,nominat
1233 2877 1666 2932 membra.Nam
1692 2876 1760 2929 de
1783 2891 2019 2945 corpore

376 2973 575 3024 nostro
607 2967 760 3023 idem
805 2935 1118 3040 Apostolus
1148 2965 1259 3021 alio
1307 2965 1431 3020 loco
1462 2965 1602 3019 dicit
1631 2982 1642 3018 :
1677 2964 1839 3018 Nemo
1868 2965 2020 3018 enim

374 3074 619 3128 unquam
648 3058 767 3112 odio
800 3057 990 3112 habuit
1019 3073 1240 3111 carnem
1256 3055 1543 3120 suam,sed
1570 3055 1770 3113 nutrit.
1800 3057 1853 3106 et
1879 3055 2020 3122 fovet

375 3163 496 3202 eam
525 3147 737 3217 (Ephes.
772 3163 826 3211 v,
860 3147 970 3212 29).
992 3146 1074 3200 Ad
1108 3146 1278 3214 cujus
1297 3159 1432 3214 ergo
1454 3142 1699 3196 formam
1726 3141 2019 3212 proximos

376 3213 614 3306 diligere
637 3235 938 3306 jubemur,
963 3233 1010 3289 si
1036 3213 1477 3302 nobismetipsis
1508 3229 1694 3300 iniqui
1728 3229 2014 3283 exstiteri-
2049 3213 2091 3278 C

377 3341 511 3378 mus
531 3324 558 3377 ‘l
587 3324 735 3388 Quid
765 3323 922 3378 enim
957 3321 1526 3390 mortiﬁcarejubeat
1543 3317 2018 3389 Apostolus,con-

375 3417 689 3482 sequenter
719 3411 1008 3482 abjungit,
1042 3411 1279 3465 dicens:

447 3503 900 3567 Fomzcationent,
925 3499 1360 3565 immunditiam,
1379 3496 1684 3551 libidinem.
1710 3494 1839 3549 Haec
1861 3499 2018 3549 sunt.

380 3607 506 3660 quis
539 3589 852 3661 Apostolus
884 3587 1424 3657 mortiﬁcarijubet,
1451 3601 1566 3640 non
1585 3588 1803 3638 statum
1826 3600 2024 3654 corpo-

380 3677 484 3742 ris,
519 3677 616 3748 qui
645 3678 694 3731 si
726 3677 868 3732 bene
918 3680 1171 3745 regatur,
1224 3675 1271 3728 si
1321 3673 1680 3744 adjutorium
1713 3672 1882 3726 nobis
1911 3676 2020 3727 est.

379 3765 671 3819 Vitiorum
703 3764 918 3835 quippe
948 3764 1326 3833 consuetudo,
1358 3763 1442 3817 vel
1495 3761 1788 3833 appetitus
1818 3766 1905 3814 est
1937 3777 2023 3815 re-

384 3854 748 3926 primendus,
799 3870 914 3907 non
973 3870 1182 3924 corpus
1242 3851 1592 3906 necandum.
1639 3850 1844 3905 Omnis
1869 3850 2024 3903 enim

384 3942 826 4006 incontinentia,
860 3942 1236 3996 immunditia
1264 3941 1377 3996 dici
1400 3944 1588 4012 potest
1618 3943 1792 4009 atque
1824 3937 2020 3997 libido

456 4033 520 4087 Et
573 4033 1068 4102 concupiscentiam
1123 4032 1348 4085 malam.
1421 4029 1544 4082 Non
1604 4026 1758 4080 enim
1813 4026 2029 4082 diceret

381 4119 715 4192 Apostolus,
748 4125 797 4176 et
845 4121 1342 4191 concupiscentiam
1379 4116 1614 4183 malam,
1649 4115 1760 4170 nisi
1791 4120 1944 4170 esset
1973 4120 2030 4170 et

384 4211 558 4277 bona,
591 4210 742 4264 sicut
771 4210 893 4281 ipse
932 4211 1002 4264 de
1032 4225 1093 4265 se
1143 4214 1410 4274 testatur,
1444 4206 1682 4260 dicens:
1717 4204 1884 4275 Cupio
1912 4205 2027 4258 dis-

381 4309 538 4375 solvi,
571 4315 621 4362 et
649 4324 765 4362 esse
783 4325 908 4362 cum
941 4309 1146 4362 Christo
1178 4306 1406 4377 (Philip.
1441 4320 1480 4372 ι,
1502 4303 1615 4372 23).
1653 4300 1757 4355 Ubi
1784 4301 1937 4355 enim
1969 4301 2026 4356 in

385 4395 539 4450 malo
571 4401 679 4460 est,
710 4395 919 4451 vitium
952 4401 1041 4451 est
1068 4414 1080 4462 ;
1111 4395 1209 4450 ubi
1232 4411 1365 4448 vero
1392 4393 1449 4447 in
1476 4393 1648 4456 bono,
1683 4406 1798 4444 non
1832 4393 1921 4444 est
1941 4389 2027 4442 vi-

382 4485 556 4548 tium,
590 4486 686 4538 sed
723 4484 968 4540 affectio.

458 4574 772 4643 Sequitur:
836 4575 899 4626 Et
957 4574 1271 4639 avaritiam,
1334 4583 1458 4640 qua?
1496 4575 1573 4622 est
1602 4567 2032 4620 simulacrorum
2062 4579 2106 4642 [)

384 4664 635 4718 servitus.
687 4662 860 4716 Recte
919 4661 1163 4716 avaritia
1220 4657 1392 4712 idolis
1452 4657 1845 4723 comparatur,
1897 4654 2036 4724 quia

386 4751 528 4805 dum
563 4749 816 4805 metallis
875 4749 1000 4804 auri
1031 4753 1089 4802 et
1120 4745 1367 4818 argenti,
1418 4744 1488 4796 de
1519 4741 1735 4812 quibus
1779 4741 1926 4796 ﬁunt
1955 4742 2032 4798 si-

386 4837 668 4902 mulacra,
705 4837 968 4892 homines
998 4836 1379 4890 immoderate
1403 4830 1898 4892 serviunt,aurum
1933 4848 2034 4903 pro

383 4927 500 4982 Deo
530 4931 896 4982 venerantur.
928 4923 1245 4978 Avaritiam
1277 4925 1472 4974 tamen
1507 4917 1842 4973 idololatriae
1875 4937 2034 4974 com-

382 5015 698 5088 paravit,ut
729 5013 876 5069 nihil
925 5011 1026 5064 illa
1071 5009 1376 5063 scelestius
1435 5008 1877 5063 demonstraret.
1913 5009 2032 5063 Sub

381 5121 499 5159 uno
513 5104 750 5158 nomine
764 5099 880 5157 duo
895 5097 1150 5169 pessima
1172 5103 1227 5152 et
1251 5097 1432 5170 impia
1453 5113 1664 5168 genera
1686 5095 2030 5169 designavit,

377 5209 505 5264 qua:
533 5191 692 5244 omni
723 5187 948 5244 ratione
998 5190 1193 5241 monet
1249 5186 1542 5258 fugienda.
1579 5185 1840 5240 Primum
1875 5185 2028 5240 enim

375 5286 431 5335 et
463 5293 738 5348 pergrave
779 5275 998 5331 crimen
1032 5273 1359 5332 idololatria
1389 5282 1492 5333 est.
1539 5275 1687 5342 Quid
1720 5275 1873 5331 enim
1905 5279 2029 5328 tam

377 5364 797 5438 perniciosum,
826 5368 1065 5433 tamque
1097 5364 1417 5433 funestum,
1445 5382 1622 5438 quam
1647 5365 1718 5419 ad
1752 5361 2030 5433 injuriam

393 5486 613 5610 “(1251’
673 5487 754 5542 Ita
784 5493 840 5543 et
871 5487 1037 5544 divus
1072 5490 1454 5547 Ambrosius:
1504 5489 1676 5560 Vulg.
1711 5503 1844 5542 vero
1873 5489 2028 5556 cupi-

418 5574 433 5610 i
464 5572 542 5608 as.

379 5572 542 5610 (mas.

455 5627 754 5698 (1255)]1ο.
806 5629 973 5685 divus
1030 5631 1292 5702 Chl-ysot.
1351 5632 1577 5689 Scilicet
1609 5627 1868 5696 ἀπείθεια,
1903 5644 2027 5698 quae

2105 575 2555 634 honoriﬁcentia:
2587 583 2715 648 ejus
2759 597 2969 635 nomen
3013 579 3288 643 tribuere,
3323 596 3457 634 cum
3490 579 3605 650 ipsi
3639 596 3774 634 non

2107 664 2418 734 patiantur,
2483 674 2544 722 ut
2573 684 2776 723 servus
2827 667 3060 723 nomine
3094 667 3326 722 Domini
3357 671 3779 738 nuncupatur,

2107 768 2279 823 quem
2304 770 2416 808 non
2441 755 2983 826 naturautique,sed
3004 751 3270 826 quaidam
3294 755 3548 810 conditio
3575 756 3780 826 subji-

2108 843 2185 896 cit
2216 844 2474 898 servituti
2499 845 2526 898 ?
2546 844 2714 899 Aliud
2740 851 2942 899 contra
2962 845 3183 899 crimen
3206 849 3296 898 est
3325 843 3603 910 avaritia,
3640 861 3777 899 non

2111 930 2309 1000 diSpar
2339 931 2583 1000 malitia,
2617 934 2717 986 sed
2763 929 3058 988 diversum
3109 932 3168 988 in
3202 933 3456 988 nomine.
3491 933 3655 988 Unde
3693 934 3777 988 ad

2111 1018 2482 1074 Timotheum
2517 1021 2557 1088 Ι,
2593 1039 2667 1090 v1,
2704 1023 2770 1074 10
2801 1021 2920 1087 ait;
2954 1021 3138 1076 Radix
3179 1024 3327 1076 enim
3355 1023 3606 1076 omnium
3637 1039 3782 1076 ma-

2113 1107 2291 1162 lorum
2314 1114 2391 1162 est
2420 1111 2656 1163 avaritia
2687 1111 2892 1179 (1252).
2945 1110 3222 1164 Omnium
3270 1109 3426 1164 enim
3461 1127 3646 1180 capax
3680 1116 3786 1165 est

2113 1195 2480 1263 delictorum,
2509 1202 2572 1251 ut
2601 1197 2894 1252 aviditatis
2917 1215 3054 1263 suae,
3090 1198 3241 1267 quod
3266 1195 3631 1267 impossibile
3653 1203 3781 1264 est,

2115 1283 2351 1354 impleat
2383 1286 2762 1351 desiderium,
2795 1303 3026 1356 semper
3077 1287 3284 1340 bibens
3315 1291 3372 1341 et
3419 1302 3656 1357 semper
3691 1287 3784 1340 si~

2114 1373 2284 1427 tiens.
2318 1373 2441 1428 Non
2475 1374 2764 1428 immerito
2795 1391 2930 1445 ergo
2962 1374 3070 1428 sub
3117 1390 3233 1428 uno
3265 1373 3502 1428 nomine
3533 1379 3785 1429 utrum-

2117 1476 2229 1530 que
2262 1459 2479 1515 malum
2538 1462 2809 1516 ostendit.
2859 1461 3008 1516 Pene
3065 1461 3222 1516 enim
3283 1477 3399 1515 uno
3459 1460 3788 1532 explentur

2117 1549 2454 1620 cpere,quia
2485 1549 2637 1604 sicut
2660 1548 2987 1604 idololatria
3018 1549 3118 1603 uni
3148 1549 3264 1604 Deo
3296 1549 3525 1604 auferre
3556 1549 3786 1604 nititur

2118 1636 2386 1708 gloriam,
2423 1654 2493 1692 ne
2523 1638 2675 1708 quod
2708 1639 2834 1706 ejus
2891 1637 3181 1709 peculiare
3213 1645 3320 1706 est,
3373 1637 3534 1695 solus
3565 1638 3787 1694 audiat

2121 1742 2333 1780 nomen
2364 1726 2599 1781 deitatis
2630 1725 2740 1780 sibi
2765 1725 2873 1781 soli
2899 1725 3255 1797 condignum
3286 1726 3405 1793 ;ita
3436 1733 3496 1782 et
3524 1727 3788 1784 avaritia

2121 1814 2178 1868 in
2212 1814 2308 1868 Dei
2332 1830 2393 1868 se
2424 1829 2514 1868 res
2533 1814 2809 1882 extendit,
2845 1819 2908 1868 ut
2937 1815 2985 1869 si
3018 1820 3210 1885 potest
3239 1815 3388 1884 ﬁeri,
3420 1832 3576 1870 unus
3607 1815 3784 1872 solus

2125 1907 2447 1957 creaturam
2479 1903 2608 1972 ejus
2638 1903 2748 1956 sibi
2783 1909 3046 1974 usurpet,
3081 1920 3258 1974 quam
3309 1908 3459 1958 Deus
3491 1904 3779 1959 omnibus

2125 1991 2277 2045 fecit.
2314 1991 2472 2045 Unde
2519 1991 2661 2046 dicit
2716 1991 2869 2046 Deus
2915 2009 3016 2063 per
3074 1992 3661 2063 prophetaszeum
3694 1995 3782 2048 est

2124 2095 2333 2133 aurum
2361 2087 2411 2132 et
2441 2095 2620 2133 meum
2673 2083 2751 2134 est
2799 2085 3096 2149 argentum
3146 2082 3300 2151 (Agg.
3332 2097 3373 2135 11
3405 2082 3476 2150 9).
3514 2080 3777 2150 Utraque

2126 2167 2303 2240 igitur
2334 2168 2448 2222 Deo
2481 2172 2570 2222 est
2618 2167 2892 2236 inimica;
2931 2168 3117 2224 ambae
3145 2169 3301 2224 enim
3335 2173 3447 2224 Deo
3477 2169 3780 2239 abnegant

2125 2274 2250 2327 qua:
2281 2257 2408 2325 ejus
2441 2265 2594 2310 sunt.

2196 2365 2425 2433 Propter
2451 2379 2570 2432 quae
2626 2364 2775 2416 venit
2831 2365 2919 2417 ira
2976 2364 3074 2417 Dei
3128 2366 3188 2417 in
3231 2365 3374 2433 ﬁlios
3423 2363 3778 2435 difﬁdentiae.

2127 2452 2276 2520 Sive,
2309 2457 2373 2505 ut
2405 2450 2499 2504 alii
2535 2451 2759 2505 codices
2811 2451 3048 2516 habent,
3083 2469 3251 2524 super
3299 2454 3446 2522 ﬁlios
3473 2453 3778 2509 increduli-

2127 2543 2254 2595 tatis
2284 2541 2486 2610 (1253).
2523 2540 2696 2594 Filios
2739 2539 3164 2595 incredulitatis
3209 2541 3464 2613 appellat
3505 2541 3778 2597 Sodomi-

2126 2635 2216 2684 tas
2245 2633 2302 2683 et
2333 2645 2453 2694 eos,
2486 2629 2584 2700 qui
2643 2628 2700 2682 in
2760 2627 2976 2682 diluvio
3029 2629 3344 2700 perierunt,
3389 2631 3513 2686 sive
3542 2647 3643 2686 eos
3674 2631 3781 2702 qui

2128 2716 2223 2770 Dei
2249 2717 2420 2770 verbo
2446 2715 2728 2770 increduli
2747 2716 3051 2770 fueruntin
3075 2717 3328 2773 deserto.
3355 2717 3640 2773 Malorum
3665 2735 3784 2774 me-

2128 2809 2486 2859 moratorum
2518 2821 2698 2859 causa
2726 2810 3038 2859 venturum
3065 2805 3524 2875 dicitjudicium
3559 2807 3679 2872 Dei,
3715 2811 3782 2862 ut

2127 2893 2450 2947 vindicetur
2482 2893 2537 2946 in
2574 2892 2700 2957 hos,
2736 2894 2836 2964 qui
2867 2899 3200 2966 contempto
3232 2900 3345 2950 Deo
3379 2900 3436 2950 et
3465 2895 3590 2967 lege
3623 2897 3776 2966 ejus,

2127 2981 2436 3036 interdicta
2467 2980 2632 3052 sequi
2679 2981 3026 3036 malueruat.
3051 2982 3120 3036 Et
3147 2989 3239 3038 est
3269 2999 3480 3039 sensus
3513 2983 3601 3038 vel
3635 2985 3779 3040 ordo

2126 3071 2459 3125 verborum.
2484 3069 2564 3123 Ex
2596 3070 2904 3139 praeteritis
2930 3072 3128 3126 futura
3151 3071 3414 3128 timenda
3445 3077 3604 3140 sunt,
3639 3074 3781 3145 quia

2129 3174 2381 3229 quorum
2415 3157 2740 3212 imitatores
2765 3157 3009 3226 fueritis,
3043 3175 3244 3214 eorum
3282 3165 3433 3215 recte
3464 3165 3520 3215 et
3552 3161 3658 3215 filii
3689 3179 3784 3218 vo-

2129 3245 2427 3302 cabimini.

2200 3351 2515 3424 Sequitur:
2550 3355 2611 3407 In
2658 3354 2854 3424 quibus
2905 3362 2955 3409 et
3004 3371 3094 3410 vos
3125 3356 3455 3411 ambulastis
3481 3357 3782 3428 aliquando

2129 3459 2250 3496 cum
2279 3443 2528 3496 viveretis
2559 3443 2614 3495 in
2649 3441 2764 3496 illis
2793 3446 2935 3498 Cum
2976 3448 3168 3498 autem
3204 3444 3384 3499 dixit:
3419 3461 3546 3500 cum
3575 3447 3784 3502 vivere-

2134 3533 2204 3586 tis
2236 3533 2291 3584 in
2325 3531 2464 3584 illis.
2496 3531 2751 3585 ostendit
2780 3531 2908 3586 illos
2941 3532 3040 3586 diu
3075 3531 3226 3587 male
3257 3533 3494 3600 vixisse,
3524 3539 3582 3588 et
3613 3535 3784 3606 quasi

2133 3619 2320 3674 dicat:
2357 3618 2544 3673 Nolite
2571 3635 2723 3673 nunc
2752 3619 2883 3673 Jam
2914 3620 2996 3674 ita
3024 3619 3232 3686 vivere,
3259 3637 3331 3676 ne
3355 3621 3570 3677 frustra
3591 3622 3787 3678 videa-

2137 3708 2278 3762 mini
2295 3708 2931 3773 credidisse.Quantum
2947 3708 3063 3764 illis
3081 3709 3431 3764 beneficium
3448 3710 3787 3782 prmstiterit

2135 3798 2324 3869 gratia
2355 3796 2448 3851 Dei
2480 3813 2581 3867 per
2607 3801 2804 3852 Jesum
2838 3797 3159 3865 Christum,
3194 3815 3308 3854 non
3350 3803 3524 3866 tacet,
3558 3802 3625 3853 ut
3654 3816 3783 3871 gra-

2134 3885 2393 3946 tulentur
2420 3885 2675 3940 evasisse
2727 3902 2789 3940 se
2813 3887 2982 3954 iram,
3009 3903 3135 3957 qua
3167 3891 3410 3941 ventura
3429 3891 3516 3941 est
3547 3893 3786 3959 repente

2136 3989 2313 4044 super
2338 3971 2602 4027 infideles
2660 3973 2842 4027 totius
2900 3977 3086 4040 terrai,
3138 3979 3195 4028 et
3254 3974 3400 4030 tales
3433 3975 3785 4048 semetipsos

2137 4061 2449 4131 praebeant,
2485 4065 2549 4114 ut
2579 4076 2777 4131 parere
2809 4062 3039 4132 possint
3089 4063 3390 4134 praceptis
3421 4064 3570 4134 ejus,
3605 4081 3640 4120 a
3669 4081 3784 4137 quo

2137 4167 2171 4204 a
2203 4152 2386 4202 morte
2416 4149 2673 4203 secunda
2702 4155 2842 4204 sunt
2875 4149 3124 4205 liberati.

2208 4261 2366 4312 Nunc
2393 4263 2578 4310 autem
2622 4257 2877 4326 deponite
2933 4262 2986 4311 et
3035 4273 3126 4312 vos
3171 4275 3386 4314 omnem
3437 4260 3601 4325 iram,
3639 4259 3790 4314 indi-

2136 4346 2468 4415 gnationem,
2537 4346 2802 4414 malitim,
2862 4346 3276 4418 blasphemiam,
3338 4353 3553 4418 turpem
3581 4364 3787 4403 sermo-

2137 4451 2262 4488 nem
2289 4433 2354 4488 de
2381 4449 2473 4488 ore
2505 4434 2870 4489 vestro.Nunc
2893 4436 2962 4489 ab
2991 4435 3084 4489 his
3107 4436 3378 4506 prohibet
3407 4453 3532 4507 quae
3560 4436 3787 4492 minora

2140 4528 2374 4596 peccata
2402 4523 2694 4585 videntur,
2727 4540 2796 4577 ne
2847 4524 2992 4577 forte
3026 4524 3165 4596 quia
3195 4525 3464 4596 superius
3506 4541 3633 4595 quis
3660 4542 3788 4598 gra-

2141 4612 2299 4666 viora
2320 4616 2475 4676 sunt,
2496 4611 2901 4666 mortiﬁcanda
2920 4612 3247 4667 mandavit:
3270 4613 3389 4668 haec
3404 4613 3784 4681 admittenda,

2144 4705 2239 4756 aut
2271 4699 2438 4771 quasi
2471 4715 2578 4753 non
2614 4700 2940 4771 periculosa
2974 4719 3086 4756 non
3112 4701 3388 4773 fugienda
3419 4707 3784 4774 putarentur.

2147 4791 2272 4844 Hinc
2294 4786 2752 4858 indisciplinatio
2780 4805 2881 4842 nec
2902 4788 3039 4843 filiis
3062 4789 3370 4845 hominum
3393 4790 3539 4846 bene
3569 4791 3787 4848 edoctis

2143 4878 2446 4932 convenit:
2483 4881 2701 4947 quanto
2735 4877 2922 4948 magis
2954 4877 3094 4933 filiis
3127 4879 3223 4933 Dei
3253 4882 3275 4934 i’

2211 4985 2384 5040 Nolite
2414 4985 2643 5038 mentiri
2671 4985 2922 5039 invicem.
2957 4984 3082 5039 Non
3112 4985 3268 5040 enim
3301 4990 3526 5057 oportet
3559 4988 3789 5043 mentiri

2143 5074 2292 5129 ﬁlios
2324 5072 2604 5139 veritatis,
2655 5089 2789 5127 cum
2823 5089 2994 5128 omne
3044 5074 3414 5130 mendacium
3461 5075 3533 5130 de
3563 5075 3789 5132 diabolo

2141 5165 2236 5232 sit,
2269 5163 2367 5235 qui
2401 5161 2692 5218 homicida
2724 5162 2832 5216 iuit
2885 5162 2956 5216 ab
2989 5161 3176 5234 initio,
3223 5167 3279 5218 et
3311 5164 3369 5218 in
3400 5163 3649 5220 veritate
3680 5183 3790 5222 non

2141 5253 2318 5316 stetit,

2211 5358 2523 5430 Sequitur:
2557 5358 2933 5429 Exspatiantes
2962 5373 3054 5413 vos
3080 5363 3309 5414 veterem
3359 5359 3640 5414 hominem
3669 5376 3785 5415 cum

2139 5482 2197 5536 in
2257 5482 2520 5536 versione
2578 5481 2939 5536 incredulitas
3004 5480 3212 5536 reddita
3270 5491 3387 5547 est;
3448 5481 3620 5537 facile
3676 5483 3780 5538 sci-

2140 5552 2270 5607 licet
2297 5553 2403 5605 l'uit
2430 5569 2608 5606 unum
2635 5569 2736 5620 pro
2762 5551 2939 5606 altero
2962 5551 3154 5608 Graece
3177 5553 3450 5620 scribere,
3477 5569 3616 5608 cum
3639 5553 3780 5610 difﬁ-

2139 5623 2338 5679 dentia
2369 5622 2583 5676 ἀπιστίαι
2613 5624 2803 5678 Graece
2827 5623 3136 5679 scribatur.
