3978 6210
160 365 300 426 633

767 368 1178 430 EXPOSlTlO
1224 369 1300 429 ΙΝ
1350 370 1773 431 EPISl‘uLAS
1823 369 2170 432 PAULI.-—
2204 368 2282 429 IN
2331 368 2574 430 EPIST.
2622 368 2725 427 AD
2771 364 3084 428 COLOSS.

3496 361 3614 418 634

165 499 399 554 actibus
429 500 567 566 suis,
601 507 652 554 et
684 499 896 555 induite
925 501 1107 571 (1254)
1138 519 1363 570 novum,
1395 519 1541 566 eum,
1564 505 1659 573 qui
1689 519 1844 559 reno-
1875 504 1930 570 Α
1961 503 2070 557 sub
2103 503 2493 573 septentrione
2525 501 2839 572 frigoribus
2873 498 3085 569 rigens,
3123 493 3384 550 moribus
3413 492 3619 549 barba-

165 592 356 642 vatur
384 590 444 642 in
475 590 765 659 agnitione
789 590 902 652 Dei,
926 591 1226 646 secundum
1255 594 1556 661 imaginem
1588 594 1726 662 ejus,
1761 609 1853 663 qui

169 677 404 732 creavit
441 694 590 732 eum.
619 681 758 731 Tam
815 678 984 732 verbo
1039 697 1214 750 quam
1258 686 1412 744 actu,
1459 681 1526 735 ad
1580 680 1857 751 Ephesios

175 783 429 838 quoque
461 767 724 837 apertius
765 767 915 822 hanc
961 768 1275 838 imaginem
1329 771 1667 836 nominavit,
1701 770 1866 844 acili:

176 860 275 910 cet
310 854 446 910 aliis
479 856 672 910 verbis
708 856 966 926 idipsum
1020 858 1358 929 praecipiens
1407 875 1417 911 :
1472 859 1858 929 Eespoliantes

175 960 298 1010 vos,
336 945 557 1015 inquit,
590 953 827 998 veterem
857 945 1132 1001 honiinem
1181 964 1304 1000 eum
1352 948 1562 1001 artibus
1602 949 1739 1016 ejus,
1775 950 1861 1001 in-

178 1033 346 1088 duite
404 1050 632 1098 novum,
684 1035 780 1103 qui
823 1039 1121 1090 renovatur
1170 1037 1228 1089 in
1273 1038 1556 1106 agnitione
1606 1037 1724 1103 Dei,
1773 1052 1863 1090 se-

180 1122 442 1177 cundum
475 1124 774 1192 imaginem
801 1125 937 1193 eius,
970 1126 1069 1194 qui
1097 1128 1308 1179 creavit
1356 1142 1480 1179 eum
1528 1127 1660 1194 (Col.
1696 1144 1780 1191 III,
1808 1127 1860 1193 9,

187 1212 310 1279 10).
347 1211 511 1274 Quod
551 1228 686 1282 ergo
724 1212 802 1266 ibi
834 1211 1067 1284 legitur,
1103 1214 1312 1269 induite
1339 1230 1536 1268 novum
1567 1217 1863 1281 hominem,

188 1305 298 1370 qui
335 1301 626 1354 secundum
659 1303 827 1355 Deum
855 1307 1074 1357 creatus
1125 1311 1222 1368 est,
1275 1304 1379 1357 hoc
1432 1304 1543 1357 isto
1600 1303 1741 1365 loco,
1777 1307 1864 1357 in-

185 1389 360 1442 duite
389 1406 587 1442 novum
617 1390 915 1458 hominem,
950 1394 1048 1461 qui
1077 1409 1176 1446 ren
1194 1396 1700 1447 oralurseeundum
1721 1410 1865 1447 ima-

184 1477 388 1543 ginem
418 1479 554 1546 ejus,
588 1480 682 1548 qui
710 1481 912 1534 ereavit
945 1480 1180 1534 eum.lbi
1224 1486 1418 1535 autem
1455 1482 1556 1546 ait,
1599 1481 1866 1536 scundum

187 1566 412 1628 Deum;
487 1565 581 1620 hic
647 1584 802 1632 vero,
854 1569 1150 1623 secundum
1214 1571 1511 1640 imaginem
1566 1572 1704 1639 ejus,
1773 1572 1868 1640 qui

190 1655 412 1708 creavit
440 1669 584 1708 eum.
621 1658 730 1710 Pro
762 1671 828 1710 eo
859 1673 1016 1726 vero,
1049 1657 1203 1728 quod
1237 1657 1314 1712 ibi
1350 1659 1566 1729 posuit,
1601 1662 1658 1711 in
1687 1659 1866 1729 justi-

187 1744 274 1796 tia
310 1746 363 1796 et
395 1745 686 1798 sanctitate
717 1747 996 1811 veritatis;
1049 1745 1156 1800 hoc
1206 1747 1401 1817 posuit
1444 1747 1538 1801 hic
1589 1749 1650 1800 in
1696 1750 1869 1819 agni—

191 1831 345 1885 tione
384 1833 498 1886 Dei.
561 1832 652 1887 Fit
708 1850 844 1904 ergo
899 1835 1010 1889 ista
1070 1835 1387 1902 renovatio,
1423 1836 1868 1904 reformatioque

195 1919 438 1986 mentis,
465 1921 791 1976 secundum
826 1923 1008 1978 Deum
1061 1923 1144 1978 vel
1192 1925 1513 1978 secundum
1550 1925 1866 1994 imaginem

194 2006 327 2061 Dei.
379 2009 486 2062 Sed
540 2009 668 2064 ideo
718 2011 932 2065 dicitur
977 2011 1276 2066 secundum
1328 2018 1522 2078 Deum,
1557 2031 1625 2067 ne
1657 2030 1867 2067 secun-

194 2095 337 2149 dam
373 2097 549 2152 aliam
583 2103 908 2154 creaturam
943 2101 1062 2154 fieri
1098 2106 1368 2172 putetur;
1405 2103 1532 2156 ideo
1575 2103 1869 2156 secundum

194 2186 508 2256 imaginem
560 2188 674 2250 Dei,
726 2192 790 2241 ut
838 2188 893 2242 in
944 2207 1011 2243 ea
1063 2207 1122 2244 re
1166 2189 1528 2256 intelligatur
1580 2191 1700 2244 fieri
1749 2190 1867 2244 haec

198 2275 526 2340 renovatio,
574 2276 674 2329 ubi
724 2281 813 2331 est
863 2278 1054 2349 imago
1104 2278 1226 2344 Dei,
1281 2279 1336 2332 id
1390 2285 1500 2344 est,
1547 2280 1604 2333 in
1651 2285 1864 2334 mente.

203 2364 718 2428 Quemadmodum
774 2366 1028 2422 dicimus
1058 2368 1380 2422 secundum
1415 2385 1650 2439 corpus,
1712 2386 1865 2424 mor-

202 2456 532 2518 tuum,non
563 2455 876 2508 secundum
909 2457 1320 2528 spiritum,qui
1354 2458 1424 2511 de
1455 2475 1693 2529 corpore
1727 2459 1866 2512 tide-

209 2539 290 2595 lis
323 2540 602 2610 etjustus
632 2542 909 2598 abscedit.
957 2544 1101 2606 Quid
1152 2545 1306 2600 enim
1355 2545 1607 2600 dicimus
1659 2564 1867 2601 secun-

205 2630 356 2684 dum
391 2635 948 2702 corpus,mortuum,
970 2632 1081 2687 nisi
1118 2650 1375 2704 corpore,
1400 2634 1486 2689 vel
1518 2634 1574 2688 in
1609 2652 1864 2708 corpore,

205 2735 325 2773 non
361 2719 575 2784 anima,
609 2719 697 2775 vel
730 2721 788 2774 in
817 2722 1013 2776 anima
1049 2724 1383 2777 mortuum?
1431 2725 1580 2778 Sane
1625 2725 1737 2779 ista
1778 2741 1863 2778 re-

208 2808 442 2862 novatio
477 2826 586 2862 non
622 2814 917 2863 momento
963 2827 1077 2865 uno
1132 2812 1195 2865 fit
1243 2811 1430 2883 ipsius
1477 2812 1864 2868 conversatio-

208 2896 326 2962 nis,
361 2902 512 2950 sxcut
563 2902 858 2952 momento
890 2915 1004 2953 uno
1040 2900 1102 2953 fit
1143 2899 1241 2954 illa
1272 2901 1327 2954 in
1361 2901 1652 2971 baptismo
1695 2919 1866 2956 reno-

209 2984 388 3053 vatio,
451 2985 794 3042 remissione
847 2988 1112 3042 omnium
1158 2996 1552 3059 peccatorum.
1613 2991 1671 3044 Si
1731 3007 1866 3061 ergo

201 3073 479 3144 spiritum
529 3075 746 3130 mentis
810 3082 1018 3130 DOSlI‘tB
1075 3093 1448 3142 renovamus,
1503 3084 1559 3132 et
1605 3077 1730 3148 ipse
1778 3084 1867 3133 est

200 3179 395 3216 novus
428 3162 618 3229 homo,
645 3163 746 3235 qui
778 3168 1085 3219 renovatur
1115 3165 1172 3218 in
1207 3166 1498 3236 agnitione
1529 3166 1860 3232 Dei,secun-

1966 609 2048 647 ra.
2083 597 2211 645 lltrc
2243 609 2307 645 ex
2341 609 2515 646 causa
2547 589 2788 661 Scythas
2822 589 3002 643 fertur
3030 602 3155 641 esse
3187 588 3438 639 vocatos.

2039 681 2313 749 Sequitur
2346 699 2357 735 :
2391 680 2600 735 lnduile
2628 696 2752 746 ergo
2785 695 2871 732 vos
2921 679 3060 730 sicut
3100 676 3254 729 electi
3283 675 3380 728 Dei
3409 671 3614 742 (1255),

1967 785 2171 823 viscera
2203 771 2622 825 misericordia.
2660 769 3068 836 benignitatem,
3101 765 3610 826 humilitatem,mo-

1969 859 2692 930 destiam,putientiam.Ista
2723 856 2874 910 enim
2911 856 3140 918 habere,
3160 859 3334 924 atque
3359 849 3626 922 implere,

1971 956 2057 1004 est
2086 951 2371 1019 deponere
2403 954 2651 1002 veterem
2687 946 2982 999 hominem
3035 960 3168 997 cum
3219 940 3445 995 actibus
3479 938 3623 1001 suis,

1973 1044 2028 1093 et
2091 1040 2326 1092 induere
2387 1055 2619 1099 novum,
2656 1053 2813 1096 cum,
2847 1035 2943 1106 qui
2981 1037 3289 1088 renovatur
3337 1031 3394 1082 in
3461 1027 3623 1097 agni-

1974 1128 2147 1192 tione,
2182 1127 2500 1181 secundum
2536 1124 2850 1193 imaginem
2884 1124 3030 1191 ejus,
3061 1120 3159 1191 qui
3206 1119 3419 1173 creavit
3467 1131 3626 1170 eum.

1973 1217 2053 1269 Ad
2089 1216 2206 1269 hmo
2240 1233 2335 1268 eos
2370 1214 2626 1267 facienda
2663 1213 2946 1275 hortatur,
2982 1227 3104 1279 quae
3138 1209 3412 1262 meritum
3447 1203 3632 1257 collo-

1975 1311 2110 1358 cant
2141 1305 2291 1373 apud
2326 1304 2527 1356 Deum.
2550 1308 2595 1354 A
2620 1301 2872 1370 peccatis
2905 1306 3098 1352 autem
3133 1295 3421 1351 abstinere
3453 1294 3632 1346 timor

1977 1394 2138 1446 facit:
2158 1397 2384 1445 veretur
2405 1391 2559 1444 enim
2596 1408 2663 1444 ne
2695 1388 2849 1443 mala
2873 1388 3087 1441 faciens
3113 1385 3294 1457 pmnis
3321 1383 3626 1436 subdatur.

1976 1482 2102 1535 Ilrec
2136 1487 2486 1551 autem,quze
2512 1496 2665 1534 nunc
2691 1477 2952 1531 facienda
2977 1475 3268 1536 monet,ad
3305 1474 3626 1542 profectum

1979 1570 2269 1641 pertinent
2301 1570 2637 1623 meritorum
2674 1585 2685 1621 :
2721 1584 2789 1620 ex
2818 1565 3112 1619 voluntate
3145 1562 3298 1616 enim
3327 1562 3624 1622 ﬁunt,non

1978 1674 2045 1712 ex
2077 1657 2552 1721 necessitate.Qui
2577 1673 2712 1726 ergo
2735 1657 2804 1709 ab
2833 1653 3054 1708 illicitis
3087 1670 3145 1706 se
3179 1647 3633 1714 abstinet,habet

1979 1747 2245 1814 laudem;
2282 1747 2378 1816 qui
2414 1764 2546 1800 vero
2579 1763 2610 1799 a
2643 1745 2815 1798 licitis
2846 1746 3151 1813 temperat,
3181 1744 3236 1794 et
3269 1738 3499 1792 laudem
3534 1735 3627 1790 ha-

1980 1838 2094 1901 bet,
2129 1841 2185 1890 et
2219 1835 2545 1907 praimium.

2049 1925 2440 1992 Supportantes
2473 1924 2720 1984 invicem,
2756 1919 3016 1991 exemplo
3062 1916 3296 1978 Christi,
3331 1914 3428 1986 qui
3463 1913 3630 1966 infir-

1979 2014 2215 2068 mitates
2247 2017 2472 2066 nostras
2500 2011 2895 2082 portavitltam
2929 2007 3221 2079 spiritales
3252 2021 3426 2074 quam
3451 2002 3625 2056 etiam

1978 2101 2326 2173 corporales.
2363 2105 2434 2155 lc’t
2463 2101 2725 2155 donantes
2755 2097 3171 2166 vobismetipsis,
3205 2095 3261 2147 id
3294 2097 3400 2156 est,
3430 2088 3624 2144 indul-

1978 2196 2198 2261 gentes,
2228 2197 2285 2246 et
2316 2191 2671 2245 dimittentes
2702 2187 3068 2249 alterutrum,
3101 2185 3252 2238 sicut
3281 2187 3336 2235 et
3360 2179 3627 2234 Christus

1977 2279 2249 2335 erunibus
2281 2278 2544 2342 indulsit,
2578 2278 2752 2331 etiam
2785 2280 2840 2330 et
2875 2271 3344 2344 persecutoribus
3376 2268 3519 2322 suis.

2046 2371 2114 2423 Si
2141 2371 2261 2439 quis
2293 2357 2553 2422 adversus
2585 2367 2823 2435 aliquem
2853 2363 3009 2417 habet
3041 2360 3336 2432 querelam,
3382 2359 3522 2410 sicut
3579 2359 3630 2410 et

1977 2459 2236 2511 Dominus
2264 2457 2489 2512 donavit
2521 2457 2684 2509 vobis.
2720 2456 2794 2507 Ac
2827 2453 2874 2506 si
2907 2452 3061 2505 dicat
3096 2466 3108 2502 :
3139 2450 3194 2502 Si
3228 2447 3322 2500 ille
3345 2445 3631 2513 indulget,

1979 2547 2077 2618 qui
2112 2551 2298 2617 potest
2327 2545 2641 2610 vindicare,
2675 2548 2730 2597 et
2761 2540 2964 2612 parcit,
3015 2540 3071 2592 in
3116 2554 3230 2608 quo
3281 2553 3394 2589 non
3445 2537 3636 2602 potest

1977 2635 2218 2689 inveniri
2255 2639 2550 2705 peceatum
2578 2651 2591 2697 ;
2624 2637 2844 2702 quanto
2872 2628 3057 2698 magis
3083 2643 3205 2690 vos,
3241 2623 3338 2695 qui
3368 2639 3480 2676 non
3524 2638 3630 2692 po-

1974 2724 2140 2778 testis
2170 2724 2355 2777 vivere
2389 2722 2512 2775 sine
2549 2725 2798 2791 peccato,
2817 2733 3068 2789 quorum
3095 2713 3352 2770 vindicta
3373 2716 3474 2765 aut.
3498 2727 3628 2780 par-

1975 2831 2045 2867 va
2077 2817 2179 2867 aut
2209 2812 2368 2866 nulla
2399 2812 2528 2866 est?
2562 2809 2749 2863 Nolite
2781 2823 2917 2877 ergo
2949 2806 3174 2876 exigere
3225 2819 3400 2873 parva
3431 2819 3464 2855 a
3493 2817 3629 2853 con-

1977 2903 2177 2966 servis,
2215 2919 2281 2956 ne
2312 2900 2474 2954 vobis
2531 2897 2756 2954 indulta
2804 2895 2986 2951 multa
3037 2892 3251 2966 peccati
3303 2891 3498 2945 debita
3546 2905 3630 2942 re-

1977 2992 2307 3064 quirantur.

2048 3080 2219 3148 Super
2249 3080 2435 3134 omnia
2465 3085 2646 3131 autem
2668 3075 2781 3129 ha’c
2807 3075 3134 3129 eharitatem
3181 3071 3458 3124 habentes.
3487 3066 3635 3130 Quia

1973 3168 2126 3224 enim
2163 3168 2419 3221 omnium
2451 3166 2638 3232 major
2662 3169 2750 3217 est
2781 3162 3056 3224 charitas,
3090 3159 3224 3212 huic
3267 3155 3454 3225 magis
3502 3160 3626 3208 stu-

201 3253 347 3306 dum
381 3251 692 3323 imaginem
736 3253 884 3323 ejus,
939 3254 1035 3325 qui
1087 3255 1298 3309 creavit
1349 3273 1505 3320 eum,
1557 3255 1701 3310 nulli
1749 3257 1856 3310 du-
1889 3234 1931 3298 C
1975 3257 2229 3312 dendum
2264 3253 2720 3308 hortatur.Tunc
2754 3251 2906 3305 enim
2941 3248 3294 3316 omnia,qua2
3317 3261 3495 3313 supra
3518 3258 3633 3295 ser‘

200 3341 366 3395 bium
399 3347 510 3408 est,
544 3358 660 3396 non
693 3343 1018 3397 secundum
1051 3360 1282 3414 corpus,
1317 3361 1504 3415 neque
1538 3346 1864 3400 secundum

201 3428 529 3501 quamlibet
557 3431 767 3485 animae
793 3433 1142 3502 partem,sed
1168 3433 1490 3487 secundum
1518 3434 1864 3490 rationalem

203 3522 485 3584 mentem,
535 3517 635 3572 ubi
686 3523 877 3590 potest
933 3537 1060 3574 esse
1110 3521 1331 3592 agnitio
1390 3521 1508 3582 Dei,
1568 3522 1865 3577 hominem

204 3608 425 3662 factum
458 3608 528 3661 ad
562 3607 878 3678 imaginem
912 3609 1058 3679 ejus,
1096 3609 1192 3680 qui
1238 3609 1450 3664 creavit
1482 3612 1864 3665 eum.Secun-

201 3698 347 3750 dum
403 3695 555 3751 hanc
605 3700 799 3751 autem
853 3698 1285 3752 renovationem
1348 3699 1639 3754 efﬁcimur
1691 3699 1866 3754 etiam

202 3784 334 3840 Filii
365 3784 463 3839 Dei
497 3800 597 3854 per
627 3785 989 3855 baptismum
1023 3785 1258 3850 Christi,
1312 3793 1367 3839 et
1415 3787 1725 3841 induentes
1767 3805 1866 3842 no-

201 3891 338 3928 vum
395 3873 716 3940 hominem,
778 3873 1075 3928 Christum
1148 3875 1349 3944 utique
1405 3875 1708 3930 induimus
1770 3895 1871 3949 per

203 3962 404 4017 fidem.
439 3962 579 4027 Quis
611 3966 701 4016 est
731 3978 887 4033 ergo,
920 3963 1018 4032 qui
1053 3964 1124 4017 ab
1157 3963 1266 4017 hoc
1299 3965 1590 4019 consortio
1623 3965 1868 4021 feminas

206 4050 453 4117 alienas,
487 4067 620 4105 cum
655 4051 776 4106 sint
818 4051 1125 4105 nobiscum
1176 4053 1366 4122 gratia
1415 4053 1763 4120 cohaaredes,
1816 4063 1872 4110 et

203 4139 322 4194 alio
354 4139 479 4194 loco
511 4139 668 4194 idem
703 4138 1018 4210 Apostolus
1069 4139 1222 4194 dicat
1257 4157 1268 4194 :
1299 4139 1497 4196 Omnes
1543 4145 1693 4198 enim
1741 4145 1873 4208 Filii

203 4231 309 4284 Dei
337 4231 464 4282 estis
492 4245 588 4299 per
617 4228 783 4298 ﬁdem
818 4231 878 4283 in
910 4228 1124 4284 Christo
1172 4231 1316 4285 Jesu.
1365 4231 1693 4302 Quicunque
1722 4236 1871 4289 enim

204 4320 268 4373 in
315 4317 528 4373 Christo
587 4318 852 4388 baptismi
899 4320 1052 4382 estis,
1107 4319 1387 4373 Christum
1431 4321 1704 4376 induistis.
1754 4325 1871 4378 Non

201 4413 284 4463 est
332 4407 579 4474 Iudaeus,
625 4422 800 4479 neque
878 4406 1116 4474 Graecus,
1173 4423 1280 4461 non
1341 4413 1420 4462 est
1467 4425 1652 4464 servus
1701 4428 1872 4483 neque

207 4497 352 4551 liber
384 4513 400 4550 :
433 4513 542 4550 non
571 4503 653 4550 est
678 4493 934 4549 maculas
980 4512 1156 4566 neque
1201 4498 1433 4566 femina.
1487 4499 1685 4554 Omnes
1723 4501 1870 4556 enim

1975 3345 2164 3400 vanda
2195 3337 2512 3406 mandavit,
2545 3341 2616 3394 ad
2648 3339 2917 3394 effectum
2953 3336 3323 3408 praemiorum
3357 3336 3632 3404 poterunt

1975 3432 2202 3497 deduci,
2238 3431 2285 3484 si
2319 3431 2465 3485 duce
2513 3428 2793 3482 charitate
2825 3426 2932 3480 iter
2962 3423 3264 3478 ambulent
3299 3421 3460 3491 legis.
3490 3419 3636 3473 Tota

1974 3521 2128 3575 enim
2151 3525 2340 3573 mente
2363 3514 2761 3588 operatur,qui
2787 3515 2857 3568 de
2881 3529 3076 3567 amore
3099 3509 3320 3580 aliquid
3346 3507 3626 3578 facit.Hy-

1979 3610 2222 3681 pocrisis
2249 3615 2306 3664 et
2329 3605 2625 3663 simulatio
2645 3622 2758 3660 non
2782 3609 2867 3659 est
2902 3603 2956 3656 in
2983 3598 3444 3668 charitate,sicut
3465 3595 3636 3651 Joan-

1980 3716 2082 3755 nes
2113 3699 2192 3753 ait
2225 3716 2237 3753 :
2275 3699 2476 3760 Timor,
2511 3695 2723 3766 inquit.
2755 3711 2864 3748 non
2895 3693 3060 3748 estin
3090 3691 3354 3744 charitate
3404 3689 3446 3757 (I
3475 3688 3610 3742 Joan

1981 3807 2056 3854 iv,
2092 3791 2173 3856 18)
2210 3805 2221 3842 :
2259 3787 2354 3858 qui
2390 3785 2545 3839 enim
2577 3785 2743 3838 timet
2771 3784 3059 3855 perfectus
3082 3797 3195 3834 non
3227 3781 3343 3844 est;
3379 3777 3632 3848 perfecta

1979 3879 2132 3934 enim
2157 3877 2384 3931 dilectio
2413 3877 2562 3929 foras
2591 3873 2764 3926 mittit
2793 3868 3248 3925 timorem.Unde
3271 3871 3325 3920 et
3348 3866 3633 3921 Dominus

1979 3965 2159 4020 amari
2189 3981 2248 4018 se
2283 3963 2507 4028 maluit,
2542 3978 2714 4031 quam
2744 3960 2956 4013 timeri.
2992 3958 3118 4012 Hinc
3157 3961 3244 4010 est
3291 3954 3468 4017 enim,
3502 3970 3630 4022 quis

1979 4053 2386 4124 complectitur
2416 4052 2731 4112 unitatem;
2764 4049 2882 4102 hinc
2910 4064 3036 4111 quia
3067 4061 3270 4098 omnes
3304 4059 3487 4096 unum
3511 4057 3634 4095 cor-

1980 4160 2090 4215 pus
2123 4141 2291 4203 facit;
2319 4140 2438 4193 haec
2469 4144 2578 4205 est,
2611 4154 2737 4207 quae
2769 4152 2963 4190 veram
2998 4135 3172 4188 habet
3204 4147 3424 4203 pacem,
3454 4146 3632 4200 quam

1980 4232 2152 4288 corde
2183 4245 2327 4301 puro
2358 4226 2629 4280 custodit.
2665 4225 2857 4278 Potest
2903 4221 3058 4275 enirn
3111 4237 3220 4292 pax
3261 4218 3395 4282 dici,
3431 4222 3487 4271 et
3516 4234 3631 4272 non

1979 4319 2193 4376 habere
2245 4316 2609 4371 charitatem.
2643 4312 2906 4367 Charitas
2954 4310 3109 4362 enim
3156 4323 3387 4377 semper
3429 4323 3628 4361 secum

1979 4409 2153 4465 habet
2180 4422 2400 4480 pacem.

2053 4497 2201 4566 Quod
2233 4505 2308 4551 est
2337 4493 2616 4548 vinculum
2645 4490 3016 4560 perfectionis.
3071 4484 3441 4541 Perfectionis
3474 4484 3631 4539 enim

206 4601 300 4641 vos
348 4601 521 4638 unum
571 4586 706 4638 estis
754 4585 814 4638 in
868 4584 1077 4639 Christo
1123 4587 1289 4640 Jesu?
1331 4585 1478 4656 (Gal.
1513 4604 1599 4653 ιιι,
1629 4591 1718 4655 26,
1751 4591 1864 4662 27.)
1898 4594 1944 4657 D
1975 4585 2273 4645 vinculum
2299 4584 2554 4638 charitas
2588 4580 2830 4644 dicitur;
2863 4577 3000 4648 quia
3023 4593 3194 4631 omne
3229 4574 3629 4644 bonum,quod

204 4673 624 4744 Nunquidnam
656 4672 835 4744 igitur
865 4673 1065 4728 fideles
1098 4673 1327 4728 feminae
1359 4691 1560 4731 sexum
1608 4679 1866 4749 corporis

210 4760 577 4818 amiserunt?
626 4761 737 4816 Sed
787 4761 928 4832 quia
970 4761 1048 4816 ibi
1103 4767 1412 4818 renovatur
1443 4765 1512 4818 ad
1545 4765 1861 4837 imaginem

208 4849 332 4920 Dei,
368 4849 464 4905 ubi
497 4866 670 4905 sexus
703 4849 901 4905 nullus
932 4855 1042 4920 est,
1074 4851 1184 4905 hoe
1213 4856 1320 4916 est,
1354 4851 1412 4907 in
1445 4853 1654 4925 spiritu
1698 4872 1865 4910 men-

206 4941 283 4996 tis
312 4957 449 4996 suae.

279 5031 375 5088 Ubi
425 5045 538 5085 non
589 5034 672 5082 est
721 5028 960 5095 gentilis,
1011 5037 1070 5083 et
1109 5029 1354 5093 Iudaeus,
1407 5031 1771 5098 circumcisio,
1819 5027 1872 5088 εί

204 5125 567 5193 praeputium,
601 5117 904 5181 Barbarus,
935 5119 984 5171 et
1015 5117 1234 5188 Scytha,
1267 5135 1474 5187 servus,
1507 5123 1560 5173 et
1590 5120 1751 5185 liber,
1776 5123 1870 5178 sed

209 5227 404 5281 omnia,
439 5218 493 5265 et
524 5209 590 5262 in
622 5206 881 5262 omnibus
913 5205 1177 5260 Christus.
1201 5209 1280 5262 Ac
1309 5206 1358 5262 si
1383 5212 1646 5277 patenter
1676 5209 1866 5265 dicat:

203 5302 360 5374 Apud
396 5301 587 5356 Deum
651 5310 767 5349 non
806 5295 1150 5364 praejudicat
1202 5310 1399 5365 sexus,
1450 5295 1536 5351 vel
1587 5298 1866 5354 conditio,

200 5396 294 5450 aut
320 5404 542 5464 genus,
577 5380 665 5438 vel
699 5381 1014 5452 provincia,
1049 5383 1149 5438 sed
1181 5382 1304 5438 sola
1336 5384 1695 5441 conversatio
1735 5403 1868 5441 cum

200 5484 303 5539 ﬁde
332 5485 500 5537 recte.
535 5469 884 5541 requiritur.
917 5471 1147 5542 Scythia
1188 5477 1276 5526 est
1324 5472 1620 5540 provincia
1653 5479 1873 5529 remota

255 5587 446 5664 (1254)
471 5580 679 5664 Codex
711 5579 908 5632 noster
955 5593 1089 5632 cum
1126 5577 1566 5664 Ambrosias'tro
1604 5580 1871 5664 induite;

192 5649 358 5737 Vulg.
394 5649 546 5716 eum
585 5649 959 5719 Hieronymo,
993 5665 1094 5706 seu
1125 5649 1355 5721 Pelagio
1387 5649 1691 5705 induentes.

1977 4678 2188 4750 agitur,
2222 4673 2498 4728 nimirum
2533 4687 2634 4742 per
2666 4668 2928 4734 illam,ne
2953 4665 3482 4736 pereat.ligatur:a
3506 4668 3631 4755 ten:

1972 4773 2156 4822 tatore
2189 4778 2443 4832 namque
2474 4760 2668 4822 citius,
2693 4765 2748 4812 et
2778 4757 3080 4828 quodlibet
3107 4772 3254 4826 opus
3286 4751 3631 4817 evellitur,si

1978 4855 2236 4911 solutum
2270 4870 2302 4906 a
2331 4849 2563 4906 vinculo
2611 4847 2912 4903 charitatis
2967 4845 3278 4900 invenitur.
3317 4843 3377 4896 Si
3435 4847 3632 4896 autem

1979 4962 2167 5008 mens,
2203 4941 2300 4998 Dei
2328 4957 2392 4995 ac
2423 4937 2671 5011 proximi
2703 4937 3010 4991 dilectione
3043 4933 3631 5004 constringitur,cum

1975 5032 2367 5090 tentationum
2390 5033 2584 5084 motus
2623 5025 2889 5095 quaelibet
2909 5026 2959 5080 ei
2982 5025 3201 5096 injusta
3235 5020 3639 5095 suggesserint

1980 5124 2205 5179 obicem
2240 5137 2302 5174 se
2330 5118 2448 5172 illis
2482 5118 2610 5186 ipsa
2644 5114 2876 5168 dilectio
2907 5115 3167 5186 opponit,
3222 5119 3277 5167 et
3312 5113 3638 5180 persuasio-

1981 5211 2095 5275 nis,
2130 5209 2318 5264 undas
2350 5204 2635 5258 virtutum
2671 5203 2856 5268 ostiis,
2898 5219 2962 5258 ac
3012 5208 3167 5258 vecte
3199 5202 3390 5257 intimi
3421 5201 3638 5258 amoris

1981 5299 2215 5368 frangit.

2052 5388 2118 5439 Et
2160 5399 2270 5453 pax
2310 5379 2511 5433 Christi
2553 5376 2786 5430 exsultet
2833 5380 2892 5431 in
2936 5379 3193 5434 cordibus
3249 5379 3463 5434 vestris.
3520 5379 3637 5434 Pax

1981 5471 2192 5529 Christi
2225 5467 2358 5524 talis
2389 5461 2736 5534 est,qualem
2768 5463 2864 5519 ille
2893 5468 3096 5522 habuit
3125 5484 3256 5522 cum
3291 5466 3504 5538 seipso,
3538 5466 3637 5536 qui

2054 5578 2236 5650 (1255)
2267 5571 2472 5637 Sancti,
2505 5578 2556 5625 et
2581 5568 2771 5624 dilecti
2801 5571 3039 5645 insuper
3068 5575 3287 5631 habent
3335 5575 3458 5634 alia:
3510 5573 3630 5630 lec-

1983 5652 2188 5707 tiones.
