3978 6210
365 366 486 425 643

1385 361 1722 422 ATTONIS
1770 359 2354 421 VERCELLENSIS
2402 358 2747 418 EPISGOPI

3654 360 3789 421 644

361 511 480 552 rem
508 511 605 567 pro
635 496 797 561 vobis,
834 495 985 549 sicut
1015 498 1071 548 et
1100 494 1169 546 de
1202 509 1263 548 se
1292 494 1720 564 testatur,quod
1754 493 1811 547 in
1843 493 2007 546 labo-
2036 496 2091 557 Α
2121 493 2177 545 in.
2214 491 2627 546 Laodicensium
2654 492 2910 547 Ecclesita
2933 492 3165 561 legatur,
3184 500 3235 547 et
3261 508 3401 560 eam,
3435 509 3556 565 qua:
3580 492 3789 548 Laodi-

367 583 767 639 ribusmultus
792 582 1060 637 fuerit.Ut
1082 581 1361 637 sollicitos
1377 599 1474 636 eos
1495 581 1866 636 salutationis
1889 598 2004 635 sua:

367 675 559 735 faciat,
594 673 839 727 aliorum
875 670 1173 741 vigilantia
1190 675 1410 740 quanta
1440 671 1513 723 sit
1543 687 1643 740 pro
1678 670 1785 731 his,
1822 676 2006 724 osten-

364 762 468 817 dit.
504 760 812 816 Sollicitior
836 760 991 813 enim
1024 760 1156 829 quis
1186 758 1449 829 sit,puto,
1481 760 1712 829 quando
1738 759 1796 812 in
1829 773 2006 812 causa

366 867 472 905 sua
497 850 743 904 alterum
776 848 979 902 viderit
1006 847 1223 901 labore.

432 941 504 993 Et
534 938 699 992 dicite
727 938 990 1007 Archippo
1012 954 1030 988 :
1067 936 1206 990 Vide
1234 935 1772 1005 ministerium,quo(l
1803 936 2005 1005 accepi-

364 1028 437 1081 sti
468 1029 527 1080 in
558 1027 805 1094 Domino,
836 1031 899 1079 ut
930 1024 1073 1079 illud
1131 1026 1385 1094 impleas.
1424 1026 1583 1090 Quod
1617 1029 1704 1079 est
1736 1024 1999 1078 ministe-

359 1115 691 1184 rium,quod
729 1114 1058 1185 Archippus
1083 1115 1303 1183 accepit
1328 1130 1362 1167 a
1392 1113 1637 1167 Domino
1668 1113 1736 1166 ad
1774 1112 1999 1183 plebem

356 1202 627 1273 Legimus
658 1201 768 1257 alio
802 1202 925 1256 loco
957 1218 969 1255 :
1005 1203 1068 1255 Et
1100 1203 1367 1273 Archippo
1411 1203 1771 1255 commilitoni
1800 1211 2000 1267 nostro,

357 1295 412 1346 et
443 1291 713 1356 Ecclesiae,
746 1306 872 1362 quae
902 1292 959 1345 in
1010 1293 1171 1345 domo
1227 1295 1321 1344 tua
1378 1299 1457 1344 est
1513 1290 1765 1359 (Philem.
1798 1291 1853 1359 2)
1887 1309 1904 1344 :
1937 1307 2003 1344 ex

358 1396 473 1450 quo
505 1386 782 1451 putamus
814 1384 917 1435 aut
946 1378 1285 1451 episcopum
1334 1396 1466 1433 eum
1502 1379 1681 1433 fuisse
1738 1377 2001 1433 Ecclesiae

350 1468 731 1536 Colossensis,
765 1468 857 1523 cui
890 1469 1243 1523 admonetur
1290 1467 1550 1523 studiose
1581 1466 2001 1538 diligenterque

359 1574 629 1629 praeesse,
654 1563 757 1612 aut
784 1556 1078 1629 Evangelii
1103 1557 1684 1628 pradicatoremAut
1706 1556 1753 1609 si
1786 1556 1865 1609 ita
1886 1572 1995 1610 non

357 1650 447 1701 est
477 1646 617 1700 illud
654 1646 794 1700 mihi
829 1646 887 1700 in
949 1646 1388 1717 praisentiarum
1447 1644 1681 1713 sufficit,
1732 1644 1887 1707 quod
1945 1649 2001 1699 et

354 1734 679 1800 Philemon,
712 1740 767 1789 et
802 1734 1143 1805 Archippus,
1173 1740 1231 1788 et
1261 1734 1572 1788 Onesimus
1604 1732 1747 1803 ipse,
1771 1733 1868 1800 qui
1904 1731 1996 1787 lit-

352 1827 507 1877 teras
566 1823 910 1894 perferebat,
947 1822 1160 1877 fuerint
1198 1821 1571 1876 Colossenses
1631 1837 1643 1873 :
1705 1826 1759 1875 et
1792 1822 1992 1875 eodem

352 1916 613 1983 tempore
658 1918 927 1982 quatuor,
963 1917 1025 1965 ut
1053 1916 1185 1967 ante
1215 1911 1490 1975 diximus,
1527 1909 1785 1981 epistolae
1819 1910 1997 1965 Roma

352 1999 580 2054 directa:
615 2001 753 2055 sint.

418 2091 644 2143 Salutat
675 2107 761 2145 vos
821 2091 987 2145 Lucas
1016 2090 1253 2144 medicus
1281 2088 1652 2149 charissimus,
1699 2093 1749 2141 et
1783 2089 1993 2143 Demos.

346 2178 490 2233 Vere
516 2178 903 2234 charissimus
932 2178 1206 2247 Apostolo
1238 2178 1347 2233 fuit
1379 2179 1584 2247 Lucas,
1618 2178 1754 2248 quia
1799 2178 1996 2232 omnia

348 2272 725 2338 postponens,
756 2267 1097 2339 Apostolum
1132 2272 1365 2321 secutus
1408 2270 1497 2321 est
1525 2281 1776 2336 semper,
1808 2266 1904 2336 qui
1940 2269 1994 2318 et

344 2355 721 2426 Evangelium
747 2361 802 2410 et
824 2360 1002 2409 Actus
1033 2353 1428 2426 apostolorum
1462 2353 1770 2424 scripsisse
1801 2353 1993 2424 perhi-

343 2443 531 2498 betur.

419 2531 682 2595 Salutate,
712 2535 933 2599 fratres,
965 2533 1061 2603 qui
1088 2536 1216 2585 sunt
1240 2530 1529 2600 Laodicia,
1586 2538 1634 2584 et
1664 2530 1989 2601 Nympham,

348 2632 400 2677 et
427 2636 552 2692 qua:
582 2623 640 2675 in
664 2622 818 2675 domo
846 2622 962 2689 ejus
990 2626 1089 2688 est,
1128 2620 1450 2673 t;cclesiam.
1484 2619 1766 2683 Quoniam
1815 2618 1989 2672 simili

350 2710 606 2777 modo,et
636 2726 738 2781 pro
770 2708 860 2762 his
894 2708 992 2779 qui
1030 2708 1303 2762 Laodicia:
1334 2712 1492 2775 sunt,
1526 2706 1812 2761 sollicitus
1843 2711 1987 2776 erat,

346 2798 406 2853 in
439 2815 638 2853 eorum
672 2797 917 2868 epistola
947 2796 1051 2851 hos
1084 2795 1422 2851 salutandos
1454 2801 1785 2850 commonet
1818 2796 1987 2867 Nym-

343 2887 520 2959 pham
552 2885 877 2941 cbariorem
901 2884 1263 2949 existimans,
1290 2886 1459 2954 cujus
1488 2889 1543 2939 et
1566 2885 1802 2938 domum
1828 2884 1984 2939 salu-

341 2980 444 3030 tat.
480 2976 623 3030 Tam
656 2974 808 3029 enim
839 2975 1047 3028 devota
1074 2974 1302 3027 videtur
1333 2973 1533 3038 fuisse,
1572 2979 1636 3027 ut
1667 2973 1857 3028 omnis
1883 2974 1983 3028 do-

345 3081 477 3119 mus
510 3064 636 3134 ejus
667 3063 834 3132 signo
865 3061 1099 3117 titulata
1128 3068 1282 3118 esset
1311 3062 1519 3119 crucis.

416 3152 481 3209 Et
508 3169 632 3208 cum
661 3156 803 3208 tecta
831 3152 1012 3226 fuerit
1038 3151 1183 3223 apud
1212 3168 1300 3206 vos
1354 3151 1810 3222 Epistola,ﬂwile,
1840 3160 1899 3207 ut
1926 3160 1981 3207 et

2115 583 2353 635 ccnsium
2386 591 2461 635 est
2495 583 2709 653 legalis.
2760 583 2905 646 Quia
2934 580 3234 653 generales
3254 587 3393 637 sunt
3433 582 3782 638 instructio-

2118 686 2218 723 nes
2252 670 2535 741 Apostoli,
2564 676 2620 724 et
2646 671 2716 723 ad
2753 671 3015 724 omnium
3045 671 3366 742 profectum
3392 671 3626 743 scriptae
3658 672 3786 744 epi-

2115 757 2277 811 StOllB
2311 777 2321 812 :
2358 758 2570 813 idcirco
2594 763 2766 813 etiam
2796 758 3246 814 Laodicensibus
3270 758 3592 830 Epistolam
3617 760 3781 816 hanc

2115 844 2225 915 legi
2261 846 2549 917 praecepit,
2581 853 2643 900 ut
2675 864 2775 918 per
2808 847 2956 901 hanc
2979 848 3117 917 quid
3147 848 3439 920 agendum
3472 848 3585 903 sibi
3608 855 3778 904 esset

2064 1006 2075 1015 ο
2113 934 2477 989 addiscerent
2500 953 2510 988 :
2530 941 2583 989 et
2607 936 3071 1000 Colosscnses,ut
3089 953 3287 991 eorum
3322 936 3779 1009 legerentjuxta

2115 1038 2354 1077 sensum
2388 1024 2849 1095 suppradictum.

2185 1114 2247 1166 Et
2277 1113 2447 1165 dicite
2478 1113 2788 1182 Archippo:
2826 1115 2967 1167 Vide
2999 1114 3393 1180 ministerium,
3435 1114 3579 1184 quod
3608 1131 3770 1172 arce-

2108 1202 2243 1270 pisti
2272 1202 2329 1253 in
2365 1202 2588 1255 Domino
2622 1211 2678 1256 ut
2698 1203 2835 1256 illud
2864 1202 3496 1273 impleas.Przepositum
3523 1203 3769 1260 illorum

2116 1306 2214 1359 per
2246 1305 2344 1343 eos
2376 1290 2533 1360 ipsos
2566 1295 2917 1355 cammonet,
2950 1296 3013 1344 ut
3043 1291 3121 1345 sit
3151 1290 3436 1347 sollicitus
3469 1293 3539 1347 de
3570 1293 3771 1349 salute

2113 1378 2395 1448 ipsorum.
2431 1378 2497 1432 Et
2528 1380 2666 1449 quia
2696 1378 2879 1449 plebis
2912 1379 3094 1435 solius
3127 1396 3302 1434 causa
3329 1379 3608 1435 scribitur
3641 1382 3770 1455 Epi-

2111 1466 2280 1533 stola,
2310 1466 2438 1520 ideo
2472 1484 2584 1521 non
2618 1469 2688 1521 ad
2724 1473 3002 1522 rectorem
3038 1467 3429 1539 ipsorum,sed
3465 1469 3534 1523 ad
3570 1470 3769 1526 Eccle-

2110 1556 2279 1610 siam.
2314 1555 2446 1610 Post
2496 1556 2651 1611 enim
2686 1556 3033 1629 Epaphram,
3071 1558 3169 1628 qui
3206 1556 3337 1613 illos
3392 1557 3633 1628 imbuit,
3668 1558 3769 1614 hic

2109 1644 2331 1715 accepit
2361 1646 2673 1713 regendam
2705 1662 2904 1700 eorum
2936 1644 3275 1701 Ecclesiam.

2178 1734 2445 1788 Salutatio
2502 1751 2622 1787 mea
2651 1750 2821 1787 manu
2868 1734 3051 1789 Pauli.
3103 1735 3338 1805 Omnes,
3392 1752 3541 1807 quas
3573 1754 3760 1793 manu

2106 1822 2335 1893 propria
2358 1839 2470 1877 non
2504 1824 2794 1877 scribebat
2825 1822 3202 1894 epistolas,ne
3224 1842 3257 1879 a
3282 1823 3443 1879 falsis
3469 1825 3758 1882 fratribus

2105 1916 2637 1981 corrumperentur,
2678 1911 2905 1982 proprio
2933 1912 3098 1983 signo
3130 1912 3417 1967 bebraicis
3449 1912 3659 1969 litteris
3692 1915 3754 1969 in

2108 2001 2219 2053 line
2252 2000 2674 2055 subscribendo
2708 2001 3038 2055 roborabat.
3076 2000 3236 2057 Unde
3266 2000 3379 2056 alio
3412 2001 3533 2057 loco
3565 2003 3747 2057 dicit:

2103 2089 2370 2143 Sr'ulalio
2401 2105 2516 2143 mea
2548 2107 2717 2143 manu
2753 2091 2918 2143 Pauli
2938 2107 2958 2151 ;
2990 2089 3128 2161 quod
3158 2094 3237 2145 est
3264 2092 3482 2161 signum
3504 2092 3559 2145 in
3592 2094 3757 2147 omni

2101 2180 2187 2248 epi
2222 2176 2333 2231 ποια
2368 2180 2443 2245 (11
2473 2179 2645 2233 Thess.
2681 2195 2761 2244 ιη,
2798 2179 2905 2248 17).
3430 2180 3433 2185 ’

2174 2266 2431 2321 Mcmores
2459 2271 2627 2322 estote
2670 2268 3014 2322 vinculorum
3046 2284 3308 2324 meorum.
3342 2268 3494 2323 Dicit
3525 2285 3747 2325 memo-

2104 2372 2260 2420 rans,
2297 2361 2359 2410 ut
2392 2355 2450 2410 in
2481 2360 2673 2410 mente
2706 2356 2957 2411 habeant
2988 2357 3178 2411 exitus
3200 2358 3346 2428 ejus,
3381 2374 3530 2429 quos
3561 2358 3753 2429 patie-

2104 2444 2274 2497 batur
2302 2461 2402 2515 pro
2435 2444 2623 2500 salute
2656 2446 2939 2515 gentium,
2976 2452 3031 2499 et
3061 2445 3205 2501 tales
3237 2463 3298 2501 se
3329 2447 3659 2517 prmberent
3689 2451 3759 2502 ut

2103 2547 2215 2583 non
2248 2548 2395 2601 mgre
2419 2532 2593 2585 ferret
2623 2532 2740 2602 pati
2778 2549 2880 2603 pro
2911 2532 3001 2585 his
3036 2532 3309 2602 injurias.
3354 2536 3431 2588 Ac
3464 2534 3514 2589 si
3547 2535 3703 2590 dicat
3739 2550 3754 2591 :

2100 2618 2243 2680 Quia
2275 2620 2429 2672 enim
2464 2619 2634 2673 vestri
2667 2637 2844 2673 causa
2876 2619 2994 2675 haec
3044 2621 3250 2692 patior,
3310 2628 3365 2676 et
3394 2639 3498 2677 vos
3554 2623 3747 2678 imita-

2101 2706 2242 2759 mini
2275 2707 2602 2777 exemplum
2637 2725 2853 2762 mcum.

2172 2795 2355 2850 Gratia
2388 2798 2608 2851 Domini
2657 2798 2781 2852 Jesu
2811 2798 3102 2852 vobiscum.
3136 2799 3324 2852 Amen.
3359 2798 3560 2854 Gratia
3606 2799 3750 2855 dici-

2101 2886 2196 2937 tur
2226 2884 2392 2954 qnasi
2424 2886 2606 2955 gratis
2636 2886 2768 2939 data
2799 2903 2811 2939 :
2846 2903 2976 2940 cum
3010 2886 3126 2941 illis
3156 2887 3311 2941 enim
3343 2903 3475 2942 vere
3506 2894 3596 2942 est
3625 2905 3751 2960 gra-

2098 2972 2304 3042 tia,qui
2338 2990 2470 3027 cum
2502 2991 2626 3027 eam
2662 2975 3073 3043 acceperint,et
3100 2974 3161 3029 in
3194 2992 3260 3029 ea
3290 2976 3747 3045 permanserint,

2093 3062 2163 3116 de
2190 3062 2439 3134 propriis
2471 3063 2696 3118 meritis
2725 3080 2840 3118 non
2873 3063 3247 3119 extolluntur.

2624 3157 2731 3208 Deo
2767 3153 3005 3225 gratias.
3042 3156 3220 3208 Amen

885 3516 1498 3611 EPISTULA
1566 3518 1604 3609 Ι
1676 3518 1840 3611 ΑΙ)
1902 3516 3206 3614 THESSALONICENSES.

800 3834 1310 3891 ARGUMENTUM
1342 3836 1543 3907 (1266),

417 3928 491 3985 Ut
519 3928 750 3992 horum,
783 3926 841 3980 id
892 3931 1002 3989 est,
1060 3924 1666 3980 Thessalonicensium
1724 3923 1986 3996 exemplo

343 4019 493 4076 alios
524 4017 863 4073 exhortatur
882 4015 952 4069 ad
986 4014 1117 4068 fidei
1141 4012 1669 4080 incrementa,istos
1690 4012 1891 4067 laudat
1920 4030 1986 4068 eo

341 4109 496 4181 quod
530 4108 585 4161 in
618 4110 853 4176 accepta
882 4102 1067 4176 gratia
1095 4107 1524 4174 permanentes,
1557 4104 1628 4157 ad
1662 4104 1983 4173 profectum

340 4196 562 4270 praemii
594 4196 745 4251 aucti
777 4198 917 4249 sunt
944 4192 1185 4247 meliora
1216 4192 1585 4259 sectando,ut
1614 4195 1671 4246 et
1701 4191 1769 4246 ad
1805 4192 1985 4261 perfe—

339 4292 496 4342 ctum
529 4285 850 4347 tenderent,
882 4298 1083 4337 eorum
1114 4281 1430 4336 virtutibus
1456 4280 1702 4352 quaesita
1731 4279 1986 4350 dignitas

339 4381 575 4431 caeteros
606 4377 961 4446 provocarat.
998 4372 1196 4426 Tantae
1253 4372 1409 4426 enim
1468 4369 1599 4423 fidei
1634 4368 1988 4422 imbiberant

339 4464 635 4535 spiritum,
670 4468 734 4516 ut
764 4477 867 4533 spe
916 4461 1248 4514 futurorum
1294 4460 1469 4514 etiam
1498 4456 1710 4511 civium
1743 4471 1983 4509 suorum

338 4548 1183 4622 Macedonum,persecutiones
1196 4546 1389 4601 illatas
1406 4562 1507 4616 pro
1525 4544 1762 4597 nomine
1774 4542 1983 4597 Christi

336 4642 540 4697 devoto
571 4640 767 4695 animo
798 4642 1156 4710 paterentur.
1180 4634 1253 4688 Ut
1281 4633 1490 4689 horum
1519 4647 1655 4701 ergo
1688 4631 1981 4699 meritum,

336 4734 393 4786 et
424 4746 593 4785 suum
627 4746 694 4783 ex
723 4743 924 4783 eorum
959 4726 1219 4796 profectu
1240 4722 1500 4776 laetitiam
1534 4718 1742 4774 litteris
1771 4720 1982 4793 signet,

333 4818 418 4874 ita
447 4815 653 4873 scribit
680 4817 751 4871 ad
787 4830 885 4870 eos
917 4812 1121 4883 (1267).

406 4995 563 5068 (CAP.
603 4995 668 5065 ι.)
701 4989 943 5054 Paulus,
975 4991 1024 5043 et
1050 4985 1338 5054 Silvanus,
1373 4990 1423 5041 et
1463 4987 1781 5041 Timotheus
1812 4989 1985 5043 Eccle-

335 5088 440 5144 siae
471 5079 1047 5145 Thessalonicensium,
1105 5077 1163 5130 in
1198 5078 1304 5131 Deo
1350 5077 1537 5135 Patre.
1586 5080 1637 5130 et
1666 5078 1725 5131 in
1756 5078 1982 5134 Domino

334 5177 464 5232 Jesu
494 5173 727 5228 Christo.
777 5166 965 5221 Gratia
1010 5165 1163 5222 vobis
1209 5170 1261 5221 et
1315 5183 1447 5238 pax.
1501 5165 1702 5221 Trium
1743 5166 1980 5237 quidem

337 5264 747 5337 episcoporum
779 5252 1020 5311 nomina
1048 5254 1249 5310 litters:
1278 5255 1597 5311 continent.
1632 5255 1741 5309 Sed
1774 5272 1983 5312 sensus

409 5418 595 5488 (1266)
628 5416 859 5473 Titulus
891 5413 983 5470 hic
1012 5414 1068 5471 in
1092 5415 1285 5472 codice
1317 5416 1700 5488 desideratur.

407 5486 591 5561 (1267)
623 5493 741 5545 Hoc
771 5493 1183 5561 argumentum
1216 5488 1331 5543 divi
1389 5486 1705 5561 Ambrosii,
1750 5486 1983 5561 senili-

333 5557 466 5622 larii
503 5557 731 5619 diaconi
757 5557 866 5629 est,
893 5559 1009 5615 imo
1032 5567 1089 5616 et
1114 5560 1340 5632 integra
1369 5557 1643 5632 Epistolas
1674 5558 1982 5630 expositio.

405 5632 590 5719 (1268)
622 5636 793 5713 Vulg.
827 5634 1036 5695 laboris
1075 5641 1125 5690 et
1151 5631 1466 5689 charitatis.

2020 3864 2062 3928 ρ
2102 3842 2155 3893 et
2178 3838 2350 3893 verba
2366 3838 2549 3928 solius
2569 3839 2824 3910 Apostoli
2851 3839 3158 3903 sunt.Quia
3187 3840 3343 3896 enim
3368 3858 3504 3897 cum
3534 3860 3745 3915 magno

2095 3928 2309 3997 gaudio
2339 3927 2631 3982 exsultant
2670 3929 2726 3981 in
2761 3929 3017 3999 profectu
3063 3928 3320 3994 illorum,
3352 3947 3419 3985 ex
3451 3948 3740 3988 consensu

2095 4016 2167 4070 ad
2201 4014 2423 4086 plebem
2458 4015 2713 4087 Epistola
2737 4016 3012 4072 scribitur
3041 4016 3097 4071 in
3131 4018 3484 4074 exultatione
3515 4021 3611 4075 Dei
3637 4025 3742 4075 Pa-

2093 4105 2201 4158 tris
2223 4109 2278 4158 et
2313 4104 2537 4157 Domini
2556 4105 2735 4159 nostri
2765 4106 2906 4160 Jesu
2932 4104 3371 4178 Christi,pacem
3407 4112 3467 4163 et
3496 4110 3740 4181 gratiam

2094 4192 2188 4247 his
2218 4198 2517 4262 exoptans.

2168 4280 2384 4335 Gratias
2430 4282 2641 4352 agimus
2669 4283 2774 4336 Deo
2793 4299 3007 4354 semper
3033 4300 3130 4355 pro
3162 4287 3416 4340 omnibus
3446 4287 3599 4343 vobis
3627 4303 3740 4342 me-

2093 4372 2327 4424 moriam
2359 4372 2525 4425 vestri
2551 4372 2809 4441 facientes
2830 4373 2888 4425 in
2917 4373 3259 4428 orationibus
3279 4376 3483 4429 nostris
3512 4377 3631 4431 sine
3661 4378 3739 4431 in-

2094 4460 2439 4513 termissione
2469 4474 2727 4513 memores
2758 4462 2933 4530 operis
2963 4460 3093 4530 ﬁdei
3142 4471 3353 4529 vestrae,
3413 4473 3462 4519 et
3494 4465 3740 4519 laborum

2094 4547 2589 4617 charitatis,(1268)
2622 4555 2671 4601 et
2731 4550 3123 4618 expectationis
3160 4550 3341 4621 (1269)
3400 4553 3629 4607 Domini
3649 4568 3736 4607 no-

2093 4638 2201 4691 stri
2227 4637 2351 4692 Jesu
2382 4635 2585 4689 Christi
2621 4650 2805 4689 coram
2839 4638 2963 4701 Deo,
3022 4646 3071 4692 et
3100 4638 3264 4693 Patre
3309 4634 3499 4695 nostro
3531 4642 3730 4712 (1270).

2092 4724 2378 4790 Quoniam
2402 4723 2601 4778 omnia
2628 4725 2776 4777 bona
2806 4741 2839 4779 a
2861 4730 2973 4780 Deo
2996 4727 3373 4794 sunt,idcirco
3395 4729 3446 4784 ei
3481 4730 3735 4801 primum

2091 4813 2309 4888 gratias
2331 4813 2590 4867 referunt
2610 4810 2667 4865 in
2692 4814 2948 4883 profectu
2971 4813 3335 4887 illerum,qui
3356 4816 3634 4889 dignatus
3656 4822 3740 4874 est

2093 4921 2209 4959 non
2224 4902 2413 4956 solum
2429 4901 2646 4955 donum
2662 4917 2835 4955 suum
2856 4902 2993 4956 dare
3007 4902 3347 4959 hominibus
3361 4906 3472 4959 sub
3508 4912 3736 4977 peccato

2092 4988 2554 5055 constitutis,sed
2578 4994 2633 5042 et
2665 4988 2720 5042 in
2747 4988 2898 5044 filios
2929 4990 3033 5044 bos
3063 4991 3545 5062 adoptare,simul
3569 4994 3735 5063 adju-

2089 5098 2231 5135 vans
2263 5096 2361 5133 eos
2396 5079 2464 5131 ad
2521 5076 2719 5131 omnia
2763 5077 2937 5131 exitia
2972 5078 3293 5145 toleranda,
3347 5085 3412 5134 ut
3441 5080 3734 5153 digniores

2092 5171 2253 5224 ﬁant.
2287 5166 2677 5233 Quamobrem
2709 5166 3051 5222 meminisse
3108 5168 3317 5224 horum
3349 5169 3555 5225 dicunt
3586 5188 3650 5226 se
3679 5171 3733 5224 in

2090 5256 2452 5314 orationibus
2485 5254 2632 5320 suis,
2676 5270 2742 5308 eo
2789 5255 2944 5324 quod
2990 5257 3421 5313 crebrescerent
3476 5257 3535 5312 in
3569 5273 3735 5330 opere

2167 5414 2349 5485 (1269)
2380 5413 2548 5482 Vulg.
2591 5412 2715 5468 loco
2764 5418 3201 5484 exspectationis,
3261 5416 3459 5483 habet,
3490 5426 3543 5474 et
3568 5418 3732 5473 susti-

2092 5490 2302 5543 nentia:
2331 5486 2715 5555 spei.Tectum
2748 5501 2880 5539 cum
2914 5487 3042 5543 divo
3076 5488 3374 5543 Ambrosio
3397 5487 3540 5561 legit
3566 5490 3733 5545 inter-

2094 5561 2474 5634 praeesse?-

2167 5629 2349 5705 (t370)
2380 5625 2555 5700 Vulg.
2583 5629 2713 5683 ante
2744 5626 2914 5683 Deum
2941 5632 2995 5685 et
3030 5631 3256 5687 Patrem
3281 5634 3558 5694 nostrum.
