3978 6210
179 375 302 434 645

719 369 1135 431 EXPOSITIO
1183 371 1255 429 IN
1303 370 1723 431 EPlS'l‘OLAS
1777 371 2030 433 PAULI.
2071 405 2146 416 —
2179 376 2252 432 lN
2305 376 2545 437 EPIST.
2595 379 2610 435 l
2659 378 2760 436 AD
2808 377 3079 436 THESS.

3485 381 3606 442 646

187 507 324 562 ﬁdei
353 503 582 560 caeteris
606 503 900 564 Ecclesiis,
927 507 990 556 ut
1025 507 1163 556 nutu
1195 501 1292 556 Dei
1327 503 1666 573 perﬁcerent
1697 520 1844 568 onus
1878 513 1925 572 Α
1960 507 2640 575 agressedicuntfamam
2662 508 2938 564 introitus
2956 510 3603 575 sui,etconversationis

186 600 474 667 emptum,
505 593 761 664 prompti
797 592 854 646 in
888 591 1082 646 studio
1115 591 1417 644 charitatis
1449 597 1505 645 et
1538 591 1846 658 patientia},

186 690 245 740 et
273 683 398 753 spei
422 683 712 737 adventus
739 680 961 735 Domini
986 683 1112 734 ante
1132 682 1320 743 Deum,
1347 680 1443 750 qui
1467 679 1736 751 dignatus
1764 687 1852 734 est

188 774 405 828 Filium
426 787 603 826 suum
625 771 930 824 incarnare
949 786 1048 839 pro
1068 768 1254 823 salute
1273 769 1848 823 humana.Placitum

188 863 349 918 enim
386 860 488 915 Dei
523 865 631 926 est,
667 863 715 913 si
747 859 1087 929 proﬁciatur
1117 858 1173 912 in
1207 857 1456 912 Christo.

263 950 529 1011 Scientes,
563 950 772 1018 fratres
801 946 990 1000 dilecti
1019 963 1049 998 a
1083 947 1206 1013 Deo,
1231 947 1552 1000 electionem
1581 949 1850 1000 vestram:

188 1041 325 1112 quia
358 1037 716 1107 Evangelia-ni
747 1043 995 1090 nostrum
1025 1050 1133 1088 non
1176 1036 1285 1101 fuit
1333 1035 1404 1088 ad
1453 1050 1541 1090 vos
1591 1037 1650 1088 in
1700 1036 1852 1089 verbo

191 1129 384 1200 (1271)
416 1127 611 1194 solum,
637 1125 728 1179 sed
757 1129 812 1178 et
843 1125 902 1177 in
937 1125 1150 1187 virtute,
1172 1128 1221 1176 et
1254 1124 1312 1175 in
1335 1123 1543 1192 Spiritu
1571 1128 1778 1190 sancto,
1803 1128 1853 1177 et

193 1220 258 1272 in.
313 1215 659 1287 plenitudine
690 1214 884 1278 multa,
917 1214 1056 1266 sicut
1099 1213 1250 1266 scitis
1281 1213 1466 1282 quales
1494 1214 1762 1281 fuerimus
1795 1213 1852 1266 in

200 1308 360 1360 vobis
388 1305 546 1359 vestri
575 1319 737 1357 causa
759 1302 964 1371 (1272).
995 1301 1254 1354 Humiles
1284 1317 1343 1354 se
1377 1300 1554 1354 fuisse
1587 1301 1736 1354 inter
1757 1317 1853 1354 eos

202 1393 567 1465 signiﬁcant,
601 1398 662 1445 ut
692 1390 808 1445 illis
840 1390 1088 1444 formam
1121 1389 1327 1444 darent
1358 1388 1852 1459 mansuetudinis,

200 1499 320 1538 11011
355 1480 508 1552 quod
535 1480 825 1534 defuerint
857 1495 984 1550 qua:
1008 1478 1077 1532 ad
1115 1478 1286 1532 ﬁdem
1323 1477 1452 1532 illos
1484 1477 1856 1532 hortarentur

202 1568 527 1641 magnalia,
561 1567 697 1639 quia
727 1567 1000 1622 doctrina:
1044 1565 1395 1637 Eli/angelica:
1447 1567 1624 1620 robur
1670 1567 1856 1621 virtus

204 1658 525 1732 praestabat
547 1657 872 1727 signorum,
898 1661 954 1710 et
982 1655 1376 1725 prodigiorum
1401 1654 1457 1708 in
1483 1655 1701 1726 Spiritu
1727 1673 1856 1709 san-

205 1754 318 1812 cto,
344 1747 399 1801 id
426 1753 537 1811 est,
564 1762 680 1799 non
706 1745 762 1798 in
790 1743 1117 1814 phantasia,
1143 1744 1242 1796 sed
1268 1743 1324 1796 in
1350 1743 1585 1797 veritate
1611 1743 1856 1814 plenitu-

1959 610 2159 648 eorum
2205 613 2333 649 cum
2390 597 2791 667 praedicatione
2824 598 3138 668 Evangelii,
3175 606 3238 654 ut
3289 618 3398 655 non
3450 610 3606 655 esset

1962 699 2193 738 necesse
2217 702 2281 738 ea
2305 685 2512 739 dicere.
2540 687 2909 757 Supcrﬁuum
2937 694 3024 741 est
3049 689 3203 742 enim
3229 706 3294 743 ea
3325 691 3452 753 fari,
3478 707 3603 759 quae

1962 777 2099 823 nota
2148 771 2284 824 sint.
2320 774 2403 826 Ad
2451 790 2653 827 omnes
2686 774 2838 826 enim
2876 775 2930 826 in
2964 774 3207 828 circuitu
3241 783 3602 846 pervenerat,

1961 857 2042 912 ita
2075 864 2136 912 ut
2165 865 2219 912 et
2251 861 2667 915 annuntiarent
2689 863 2910 916 caeteris
2942 880 3054 933 qua
3081 865 3382 919 devotione
3414 883 3604 921 susce-

1967 952 2166 1017 perant
2198 951 2508 1019 apostolos.
2538 951 2602 1003 Et
2634 949 2772 1020 quia
2801 951 2866 1003 ad
2904 951 3118 1018 omnia,
3145 970 3269 1022 qua:
3299 954 3604 1008 audierant

1963 1045 2034 1090 ab
2065 1037 2168 1098 eis,
2197 1038 2420 1091 fuerant
2443 1041 2846 1109 promptiores,
2874 1039 3265 1111 relinquentes
3289 1042 3424 1096 deos
3453 1060 3606 1097 mor-

1962 1128 2114 1192 tuos,
2140 1134 2540 1196 exspectarent
2570 1134 2764 1180 autem
2789 1127 3082 1182 Christum
3118 1130 3186 1183 de
3217 1129 3398 1196 cmlis,
3430 1148 3600 1201 quem

1963 1211 2230 1266 humanae
2255 1214 2462 1268 salutis
2481 1231 2658 1268 causa
2681 1221 2976 1269 mortuum
3002 1217 3327 1283 audierant,
3349 1225 3400 1272 et
3426 1237 3614 1274 resur-

1965 1300 2181 1354 rexisse
2210 1303 2435 1356 devicta
2470 1308 2677 1368 morte,
2704 1308 2759 1356 et
2790 1319 2922 1356 cum
2948 1321 3116 1358 carne
3149 1312 3518 1377 assumptum
3553 1307 3609 1362 in

1964 1389 2156 1458 oculos,
2191 1389 2460 1444 ministra
2494 1391 2665 1457 nube,
2692 1392 2761 1445 ad
2793 1393 3193 1447 confusionem
3231 1395 3608 1464 prudentium

1967 1478 2296 1548 mundi,qui
2318 1479 2782 1534 consideratione
2800 1480 2999 1534 habita
3020 1482 3472 1551 mundanorum,
3490 1502 3608 1539 car-

1966 1566 2056 1621 nis
2081 1572 2370 1632 naturam,
2397 1584 2521 1637 quae
2546 1568 2737 1638 gravis
2765 1575 2872 1636 est,
2901 1576 3107 1640 putant
3131 1587 3240 1624 non
3269 1588 3436 1642 posse
3461 1572 3604 1640 ﬁeri,

1965 1660 2029 1708 ut
2062 1655 2404 1709 sustollatur
2437 1657 2490 1708 in
2527 1657 2703 1710 cmlis.
2734 1657 2850 1712 Iloc
2873 1659 3076 1712 effectu
3112 1660 3174 1712 ﬁt
3199 1660 3448 1730 Spiritus
3471 1679 3604 1714 san-

1966 1745 2060 1808 cti,
2098 1751 2160 1797 ut
2204 1746 2548 1798 erubescant
2579 1746 2877 1816 terrigena:
2914 1749 3248 1818 prudentes.

206 1835 383 1905 dinis,
412 1840 475 1889 ut
506 1833 652 1888 nulli
687 1833 1014 1887 necessitati
1044 1832 1271 1886 deesset
1302 1831 1606 1900 auxilium,
1631 1833 1730 1886 sed
1763 1849 1854 1888 su-
1892 1873 1935 1936 Β
2038 1834 2192 1903 (CAP.
2217 1834 2304 1903 ll.)
2327 1834 2431 1903 Ipsi
2450 1836 2596 1887 enim
2616 1836 3034 1904 scitis,fratres,
3058 1838 3341 1890 introitum
3367 1847 3613 1892 nostrum

207 1924 626 1998 perabundans
659 1921 844 1994 gratia
871 1921 1165 1976 videretur
1207 1927 1264 1975 et
1307 1921 1364 1975 in
1397 1921 1679 1987 doctrina,
1713 1927 1768 1976 et
1801 1921 1855 1976 in

208 2012 668 2078 conversatione,
703 2017 758 2065 et
806 2010 864 2064 in
915 2011 1082 2081 aegris
1115 2010 1411 2074 curandis,
1448 2015 1510 2064 ut
1541 2012 1857 2081 perfectum

207 2121 354 2176 opus
372 2101 630 2174 Spiritus
650 2100 833 2155 sancti
853 2105 1158 2171 appareret
1181 2099 1237 2152 in
1253 2098 1859 2154 Thessalonicensium

210 2191 528 2256 Ecclesiiis,
547 2195 612 2242 ut
634 2189 690 2242 in
716 2187 875 2242 nullo
899 2204 959 2241 se
982 2187 1238 2242 minores
1255 2187 1859 2242 videntesJudaeorum

212 2278 541 2345 Eccclesiis,
559 2277 879 2349 gauderent
902 2277 958 2329 in
977 2276 1127 2330 dono
1142 2275 1262 2342 Dei,
1279 2276 1377 2347 qui
1403 2276 1711 2348 participes
1731 2276 1861 2332 illos

211 2369 406 2423 facere
437 2367 712 2436 dignatus
743 2369 831 2418 est
865 2364 1274 2435 promissionis
1307 2365 1574 2419 Abrahae.

289 2459 357 2511 Et
392 2471 481 2509 vos
515 2455 810 2509 imitatores
839 2454 1017 2507 nostri
1043 2454 1182 2523 facti
1207 2454 1354 2517 estis,
1384 2457 1432 2508 et
1472 2455 1650 2524 ipsius
1679 2455 1862 2523 (1273)

216 2545 463 2612 Domini,
488 2544 836 2613 suscipientes
855 2542 1076 2596 verb-um
1098 2544 1156 2596 in
1174 2558 1434 2612 pressura
1459 2545 1633 2597 multa
1661 2543 1861 2613 (1274),

213 2650 341 2690 cum
366 2631 568 2700 gaudio
599 2631 835 2702 Spiritus
863 2632 1059 2697 sancti,
1094 2632 1167 2685 ita
1210 2641 1269 2685 ut
1308 2633 1533 2700 fueritis
1565 2648 1652 2686 vos
1681 2648 1863 2686 exem-

216 2725 371 2794 plum
400 2723 655 2777 omnibus
686 2722 864 2792 (1275;
897 2719 1247 2774 credentibus
1292 2722 1352 2774 in
1384 2720 1699 2776 Macedonia
1729 2726 1778 2775 et
1809 2722 1867 2775 in

222 2813 447 2868 Achaia.
481 2811 688 2883 Cupidi
722 2810 1080 2866 credulitatis
1112 2811 1324 2881 probra
1353 2815 1408 2864 et
1440 2811 1688 2880 injurias
1727 2829 1759 2865 a
1789 2811 1867 2864 ci-

224 2903 394 2957 vibus
417 2902 544 2956 suis
577 2901 735 2972 passi
757 2900 1080 2954 tolerarunt
1103 2899 1314 2954 ﬁducia
1334 2899 1686 2955 futurorum.
1708 2900 1870 2955 Unde

221 2996 277 3044 et
307 2988 505 3046 aemuli
538 2989 814 3043 dicuntur
845 2987 1246 3059 apostolorum
1297 2993 1354 3042 et
1404 2988 1590 3060 ipsius
1621 2990 1868 3056 Domini,

223 3078 363 3150 quia
387 3081 442 3131 et
463 3076 751 3131 Dominus
773 3076 973 3130 eadem
998 3093 1030 3129 a
1051 3075 1271 3130 Judaeis
1294 3093 1504 3147 passus
1527 3083 1637 3142 est,
1661 3084 1717 3133 et
1737 3095 1870 3148 apo-

224 3165 356 3222 stoli
379 3170 692 3236 sequentes
715 3166 882 3219 ﬁdem
911 3165 1033 3230 Dei,
1059 3166 1490 3235 persecutiones
1522 3167 1676 3236 passi
1710 3171 1866 3235 sunt,

219 3256 536 3328 gaudentes,
562 3256 694 3325 quia
724 3253 886 3326 digni
916 3254 1090 3308 habiti
1117 3263 1245 3309 sunt
1275 3271 1370 3324 pro
1401 3258 1622 3310 nomine
1652 3257 1870 3310 Domini

221 3345 586 3402 contumelias
609 3345 733 3415 pati
753 3345 885 3412 (Act.
910 3360 962 3408 ν,
988 3344 1099 3413 41),
1123 3344 1373 3399 scientes
1401 3361 1502 3415 pro
1533 3345 1625 3399 his
1657 3362 1870 3416 magna

218 3435 338 3490 fore
371 3433 612 3505 praemia
643 3433 1015 3503 repromissa.
1043 3433 1290 3486 Idoneus
1323 3433 1474 3487 enim
1511 3451 1712 3489 servus
1745 3452 1870 3505 pro-

219 3525 416 3592 batur,
442 3521 678 3593 quando
703 3537 802 3591 pro
832 3521 1064 3574 nomine
1087 3521 1308 3574 domini
1333 3522 1423 3576 sui
1452 3521 1719 3577 inimicos
1741 3525 1868 3592 ejus

219 3611 678 3680 oﬂ'endit.Cujus
702 3610 776 3663 rei
804 3626 1089 3664 memores
1136 3610 1311 3678 gavisi
1339 3616 1475 3664 sunt
1498 3627 1600 3682 spe
1623 3613 1870 3682 promis-

222 3699 410 3754 sionis
439 3699 498 3752 in
533 3715 828 3770 pressura.
859 3698 1057 3767 Itaque
1090 3714 1303 3769 magna
1332 3699 1652 3754 exhortatio
1685 3705 1774 3755 est
1798 3701 1867 3755 ad

224 3791 576 3860 protectum,
610 3803 743 3840 cum
775 3785 996 3840 similes
1031 3785 1158 3840 illos
1191 3787 1370 3841 factos
1402 3786 1542 3842 dicit
1571 3794 1626 3842 et
1657 3788 1869 3844 Christi

222 3884 281 3933 et
311 3877 568 3948 Apostoli
606 3875 807 3946 (1276),
841 3875 911 3928 ad
962 3875 1210 3929 formam
1247 3877 1618 3944 praebendam
1651 3878 1874 3933 01010118

223 3965 604 4022 credentibus
635 3964 750 4019 illis
784 3965 841 4018 in
873 3963 1034 4030 locis,
1065 3963 1280 4035 quibus
1303 3966 1457 4019 fama
1490 3965 1721 4021 illorum
1758 3984 1876 4021 am-

225 4055 492 4110 bulabat.

298 4146 338 4200 .4
371 4145 519 4200 vobis
548 4144 698 4198 enim
728 4142 1042 4214 diffamatus
1070 4145 1145 4197 est
1175 4157 1346 4196 sermo
1377 4145 1621 4210 Domini,
1654 4161 1762 4200 non
1795 4162 1876 4200 so-

227 4233 348 4287 lum
378 4233 435 4286 in
465 4231 798 4296 Macedonia,
821 4237 873 4285 et
904 4231 963 4285 in
985 4229 1209 4299 Achaia,
1233 4229 1322 4284 sed
1354 4232 1415 4284 in
1446 4233 1597 4287 omni
1618 4233 1728 4288 loco
1748 4233 1878 4301 ﬁdes

227 4330 428 4385 vestra,
460 4335 586 4392 quae
636 4327 714 4374 est
762 4319 830 4372 ad
880 4323 1069 4386 Deum,
1117 4321 1392 4389 processit.
1429 4318 1564 4373 Tale
1613 4325 1700 4375 est
1749 4321 1876 4392 hoc,

229 4407 404 4481 quale
426 4413 481 4464 et
502 4408 646 4462 illud
670 4407 739 4463 ad
763 4407 1075 4474 Romanos,
1102 4423 1140 4472 1,
1169 4409 1220 4476 8,
1243 4423 1376 4460 cum
1401 4407 1571 4462 dicit:
1602 4411 1728 4478 quia
1752 4411 1882 4478 fides

231 4497 788 4568 vestra_prwdicatur
833 4498 891 4550 in
947 4497 1201 4550 universo
1230 4496 1454 4550 mundo.
1489 4496 1597 4551 Sed
1632 4497 1722 4552 his
1754 4516 1882 4554 am-

1969 1922 2042 1975 ad
2073 1938 2180 1986 vos,
2214 1925 2342 1991 quia
2372 1938 2476 1975 non
2511 1924 2697 1976 inanis
2724 1926 2856 1993 fuit,
2879 1925 2969 1978 sed
3002 1935 3126 1978 ante
3153 1929 3328 1995 passi,
3352 1929 3399 1980 et.
3429 1930 3613 1980 contu-

1969 2012 2150 2064 meliis
2182 2013 2396 2080 afflicti,
2431 2013 2574 2065 sicut
2605 2014 2774 2077 scitis,
2811 2014 2866 2065 in
2901 2014 3192 2084 Philippis,
3227 2022 3419 2068 exerta
3453 2016 3613 2070 tiber-

1969 2106 2084 2154 tate
2113 2102 2237 2154 ausi
2264 2116 2454 2154 sumus
2504 2103 2560 2154 in
2603 2103 2838 2154 Domino
2870 2111 3066 2171 nostro,
3101 2103 3364 2172 loquendo
3411 2104 3480 2156 ad
3524 2120 3611 2159 vos

1970 2187 2339 2256 anngclium
2368 2190 2468 2242 Dei
2515 2191 2571 2242 in
2604 2207 2798 2259 magno
2828 2193 3145 2244 certamine.
3181 2195 3340 2245 Hanc
3375 2209 3608 2263 pressu-

1972 2295 2116 2345 ram,
2142 2295 2315 2348 quam
2353 2295 2505 2331 nunc
2539 2285 2842 2341 memorat,
2877 2296 3086 2350 passus
3118 2285 3204 2333 est
3237 2280 3293 2333 in
3327 2281 3610 2352 Philippis

1971 2384 2101 2421 cum
2129 2366 2277 2420 Silea
2300 2367 2501 2436 (1277),
2519 2373 2756 2438 propter
2781 2367 3050 2438 spiritum
3075 2369 3414 2439 Pythonem,
3435 2386 3608 2440 quem

1972 2474 2006 2510 a
2037 2455 2228 2526 puella
2258 2456 2503 2524 ejecerat
2535 2459 2674 2525 (Act.
2709 2473 2820 2521 xvx,
2859 2457 2982 2523 18):
3014 2458 3165 2526 quod
3194 2458 3313 2526 jam
3349 2475 3453 2512 suo
3486 2458 3612 2514 loco

1974 2545 2191 2598 dictum
2226 2550 2328 2598 est.
2356 2544 2458 2597 Cui
2495 2561 2780 2614 pressura}
2812 2561 2924 2598 non
2957 2546 3150 2612 cessit,
3178 2545 3275 2600 sed
3303 2546 3503 2600 fortior
3533 2546 3617 2600 in-

1974 2638 2178 2686 ventus
2209 2636 2316 2696 est,
2349 2632 2487 2686 dum
2523 2634 2696 2686 audet
2729 2632 3057 2703 praedicare,
3095 2650 3196 2687 nec
3237 2633 3393 2705 loqui
3429 2635 3614 2700 timet,

1977 2738 2077 2792 spe
2109 2721 2308 2790 utique
2340 2721 2612 2790 promissi
2645 2722 2890 2792 praemii,
2923 2726 2987 2775 ut
3017 2726 3073 2776 ct
3113 2721 3170 2776 bi
3203 2724 3391 2777 securi
3423 2730 3619 2778 essent

1977 2809 2032 2862 in
2060 2809 2917 2881 persecutionibus,gaudentes
2939 2816 3174 2882 propter
3197 2813 3448 2866 futuram
3476 2829 3619 2865 mer-

1979 2901 2197 2953 cedem.
2234 2898 2476 2968 Signum
2511 2916 2644 2970 ergo
2677 2900 2862 2954 devoti
2899 2905 2955 2953 et
3003 2899 3189 2956 ﬁdelis
3221 2902 3618 2971 praedicatoris

1979 2987 2118 3041 dicit
2149 3003 2296 3052 esse,
2330 2987 2376 3041 si
2410 2987 2466 3040 in
2501 3005 2777 3058 pressura
2812 2988 2963 3060 loqui
2997 2990 3235 3043 verbum
3271 2990 3370 3043 Dei
3405 3007 3516 3043 non
3551 2989 3620 3043 ti-

1980 3081 2151 3145 meat,
2171 3075 2400 3129 inanem
2426 3075 2589 3130 illum
2614 3076 2974 3147 signiﬁcans,
2992 3077 3090 3147 qui
3115 3083 3329 3132 terrore
3353 3079 3620 3148 praesenti

1982 3164 2352 3218 formidinem
2388 3164 2605 3234 patitur
2643 3165 3016 3236 praedicandi.
3051 3166 3157 3228 Qui
3191 3165 3344 3218 enim
3380 3182 3622 3221 securus

1902 3234 1944 3300 Ο
1982 3259 2070 3308 081
2100 3253 2169 3306 de
2203 3252 2492 3323 promissa
2522 3234 2659 3322 spe,‘
2680 3269 2792 3306 non
2825 3252 2995 3322 cedit,
3032 3257 3096 3306 ut
3125 3258 3454 3306 coronetur.

2048 3347 2188 3397 Nam
2231 3341 2536 3395 exhortatio
2582 3349 2763 3394 nostra
2809 3356 2918 3394 non
2965 3357 3036 3394 ea:
3078 3341 3329 3410 fallacia,
3363 3357 3537 3410 neque
3560 3344 3618 3396 in

1978 3431 2412 3492 immmunditia,
2431 3445 2602 3499 neque
2626 3431 2682 3482 in
2704 3428 2850 3497 dolo,
2870 3427 2961 3482 sed
2984 3430 3121 3482 sicut
3141 3431 3358 3500 probati
3376 3446 3564 3484 sumus
3587 3449 3621 3486 α

1981 3519 2102 3580 Deo,
2137 3525 2195 3570 ut
2241 3515 2553 3569 crcderetur
2597 3517 2750 3570 nobis
2784 3517 3164 3586 I'vangetium,
3200 3519 3276 3571 ita
3323 3519 3616 3589 loquimur,

1977 3624 2085 3660 non
2122 3615 2178 3659 ut
2214 3605 2531 3660 hominibus
2559 3607 2852 3674 placentes,
2883 3607 2972 3661 sed
3025 3610 3154 3674 Deo,
3188 3607 3240 3660 ci
3286 3611 3378 3679 qui
3429 3607 3622 3678 probat

1978 3694 2142 3750 corda
2194 3698 2397 3748 nostra.
2452 3698 2568 3748 1100
2625 3700 2857 3766 propter
2903 3696 3422 3768 pseudoapostolos
3461 3697 3622 3766 dicit,

1983 3784 2080 3854 qui
2113 3782 2263 3850 dolo,
2294 3789 2350 3837 01
2379 3783 2608 3837 fallacia
2637 3785 3029 3854 praedicabant
3060 3802 3172 3840 11011
3207 3786 3398 3852 missi,
3424 3792 3487 3840 ut
3515 3787 3627 3840 cir-

1983 3873 2385 3928 cumvenirent
2413 3878 2614 3943 gentes
2648 3873 2716 3926 ad
2767 3876 3139 3929 serviendum
3174 3875 3283 3946 legi
3321 3876 3627 3930 factorum.

1984 3963 2098 4017 Iste
2121 3968 2316 4016 autem
2342 3961 2589 4015 electum
2615 3980 2696 4026 se,
2721 3968 2776 4016 et
2810 3964 3056 4018 missum
3093 3966 3402 4035 praedicare
3429 3965 3630 4019 multis

1985 4050 2193 4122 probat
2227 4050 2420 4114 rebus,
2455 4049 2594 4120 quia
2625 4055 2680 4102 et
2711 4049 2768 4103 in
2803 4054 3093 4121 prcssuris
3124 4053 3328 4105 fortior
3359 4053 3629 4106 inventus

1987 4143 2094 4207 est,
2127 4143 2183 4191 et
2229 4139 2285 4190 in
2319 4136 2750 4192 conversatione
2782 4139 3335 4208 irreprebensihilis,
3372 4146 3434 4194 ut
3484 4139 3629 4194 nihil

1987 4232 2142 4281 esset
2193 4225 2251 4279 in
2302 4227 2429 4292 hoc,
2466 4225 2617 4296 quod
2656 4225 2850 4279 minus
2892 4227 3004 4280 Deo
3038 4227 3278 4297 dignum
3315 4228 3628 4294 videretur,

1989 4314 2477 4387 prosequentibus
2509 4315 2713 4386 signis.
2736 4314 2978 4376 Quidem
3011 4315 3186 4380 enim,
3214 4320 3472 4386 quaestus
3506 4333 3636 4371 eau-

1991 4422 2074 4474 sa,
2095 4402 2387 4458 Christum
2416 4404 2824 4473 praedicabant,
2855 4404 3028 4457 favori
3057 4403 3359 4458 hominum
3386 4406 3636 4460 servien-

1993 4499 2099 4558 tes,
2135 4492 2272 4563 quia
2304 4496 2358 4546 et
2387 4491 2443 4544 iu
2477 4494 2772 4563 arguendo
2806 4493 3168 4547 remissiores
3200 4499 3385 4560 erant,
3419 4494 3636 4566 quippe

233 4587 414 4659 plius,
439 4586 577 4657 quia
609 4602 722 4640 non
757 4585 948 4640 solum
983 4585 1148 4652 ﬁdes,
1179 4585 1275 4639 sed
1309 4601 1455 4656 Opus
1486 4585 1616 4640 fidei
1649 4586 1881 4643 illorum
1914 4607 1960 4670 Ι)
1993 4599 2125 4636 cum
2161 4597 2264 4636 nec
2291 4581 2605 4636 auctoritas
2628 4583 2799 4649 esset,
2825 4588 2879 4636 et
2911 4583 2967 4636 in
2991 4582 3367 4637 tribulatione
3394 4583 3632 4651 inﬁrmi,

236 4675 499 4746 pervenit
527 4675 584 4729 in
619 4690 853 4729 omnem
886 4673 1100 4728 locum.

309 4762 397 4816 Ita
438 4767 496 4816 ut
542 4780 650 4819 non
700 4779 911 4818 necesse
959 4762 1253 4816 habeamus
1300 4777 1396 4816 nos
1439 4763 1648 4835 aliquid
1677 4764 1877 4837 eloqui.

231 4850 354 4918 Ipsi
382 4853 528 4906 enim
555 4853 619 4907 de
660 4853 817 4906 nobis
846 4853 1188 4906 annuntiant
1219 4851 1433 4921 qualem
1463 4853 1747 4908 introitum
1779 4855 1879 4909 ha-

235 4941 520 4995 buerimus
541 4940 611 4995 ad
632 4956 745 5011 vos,
770 4943 820 4995 et
840 4941 1098 5010 quomodo
1119 4941 1362 4994 conversi
1385 4941 1510 4994 estis
1531 4941 1601 4995 ad
1621 4943 1790 4996 Deum
1817 4944 1882 4997 ab

233 5029 414 5096 idolis,
448 5030 518 5084 ad
546 5028 896 5084 serviendum
925 5029 1029 5083 Deo
1061 5030 1178 5083 vivo
1207 5033 1258 5082 et
1305 5044 1447 5097 vero,
1481 5033 1531 5083 et
1581 5030 1649 5083 ad
1697 5047 1881 5100 exspe-

233 5119 494 5173 ctandum
513 5117 732 5174 Filium
753 5119 867 5189 ejus
888 5120 959 5172 (te
978 5119 1149 5184 caelis,
1174 5133 1329 5186 quem
1350 5119 1632 5171 suscitavit
1651 5134 1719 5172 eo:
1739 5134 1882 5172 mor-

234 5210 339 5262 tuis
365 5209 573 5274 Jesum,
607 5209 703 5278 qui
731 5209 936 5277 eripuit
965 5223 1064 5261 nos
1101 5207 1169 5260 ab
1218 5208 1302 5260 ira
1333 5208 1599 5260 veniente.
1633 5206 1725 5260 Sic
1756 5223 1880 5276 per-

329 5369 488 5438 1271)
521 5365 693 5437 Vulg.
729 5367 790 5419 in
820 5380 1081 5438 sermone.

329 5433 487 5503 1272)
526 5433 678 5492 Loco
711 5437 882 5490 vestri
907 5453 1098 5491 causa.
1124 5434 1294 5505 Vulg.
1321 5433 1495 5489 habet
1523 5440 1745 5506 propter
1774 5452 1882 5491 vos.

299 5508 487 5580 (137:5)
527 5510 698 5577 Vulg.
738 5509 1048 5580 ipsiusrnon
1085 5508 1279 5580 habet.

296 5577 1074 5653 (1271;)Vulgsgcxcipientcs
1133 5579 1357 5634 verbum
1421 5577 1478 5629 in
1530 5578 1891 5637 tribulatione

225 5657 422 5725 multa,
461 5651 522 5709 in
553 5651 792 5724 gaudio,
822 5653 930 5708 etc.

1992 4672 2130 4743 quia
2149 4689 2261 4726 non
2285 4688 2352 4725 ex
2373 4671 2563 4741 corde,
2588 4678 2683 4726 sed
2717 4673 2772 4724 iu
2803 4671 3029 4726 fallacia
3050 4678 3172 4726 erat
3191 4689 3385 4727 sermo
3409 4687 3632 4728 eorum.

1992 4761 2194 4815 Omnis
2216 4761 2392 4828 enim,
2415 4760 2514 4832 qui
2540 4761 2661 4816 sine
2683 4779 2784 4833 spe
2806 4762 2942 4833 agit,
2965 4768 3089 4817 orta
3111 4761 3483 4817 tribulatione
3505 4779 3634 4818 sue-

1992 4849 2231 4904 cumbit.

2063 4942 2248 5008 Neque
2276 4944 2420 4992 enim
2455 4957 2695 5011 unquam
2744 4942 2802 4994 in
2850 4942 3006 4996 verbo
3047 4941 3379 4996 adulationis
3407 4957 3631 4996 conver-

1991 5030 2102 5081 sati
2130 5044 2335 5091 sumus,
2368 5032 2508 5082 sicut
2538 5032 2711 5096 scitis,
2743 5047 2918 5100 neque
2948 5033 3006 5084 in
3033 5035 3314 5086 occasione
3341 5032 3634 5088 auaritiae;

1991 5117 2132 5170 Deus
2165 5117 2315 5168 testis
2345 5119 2439 5168 est.
2471 5117 2633 5170 Nune
2665 5120 2846 5188 aperit
2872 5121 3021 5189 quod
3059 5138 3237 5190 supra
3267 5119 3635 5190 signiﬁcavit,

1995 5221 2127 5259 cum
2161 5203 2337 5255 dicit:
2374 5220 2487 5256 non
2522 5206 2576 5258 in
2612 5207 2915 5260 occasione
2947 5208 3197 5262 avaritia:
3229 5225 3241 5262 :
3279 5208 3460 5260 Deum
3493 5205 3639 5259 dans

2069 5357 2449 5435 (1275).Vulg.
2484 5362 2559 5413 ita
2593 5367 2647 5414 ut
2675 5365 2816 5435 facti
2845 5365 2964 5435 sitis
2992 5363 3195 5435 forma.
3231 5363 3490 5418 Sufﬁciat
3522 5379 3637 5435 una

1993 5427 2115 5484 vice
2161 5427 2374 5505 dixisse
2402 5427 2638 5505 1011111111
2671 5427 2933 5505 epistolae
2967 5427 3144 5505 hujus
3177 5436 3288 5487 divi
3331 5433 3636 5488 Ambroisii

2004 5500 2180 5555 teXLui
2215 5502 2274 5574 in
2309 5502 2583 5555 omnibus
2615 5504 2684 5554 aal
2719 5500 2937 5574 apicem
2973 5500 3318 5561 consentire.

2068 5572 2252 5645 (12715)
2283 5574 2730 5645 ῥ111111081118101,
2759 5572 3147 5645 apostolorum.

2068 5639 2252 5719 (1277)
2283 5639 2411 5698 Sive
2444 5644 2584 5706 Situ.
