3978 6210
379 319 494 380 64⁸7

1392 315 1727 376 ATTONlS
1773 312 2361 374 VERCELLENSIS
2408 312 2760 375 EPISCOPI

3676 321 3806 381 648

381 458 612 518 testem,
641 452 777 522 quia
800 451 951 506 istud
986 454 1041 505 et
1073 449 1244 503 corde
1274 447 1538 511 faciebat,
1563 464 1675 502 non
1709 444 2021 517 hypocrisi,
2053 447 2106 511 Α
2136 446 2251 511 Dei,
2284 449 2609 516 suscepistis
2650 463 2754 502 non
2810 453 2869 502 ut
2916 449 3137 504 verbum
3166 452 3473 523 hominum,
3504 452 3618 523 sed,
3653 455 3809 510 sicut

383 543 551 613 quasi
582 548 959 596 contemnens
984 544 1258 611 pauca,ut
1288 538 1433 591 forte
1466 539 1634 613 plura
1659 536 2023 591 offerrentur.

383 631 546 686 Unde
569 638 624 684 et
654 631 811 700 ipsos
836 627 1121 692 convenit,
1151 626 1402 681 scientes
1431 612 1495 679 εἷο
1530 626 1860 696 probantes,
1889 628 2026 695 quia

384 721 527 775 nulli
552 720 738 773 fuerat
760 717 1051 771 adulatus.
1079 716 1303 769 Pseudo
1328 715 1482 769 enim
1508 712 1748 782 apostoli
1776 714 2023 785 formam

384 808 632 864 avaritia
654 806 779 861 dari
812 806 920 860 sibi
955 805 1254 876 Optabant,
1278 808 1344 857 ut
1374 803 1502 874 ipsa
1532 801 1856 867 occasione,
1880 801 2021 854 dum

379 915 546 953 veros
611 894 905 968 apostolos
972 893 1169 948 omnia
1234 892 1396 946 illata
1459 891 1655 943 vident
1724 889 2017 958 accipore,

376 988 604 1058 possint
633 984 742 1056 ipsi
793 983 917 1038 sine
949 981 1165 1036 invidia
1197 979 1586 1051 simpliciores
1619 978 1884 1033 homines
1918 978 2018 1032 de-

376 1072 641 1145 praedari.

431 1166 512 1220 Ne
539 1165 844 1233 quaerentes
862 1176 931 1215 ex
977 1161 1235 1213 omnibus
1264 1156 1446 1230 (1278)
1471 1156 1734 1227 gloriam,
1766 1170 1939 1225 neque
1984 1172 2015 1207 α

358 1252 513 1306 vobis
562 1267 731 1320 neque
788 1251 855 1302 ab
907 1250 1064 1312 aliis,
1096 1263 1223 1301 cum
1266 1261 1541 1316 possemus
1590 1260 1742 1298 oneri
1792 1260 1925 1306 esse,
1958 1246 2019 1296 ut

363 1340 578 1395 Christi
595 1338 1155 1411 apostoli.lntantum
1177 1338 1378 1405 gravat
1395 1331 2015 1405 pseudoapostolorum

376 1444 637 1495 causam,
672 1431 736 1481 ut
766 1442 828 1480 se
861 1426 1116 1479 abnuere
1146 1424 1321 1487 dicat,
1346 1438 1479 1477 cum
1512 1421 1709 1475 liceret
1740 1418 1822 1473 illi
1856 1421 2017 1473 obse-

375 1518 514 1589 quia
546 1515 861 1587 requirere,
895 1514 964 1567 ad
1011 1511 1482 1583 comprimendos
1513 1527 1629 1576 eos,
1665 1509 1879 1579 quibus
1911 1524 2014 1561 nec

372 1605 622 1660 facultas
655 1608 797 1667 erat,
830 1618 935 1657 nec
989 1602 1195 1672 pudor,
1228 1606 1285 1655 et
1332 1604 1527 1654 tamen
1578 1599 1855 1652 honorem
1901 1596 2010 1651 sibi

373 1695 710 1767 poscebant.
737 1693 808 1746 Se
836 1691 993 1747 enim
1020 1688 1214 1761 potius
1246 1704 1419 1760 quam
1451 1688 1543 1741 Dei
1567 1686 1833 1741 doctrina
1853 1700 2010 1739 com-

369 1782 633 1838 mendari
684 1780 966 1837 volebant.
1005 1775 1317 1849 Apostolus
1364 1782 1583 1840 autem,
1617 1775 1709 1844 qui
1761 1774 2005 1845 gloriam

366 1889 481 1927 non
551 1872 621 1925 ad
689 1885 964 1941 praesens,
1024 1866 1122 1921 sed
1182 1866 1239 1920 in
1310 1866 1506 1937 futuro
1574 1866 1885 1935 quaerebat,
1949 1881 2010 1917 se

365 1960 647 2015 humilem
728 1958 1001 2021 faciebat,
1082 1961 1143 2009 ut
1220 1955 1313 2008 Dei
1390 1952 1721 2025 praedicatio
1789 1951 2006 2005 exalta-

370 2054 549 2103 retur.

439 2138 538 2192 Sed
579 2138 790 2208 fuimus
816 2135 1042 2207 parvuli
1072 2135 1130 2188 in
1162 2132 1341 2187 medio
1375 2140 1624 2191 vestram,
1658 2135 1919 2200 tanquam
1961 2131 2012 2184 si

361 2228 559 2283 nutris:
586 2228 764 2297 foveat
790 2224 935 2293 ﬁlios
965 2239 1130 2281 suos;
1183 2224 1262 2275 ita
1311 2220 1681 2275 desiderantes
1715 2236 1822 2281 vos,
1855 2219 2007 2287 cupi-

361 2332 483 2370 mus
516 2316 804 2389 impertire
838 2313 981 2366 vobis
1010 2326 1117 2365 non
1168 2309 1351 2363 solum
1383 2307 1741 2377 Evangelium
1774 2308 1887 2371 Dei,
1917 2306 2008 2360 sed

360 2407 529 2458 etiam
556 2404 771 2457 animus
800 2403 1035 2465 nostras,
1079 2400 1176 2469 qui
1203 2399 1478 2453 carissimi
1506 2396 1660 2451 nobis
1689 2397 1824 2465 facti
1853 2399 2001 2449 estis.

360 2493 613 2547 Tantum
652 2491 925 2544 affectum
974 2487 1187 2541 habere
1240 2503 1301 2540 se
1352 2502 1505 2539 Circa
1552 2483 1683 2538 illos
1731 2485 2005 2553 ostendit,

369 2578 720 2651 quem,quia
740 2594 909 2631 verus
936 2582 1043 2641 est,
1060 2592 1173 2629 non
1194 2574 1383 2628 verbis
1406 2573 1594 2644 magis
1613 2589 1787 2643 quam
1812 2574 2003 2640 rebus,

366 2668 679 2740 probatum
710 2664 834 2720 vult
870 2665 1069 2718 videri.
1105 2664 1300 2718 Potest
1329 2661 1481 2716 enim
1517 2661 1577 2714 in
1609 2661 1798 2715 verbis
1831 2660 2008 2716 latere

364 2756 615 2821 fallacia,
677 2759 740 2808 ut
795 2754 887 2807 his
953 2752 1450 2808 exhortationibus
1508 2749 1822 2821 provocati,
1882 2766 2005 2804 om-

367 2863 504 2901 nem
554 2861 793 2899 sensum
842 2859 1015 2897 suum
1070 2842 1129 2895 in
1180 2839 1485 2895 dilectione
1529 2839 1807 2893 haberent
1851 2847 2007 2909 Apo-

365 2934 521 2989 stoli.

433 3021 758 3075 Meministis
787 3022 954 3086 enim,
987 3018 1212 3091 fratres,
1246 3017 1486 3072 laborem
1514 3021 1785 3082 nostrum,
1816 3020 1867 3071 et
1917 3020 2003 3086 fa—

364 3112 675 3181 tigationem
698 3126 719 3169 ;
768 3114 923 3164 nocte
959 3124 1023 3161 ac
1067 3106 1158 3160 die
1182 3108 1469 3177 cperantes
1498 3108 1569 3160 ad
1600 3106 1716 3171 hoc,
1749 3122 1817 3160 ne
1844 3123 2006 3178 quem

2134 539 2215 588 est
2244 551 2387 599 vere,
2422 536 2645 590 verbum
2682 539 2799 601 Dei,
2834 538 2975 608 quod
3002 548 3058 593 et
3086 549 3346 611 operatur
3385 543 3446 595 in
3490 543 3662 608 vobis,
3700 548 3805 615 qui

2135 623 2468 680 credidistis.
2502 624 2617 678 Deo
2657 626 2878 696 gratias
2912 628 3189 695 referunt,
3224 628 3362 699 quia
3392 631 3623 701 aperuit
3656 647 3801 686 sen-

2135 727 2267 765 sum
2288 710 2520 766 illorum
2541 714 2611 767 ad
2633 713 3027 784 recipiendum
3044 715 3422 788 Evangelium
3443 735 3641 774 suum.
3660 719 3801 776 Glo-

2132 800 2221 853 ria
2250 800 2404 854 enim
2441 802 2883 871 przedicantium
2933 810 3039 873 est,
3073 821 3206 859 cum
3260 807 3567 864 audientes
3618 809 3796 866 facile

2133 889 2394 943 credunt.
2447 890 2634 944 Tanta
2690 892 2845 946 enim
2902 894 3205 949 devotione
3265 901 3612 967 receperunt
3659 914 3792 954 ver-

2133 977 2294 1044 bum,
2357 982 2422 1032 ut
2490 979 2803 1050 probarent
2867 996 2929 1035 se
2988 980 3345 1039 intellexisse
3402 984 3500 1040 Dei
3557 986 3791 1042 doctri-

2132 1082 2290 1120 nam.

2204 1155 2297 1209 Vos
2326 1157 2494 1221 enim,
2525 1158 2746 1226 fratres,
2787 1159 3093 1214 imitatores
3139 1161 3278 1230 facti
3324 1163 3455 1217 estis
3498 1164 3786 1220 Ecclesia-

2128 1259 2253 1297 rum
2285 1245 2401 1323 Dei,
2433 1261 2552 1315 quae
2588 1250 2716 1300 sunt
2761 1247 2820 1301 in
2857 1247 3077 1317 Judzea,
3110 1264 3227 1319 quae
3272 1260 3401 1305 sunt
3449 1252 3507 1306 in
3560 1251 3789 1309 Christo

2124 1332 2270 1401 Jesu,
2306 1335 2437 1402 quia
2464 1334 2649 1388 eadem
2686 1337 2841 1405 passi
2884 1339 3013 1391 estis
3062 1346 3115 1392 et
3161 1354 3254 1393 vos
3299 1356 3338 1394 α
3378 1342 3787 1398 contribulibus

2124 1421 2344 1486 vestris,
2369 1423 2509 1475 sicut
2541 1427 2591 1475 et
2623 1424 2734 1493 ipsi
2762 1441 2793 1477 (ι
2818 1424 3045 1492 lacticis,
3072 1428 3168 1496 qui
3196 1435 3247 1482 et
3278 1429 3570 1484 Dominum
3605 1431 3783 1487 inter-

2125 1512 2571 1565 emeruntJesum
2592 1520 2652 1591 get
2677 1513 2994 1584 prophetas,
3028 1525 3076 1569 et
3106 1531 3202 1569 nos
3227 1515 3501 1587 persecuti
3526 1528 3684 1587 sunt,
3729 1526 3785 1575 et

2123 1602 2235 1653 Deo
2264 1616 2374 1652 non
2402 1600 2746 1668 placuerunt,
2783 1606 2833 1655 et
2864 1603 3113 1658 omnibus
3144 1605 3456 1662 hominibus
3485 1598 3783 1663 adversari-

2119 1688 2229 1754 tur,
2249 1687 2592 1757 prohibentes
2614 1706 2709 1744 nos
2727 1693 2979 1760 gentibus
3003 1693 3246 1764 loqui,ut
3269 1696 3570 1763 solventur,
3586 1699 3659 1753 ad
3681 1698 3783 1754 hoc

2119 1780 2177 1829 ut
2198 1776 2491 1847 suppleant
2509 1788 2725 1848 peccata
2746 1796 2849 1834 sua
2870 1798 3079 1850 semper
3096 1799 3116 1843 ,'
3146 1783 3241 1839 sed
3264 1787 3520 1855 pervenit
3552 1789 3647 1842 ira
3676 1789 3780 1844 Dei

2119 1880 2286 1934 super
2304 1882 2395 1919 eos
2415 1883 2583 1937 usque
2603 1868 2672 1921 ait
2690 1869 2874 1938 ﬁnem.
2894 1868 2972 1924 De
2990 1870 3290 1942 impietate
3308 1878 3483 1945 atque
3506 1874 3779 1933 incredu-

2120 1951 2280 2007 litate
2297 1955 2559 2024 queritur
2570 1956 3431 2033 diffidentiumJudzeorumqui
3448 1980 3562 2018 non
3578 1965 3770 2021 solum

2121 2058 2237 2095 sua:
2259 2042 2467 2098 salutis
2489 2044 2711 2099 inimici
2736 2051 2895 2114 sunt,
2918 2064 3119 2102 verum
3146 2049 3319 2105 etiam
3344 2050 3621 2123 aliorum,
3645 2071 3772 2125 pro-

2120 2130 2385 2185 libentes
2410 2149 2479 2186 ne
2501 2135 2761 2199 credant,
2793 2151 2863 2189 ne
2888 2133 3028 2190 salvi
3060 2137 3220 2205 fiant,
3245 2139 3315 2193 ab
3338 2139 3503 2196 initio
3525 2143 3770 2214 parrici-

2119 2222 2151 2273 d
2196 2244 2223 2271 -.
2254 2220 2349 2274 Vel
2375 2222 2615 2275 Domino
2648 2224 2798 2276 enim
2827 2227 3122 2280 communi
3160 2244 3393 2297 parcere
3420 2229 3770 2300 debuerant,

2119 2310 2215 2378 qui
2243 2310 2532 2364 conservis
2554 2316 2607 2365 et
2632 2314 2955 2383 praepositis
2984 2315 3108 2369 suis
3132 2332 3245 2371 non
3272 2324 3675 2389 pepercerunt.
3697 2319 3773 2377 Ut

2118 2397 2453 2467 repleantur
2483 2405 2717 2470 peccata
2746 2417 2946 2456 eorum
2981 2403 3037 2456 in
3072 2407 3323 2476 tantum,
3348 2423 3419 2461 ne
3450 2406 3770 2479 aliquando

2119 2486 2575 2542 misericordiam
2600 2491 2878 2560 consequi
2913 2498 3266 2547 mereantur.
3296 2494 3427 2550 Ideo
3458 2494 3768 2554 Thessalo-

2118 2573 2382 2629 nicenses
2415 2594 2447 2628 a
2478 2576 2698 2632 civibus
2725 2580 2847 2633 suis
2870 2580 3070 2635 eadem
3104 2598 3309 2653 passos
3332 2583 3474 2639 dicit
3504 2583 3768 2643 imitatos

2117 2663 2458 2734 patientiam
2531 2671 2902 2734 sanctorum,
2970 2673 3025 2723 et
3084 2670 3310 2725 Domini
3380 2673 3567 2729 nostri
3626 2674 3763 2730 Jesu

2115 2751 2324 2805 Christi
2353 2768 2365 2806 :
2401 2754 2568 2821 cujus
2602 2753 2833 2808 sceleris
2865 2760 3133 2812 auctores
3165 2758 3389 2813 inducit
3418 2759 3677 2829 Judazos,
3704 2768 3769 2818 ut

2114 2845 2170 2893 et
2201 2846 2421 2909 quanta
2446 2840 2630 2911 gloria
2651 2843 2810 2913 digni
2842 2842 2978 2921 sint,
3005 2846 3102 2917 qui
3137 2862 3240 2916 pro
3272 2847 3509 2903 nomine
3533 2851 3765 2906 Domini

2115 2927 2440 2999 patiuntur,
2472 2934 2528 2982 et
2576 2947 2700 2999 quae
2753 2930 2895 2985 ultio
2926 2932 3174 3001 infestis,
3209 2935 3406 2991 inﬁdis
3438 2943 3767 3010 praeparata

2114 3016 2210 3085 sit,
2245 3015 2644 3087 dignoscatur.

2185 3106 2287 3159 Nos
2339 3112 2550 3169 autem,
2597 3110 2825 3177 fratres,
2859 3108 3090 3165 desolati
3135 3129 3168 3166 a
3220 3113 3369 3168 vobis
3422 3114 3493 3169 ad
3551 3125 3765 3189 tempus

367 3208 599 3254 vestrum
618 3213 986 3267 gravaremus.
1007 3196 1122 3250 Hoc
1142 3199 1251 3266 est,
1272 3196 1423 3266 quod
1449 3194 1589 3249 dicit
1610 3194 1667 3248 in
1687 3195 1848 3249 Actis
1872 3211 2003 3264 δμο-
2031 3184 2075 3248 C
2114 3195 2284 3261 horse,
2338 3196 2496 3264 facie,
2550 3212 2658 3250 non
2718 3197 2899 3265 corde,
2951 3200 3320 3255 abundantius
3374 3184 3766 3273 festinavimus

362 3287 646 3342 stolorum
679 3304 770 3354 xx,
805 3287 874 3340 34
908 3302 919 3339 :
974 3285 1191 3349 Omnia,
1227 3284 1441 3354 inquit,
1472 3298 1593 3355 quae
1629 3285 1774 3337 mihi
1822 3287 1870 3337 et
1918 3285 2003 3338 his

360 3393 455 3448 qui
484 3381 617 3431 sunt
634 3393 843 3431 mecum
873 3379 1099 3444 fuerunt
1120 3374 1447 3437 necessaria,
1472 3374 1856 3427 laboraverunt
1886 3389 2004 3427 ma-

361 3483 464 3521 nus
490 3468 624 3521 istze.
651 3465 811 3519 Unde
834 3465 964 3519 etin
989 3463 1101 3518 alia
1122 3461 1369 3534 epistola
1390 3461 1558 3516 dicit:
1586 3462 1691 3529 Qui
1714 3477 1820 3515 non
1847 3462 2000 3517 labo-

358 3565 468 3625 rat,
504 3571 599 3609 nec
643 3553 928 3607 manducet
977 3554 1046 3622 (ll
1080 3553 1250 3606 Thess.
1286 3567 1369 3620 in,
1405 3550 1511 3622 10).
1564 3550 1630 3604 Et
1663 3551 1767 3604 hoc
1800 3560 2002 3605 contra

360 3640 901 3715 pseudoapostolos.
917 3640 1119 3711 qui,ut
1142 3639 1310 3693 otiosi
1341 3639 1783 3702 manducarent,
1800 3639 2001 3705 praedi—

362 3737 584 3787 catores
613 3746 739 3784 esse
760 3746 822 3783 se
855 3729 1169 3799 fingebant.
1195 3727 1267 3782 Ut
1296 3744 1431 3799 ergo
1457 3727 1788 3798 exemplum
1813 3728 1998 3793 daret,

364 3818 858 3893 quemadmodum
890 3817 1270 3888 gubernanda
1300 3817 1377 3870 sit
1417 3817 1531 3870 vita
1560 3816 1911 3885 Christiana,
1945 3824 2003 3872 et

366 3909 745 3965 simulatores
793 3907 1080 3979 proderet,
1130 3905 1312 3961 labori
1363 3905 1670 3960 insistebat
1715 3905 2000 3972 humano,

356 3999 651 4053 oliuscans
683 3992 1238 4067 pseudoapostolos;
1271 3999 1549 4065 praeterea
1574 3993 1712 4064 quia
1762 3993 1861 4065 qui
1916 3993 2003 4048 la-

358 4087 486 4144 bori
537 4086 836 4156 insistunt,
890 4101 923 4139 a
980 4083 1152 4138 malis
1198 4083 1647 4155 cogitationibus
1705 4081 2002 4136 declinant

355 4180 709 4248 occupantes
757 4174 1020 4230 animum
1070 4189 1267 4242 suum,
1300 4176 1356 4226 et
1407 4189 1440 4227 a
1486 4170 1762 4243 periculis
1803 4169 1997 4242 probi-

354 4267 576 4321 bentes.

426 4356 857 4413 Praedicavimus
901 4353 1051 4408 vobis
1099 4353 1464 4423 Evangelium
1521 4350 1635 4403 Dei.
1698 4349 1790 4403 Vos
1847 4351 2000 4402 testes

352 4447 502 4512 estis,
530 4449 581 4500 et
610 4447 765 4513 Deus,
800 4459 966 4514 quam
990 4446 1197 4511 sancte,
1225 4449 1274 4496 et
1309 4443 1460 4509 juste
1507 4442 1561 4491 et
1611 4438 1731 4490 sine
1781 4435 1999 4506 querela

2108 3285 2307 3353 faciem
2338 3292 2567 3339 vestram
2596 3286 2776 3340 videre
2805 3290 2865 3341 in
2894 3289 3066 3344 multo
3094 3289 3385 3347 desiderio.
3420 3294 3765 3367 Quapropter

2110 3374 2382 3427 voluimus
2411 3374 2596 3427 venire
2624 3373 2694 3427 ad
2722 3392 2832 3441 vos,
2864 3393 2964 3447 ego
2994 3376 3211 3448 quidem
3240 3380 3450 3434 Paulus
3492 3387 3545 3436 et
3595 3386 3766 3441 semel

2109 3470 2157 3516 et
2189 3464 2408 3525 iterum,
2442 3471 2490 3516 et
2522 3464 2800 3533 impedivit
2830 3481 2929 3519 nos
2958 3465 3213 3523 Satanas.
3250 3468 3373 3523 Non
3407 3470 3630 3540 animo,
3661 3475 3758 3530 sed

2108 3567 2345 3622 corpore
2377 3550 2637 3605 divulsos
2688 3569 2749 3606 se
2796 3553 3002 3609 dicunt
3045 3556 3117 3609 ab
3162 3556 3265 3611 eis.
3297 3556 3568 3617 Charitas
3600 3562 3757 3618 enim

2110 3656 2222 3693 non
2256 3639 2554 3710 dividitur,
2583 3657 2688 3694 nec
2720 3647 3041 3713 separatur,
3068 3645 3168 3698 sed
3204 3650 3441 3717 propter
3472 3651 3758 3721 majorem

2108 3727 2548 3783 instructionem
2575 3729 2751 3784 etiam
2780 3731 2982 3785 faciem
3010 3749 3207 3787 eorum
3233 3751 3444 3806 cupere
3464 3753 3527 3793 se
3549 3738 3760 3798 dicunt

2109 3816 2323 3872 videre.
2343 3818 2402 3871 In
2428 3817 2600 3873 rebus
2626 3817 2781 3873 enim
2805 3818 3017 3875 divinis
3044 3822 3324 3878 deficiunt
3343 3825 3574 3881 articuli
3602 3845 3763 3885 com-

2110 3906 2465 3977 prehendere
2487 3922 2612 3978 quaa
2640 3912 2888 3978 possunt
2917 3908 3049 3963 dici.
3075 3910 3190 3965 Nec
3211 3911 3363 3966 enim
3389 3914 3615 3971 sufﬁcit
3636 3918 3760 3975 dies

2110 3993 2258 4064 style
2289 3993 2404 4062 bis,
2438 4010 2563 4064 quae
2616 4011 2732 4049 una
2775 3994 2920 4055 hora
2948 4004 3198 4068 possunt
3228 4000 3513 4075 depromi,
3546 4010 3615 4060 ut
3645 4023 3762 4063 non

2110 4081 2296 4136 dicam
2327 4082 2593 4152 quaedam
2617 4100 2744 4139 esse
2775 4086 3023 4157 mystica
3049 4085 3347 4160 religionis
3369 4096 3603 4162 nostris,
3630 4111 3761 4167 quin

2109 4174 2345 4241 propter
2368 4170 2661 4226 carnalem
2685 4189 2945 4242 sensum,
2973 4191 3043 4229 ne
3065 4176 3412 4233 scandalum
3435 4180 3763 4251 patiantur,

2112 4259 2277 4314 facile
2326 4258 2606 4330 publicari
2661 4279 2771 4316 non
2827 4263 3095 4329 debeant,
3130 4266 3268 4335 quia
3318 4283 3432 4322 non
3484 4273 3766 4328 omnibus

2108 4347 2354 4402 dicenda
2383 4353 2523 4403 sunt
2551 4351 2769 4422 omnia,
2804 4351 2903 4406 sed
2950 4369 3052 4424 pro
3087 4353 3556 4429 uniuscujusque
3588 4366 3764 4433 captu

2110 4437 2465 4492 moderanda
2489 4443 2626 4493 sunt
2647 4439 2838 4507 dicta;
2872 4439 3038 4495 aliter
3060 4443 3329 4511 rudibus,
3352 4451 3409 4500 et
3437 4447 3609 4503 aliter
3636 4450 3763 4505 fun-

352 4536 520 4598 vobis,
553 4536 649 4604 qui
674 4533 917 4599 creditis,
949 4532 1082 4601 [acti
1109 4546 1316 4595 sumus,
1348 4530 1490 4582 sicut
1530 4527 1704 4593 scitis,
1737 4523 2001 4594 quomodo
2030 4546 2075 4609 D
2108 4525 2281 4581 datis.
2301 4525 2519 4581 Idcirco
2543 4529 2854 4598 praesentia
2875 4530 3133 4600 corporis
3156 4533 3492 4604 requiritur,
3515 4537 3659 4608 quia
3680 4539 3762 4594 sic

349 4639 789 4693 unumquemque
844 4629 1103 4683 vestrum,
1147 4622 1205 4672 ut
1249 4622 1409 4689 pater
1454 4613 1623 4684 ﬁlios,
1659 4613 2001 4667 obsecrantes

351 4728 440 4768 vos
467 4716 519 4767 et
562 4713 901 4767 consulentes
931 4708 1115 4779 (1279)
1166 4707 1236 4760 ad
1279 4706 1395 4769 hoc,
1425 4707 1486 4757 ut
1515 4701 1808 4756 ambuletis
1840 4701 2002 4772 digne

359 4804 494 4871 Deo,
543 4803 639 4870 qui
686 4808 839 4855 vocat
887 4813 981 4851 vos
1031 4797 1089 4848 in
1144 4810 1304 4847 suum
1349 4807 1582 4859 regnum
1637 4793 1685 4845 et
1742 4791 1996 4861 gloriam.

357 4888 662 4945 Manifesta
691 4893 828 4943 sunt
850 4885 988 4938 hznc.
1014 4882 1355 4935 Commonet
1376 4880 1532 4933 enim
1557 4877 1688 4934 illos
1712 4880 1999 4948 quomodo

357 4976 712 5031 crediderint
759 4990 820 5030 se
870 4967 1237 5042 prmdicante,
1272 4974 1327 5023 et
1359 4966 1586 5038 qualem
1620 4985 1753 5023 eum
1787 4969 1998 5023 fuerint

358 5065 577 5137 experti
631 5069 687 5119 et
737 5078 863 5133 quae
912 5061 1195 5128 prazcepta
1224 5057 1448 5111 dederit
1477 5056 1578 5123 eis,
1610 5061 1675 5111 ut
1704 5058 1862 5127 digni
1900 5058 1997 5113 ﬁe-

356 5158 484 5209 rent
517 5159 651 5219 Deo,
684 5149 783 5221 qui
816 5145 948 5199 illos
981 5146 1204 5200 vocavit
1250 5147 1320 5201 de
1368 5146 1536 5200 terris
1591 5146 1647 5200 in
1703 5146 1900 5215 caelos,
1935 5151 2000 5200 ut

352 5239 666 5297 exsuscitet
694 5233 956 5293 laetitiam
994 5230 1247 5291 illorum.

416 5330 645 5399 Ideoque
689 5336 738 5383 et
785 5338 885 5379 nos
929 5322 1140 5389 gratias
1182 5326 1398 5397 agimus
1430 5325 1533 5380 Deo
1562 5324 1679 5379 sine
1708 5325 1995 5380 intermis-

349 5419 520 5482 sione,
557 5416 695 5487 quod
721 5429 851 5471 cum
878 5412 1217 5479 accepissetis
1253 5431 1289 5471 a
1331 5414 1488 5470 nobis
1520 5413 1743 5469 verbum
1771 5412 1996 5468 auditus

350 5522 601 5655 “982$?
630 5524 717 5581 Ex
762 5515 1085 5581 hominibus
1130 5518 1287 5595 legit.
1312 5594 1313 5599 η
1342 5519 1530 5594 Vulg,
1562 5523 1619 5578 et
1655 5519 1824 5578 divus
1856 5526 1993 5577 Am-

394 5610 600 5655 P081118.

2110 4614 2407 4685 perficitur
2436 4615 2650 4671 vetitas
2676 4615 2998 4673 charitatis.
3023 4620 3298 4683 Quamvis
3320 4622 3477 4678 enim
3500 4624 3761 4684 charitas

2111 4719 2225 4756 non
2250 4702 2562 4772 dividatur,
2586 4703 2944 4760 desiderium
2967 4711 3160 4762 tamen
3185 4708 3322 4764 facit
3343 4711 3616 4770 absentia
3636 4732 3759 4771 cor-

2110 4791 2288 4863 poris.
2310 4791 2567 4861 Denique
2589 4793 2825 4859 osculis,
2845 4799 2902 4848 et
2922 4794 3191 4868 amplexu
3215 4798 3546 4856 animorum
3572 4804 3760 4876 exple-

2109 4885 2206 4933 tur
2259 4879 2544 4934 voluntas.
2579 4880 2680 4934 Cui
2733 4882 2812 4936 rei
2865 4883 3281 4955 impedimento
3329 4887 3510 4944 fuisse
3551 4893 3761 4949 asserit

2108 4972 2380 5035 Satanan,
2406 4968 2544 5040 quia
2574 4970 2745 5024 etiam
2779 4972 3057 5042 apostolis
3087 4990 3299 5031 manus
3331 4977 3533 5051 obvias
3566 4983 3763 5039 tende-

2108 5058 2226 5123 bat,
2290 5075 2359 5113 ne
2426 5056 2686 5113 veritatis
2753 5061 2898 5116 ratio
2968 5062 3307 5119 hominibus
3376 5069 3755 5138 panderetur.

2106 5147 2471 5201 Accendebat
2497 5147 2651 5201 enim
2684 5150 3036 5219 perfidorum
3072 5158 3318 5216 mentes,
3342 5159 3408 5209 ut
3436 5172 3537 5212 eos
3558 5161 3758 5218 verbe-

2106 5234 2269 5289 ribus
2291 5252 2355 5290 ac
2379 5234 2628 5291 vinculis
2650 5236 2996 5306 detinerent,
3019 5256 3090 5294 ne
3112 5239 3490 5311 loquerentur
3509 5248 3755 5303 verbum

2109 5323 2225 5376 Dei.
2260 5323 2545 5379 Dixerunt
2574 5325 2731 5380 enim
2765 5328 3013 5398 majores
3042 5329 3376 5387 Judaorum
3420 5336 3708 5405 apostolis
3738 5353 3753 5392 :

2106 5410 2309 5467 Nonne
2331 5412 2733 5484 praecipientes
2754 5416 3227 5474 denuntiavimus
3250 5420 3433 5490 vobis,
3458 5439 3532 5479 ne
3553 5423 3754 5499 loque-

2176 5516 2192 5608 ς
2386 5517 2638 5608 γῳδκθι
2661 5520 2835 5608 divus
2857 5523 3202 5582 Ambrosius
3224 5528 3283 5582 et
3310 5526 3482 5586 divus
3505 5529 3757 5608 Chrysog

2105 5591 2355 5661 atomus,
2395 5591 2753 5651 consolantes.
3626 5591 3649 5608 '
3678 5591 3681 5592 ⁷
3750 5606 3755 5609 ·
