3978 6210
125 354 251 415 649

690 351 1104 414 EXPOSI'I‘IO
1149 355 1223 414 IN
1274 354 1696 417 EPISTOLAS
1746 356 1998 417 PAULI.
2029 390 2104 400 -—
2137 359 2212 416 IN
2261 358 2508 419 EPIST.
2555 359 2577 417 Ι
2627 361 2726 418 AD
2772 361 3045 421 THESS.

3451 363 3573 422 650

125 485 359 542 remini
429 485 494 540 in
545 485 785 540 nomine
814 485 951 540 Jesu
985 485 1087 541 ulli
1120 485 1426 542 hominum
1461 489 1594 556 (Act.
1619 505 1670 543 v.
1693 489 1815 554 28)?
1846 491 1898 554 Α
1927 489 2082 544 enim
2118 491 2322 545 nuntio
2353 491 2635 556 veniente,
2668 496 2725 545 et
2758 492 3090 546 ﬁrmitatem
3129 491 3456 547 devotionis
3503 494 3570 548 il-

129 576 248 630 Sed
302 574 457 645 quia
508 573 665 643 quod
718 590 831 627 non
877 578 962 627 est
1015 592 1047 628 a
1093 574 1228 640 Deo,
1271 579 1423 628 stare
1477 593 1588 629 non
1633 580 1818 646 potest

125 664 288 734 (1b,),
327 661 751 717 dissolvuntur
779 662 1199 732 impedimenta
1227 667 1469 718 Satanae.

203 753 344 819 Quae
376 755 466 806 est
501 752 653 804 enim
683 759 869 805 nostra
897 766 1036 820 spes,
1071 756 1164 805 aut
1193 752 1589 821 gaudium,aut
1619 767 1819 806 corona

131 843 390 909 gloriae?
451 843 652 894 Nonne
703 855 790 894 vos
844 856 1026 894 coram
1075 840 1303 894 Domino
1349 849 1532 895 nostro
1579 841 1705 895 Jcsu
1761 844 1820 894 in

135 929 384 984 adventu
417 930 590 999 ejus?
626 933 727 982 Vos
755 931 907 983 enim
953 928 1078 984 estis
1121 930 1299 998 gloria
1346 938 1532 984 nostra
1582 933 1635 983 et
1676 946 1817 1000 gau-

137 1020 312 1073 dium.
352 1017 746 1073 Manifestum
773 1017 1036 1088 est,quia
1066 1018 1338 1088 perfectio
1371 1018 1817 1089 discipulorum,

138 1108 436 1180 gaudium
468 1111 528 1161 et
556 1123 775 1161 corona
807 1105 1070 1177 magistri
1105 1112 1210 1160 est.
1245 1107 1315 1159 Ui
1347 1107 1502 1161 enim
1550 1113 1689 1161 sunt
1718 1106 1817 1176 qui

139 1197 379 1251 labores
413 1197 676 1250 fructum
710 1211 954 1249 suorum
985 1195 1198 1250 edituri
1228 1195 1640 1250 sunt.Fructus
1663 1197 1816 1250 enim

142 1284 422 1353 magistri
457 1282 793 1355 discipulus
822 1288 910 1338 est
943 1284 1240 1349 obediens,
1275 1284 1442 1352 cujus
1481 1284 1621 1338 dum
1667 1284 1819 1337 bona

145 1371 523 1428 conversatio
554 1371 782 1443 proficit
813 1371 1350 1443 magistro,fructus
1381 1371 1473 1427 sui
1495 1373 1629 1427 edat
1664 1371 1820 1426 labo-

141 1478 290 1517 rem.
321 1462 524 1516 Labor
550 1461 710 1516 enim
743 1460 1017 1532 discipuli
1071 1461 1131 1515 in
1162 1476 1333 1532 opere
1360 1461 1512 1516 bono
1543 1477 1816 1517 coronam

145 1550 239 1605 dat
266 1550 565 1621 magistro
589 1548 790 1619 judice
821 1549 1070 1604 Christo.

207 1639 430 1694 Idcirco
451 1640 582 1709 jam
609 1649 721 1692 nan
751 1639 1060 1704 tolerantes,
1097 1641 1363 1709 optimum
1413 1639 1701 1703 duximus,
1761 1643 1818 1692 ut

149 1728 374 1783 Athenis
412 1728 530 1784 soli
569 1728 1040 1798 retmqueremur;
1089 1735 1139 1781 et
1190 1729 1442 1782 misimus
1491 1729 1818 1782 Timotheum

146 1818 325 1887 (1280)
355 1819 606 1887 fratrem
639 1819 909 1882 nostrum,
941 1825 991 1871 et
1017 1817 1341 1887 participem
1387 1819 1564 1886 operis
1615 1817 1713 1872 Dei
1759 1819 1820 1870 in

151 1906 454 1974 Evangelia
508 1905 744 1970 Christi,
775 1905 847 1960 ad
878 1905 996 1969 hoc,
1029 1910 1088 1960 ut
1117 1913 1168 1960 et
1198 1921 1290 1961 vos
1317 1908 1616 1976 conﬁrmet,
1650 1914 1701 1962 et
1727 1905 1819 1961 de-

144 2004 397 2065 precetur
441 2010 550 2066 pro
610 1994 715 2064 ﬁde
756 1998 952 2060 vestra,
1003 2010 1072 2049 ne
1135 1995 1254 2065 quis
1301 1998 1582 2050 moveatur
1629 1997 1688 2050 in
1733 1994 1820 2049 his

151 2085 455 2151 pressaris;
491 2084 615 2153 ipsi
641 2083 791 2136 enim
818 2083 993 2148 scitis,
1026 2083 1158 2153 quia
1185 2082 1256 2137 ad
1286 2082 1383 2137 hoc
1407 2084 1572 2153 positi
1607 2099 1817 2137 sumus.

156 2175 298 2227 Nam
329 2176 542 2227 etcum
573 2171 724 2241 apud
775 2188 860 2226 vos
907 2187 1148 2239 eramus,
1195 2171 1623 2241 praedicavimus
1667 2171 1820 2226 vobis

149 2276 402 2330 passuros
458 2275 566 2314 nos
598 2275 928 2329 pressuram,
959 2267 1098 2314 sicut
1127 2262 1178 2314 et
1204 2260 1416 2329 factum
1465 2265 1619 2325 est,et
1648 2267 1816 2315 satis.

156 2348 437 2403 Desiderii
471 2364 660 2418 supra
691 2348 994 2403 memorati
1027 2363 1236 2402 causas
1263 2347 1566 2418 expressit.
1601 2347 1819 2403 Idcirco

153 2436 314 2490 enim
347 2441 663 2506 praesentes
689 2453 817 2490 esse
847 2437 1001 2507 apud
1025 2453 1124 2492 eos
1151 2438 1444 2502 volebant,
1476 2441 1541 2490 ut
1589 2437 1820 2491 animos

157 2541 362 2579 eorum
395 2524 719 2593 firmarent,
744 2542 815 2580 ne
847 2525 982 2596 quis
1012 2541 1076 2579 ex
1110 2525 1202 2580 his
1233 2525 1575 2580 scandalum
1601 2530 1819 2596 patere-

154 2617 252 2667 tur
282 2613 353 2668 de
383 2615 685 2685 pressaris
717 2612 1140 2685 apostolorum,
1192 2618 1256 2668 ut
1302 2614 1398 2684 qui
1449 2619 1612 2668 tanta
1651 2613 1820 2684 signa

160 2703 425 2771 lacerent,
461 2701 788 2772 aliquando
821 2701 1278 2769 infirmarentur,
1313 2703 1394 2757 ita
1422 2701 1818 2769 humiliati,ut

157 2791 486 2846 verberibus
517 2795 586 2846 et
615 2789 863 2846 vinculis
895 2792 1356 2861 subjacerentur.
1389 2791 1471 2845 Ad
1493 2807 1670 2862 quam
1693 2806 1814 2845 rem

162 2879 577 2935 excusandam.
632 2879 1004 2934 Timotheum
1037 2881 1222 2950 (1281)
1254 2879 1502 2935 missum
1544 2883 1814 2945 testatur,

161 2967 421 3023 idoneum
481 2969 813 3036 doctorem,
873 2968 974 3039 qui
1030 2969 1359 3024 ostenderet
1416 2967 1551 3022 hinc
1610 2967 1818 3022 merita

161 3072 402 3112 crescere
444 3055 831 3122 Christianis,
865 3057 913 3112 si
951 3073 1053 3128 pro
1095 3056 1329 3112 nomine
1379 3056 1604 3111 Domini
1657 3055 1814 3127 passi

161 3146 366 3215 gratias
395 3162 549 3218 agan
561 3148 648 3208 t,a
671 3161 785 3214 quo
807 3144 985 3215 hujus
1018 3144 1096 3199 rei
1133 3145 1457 3200 mercedem
1481 3149 1816 3215 exspectant

1930 577 2112 631 lorum
2149 580 2201 631 in
2239 582 2368 646 title,
2403 587 2457 634 et
2488 581 2796 635 dilectione
2827 581 3079 650 Apestoli
3113 581 3572 643 declaranteJae-

1928 670 2023 719 tus
2056 668 2238 719 factus
2271 669 2339 720 de
2370 669 2666 722 communi
2700 669 3010 724 concordia
3041 668 3242 722 scribit
3263 670 3333 723 ad
3359 686 3574 735 eos,se-

1928 771 2132 808 curum
2163 755 2384 811 habens
2417 758 2667 811 fructum
2704 758 2833 812 fidei
2869 763 2926 811 et
2967 757 3127 812 home
3179 759 3570 813 conversatio-

1929 843 2020 897 nis
2052 861 2276 897 eorum.

2000 936 2181 1002 Quam
2212 934 2357 986 enim
2386 934 2697 999 gratiarum
2725 934 2990 988 actionem
3035 949 3320 1003 possumus
3369 937 3576 1005 referre

1929 1021 2031 1075 Deo
2061 1020 2127 1074 de
2155 1021 2304 1074 vobis
2332 1038 2499 1092 super
2551 1024 2702 1076 omni
2731 1023 2956 1088 gaudio,
2991 1038 3094 1091 quo
3121 1024 3426 1092 gaudemus
3443 1041 3571 1095 pro-

1925 1111 2044 1179 pter
2073 1126 2160 1164 vos
2190 1125 2372 1163 coram
2408 1111 2514 1164 Deo
2545 1115 2748 1174 nostro,
2780 1116 2954 1174 nocte,
2986 1112 3179 1180 dieque
3208 1112 3571 1167 abundantis-

1928 1199 2064 1252 sime
2093 1204 2332 1263 orantes,
2361 1208 2422 1252 ut
2455 1199 2740 1253 videamus
2760 1202 2960 1267 [aciem
2985 1204 3293 1267 vestram,et
3323 1202 3577 1272 supplea-

1926 1303 2046 1340 mus
2062 1303 2181 1356 quae
2199 1287 2392 1340 desunt
2409 1289 2549 1356 ﬁdei
2574 1292 2802 1342 vestrm?
2834 1287 2986 1341 Nihil
3007 1288 3149 1341 dicit
3165 1294 3282 1343 tam
3303 1290 3572 1360 dignum,

1927 1376 2080 1446 quod
2115 1376 2380 1429 sufﬁcere
2404 1376 2588 1446 possit
2609 1375 2679 1429 ad
2703 1377 3240 1446 compensationem
3271 1378 3571 1450 acquisita:

1926 1463 2134 1518 salutis
2165 1464 2450 1535 gentium.
2471 1464 2534 1517 Et
2557 1463 2834 1534 quoniam
2867 1469 3246 1534 provexerant
3277 1481 3338 1520 se
3371 1481 3568 1536 perse-

1929 1553 2188 1606 verantia
2220 1553 2436 1614 fidei,et
2466 1558 2594 1606 actu
2623 1551 2752 1605 vita:
2778 1552 3059 1616 melioris,
3097 1552 3285 1624 magis
3305 1558 3361 1606 et
3383 1555 3574 1624 magis

1929 1641 2090 1711 cupit
2119 1658 2216 1695 eos
2243 1642 2528 1709 videre,ut
2548 1657 2770 1712 ea,quze
2795 1643 2863 1695 ad
2901 1641 3314 1712 perfectionem
3339 1641 3572 1696 illorum

1929 1730 2242 1801 pertinent,
2263 1729 2923 1794 ediscant,sacramenta
2943 1730 3168 1785 scilicet
3194 1747 3387 1785 rerum
3411 1730 3578 1802 spiri-

1851 1849 1897 1914 Β
1931 1815 2291 1914 talium,quae
2324 1817 2490 1914 facile
2521 1817 2803 1888 publicari
2843 1835 2959 1872 non
2992 1818 3227 1914 debent,
3262 1823 3326 1873 ut
3357 1818 3578 1873 scirent

1930 1906 2081 1975 quis,
2115 1911 2173 1960 et
2201 1921 2378 1976 quam
2411 1905 2738 1960 immensus
2769 1910 3058 1977 est,quem
3083 1907 3343 1977 judicem
3375 1923 3575 1978 spera-

1931 1993 2269 2049 bant.Aliud
2296 1999 2385 2048 est
2413 1995 2570 2048 enim
2601 1995 2775 2049 fidem
2804 1995 3148 2066 accipere,et
3175 1994 3335 2050 aliud
3357 1995 3578 2066 exposi-

1929 2083 2146 2136 tionem
2181 2081 2334 2135 lidei.
2369 2081 2564 2136 Altera
2593 2082 2744 2136 enim
2783 2081 3106 2154 disputatio
3135 2088 3223 2138 est
3262 2083 3332 2137 de
3365 2087 3578 2137 natura

1931 2171 2117 2225 Patris
2148 2176 2203 2225 et
2237 2170 2381 2241 Filii,
2405 2177 2463 2225 et
2487 2170 2599 2225 alia
2627 2171 2697 2225 de
2729 2171 3012 2242 personis.
3065 2173 3233 2226 Pater
3280 2171 3576 2242 ingenitus

1929 2265 2036 2325 est,
2068 2259 2246 2314 Filius
2277 2276 2407 2313 vero
2437 2259 3000 2330 genitus.Quantum
3031 2261 3101 2314 ad
3137 2275 3418 2330 personas
3441 2275 3570 2330 per-

1926 2348 2095 2417 tinet,
2129 2348 2421 2402 diversum
2449 2348 2700 2415 videtur,
2732 2365 2864 2403 cum
2917 2348 2996 2403 sit
3043 2348 3344 2403 individua
3375 2348 3572 2402 unitas

1930 2436 2382 2491 naturm.Unitas
2413 2436 2569 2490 enim
2600 2453 2713 2490 non
2747 2436 2804 2490 in
2837 2454 3084 2508 persona
3115 2437 3331 2502 est,sed
3357 2436 3414 2489 in
3439 2437 3578 2490 sub-

1929 2525 2162 2581 stantia.
2198 2525 2450 2596 Spiritus
2483 2530 2678 2580 autem
2713 2533 2953 2579 sanctus
2987 2541 3097 2579 non
3132 2525 3382 2596 degener
3414 2528 3575 2594 pute-

1926 2618 2042 2678 tur,
2075 2613 2213 2683 quia
2241 2613 2450 2666 tertius
2474 2612 2728 2681 ponitur.
2765 2611 2871 2677 Qui
2902 2628 3038 2682 ergo
3068 2613 3137 2666 de
3169 2611 3428 2666 secunda
3449 2627 3574 2683 per~

1927 2718 2071 2756 sona
2102 2717 2215 2755 non
2250 2700 2514 2771 ambigit,
2549 2700 2806 2754 admittit
2836 2705 2893 2755 et
2924 2701 3178 2755 tertiam.

1997 2791 2116 2860 Ipse
2142 2798 2322 2844 autem
2351 2789 2514 2855 Deus,
2555 2791 2607 2842 et
2637 2790 2806 2843 Pater
2857 2791 3060 2854 noster,
3091 2795 3144 2843 et
3181 2789 3442 2842 Dominus
3471 2803 3569 2842 no-

1925 2888 2040 2934 ster
2086 2879 2237 2934 Jesus
2289 2878 2533 2932 Christus
2579 2877 2796 2946 dirigat
2845 2879 2990 2931 viam
3044 2879 3287 2931 nostram
3343 2877 3411 2931 ad
3461 2891 3574 2931 vos.

1927 2967 2156 3037 Integro
2173 2966 2375 3021 ordine
2391 2966 2501 3021 iter
2515 2983 2690 3021 suum
2711 2964 2940 3037 disponi
2961 2963 3220 3037 postulat
3245 2983 3258 3032 ;
3312 2964 3573 3037 primum

1927 3060 2098 3110 aDeo
2133 3055 2315 3121 Patre,
2350 3055 2488 3126 quia
2535 3055 2606 3109 ab
2657 3054 2784 3125 ipso
2834 3059 2974 3108 sunt
3021 3053 3238 3121 omnia,
3284 3051 3495 3108 deinde
3542 3070 3576 3108 a

1929 3143 2175 3198 Domino
2206 3143 2344 3198 Jesu
2380 3141 2632 3207 Christo,
2684 3159 2785 3212 per
2834 3158 3007 3212 quem
3063 3145 3204 3196 sunt
3251 3141 3469 3205 omnia,
3513 3146 3578 3195 ut

164 3217 453 3305 simulque,
476 3249 692 3307 preces
723 3232 835 3288 Deo
867 3233 1196 3300 funderent,
1230 3239 1296 3288 ut
1325 3232 1564 3287 stabiles
1599 3237 1814 3288 essent.
1849 3217 1891 3282 (ἶ
1931 3232 2136 3297 virtus,
2172 3237 2348 3302 atque
2380 3230 2742 3301 providentia
2777 3230 2959 3283 Patris
2989 3233 3048 3282 et
3080 3227 3206 3282 Filii
3258 3229 3571 3282 adventum

164 3323 333 3384 Quam
368 3322 849 3394 persecutionem
883 3322 1100 3376 idcirco
1133 3339 1194 3377 se
1226 3339 1502 3392 passuros
1543 3322 1816 3392 praedica-

164 3417 366 3483 verant,
400 3419 464 3467 ut
496 3429 614 3484 per
640 3410 724 3478 id,
757 3411 910 3482 quod
944 3411 1368 3482 praescientiam
1402 3411 1579 3480 hujus
1602 3410 1681 3465 rei
1715 3410 1816 3464 ha-

169 3500 287 3555 bere
315 3518 375 3556 se
406 3504 904 3572 protestarentur,
938 3516 1108 3571 posse
1137 3515 1199 3555 se
1240 3501 1491 3571 effugere
1539 3503 1594 3553 et
1642 3498 1820 3554 decli-

168 3604 292 3644 nare
322 3589 426 3646 has
454 3588 718 3660 injurias
741 3589 1266 3659 approbarent.Sed
1293 3588 1431 3660 quia
1452 3603 1586 3658 spes
1610 3603 1823 3658 magna

167 3676 220 3731 in
251 3678 337 3733 his
367 3684 474 3748 est,
511 3679 650 3734 ideo
679 3676 872 3732 illatas
904 3677 1146 3733 suﬂ'erre
1196 3677 1338 3731 dicit
1365 3679 1554 3746 (1282)
1586 3676 1820 3748 quidem

170 3764 422 3824 libenter.
456 3768 587 3824 Ideo
618 3770 674 3821 et
699 3782 798 3835 ego
828 3783 938 3823 non
978 3765 1226 3821 tolerans
1271 3767 1531 3838 amplius,
1580 3767 1710 3820 misi
1753 3765 1824 3819 ad

171 3854 274 3921 hoc,
304 3861 360 3911 ut
389 3871 768 3928 cognoscerem
795 3856 960 3924 ﬁdem
991 3860 1246 3919 vestram,
1297 3871 1366 3910 ne
1409 3871 1512 3928 quo
1560 3854 1717 3909 modo
1745 3861 1824 3908 at-

175 3948 450 4002 tentaverit
477 3947 576 4002 ille
599 3949 916 4014 tentator,et
937 3946 1124 4000 inanis
1149 3947 1245 4014 ﬁat
1271 3945 1431 3999 labor
1453 3943 1822 4000 noster.lstud

180 4040 400 4105 propter
429 4036 725 4107 quosdam
757 4034 917 4101 dicit,
953 4035 1054 4105 qui
1088 4035 1313 4105 possint
1357 4035 1555 4090 seduci
1608 4032 1828 4088 astutia

175 4127 406 4178 Satanae.
439 4124 590 4190 Quia
623 4123 682 4177 in
714 4124 872 4178 omni
905 4123 1070 4195 plebe
1114 4129 1202 4178 est
1246 4139 1381 4194 pars
1433 4123 1621 4187 firma,
1654 4127 1710 4175 et
1738 4121 1825 4174 in-

182 4210 357 4277 firma,
386 4229 642 4283 quorum
673 4228 850 4268 causa
893 4211 1178 4268 sollicitus
1225 4217 1368 4280 erat,
1416 4228 1487 4265 ne
1536 4211 1828 4265 amitteret

180 4297 420 4354 fructum
451 4299 824 4355 credulitatis
855 4317 1076 4355 eorum.
1104 4300 1169 4354 Et
1197 4301 1336 4370 quia
1366 4299 1588 4354 diutius
1619 4315 1830 4370 passus

183 4401 288 4442 non
319 4393 405 4443 est
435 4389 667 4444 nescire
689 4405 750 4444 se
777 4389 915 4460 quid
947 4389 1164 4444 certius
1197 4393 1464 4458 ageretur
1491 4388 1646 4442 circa
1677 4387 1828 4450 illos,

186 4475 335 4530 misit
360 4478 546 4548 (1283)
582 4478 958 4533 Timotheum
1007 4478 1349 4550 episcopum
1383 4494 1416 4532 a
1445 4493 1507 4532 se
1548 4481 1830 4534 creatum.

188 4579 216 4616 a
244 4580 352 4633 quo
383 4571 582 4636 posset
613 4572 833 4622 certum
866 4567 1034 4622 scire.

253 4651 397 4707 Modo
425 4659 610 4709 autem
638 4672 762 4710 cum
790 4657 1020 4710 venisset
1056 4655 1360 4711 Timetheus
1391 4653 1461 4708 ad
1492 4669 1589 4709 nos
1607 4669 1644 4707 a
1665 4652 1832 4712 vobis.

186 4744 240 4792 et
273 4744 644 4799 annuntiasset
671 4744 826 4798 nobis
854 4743 1034 4814 ﬁdem,
1068 4748 1121 4798 et
1149 4745 1467 4798 cbaritatem
1501 4746 1754 4807 vestram,
1786 4733 1836 4794 et

189 4830 446 4897 quoniam
488 4834 810 4887 memoriam
859 4834 1032 4887 nostri
1088 4832 1300 4886 habetis
1350 4833 1567 4896 bonam,
1623 4845 1837 4900 semper

1928 3322 2058 3392 ejus
2090 3322 2552 3381 commendet,ut
2581 3323 2638 3372 et
2668 3316 3040 3389 acceptabilis
3068 3318 3168 3370 liat
3197 3316 3576 3371 audientibus

1930 3427 2012 3477 se,
2046 3413 2102 3463 et
2131 3407 2554 3479 impedimenta
2584 3403 2800 3458 diaboli
2832 3403 3194 3458 solverentur
3214 3403 3284 3456 ad
3317 3402 3572 3473 dirigen-

1931 3499 2071 3552 dum
2109 3497 2216 3550 iter
2255 3497 2402 3565 ejus.
2462 3499 2569 3548 Vos
2614 3497 2796 3546 autem
2839 3493 3106 3546 Dominus
3153 3491 3479 3562 multiplicet
3529 3499 3583 3545 et

1931 3584 2213 3640 abundare
2256 3585 2426 3654 faciat
2467 3582 2793 3636 charitatem
2844 3583 2900 3636 in
2950 3583 3183 3635 invicem
3214 3582 3351 3634 etin
3380 3595 3494 3648 vos,
3528 3587 3582 3634 et

1931 3676 1992 3728 in
2022 3689 2227 3736 omnes,
2257 3674 2395 3726 sicut
2425 3675 2474 3726 et
2502 3687 2600 3726 nos
2633 3673 2690 3724 in
2722 3687 2834 3739 vos,
2879 3669 2948 3724 ad
2997 3669 3378 3737 conﬁrmanda
3416 3667 3580 3722 corda

1931 3765 2111 3816 vestra
2141 3760 2523 3832 irreprehensa
2544 3761 2603 3815 in
2617 3760 2982 3814 sanctimonia
3010 3775 3200 3813 coram
3223 3759 3326 3812 Deo
3345 3764 3396 3813 et
3414 3763 3581 3813 Patre

1933 3859 2134 3918 nostro,
2168 3852 2226 3904 in
2269 3850 2506 3905 adventu
2555 3849 2773 3904 Domini
2818 3849 2992 3904 nostri
3033 3849 3157 3903 Iesu
3206 3848 3412 3903 Christi
3457 3862 3576 3901 cum

1934 3942 2186 3997 omnibus
2217 3941 2422 3995 sanctis
2449 3941 2581 3993 suis.
2616 3937 2688 3993 Ut
2717 3939 2998 4008 gaudium
3032 3953 3229 4002 suum,
3253 3952 3369 4006 quo
3402 3936 3472 3990 de
3494 3935 3579 3989 eis

1936 4027 2519 4102 gaudet,cumulet,in
2542 4027 2819 4081 omnibus
2851 4025 3019 4080 bonis
3050 4022 3426 4094 multiplicari
3447 4021 3580 4077 illos

1936 4122 2257 4188 exoptat,ut
2286 4115 2523 4170 veniens
2545 4115 2615 4168 ad
2639 4130 2736 4168 eos
2772 4112 2904 4183 plus
2934 4112 3190 4166 inveniat
3220 4112 3279 4165 in
3309 4109 3577 4179 eis,quod

1939 4206 2112 4261 laude
2147 4205 2390 4274 dignum
2440 4204 2534 4268 sit,
2586 4216 2763 4272 quam
2797 4217 2830 4253 a
2861 4199 3166 4253 Timotheo
3199 4197 3481 4264 audierat,
3515 4200 3582 4250 ut

1939 4289 2476 4364 irreprehensibiles
2508 4288 2876 4343 inveniantur
2897 4303 3032 4340 cum
3065 4285 3285 4340 sanctis
3306 4285 3364 4338 in
3391 4283 3582 4338 chari-

1941 4387 2055 4437 tate
2119 4381 2212 4436 Dei
2257 4379 2464 4446 Patris,
2515 4383 2570 4431 et
2626 4377 2878 4430 adventu
2931 4373 3156 4428 Domini
3206 4372 3391 4427 nostri
3439 4372 3584 4426 Jesu

1941 4470 2178 4534 Christi,
2199 4486 2331 4524 cum
2364 4465 2600 4538 cmperit
2626 4468 2757 4520 ante
2787 4460 3042 4518 tribunal
3074 4462 3202 4531 ejus
3233 4459 3586 4514 examinatio

1869 4583 1912 4646 Β
1943 4558 2207 4630 singulos
2238 4557 2582 4628 approbare.
2617 4559 2793 4608 Deum
2824 4556 2991 4607 vocat
3041 4555 3277 4646 propter
3307 4554 3585 4646 terrorem

1946 4646 2272 4718 maiestatis
2296 4645 2451 4713 ejus;
2489 4647 2716 4698 Patrem
2738 4657 2870 4696 vero
2893 4643 3127 4710 propter
3145 4636 3587 4708 benignitatem,

1946 4753 2062 4807 qua
2085 4735 2364 4804 dignatur
2393 4732 2693 4786 credentes
2724 4727 2834 4783 sibi
2868 4727 3142 4798 adoptare
3169 4724 3227 4778 in
3253 4723 3589 4794 ﬁlios,quod

1945 4825 2004 4879 in
2036 4824 2282 4878 adventu
2317 4819 2539 4875 Domini
2575 4815 3066 4873 manifestabitur.

2019 4913 2169 4983 (Cu).
2203 4910 2318 4981 IV).
2352 4907 2500 4977 Quod
2527 4915 2773 4978 superest
2820 4906 3024 4976 itaque,
3068 4903 3292 4972 fratres,
3334 4915 3592 4967 rogamus

1948 5016 2061 5066 vos,
2091 5004 2143 5054 et
2174 4999 2513 5052 obsecramus
2552 4999 2610 5050 in
2660 4996 2890 5051 Domino
2936 4993 3084 5056 Iesu,
3136 4999 3196 5044 ut
3245 4988 3592 5059 quemadmo-

1951 5088 2081 5143 dum
2110 5087 2391 5154 accepistis
2421 5101 2461 5138 α
2481 5085 2636 5138 nobis
2665 5082 2901 5154 qualiter
2927 5083 3176 5149 Oporteat
3195 5094 3287 5133 vos
3307 5077 3595 5132 ambulare

1953 5186 2005 5232 et
2032 5176 2255 5247 placere
2287 5173 2408 5240 Deo,
2449 5174 2586 5226 sicut
2620 5178 2669 5228 et
2718 5170 3010 5226 ambulatis
3058 5167 3262 5239 (1284),
3312 5163 3598 5220 abundetis

191 4914 554 4974 desiderantes
585 4937 680 4976 nos
709 4921 914 4990 videre,
939 4923 1081 4975 sicut
1130 4924 1184 4976 et
1232 4936 1328 4975 nos
1359 4935 1482 4985 vos;
1507 4920 1627 4973 ideo
1655 4933 1840 4972 conso-

197 5002 456 5061 lationem
485 5025 674 5064 sumus
702 5010 910 5080 adepti,
931 5011 1227 5079 fratres,in
1247 5009 1401 5062 nobis
1431 5023 1600 5075 super
1622 5023 1841 5062 omnem

198 5096 587 5165 necessitatem,
648 5107 698 5152 et
749 5114 1066 5169 pressuram
1136 5105 1383 5151 nostram
1446 5111 1542 5160 per
1605 5103 1843 5150 vestram

199 5178 368 5249 ﬁdem,
399 5186 528 5254 quia
578 5201 726 5240 nunc
762 5187 1016 5252 vivimus,
1047 5187 1098 5242 si
1125 5201 1213 5240 vos
1243 5185 1504 5239 steteritis
1530 5185 1589 5238 in
1610 5182 1841 5244 Christo.

197 5270 507 5326 Declaravit
533 5289 641 5329 cur
671 5273 845 5329 alacri
877 5291 1144 5332 sermone
1197 5273 1416 5328 scribat
1445 5272 1515 5326 ad
1543 5287 1662 5326 eos.
1714 5270 1845 5324 Ideo

270 5412 447 5488 (1280)
479 5413 546 5488 In
577 5415 704 5488 cod‘.
731 5415 905 5488 Titum
923 5434 943 5470 :
966 5416 1119 5488 quod
1145 5415 1318 5485 juxta
1339 5428 1543 5470 omnes
1569 5410 1849 5468 lectiones
1960 5419 2114 5488 H1139;

216 5463 903 5540 ests'a'tn'auhiisiif""'
923 5463 936 5470 ’
968 5463 1119 5488 ’³”“
1145 5463 1318 5485 "nm
1343 5463 1541 5470 ’*“”
2031 5469 2218 5540 (1283)
2248 5463 2656 5540 lterumclare
2686 5465 3044 5540 Timotheum.

278 5474 639 5540 sendandum
671 5485 794 5542 fuit.
982 5474 1001 5488 ⁵
1145 5474 1168 5485 υ

278 5553 456 5629 (1281)
488 5555 592 5629 llic
619 5555 773 5629 clare
803 5557 1012 5629 legitur
1045 5556 1406 5629 Timotheum.
1674 5623 1688 5629 _
1716 5622 1753 5629 μ
1779 5621 1815 5629 η

2057 5474 2218 5534 1283)
2253 5474 2470 5522 lterum
2501 5474 2656 5521 clare
2686 5474 2961 5521 'l'imotheu

2031 5474 2218 5615 212M)
2248 5537 2414 5611 Vulg.
2450 5535 2534 5592 sic
2563 5544 2612 5591 et
2645 5535 2961 5594 ambuletis.

278 5558 428 5622 (1281
488 5558 592 5610 Hic
625 5558 773 5611 clare
803 5558 1012 5629 legitur
1045 5558 1406 5614 Timotheum.
1805 5621 1815 5631 .

275 5558 456 5699 (128ἓέ
502 5626 754 5682 Verbum
815 5628 947 5686 dicit
1009 5647 1077 5686 ex
1137 5625 1564 5684 Ambrosiastro
1620 5621 1853 5679 addidi-

523 5753 779 5816 ΡΑτιιυι..
831 5755 1144 5818 CXXXIV.

3211 5737 3282 5796 21
