3978 6210
347 362 459 421 651

1366 358 1700 418 ATTONIS
1743 357 2325 418 VEBCELLENSIS
2375 358 2722 420 EPISCOPI

3633 361 3758 421 652

348 495 545 561 magis.
582 493 697 547 Hoc
719 492 986 562 est,quod
1020 508 1200 561 supra
1233 490 1371 557 dixi,
1408 490 1545 560 quia
1575 492 1644 545 ad
1686 490 1991 544 cumulan-
2032 494 2076 554 Α
2110 505 2219 543 non
2249 490 2615 546 habent.Nam
2641 493 2696 546 si
2721 491 2990 546 credimus
3019 490 3160 563 quod
3184 495 3345 547 Iesus
3372 501 3630 548 mortuus
3652 501 3755 558 est,

354 583 494 636 dum
527 582 807 652 gaudium
839 598 1033 647 suum,
1069 596 1324 633 crescere
1356 580 1484 633 illos
1517 579 1638 633 vult
1668 580 1837 634 bonis
1861 595 1989 649 ope-

355 671 519 725 ribus
551 670 873 723 secundum
909 669 1182 722 mandata
1213 667 1553 738 apostolica.

428 759 591 813 Scitis
619 759 771 811 enim
797 772 922 827 quae
946 762 1224 827 praecepta
1254 755 1499 810 dederim
1519 757 1668 810 vobis
1688 771 1785 825 per
1811 755 1988 809 Domi-

355 863 489 901 num
539 849 784 901 nostrum
839 846 1021 899 Jesum
1057 844 1355 897 Christum.
1389 844 1524 897 Nam
1566 845 1682 899 haec
1701 852 1781 897 est
1800 843 1992 897 volun-

361 940 443 990 tas
473 936 590 1001 Dei,
618 934 977 1003 sanctiﬁcatio
1009 937 1210 993 vestra;
1236 933 1510 987 abstinere
1539 948 1630 986 vos
1676 949 1710 986 a
1749 933 1992 1003 fornica-

356 1025 591 1085 catione:
626 1025 767 1077 scire
810 1038 1247 1093 unumquemque
1272 1030 1506 1076 vestrum
1532 1038 1693 1075 suum
1719 1036 1812 1075 vas
1828 1020 1996 1090 possi-

356 1110 483 1164 dere
509 1112 565 1163 in
597 1110 963 1164 sanctimonia
982 1118 1031 1163 et
1060 1111 1121 1163 in
1160 1108 1382 1175 honore,
1414 1109 1606 1162 nonin
1626 1109 1876 1177 passione
1905 1105 1997 1160 de-

356 1198 569 1264 siderii,
613 1200 756 1252 sicut
784 1201 833 1252 et
863 1208 1070 1266 gentes,
1120 1212 1246 1268 quae
1288 1198 1544 1265 ignorant
1593 1197 1783 1265 Deum,
1828 1204 1888 1249 ut
1930 1210 1998 1249 ne

356 1288 477 1357 quis
515 1287 1000 1357 supergrediutur,
1047 1301 1224 1356 neque
1268 1286 1664 1341 circumveniat
1693 1287 1750 1338 in
1780 1285 1998 1354 negotio

355 1379 590 1447 fratrem
628 1392 809 1442 suum,
851 1378 1113 1445 quoniam
1157 1374 1362 1429 vindex
1409 1378 1490 1429 est
1532 1374 1793 1429 Dominus
1822 1373 1887 1427 de
1914 1374 1999 1426 his

360 1464 633 1531 omnibus,
676 1464 814 1518 sicut
862 1468 914 1518 et
968 1462 1389 1534 praedicavimus
1440 1462 1589 1518 vobis
1634 1465 1685 1517 et
1734 1462 2001 1530 testiﬁcati

360 1558 715 1608 sumus.Cum
746 1552 944 1607 laudet
972 1569 1070 1606 eos
1090 1552 1149 1605 in
1172 1556 1291 1606 tota
1313 1550 1590 1623 Epistola,
1623 1555 1820 1604 tamen
1843 1566 1999 1604 com-

362 1646 563 1698 monet
578 1658 649 1696 ne
666 1641 862 1711 aliqua
883 1641 1256 1712 subreptione
1282 1640 1350 1695 ad
1385 1640 1586 1694 illicita
1616 1640 1998 1709 deducantur,

361 1738 419 1787 et
465 1731 768 1786 incurrant
812 1731 1152 1798 vindictam,
1187 1746 1361 1800 quam
1412 1729 1676 1783 ultricem
1711 1727 1998 1784 malorum

2101 580 2150 630 et
2174 582 2496 648 resurrexit,
2550 581 2628 634 sic
2670 582 2720 634 et
2768 582 2906 634 Deus
2952 580 3095 651 illos,
3126 583 3224 653 qui
3269 581 3619 636 dormierunt
3657 599 3762 653 per

2101 667 2302 731 Iesum,
2331 668 2559 722 adducet
2583 684 2708 722 cum
2735 684 2814 723 eo.
2846 668 3153 724 Manifesta
3182 673 3270 724 est
3299 670 3467 735 ratio,
3515 670 3657 741 quia
3707 672 3760 726 si

2103 754 2451 809 resurrectio
2481 756 2738 810 creditur
2768 762 3132 811 mortuorum
3176 757 3395 822 futura,
3449 773 3566 812 non
3615 763 3765 814 sunt

2104 839 2341 911 lugendi
2365 841 2611 913 quicum
2636 844 2805 915 signo
2819 844 3011 898 crucis
3027 846 3532 917 exeunt.Lugendi
3559 851 3762 901 autem

2105 944 2236 982 vere
2252 935 2388 983 sunt
2404 929 2795 1002 inﬁdeles,qui
2811 930 2948 986 hinc
2967 934 3276 987 transeunt
3297 933 3359 988 in
3397 932 3761 1006 gehennam,

2107 1022 2173 1071 ut
2201 1018 2464 1073 ediscant
2493 1036 2692 1074 verum
2742 1035 2869 1074 esse
2919 1021 3075 1091 quod
3135 1021 3369 1077 credere
3417 1022 3762 1079 noluerunt.

2109 1106 2332 1162 Fideles
2362 1111 2555 1163 autem
2589 1109 2932 1180 resurgendi
2965 1110 3037 1165 ad
3086 1110 3353 1179 gloriam,
3389 1111 3428 1166 ii
3461 1117 3621 1183 sunt,
3657 1113 3761 1184 qui

2110 1211 2211 1265 per
2235 1196 2524 1263 Jesum,id
2557 1201 2645 1251 est
2675 1198 2784 1252 sub
2813 1214 2915 1268 spe
2947 1198 3081 1253 ﬁdei
3115 1198 3295 1269 hujus
3324 1204 3622 1267 exeuntes,
3657 1201 3766 1255 ad-

2109 1284 2396 1339 ducentur
2425 1301 2559 1340 cum
2590 1302 2656 1341 eo
2688 1285 2749 1341 in
2779 1286 3093 1342 adventum
3115 1287 3267 1357 ejus,
3290 1292 3347 1341 ut
3374 1288 3447 1342 ab
3478 1288 3764 1344 omnibus

2108 1373 2432 1427 videantur.
2454 1364 2608 1429 Cum
2641 1375 2767 1445 ipse
2796 1379 2993 1429 tamen
3023 1375 3284 1430 defuncti
3321 1391 3628 1431 excessum
3666 1377 3764 1432 lu-

2110 1461 2364 1532 gendum
2397 1462 2726 1532 prohibeat,
2757 1462 2892 1518 alibi
2928 1463 3071 1518 dicit
3100 1481 3114 1518 :
3147 1480 3216 1519 ne
3256 1465 3551 1520 tristitiam
3597 1465 3766 1522 habe-

2110 1565 2228 1603 rem
2257 1550 2575 1620 (l‘387).Sed
2608 1550 2785 1605 etiam
2818 1569 2925 1607 suo
2957 1551 3082 1607 loco
3112 1552 3369 1607 solutum
3399 1554 3761 1625 est.(Philip.

2114 1655 2173 1703 ιι,
2206 1638 2318 1707 27).

2180 1728 2293 1782 Hoc
2321 1729 2473 1782 enim
2501 1727 2655 1783 vobis
2681 1728 2915 1785 dicimus
2944 1731 3005 1784 in
3033 1730 3193 1785 verbo
3221 1731 3608 1803 Domini,quia
3636 1749 3761 1801 nos,

362 1820 706 1890 didicerant,
739 1820 987 1874 scientes
1019 1819 1125 1873 hoc
1156 1818 1271 1873 Deo
1302 1818 1603 1890 placere,si
1631 1834 1874 1889 corpora
1894 1833 2003 1872 sua
2034 1848 2082 1913 Β
2110 1818 2207 1887 qui
2233 1816 2593 1887 vivimus,qui
2610 1817 2892 1873 subrelicti
2908 1834 3095 1875 sumus
3114 1822 3174 1873 iu
3195 1819 3483 1874 adventum
3506 1822 3763 1890 Domini,

362 1908 821 1964 incontaminata
872 1908 1237 1974 custodiant;
1290 1908 1389 1962 sed
1439 1912 1495 1962 et
1539 1923 1673 1961 cum
1721 1906 2003 1961 fratribus

363 1996 708 2068 simpliciter
735 2000 1006 2067 agant,ne
1038 1995 1261 2049 similes
1283 1995 1561 2065 gentibus
1586 1994 2006 2066 inventi,adop-

361 2086 540 2141 tionis
573 2084 808 2139 nomine
839 2084 1203 2139 abdicantur.

430 2176 548 2231 Non
595 2175 743 2230 enim
789 2176 997 2228 vocavit
1044 2189 1143 2227 nos
1189 2173 1326 2226 Deus
1381 2175 1441 2226 in
1488 2172 1864 2237 immunditia,
1912 2171 2006 2227 sed

359 2266 420 2319 in
449 2257 836 2319 sanctimonia.
863 2264 1216 2332 Quapropter
1244 2263 1338 2331 qui
1365 2264 1576 2331 spernit
1606 2263 1736 2328 haec,
1767 2277 1877 2317 non
1907 2261 2003 2315 hv-

356 2354 566 2407 minem
604 2354 835 2422 spernit.
865 2350 955 2404 sed
988 2351 1174 2414 Deum,
1225 2352 1321 2420 qui
1366 2350 1513 2405 dedit
1561 2350 1831 2420 Spiritum
1876 2367 2004 2403 san-

360 2445 509 2494 ctum
538 2442 597 2492 in
628 2455 717 2493 vos
746 2439 949 2509 (128:3).
986 2437 1058 2491 Ut
1089 2437 1298 2492 fortius
1327 2438 1615 2508 astringat
1643 2438 1717 2492 ad
1762 2455 1830 2493 ea
1877 2454 2005 2509 qua:

362 2527 657 2594 docet,Dei
683 2525 1005 2596 interponit
1034 2542 1365 2595 personam,
1400 2526 1601 2581 dicens
1636 2544 1648 2581 :
1682 2527 1805 2580 Non
1823 2526 2008 2581 homi-

363 2631 498 2671 nem
517 2613 856 2686 spernitqui
889 2613 1140 2685 praeterit
1173 2615 1581 2684 praecepta,sed
1619 2614 2005 2677 Deum.0uem

364 2704 495 2759 ideo
526 2703 667 2758 dicit
693 2703 976 2773 Spiritum
1006 2707 1277 2757 sanctum
1311 2703 1479 2757 nobis
1508 2703 1761 2769 dedisse,
1796 2711 1857 2758 ut
1880 2721 2008 2758 san-

369 2797 457 2848 cte
482 2791 769 2857 vivamus,
802 2790 938 2862 quia
968 2791 1025 2845 in
1058 2806 1297 2861 corpore
1346 2790 1578 2846 subdito
1629 2793 1846 2863 peccati
1891 2809 2007 2848 non

370 2880 595 2936 habitat
625 2880 877 2952 Spiritus
905 2883 1144 2934 sanctus
1173 2880 1325 2950 (Sap.
1358 2896 1398 2944 1,
1432 2880 1482 2945 4,
1514 2880 1591 2950 5).

441 2972 515 3025 De
542 2970 824 3041 aﬂ'ectione
851 2976 1034 3022 autem
1061 2969 1425 3037 fraternitatis
1453 2984 1563 3022 non
1601 2967 1857 3023 habemus
1904 2986 2007 3024 ne-

367 3061 675 3116 cessitatem
703 3056 980 3113 scribendi
1006 3057 1176 3111 vobis.
1209 3058 1325 3127 Ipsi
1353 3058 1501 3111 enim
1530 3073 1619 3111 vos
1642 3073 1680 3111 a
1711 3061 1829 3112 Deo
1868 3058 2011 3113 docti

367 3152 499 3205 estis
521 3148 591 3204 ad
620 3148 736 3213 hoc,
767 3150 828 3201 ut
855 3162 947 3202 vos
975 3146 1212 3200 invicem
1260 3145 1533 3218 diligatis.
1564 3151 1708 3202 Nam
1735 3148 1786 3201 et
1812 3149 2004 3217 facitis

365 3238 509 3295 illud
539 3239 603 3293 in
640 3252 826 3292 omnes
869 3236 1074 3305 fratres
1118 3251 1218 3305 per
1262 3238 1576 3290 universam
1608 3236 1996 3293 Macedoniam.

363 3327 549 3383 Etiam
577 3326 685 3381 hoc
714 3341 847 3380 cum
890 3324 1077 3378 facere
1123 3322 1254 3379 illos
1303 3322 1523 3390 laudat,
1557 3330 1885 3379 commonet
1915 3330 1999 3381 ta-

361 3432 494 3470 men
523 3418 588 3469 ut
617 3411 967 3486 propensius
1000 3412 1107 3467 hoc
1138 3416 1335 3484 agant.
1370 3415 1523 3477 Quos
1554 3413 1708 3468 enim
1754 3415 1824 3469 ab
1873 3414 2000 3486 ipso

357 3503 473 3559 Deo
504 3504 705 3558 doctos
735 3500 894 3567 dicit,
930 3501 1317 3571 promptiores
1345 3517 1474 3556 esse
1513 3502 1722 3557 debere
1771 3503 1827 3557 in
1878 3504 1998 3559 fra-

356 3596 523 3647 terna
566 3590 847 3646 charitate
894 3589 1205 3659 signiﬁcat.
1254 3588 1494 3660 Propter
1544 3589 1792 3645 multam
1841 3593 1999 3648 enim

358 3680 701 3736 charitatem
734 3676 886 3731 Deus
917 3677 1194 3731 misertus
1224 3681 1313 3731 est
1342 3677 1546 3744 nostri,
1580 3679 1750 3748 cujus
1800 3679 1999 3736 imitao

359 3773 514 3822 tores
538 3764 726 3819 effecti
757 3781 872 3819 non
912 3764 1204 3819 immerito
1252 3765 1555 3835 adoptatos
1589 3782 1694 3821 nos
1742 3768 1997 3823 ostendi-

361 3871 497 3911 mus
522 3871 557 3908 a
583 3853 700 3908 Deo
731 3852 900 3908 ﬁlios.

433 3945 728 3999 Hortamur
753 3950 938 3998 autem
966 3958 1075 4011 vos,
1102 3943 1323 4011 fratres,
1375 3943 1657 3998 abundare
1701 3946 1896 4015 magis,
1946 3952 2000 4002 et

363 4035 502 4089 eniti
528 4034 827 4104 quiescere,
862 4038 910 4086 et
939 4040 1179 4085 vestrum
1222 4034 1500 4101 negotium
1549 4049 1734 4101 agere,
1783 4036 2002 4105 operari

362 4123 622 4179 manibus
645 4122 859 4190 vestris,
887 4122 1029 4176 sicut
1059 4120 1208 4175 vobis
1248 4123 1627 4192 praecepimus,
1675 4131 1734 4176 ut
1780 4122 2001 4180 honeste

357 4214 650 4268 ambuletis
676 4211 746 4264 ad
773 4226 861 4265 eos
886 4211 983 4280 qui
1008 4210 1145 4279 loris
1174 4212 1386 4275 sunt,et
1413 4210 1625 4264 nullius
1664 4211 2001 4268 desiderium

355 4304 427 4357 sit
472 4302 641 4357 vobis.
694 4302 909 4356 Iterum
955 4299 1158 4354 eadem
1204 4297 1490 4364 hortatur,
1536 4304 1599 4352 ut
1646 4299 1783 4353 data
1825 4316 2000 4371 opera

356 4391 656 4445 abundent
684 4388 853 4444 bonis
883 4385 1128 4441 actibus.
1164 4384 1236 4439 Ut
1265 4386 1421 4447 enim
1467 4385 1824 4457 signiﬁcaret
1868 4405 1999 4444 vere

354 4477 464 4533 hoc
522 4494 650 4534 esse
711 4478 918 4546 (1286),
979 4474 1137 4545 quod
1204 4474 1392 4543 placet
1458 4474 1592 4537 Deo,
1665 4473 2000 4544 frequenter

2114 1921 2221 1960 non
2247 1906 2650 1977 praeveniemus
2677 1922 2786 1975 eos,
2817 1909 2913 1978 qui
2936 1909 3320 1970 dormierunt;
3350 1912 3484 1980 quia
3515 1912 3636 1983 ipse
3657 1913 3764 1967 Do-

2112 1996 2298 2049 minus
2325 1995 2385 2046 in
2406 1995 2591 2064 jussu,
2634 1996 2696 2048 in
2744 2011 2864 2050 voce
2906 1996 3246 2068 archangeli,
3295 2003 3350 2051 et
3390 1997 3519 2053 tuba
3567 2001 3763 2056 Domi-

2112 2084 2176 2136 ni
2202 2082 2483 2137 descendet
2508 2082 2574 2137 de
2596 2084 2803 2149 cwlo,et
2833 2084 2892 2139 hi
2919 2086 3016 2155 qui
3041 2086 3251 2141 mortui
3278 2090 3405 2141 sunt
3434 2088 3489 2141 in
3514 2086 3758 2157 Christo,

2114 2173 2393 2240 resurgent
2420 2172 2610 2241 primi.
2642 2170 2848 2227 Deinde
2887 2189 3005 2243 nos,
3051 2175 3149 2243 qui
3198 2174 3449 2241 vivimus,
3490 2191 3607 2230 una
3632 2192 3766 2231 cum

2114 2260 2231 2314 illis
2262 2262 2547 2330 rapiemur
2566 2261 2625 2313 in
2654 2260 2892 2315 nubibus
2922 2262 3139 2316 obviam
3167 2262 3397 2318 Domino
3430 2262 3646 2320 Christo
3700 2266 3766 2319 in

2113 2366 2262 2415 aera,
2288 2357 2339 2404 et
2364 2351 2445 2403 sic
2470 2365 2679 2417 semper
2701 2365 2826 2403 cum
2870 2351 3099 2404 Domino
3146 2352 3373 2406 erimus.
3406 2351 3586 2419 Quare
3633 2368 3768 2408 con-

2112 2438 2379 2491 solamini
2394 2453 2485 2492 vos
2504 2438 2735 2492 invicem
2758 2440 2817 2492 in
2832 2439 2918 2493 his
2932 2439 3329 2494 verbis.Sensu
3347 2439 3579 2495 Domini
3602 2439 3767 2512 loqui

2116 2542 2177 2580 se
2198 2525 2522 2597 proﬁtetur,
2538 2542 2672 2580 cum
2692 2525 2836 2581 dicit
2863 2544 2875 2581 :
2901 2525 3019 2582 Hoc
3039 2527 3202 2583 vobis
3226 2528 3480 2584 dicimus
3503 2529 3563 2584 in
3585 2530 3767 2585 verbo

2116 2613 2613 2669 Domini.Utenim
2635 2614 2814 2668 ﬁdam
2838 2631 3001 2686 spem
3019 2619 3079 2670 et
3091 2620 3277 2671 ratam
3300 2615 3549 2689 gloriam
3576 2633 3769 2674 resur-

2117 2701 2389 2757 rectionis
2420 2702 2640 2757 sanctis
2666 2702 2968 2775 promissa:
2987 2704 3643 2776 demonstret,ordinem
3676 2707 3768 2780 ip-

2118 2807 2249 2846 sum
2274 2791 2564 2861 quomodo
2587 2792 2784 2845 futura
2805 2790 3164 2863 sit,exponit,
3184 2796 3333 2847 nutu
3347 2792 3570 2864 judicis
3595 2794 3769 2850 Chri-

2117 2880 2420 2949 sti,sancto
2442 2878 2656 2950 Spiritu
2685 2878 3012 2945 vntimante,
3036 2885 3102 2935 ut
3126 2880 3253 2953 ipsa
3271 2897 3394 2952 spe,
3428 2882 3529 2954 qui
3551 2882 3770 2944 charos

2118 2984 2257 3024 suos
2280 2967 2706 3039 pramiserunt,
2731 2984 2847 3023 non
2869 2967 3123 3039 doleant,
3139 2970 3509 3026 addiscentes
3532 2972 3671 3043 quia
3705 2973 3770 3027 in

2118 3058 2369 3111 adventu
2391 3055 2616 3111 Domini
2629 3056 2852 3126 priores
2874 3058 3308 3129 resurgent,qui
3326 3058 3385 3113 in
3399 3058 3633 3115 Christo
3648 3060 3771 3116 ino-

2117 3144 2504 3216 riuntur.Ipse
2532 3144 2690 3199 enim
2720 3144 2985 3200 Christus
3016 3145 3302 3202 Dominus
3324 3146 3634 3205 voluntate
3656 3150 3765 3205 Pa-

2031 3211 2073 3278 C
2109 3232 2412 3304 tris,quasi
2428 3232 2653 3304 primus
2675 3232 2917 3304 angelus
2929 3250 3063 3289 cum
3080 3235 3333 3291 exercitu
3357 3234 3769 3304 caalesti,sicut

2111 3320 2440 3377 continetur
2464 3320 2523 3375 in
2546 3321 2892 3393 Apocalypsi
2907 3321 3151 3379 Joannis
3168 3322 3769 3396 apostoli,descendet

2112 3411 2181 3465 de
2207 3409 2344 3465 caalo
2366 3410 2436 3465 ad
2460 3411 2781 3482 gerendum
2804 3410 3024 3467 bellum
3048 3412 3284 3468 nomine
3306 3414 3535 3469 Domini
3557 3420 3768 3472 contra

2108 3497 2556 3554 Antichristum.
2587 3497 2709 3561 Quo
2735 3499 3038 3565 exstincto,
3065 3502 3238 3571 jussu
3279 3501 3407 3572 ejus
3450 3510 3768 3575 resurgant

2110 3587 2470 3644 mortui.Hoc
2491 3592 2582 3643 est
2601 3602 2738 3658 ergo
2755 3586 2815 3641 in
2836 3588 2979 3643 tuba
3000 3587 3100 3643 Dei
3125 3589 3498 3654 descendere,
3522 3592 3765 3648 nomine

2113 3678 2207 3732 Dei
2242 3675 2460 3731 bellum
2487 3691 2705 3746 gerere.
2734 3678 2833 3731 Est
2851 3675 3030 3742 enim,
3063 3680 3125 3731 ut
3148 3676 3273 3749 ipse
3294 3677 3439 3734 dixit
3458 3679 3532 3735 ad
3553 3679 3763 3736 Jesum

2108 3766 2296 3821 ﬁlium
2324 3765 2478 3820 Nave
2505 3766 2633 3833 (los.
2665 3781 2721 3830 ν,
2754 3765 2863 3836 14),
2896 3764 3013 3820 dux
3056 3768 3112 3821 et
3160 3764 3432 3839 princeps
3461 3768 3759 3824 exercitus

2108 3854 2361 3921 Domini,
2393 3859 2628 3926 propter
2652 3854 2808 3926 quod
2829 3853 3218 3927 archangelus
3239 3854 3634 3912 dicitur.Cum
3658 3875 3763 3913 au-

2108 3948 2225 3999 tem
2247 3944 2306 3998 in
2328 3944 2472 3998 tuba
2490 3942 2591 3997 Dei
2613 3942 2944 4007 descendet,
2969 3942 3123 3998 Deus
3144 3947 3256 4008 est,
3280 3943 3419 4016 quia
3439 3948 3765 4018 utrumque

2108 4032 2410 4088 continent
2430 4031 2759 4103 Scriptura,
2784 4029 2937 4086 sicut
2963 4034 3020 4086 et
3049 4031 3108 4086 in
3140 4031 3540 4104 Exodo,quem
3574 4050 3764 4107 ange-

2108 4118 2481 4190 lum(1288)in
2504 4118 2743 4174 ﬂamma
2765 4119 3111 4191 apparuisse
3133 4120 3311 4192 Moysi
3334 4119 3615 4193 legimus,
3640 4127 3763 4179 sta-

2109 4209 2215 4263 tim
2247 4208 2441 4278 ipsum
2466 4207 2523 4261 in
2546 4207 2827 4278 subjectis
2858 4223 2986 4264 esse
3021 4210 3200 4264 Deum
3232 4210 3636 4282 agnoscimus,
3669 4212 3762 4267 Fi-

2108 4298 2253 4352 lium
2272 4295 2624 4365 Dei,dicente
2634 4296 2837 4352 eadem
2853 4295 3762 4372 Scriptura(lb.,6).Etaccedens,

2108 4385 2553 4456 inquit,Moyses
2572 4384 2778 4440 avertit
2796 4384 3025 4457 se,quia
3044 4403 3161 4441 non
3186 4386 3766 4459 potuitconsiderare

2108 4474 2168 4529 in
2198 4474 2404 4529 faciem
2438 4473 2559 4528 Dei.
2592 4473 2747 4529 Deus
2790 4489 2928 4545 ergo
2956 4473 3213 4545 est,quia
3242 4474 3424 4531 Filius
3454 4475 3557 4531 Dei
3587 4493 3766 4534 verus

352 4565 462 4622 hoc
511 4571 722 4622 monet.
756 4563 1008 4620 Justitize
1058 4561 1214 4615 enim
1266 4563 1356 4615 via
1401 4562 1657 4614 tenenda
1687 4565 1796 4624 est,
1830 4565 1894 4616 ut
1923 4564 1993 4618 ad
2030 4577 2075 4640 Β
2106 4567 2210 4617 est.
2245 4560 2377 4615 Dux
2407 4564 2623 4627 autem,
2682 4566 2740 4615 et
2773 4560 3043 4633 princeps
3074 4561 3225 4630 ideo,
3254 4563 3393 4634 quia
3421 4568 3601 4634 caput
3631 4582 3758 4621 om-

351 4655 813 4710 misericordiam
839 4654 973 4721 jure
999 4648 1290 4704 veniatur:
1311 4652 1373 4701 ut
1409 4648 1507 4716 qui
1540 4646 1844 4703 inferiores
1861 4656 1999 4707 sunt

350 4744 698 4813 substantia,
730 4740 1003 4795 manibus
1053 4736 1335 4803 laborent,
1384 4740 1449 4788 ut
1494 4733 1623 4804 ipsa
1676 4734 1994 4795 intentione

349 4832 632 4887 tollantur
661 4848 695 4886 a
723 4827 947 4898 vulgari
978 4822 1476 4893 inquietudine,ut
1504 4827 1561 4876 et
1589 4840 1621 4878 a
1648 4841 1823 4895 prava
1843 4828 1993 4899 cegi-

350 4921 590 4985 tatione,
625 4924 690 4974 ut
735 4912 1048 4985 disciplina
1094 4924 1293 4963 eorum
1348 4909 1522 4964 etiam
1556 4911 1627 4965 ab
1658 4912 1992 4971 infidelibus

349 5008 641 5076 laudetur,
664 5012 722 5061 et
744 5002 977 5076 possint
1006 4997 1299 5067 provocari
1334 4999 1403 5053 ad
1441 4998 1635 5057 ﬁdem.

423 5097 685 5153 Nolumus
714 5094 894 5146 autem
923 5100 1013 5140 vos
1043 5086 1328 5152 ignorare,
1360 5089 1586 5155 fratres,
1637 5090 1700 5145 de
1749 5089 1853 5163 his,
1898 5094 1995 5163 qui

354 5186 658 5248 dormiunt,
680 5195 749 5234 ne
776 5174 1195 5240 contristemini,
1226 5177 1365 5231 sicut
1392 5183 1443 5232 et
1471 5180 1659 5235 ueteri
1703 5180 1801 5249 qui
1842 5197 1992 5252 spem

422 5341 606 5420 (1285'?)
640 5337 807 5420 Vulg.
841 5340 902 5391 in
931 5335 1103 5403 nobis,
1134 5335 1215 5391 ita
1244 5343 1301 5394 et
1326 5339 1758 5394 Ambrosiaster
1787 5344 1844 5395 et
1863 5341 1992 5397 Hie-

352 5413 1018 5554 roaggdfﬁgbrosiast.
1051 5477 1361 5554 Signiﬁcat,
1394 5489 1445 5537 et
1460 5497 1586 5536 vere
1616 5481 1718 5535 hoc
1752 5498 1886 5537 esse.
1924 5482 1985 5537 In

342 5550 542 5620 autog.
577 5565 712 5623 vero
724 5568 750 5623 Δξ
785 5550 1086 5623 Significat
1102 5564 1240 5623 vere.

412 5618 596 5707 (1287)
626 5620 758 5678 Sci].
799 5618 864 5678 iri
891 5618 1250 5692 espositioue
1280 5622 1379 5679 cit.
1411 5627 1522 5680 tex.
1558 5622 1629 5678 ad
1661 5620 1912 5695 Philipp.

2109 4651 2273 4705 nium
2291 4648 2546 4718 est,quia
2566 4664 2669 4719 per
2687 4647 2883 4719 ipsum
2906 4649 3602 4724 omnia.Resurgentibus
3619 4669 3761 4728 ergo

2104 4737 2333 4810 primis,
2366 4735 2467 4805 qui
2490 4736 2550 4790 in
2572 4735 2799 4791 Christo
2822 4737 3035 4792 mortui
3061 4743 3222 4806 sunt,
3247 4738 3460 4796 deinde
3492 4757 3626 4809 nos,
3660 4742 3764 4814 qui

2100 4827 2351 4881 vivimus
2371 4823 2668 4896 rapiemur
2684 4842 2803 4880 una
2822 4842 2957 4881 cum
2988 4825 3351 4898 illis,bajulis
3374 4828 3636 4887 nubibus
3659 4831 3762 4887 ob.

2100 4915 2254 4970 viam
2285 4913 2510 4969 Christo
2534 4914 2591 4967 in
2614 4919 2841 4981 aera,ut
2862 4930 2995 4970 cum
3023 4915 3267 4971 Domino
3289 4933 3497 4974 omnes
3517 4920 3762 4975 veniant

2100 5003 2173 5058 ad
2205 4999 2492 5073 prelium,
2527 5005 2594 5055 ut
2624 5017 2772 5073 quos
2802 5002 3120 5071 occiderat,
3149 5003 3345 5059 videat
3397 5005 3580 5062 vivos.
3615 5007 3764 5073 Quia

2101 5090 2254 5147 sicut
2285 5089 2528 5145 Domino
2561 5088 2853 5145 famulate
2885 5096 3024 5146 sunt
3052 5092 3263 5157 nubes,
3294 5090 3378 5147 ita
3404 5098 3464 5148 et
3485 5093 3762 5166 his,quos

2102 5180 2312 5236 fratres
2343 5195 2482 5235 suos
2511 5178 2789 5250 dignatus
2837 5183 2925 5235 est
2972 5180 3286 5253 appellare.
3333 5183 3401 5237 Et
3431 5185 3512 5240 sic
3538 5200 3759 5258 semper

2169 5339 2354 5409 (1288)
2385 5337 2709 5410 Vulg.iloco
2740 5338 2968 5409 angelus
3000 5338 3176 5395 habet
3201 5340 3605 5398 Dominus.Sed
3627 5343 3762 5399 vide

2097 5411 2223 5486 A_c_t.
2256 5427 2355 5477 vn,
2382 5411 2481 5486 39;
2508 5409 2613 5486 ubi
2644 5409 2977 5486 Stephanus
3002 5427 3255 5486 narrans
3284 5427 3415 5483 quas
3449 5412 3641 5486 Moysi
3665 5430 3759 5469 ac-

2099 5480 2382 5552 ciderunt,
2416 5480 2610 5552 inquit
2641 5496 2654 5535 :
2689 5480 2958 5551 Apparuit
2989 5480 3079 5552 illi
3105 5482 3165 5537 in
3193 5480 3403 5542 deserto
3432 5480 3639 5543 montis
3666 5486 3761 5544 Si-

2096 5567 2172 5608 na
2199 5551 2441 5626 angelus
2472 5551 2538 5609 in
2566 5552 2694 5624 igne
2719 5552 2964 5625 ﬂammae
2991 5551 3136 5611 rubi.
