3978 6210
179 397 300 460 653

721 396 1132 458 EXPOSITIO
1179 399 1254 457 ΙΝ
1304 399 1728 460 EPISTOLAS
1775 401 2032 460 PAULI.
2063 401 2242 460 -ΙΝ
2290 403 2530 462 EPIST.
2583 403 2604 460 Ι
2652 403 2753 461 AD
2799 403 3074 463 TIIESS.

3480 408 3598 463 654

181 548 308 586 cum
342 534 579 586 Domzno
608 545 832 585 erimus.
861 530 918 584 In
950 529 1076 600 ipso
1099 530 1253 584 enim
1278 537 1445 602 raptu
1472 549 1629 586 mors
1650 548 1842 602 prove-
1871 535 1920 598 Α
1955 533 2008 584 id
2030 535 2488 600 est,moriamur,
2515 551 2630 588 una
2652 550 2782 588 cum
2815 533 2911 588 illo
2935 541 3149 590 (eterna
3173 535 3291 591 vita
3308 537 3594 591 fruamur.

184 621 330 686 niet,
359 625 416 674 et
443 618 615 690 quasi
637 635 740 689 per
757 635 1048 689 soporem,
1079 625 1142 672 ut
1166 637 1398 690 egressa
1421 619 1683 673 animuin
1722 638 1838 673 mo-

186 712 384 763 mento
412 708 715 762 reddatur.
740 706 880 760 Cum
906 707 1060 760 enim
1085 705 1362 761 tollentur
1403 707 1744 776 morientur,
1781 712 1845 761 ut

186 797 597 870 pervenientes
627 795 699 850 ad
733 795 1069 859 Dominum,
1103 796 1413 865 praesentia
1445 795 1670 849 Domini
1701 795 1840 850 reci-

185 888 356 960 piant
387 885 644 950 animas,
679 883 817 954 quia
848 900 982 937 cum
1013 883 1255 937 Domino
1291 883 1502 937 mortui
1541 899 1667 938 esse
1726 900 1839 936 non

206 980 443 1031 ossunt.
481 974 599 1028 Hac
633 988 736 1043 spe
759 971 1046 1027 consolari
1072 989 1130 1025 se
1153 970 1396 1025 invicem
1419 973 1588 1041 jubet
1610 972 1837 1041 eos,qui

175 1065 374 1119 adhuc
406 1079 563 1118 more
607 1060 810 1133 gentili
871 1060 1180 1114 charorum
1239 1077 1480 1114 suorum
1534 1076 1837 1115 excessum

175 1153 472 1224 putabant
503 1149 848 1220 lugendum.

252 1241 416 1312 (ΟΑΡ.
447 1239 541 1308 ν.)
567 1239 637 1292 De
657 1236 991 1307 temporibus
1008 1240 1189 1290 autem
1209 1241 1261 1290 et
1280 1239 1586 1301 momentis,
1609 1238 1833 1306 fratres,

172 1346 298 1384 non
337 1333 418 1383 est
462 1343 668 1381 necesse
721 1327 868 1380 vobis
888 1326 1076 1379 scribi.
1102 1326 1212 1395 Ipsi
1229 1328 1378 1379 enim
1401 1325 1700 1392 diligenter
1726 1328 1834 1378 sci-

169 1422 272 1481 tis,
309 1419 443 1489 quia
472 1417 583 1471 dies
613 1416 852 1480 Domini,
889 1423 951 1469 ut
980 1416 1074 1484 fur
1094 1423 1272 1482 noctu,
1296 1417 1376 1469 sic
1399 1417 1593 1468 veniet.
1633 1414 1834 1468 Etcum

169 1507 314 1561 dicit
333 1523 501 1577 ,‘pax,
535 1509 585 1559 et
605 1506 866 1573 ﬁrmitas,
901 1511 1027 1557 tunc
1048 1505 1362 1573 repentinus
1379 1504 1467 1556 illi
1487 1505 1836 1573 superveniet

173 1597 460 1660 interitus,
492 1593 947 1666 quemadmodum
989 1593 1144 1646 dator
1168 1597 1356 1662 partus
1381 1594 1725 1662 praegnanti,
1786 1598 1840 1644 et

172 1701 283 1741 non
317 1684 606 1757 effugient.
641 1682 760 1737 Hoc
793 1687 902 1748 est,
937 1683 1090 1751 quod
1125 1681 1183 1734 in
1217 1681 1524 1752 Evangelio
1553 1681 1830 1735 Dominus

173 1773 410 1828 locutus
432 1777 544 1840 est,
587 1770 814 1824 dicens:
841 1770 1084 1840 Vigilate,
1108 1772 1240 1840 quia
1260 1770 1482 1824 nescitis
1503 1770 1830 1838 hor.tm,qua

173 1863 441 1917 Dominus
473 1863 652 1915 vester
681 1860 858 1913 veniet
888 1858 1093 1929 (Matth.
1122 1875 1271 1924 xxxv,
1315 1859 1382 1911 42
1402 1875 1420 1918 ;
1479 1858 1644 1912 Marc.
1707 1875 1826 1923 xm,

172 1952 276 2011 33;
305 1951 434 2006 Luc.
467 1966 571 2013 xu,
605 1947 720 2018 37.)
751 1951 816 2000 Et
839 1945 1081 2000 iterum:
1124 1946 1183 1998 Si
1206 1949 1328 2017 quis
1374 1947 1522 2000 vobis
1578 1945 1779 2000 dixerit
1810 1964 1828 2001 .·

171 2056 297 2095 ecce
317 2039 410 2093 hic
439 2037 714 2102 Christus,
741 2039 832 2089 aut
849 2051 964 2090 ecce
986 2036 1123 2104 illic,
1146 2036 1318 2090 nolite
1363 2035 1576 2089 credere
1617 2035 1826 2105 (Matth.

173 2146 324 2195 xxiv,
357 2127 464 2194 23;
498 2128 626 2180 Luc.
660 2141 796 2186 xvn,
829 2123 940 2192 2t).
975 2123 1178 2178 Subito
1209 2125 1388 2187 enim,
1424 2129 1477 2178 et
1508 2140 1576 2178 ex
1633 2123 1829 2194 inspe-

169 2225 299 2272 rato
313 2214 800 2288 apparebit,sicut
813 2212 1170 2266 corruscatio
1185 2217 1423 2283 apparet
1444 2213 1516 2268 ab
1538 2211 1828 2266 orientein

168 2306 532 2361 occidentem
545 2303 788 2368 ,habens
803 2318 936 2356 secu
948 2318 1002 2354 ιιι
1020 2301 1287 2356 militiam
1312 2302 1600 2356 exercitus
1613 2301 1714 2355 Dei
1733 2301 1832 2354 Pa-

171 2396 314 2458 tris,
341 2394 414 2447 ad
437 2391 817 2464 perditionem
842 2388 1182 2444 Antichristi
1207 2394 1259 2443 et
1300 2388 1616 2444 satellitum
1680 2391 1827 2458 ejus.

161 2484 322 2540 Cum
337 2481 493 2537 enim
507 2479 687 2534 securi
703 2478 917 2534 fuerint
930 2479 1131 2550 perﬁdi
1149 2479 1217 2533 de
1231 2478 1818 2550 regnodiaboli,inter

165 2571 348 2627 fectis
371 2569 606 2638 sanctis,
633 2568 688 2622 id
711 2568 1039 2634 est,Enoch,
1065 2573 1120 2622 et
1140 2567 1344 2637 Elia,ct
1366 2567 1475 2621 laeti
1502 2569 1571 2621 de
1595 2568 1832 2622 victoria

167 2658 429 2713 invicem
455 2656 562 2710 sibi
587 2655 888 2710 mittentes
909 2655 1334 2720 munera,sicut
1355 2655 1498 2709 dicit
1516 2654 1835 2727 Apocalyp-

174 2748 282 2815 sis,
313 2752 455 2800 tunc
479 2743 599 2798 illis
630 2742 821 2797 subito
854 2742 1041 2797 veniet
1063 2742 1402 2814 repentinus
1438 2742 1731 2798 interitus.
1768 2743 1829 2796 In

180 2834 433 2889 adventu
466 2831 622 2886 enim
657 2847 764 2885 suo
795 2829 1062 2885 Christus
1094 2830 1200 2885 hos
1247 2846 1450 2885 omnes
1507 2831 1829 2902 disperdet,

171 2926 240 2976 ut
270 2921 536 2974 videntes
570 2919 779 2982 sancti,
811 2918 910 2988 qui
934 2918 1241 2988 evaserint,
1275 2918 1614 2989 glorientur.

262 3010 355 3064 Vos
387 3017 588 3076 autem,
621 3009 846 3076 fratres,
867 3022 975 3060 non
1005 3008 1130 3061 estis
1152 3009 1211 3060 in
1231 3007 1482 3075 tenebris,
1517 3016 1576 3062 ut
1598 3008 1712 3062 dies
1731 3007 1832 3062 ille

180 3115 273 3153 vos
299 3102 565 3167 tanquam
597 3096 696 3166 fur
718 3093 1175 3166 comprehendat:
1200 3096 1394 3151 Omnes
1414 3098 1560 3150 enim
1582 3113 1669 3151 vos
1714 3095 1835 3167 ﬁlii

181 3187 416 3240 luminis
445 3186 593 3255 estis,
616 3193 667 3239 et
683 3185 791 3254 ﬁlii
809 3185 904 3238 Dez
924 3199 1067 3244 :non
1090 3185 1219 3238 estis
1240 3186 1428 3250 noctis,
1453 3201 1628 3256 neque
1682 3193 1830 3240 tene-

1956 627 2069 675 lloc
2092 625 2350 694 estquod
2381 641 2558 694 supra
2574 624 2737 688 dixit,
2759 625 2895 694 quia
2921 625 3118 679 ﬁdeles
3142 626 3198 678 in
3219 626 3465 680 adventu
3493 625 3599 679 D0-

1954 712 2117 778 mini,
2153 718 2269 766 tam
2296 713 2529 776 mortui,
2564 729 2738 783 quam
2771 713 2903 780 vivi,
2937 714 3164 767 obviam
3187 713 3464 768 tollentur
3493 715 3599 768 Do-

1953 799 2130 861 mino,
2159 802 2356 870 etzsem
2370 816 2468 872 per
2490 801 2681 855 vivent
2697 817 2829 855 cum
2853 818 2938 855 eo.
2975 807 3035 855 In
3065 801 3171 856 hoc
3195 803 3595 858 meditandum

1951 888 2137 954 docet,
2175 895 2237 943 ut
2271 891 2513 944 invicem
2546 906 2607 944 se
2639 890 2694 942 in
2730 906 2795 943 eo
2828 889 3115 944 aediﬁcent
3143 907 3341 945 sensu.

2023 977 2290 1043 Rogamus
2310 983 2492 1031 autem
2510 994 2619 1044 vos,
2645 979 2866 1045 fratres,
2898 982 2954 1030 ut
2978 980 3318 1048 cognoscatis
3365 994 3452 1032 eos
3501 980 3598 1048 qui

1950 1065 2202 1119 laborant
2225 1067 2283 1119 in
2304 1067 2462 1119 nobis
2485 1069 2543 1120 in
2568 1068 2888 1127 Domino,et
2924 1070 3144 1120 monent
3199 1085 3306 1136 vos,
3364 1071 3426 1121 ut
3480 1068 3596 1121 illis

1945 1169 2222 1208 summum
2243 1153 2496 1209 honorem
2521 1155 2764 1208 habeatis
2791 1157 2847 1207 in
2869 1155 3137 1210 charitate
3167 1160 3388 1227 propter
3432 1172 3596 1226 opera

1949 1242 2212 1312 ipsorum.
2248 1243 2447 1296 Pacem
2479 1242 2670 1296 habete
2700 1244 2844 1296 inter
2864 1258 2972 1296 vos.
3000 1243 3113 1296 Hoc
3140 1248 3246 1308 est,
3278 1243 3432 1313 quod
3455 1241 3596 1296 dicit

1945 1334 2001 1382 et
2031 1329 2088 1382 in
2113 1329 2225 1382 alia
2246 1329 2500 1399 Epistola
2562 1331 2606 1398 (I
2637 1332 2766 1384 Tim.
2802 1346 2854 1393 ν,
2890 1331 2997 1398 17),
3060 1331 3426 1401 presbyteros
3483 1330 3592 1383 du-

1946 1417 2076 1487 plici
2103 1418 2318 1472 honore
2341 1418 2838 1487 honorandos,qui
2865 1417 3132 1472 laborant
3163 1418 3222 1472 in
3245 1420 3414 1474 verbo
3447 1424 3503 1473 et
3533 1418 3592 1472 in

1944 1506 2596 1561 doctrina.Potestenim
2614 1507 2807 1577 pigere
2824 1507 3087 1577 eum,qui
3107 1507 3361 1577 inopiam
3377 1508 3595 1578 patitur

1944 1594 2279 1648 exercitium
2319 1595 2522 1659 facere,
2557 1595 2710 1664 quod
2757 1596 2940 1666 prosit
2991 1595 3382 1650 audientibus.
3443 1595 3590 1658 Quid

1942 1683 2095 1736 enim
2122 1684 2358 1754 prodest
2381 1683 2657 1738 honorem
2685 1684 2811 1738 sine
2835 1684 3023 1737 fructu
3048 1683 3296 1738 habere?
3316 1686 3428 1738 Aut
3449 1684 3590 1754 quid

1944 1786 2222 1842 magnum
2242 1777 2330 1825 est
2352 1771 2556 1826 offerre
2579 1771 2628 1826 ei
2643 1770 3028 1840 carnalia,qui
3049 1771 3256 1825 tribuit
3276 1771 3592 1843 spiritalia?

1943 1858 2103 1913 Sicut
2129 1859 2282 1914 enim
2311 1859 2522 1914 divitia:
2545 1859 2956 1930 negligentiam
2993 1860 3226 1930 pariunt
3256 1859 3484 1924 salutis,
3509 1861 3592 1916 ita

1940 1949 2228 2018 egestas,d
2241 1965 2338 2002 um
2360 1947 2608 2002 saturari
2632 1948 2895 2016 quierit,a
2916 1948 3145 2018 iustitia
3164 1948 3589 2003 declinat.Hinc

1940 2035 2210 2090 Salomon
2237 2053 2338 2090 nec
2364 2035 2540 2089 nimis
2563 2035 2800 2090 divitem
2825 2052 2885 2090 se
2911 2036 3051 2106 petit
3073 2035 3215 2101 ﬁeri,
3241 2052 3344 2090 nec
3364 2042 3590 2106 egesto-

1941 2141 2072 2178 sum
2105 2127 2288 2194 (Prov.
2323 2142 2453 2186 xxx,
2483 2125 2558 2193 9).
2582 2123 2913 2194 Hocipsum
2951 2129 3147 2178 tamen
3201 2125 3258 2177 in
3309 2124 3590 2180 charitate

1943 2214 2064 2268 ﬁeri
2099 2214 2328 2284 debere,
2365 2219 2430 2267 ut
2471 2212 2912 2267 honoriﬁcentia
2969 2213 3287 2267 sacerdotis
3347 2230 3461 2267 non
3517 2215 3589 2268 de

1943 2305 2148 2356 timore
2163 2303 2349 2372 magis
2365 2302 2460 2367 sit,
2478 2302 2575 2356 sed
2593 2302 2662 2355 de
2676 2317 2895 2368 amore,
2923 2301 3172 2355 utetiam
3193 2300 3273 2354 illi
3303 2303 3585 2373 proliciat,

1944 2390 2041 2461 qui
2075 2392 2229 2446 facit.
2257 2391 2365 2446 Res
2388 2391 2565 2459 enim,
2591 2407 2720 2460 quae
2742 2395 2948 2460 sponte
2969 2407 3080 2443 non
3106 2391 3189 2455 ﬁt,
3208 2391 3279 2444 ad
3317 2392 3587 2445 etinctum

1945 2497 2058 2534 non
2077 2480 2353 2550 pervenit.
2379 2480 2655 2544 Quamvis
2673 2479 2741 2533 ad
2759 2495 3014 2549 praesens
3032 2478 3290 2549 proficiat
3307 2480 3588 2550 sumenti,

1949 2568 2093 2623 nihil
2115 2575 2306 2622 tamen
2333 2568 2588 2639 proderit
2609 2568 2667 2621 in
2692 2567 2886 2621 futuro
2909 2567 3093 2622 danti.
3119 2566 3336 2638 thuia
3360 2566 3588 2622 dissen-

1946 2657 2031 2712 sio
2056 2657 2240 2712 multa
2260 2662 2497 2728 generat
2519 2655 2693 2726 mala,
2719 2656 2990 2726 paciﬁcos
3009 2672 3106 2710 eos
3128 2673 3255 2711 esse
3307 2656 3594 2712 hortatur.

2021 2748 2286 2816 Rogamus
2334 2754 2514 2800 autem
2542 2761 2652 2812 vos,
2709 2747 2929 2814 fratres,
2989 2745 3250 2815 corripite
3306 2747 3594 2816 inquietos,

1947 2837 2312 2891 consolamini
2337 2835 2738 2906 pasitlanimes,
2781 2835 3135 2904 opitulamini
3184 2834 3442 2904 inﬁrmis,
3493 2852 3596 2906 pa-

1948 2927 2144 2980 tientes
2174 2932 2338 2980 estote
2368 2924 2436 2978 ad
2479 2940 2684 2978 omnes.
2717 2924 2895 2978 Videte
2936 2939 3007 2977 ne
3051 2925 3176 2993 quis
3223 2923 3441 2978 malum
3495 2940 3596 2992 pro

1946 3014 2092 3068 malo
2123 3015 2295 3068 alicui
2325 3013 2510 3067 reddat
2529 3030 2547 3072 ;
2578 3013 2668 3066 sed
2692 3029 2902 3082 semper
2931 3011 3068 3082 quod
3090 3013 3287 3066 bonum
3343 3021 3422 3066 est
3475 3028 3596 3068 sec-

1948 3102 2150 3155 tamini
2178 3103 2236 3155 in
2269 3103 2519 3166 invicem,
2555 3105 2605 3154 et
2629 3103 2685 3153 in
2712 3116 2913 3154 omnes.
2975 3099 3198 3170 Semper
3252 3100 3482 3168 gaudete
3536 3103 3598 3156 in

1948 3190 2193 3244 Domino.
2228 3190 2356 3244 Sine
2377 3187 2784 3242 intermissione
2803 3195 2970 3241 orate.
2994 3189 3052 3241 In
3077 3187 3332 3240 omnibus
3385 3188 3596 3256 gratias

183 3276 433 3330 braru-m.
471 3275 528 3328 In
556 3271 812 3327 tenebris
842 3271 1229 3343 ignorantiam
1256 3273 1549 3345 signiﬁcat
1570 3277 1627 3328 et
1675 3289 1837 3328 men-
1870 3261 1912 3327 C
1951 3280 2115 3348 agite.
2152 3280 2269 3331 Haec
2300 3283 2378 3331 est
2410 3278 2557 3330 enim
2587 3276 2837 3330 voluntas
2863 3277 2969 3328 Dei
2990 3277 3046 3328 in
3089 3275 3298 3328 Christo
3353 3276 3477 3329 Jesu
3533 3278 3595 3329 in

179 3364 417 3419 dacium
444 3381 456 3417 :
477 3362 534 3415 in
551 3362 643 3415 die
664 3360 1187 3428 autem,scientiam
1210 3367 1268 3416 et
1288 3361 1833 3417 veritatem.ldcirco

179 3452 551 3506 Christianos
584 3467 697 3504 non
729 3449 787 3503 in
822 3450 1077 3504 tenebris
1107 3449 1250 3505 dicit
1282 3469 1294 3517 ;
1337 3450 1582 3520 gentiles
1614 3456 1831 3525 autem,

182 3541 272 3596 vel
292 3539 625 3596 incredulos
647 3538 902 3605 Judceos,
929 3537 1078 3593 ﬁlios
1109 3539 1505 3605 tenebrarum,
1539 3540 1677 3605 quia
1710 3538 1831 3593 cul-

180 3634 340 3684 tores
373 3633 513 3682 sunt
552 3625 861 3682 mendacii.
900 3627 1288 3691 Quamobrem
1349 3626 1547 3682 ﬁdeles
1596 3643 1832 3682 securos

177 3733 309 3772 esse
339 3716 548 3770 debere
578 3714 889 3786 signiﬁcat,
924 3714 1062 3786 quia
1093 3728 1204 3769 non
1233 3714 1506 3787 ignorant
1565 3717 1830 3770 futurum

180 3805 498 3860 adventum
525 3801 886 3870 Domini,sed
910 3808 1247 3873 exspectant
1268 3802 1500 3857 solliciti
1529 3808 1593 3858 ut
1615 3804 1828 3858 veniat.

181 3893 290 3960 Qui
327 3898 523 3947 autem
556 3891 826 3961 ignorant
856 3891 1187 3944 difﬁdentes
1215 3890 1284 3944 de
1311 3907 1398 3956 eo,
1434 3896 1667 3962 repente
1701 3891 1832 3947 illos

181 3980 644 4052 comprehendet
667 3979 1040 4050 improvidos,
1064 3985 1120 4033 ct
1151 3978 1475 4034 interﬁciet.

252 4070 436 4137 Igitur
455 4085 566 4123 non
587 4069 937 4134 dormianus,
961 4069 1103 4122 sicut
1122 4069 1170 4121 et
1193 4068 1495 4136 cteteri,sed
1516 4070 1829 4137 vigilemus,

179 4164 233 4213 et
261 4160 435 4213 sobrii
461 4159 637 4212 simus
657 4177 674 4212 :
709 4158 775 4211 Hi
802 4158 970 4224 enim,
1002 4157 1098 4226 qui
1135 4157 1436 4224 dor-miunt,
1495 4166 1648 4214 nocte
1703 4159 1832 4213 dor-

177 4248 363 4300 miunt
387 4264 407 4306 ,ο
426 4251 482 4300 et
498 4248 594 4317 qui
621 4246 989 4311 inebriantur,
1018 4246 1488 4301 noctesuntebrii.
1523 4253 1632 4302 Nos
1652 4257 1833 4302 autem

178 4338 280 4408 qui
300 4337 411 4391 diei
429 4351 635 4401 sumus,
657 4334 829 4389 sobrii
867 4335 1058 4399 simus,
1092 4334 1276 4388 induti
1307 4335 1580 4390 thoracem
1599 4337 1754 4406 ﬁdei,
1785 4345 1834 4391 et

179 4424 489 4492 charitatis,
516 4427 566 4477 ct
594 4423 829 4492 galeam,
855 4439 1004 4492 spem
1031 4423 1234 4476 salutis
1258 4441 1278 4486 ;
1317 4425 1446 4493 quia
1491 4440 1600 4478 non
1651 4426 1832 4495 posuit

176 4528 281 4567 nos
306 4513 446 4568 Deus
475 4514 533 4566 in
564 4512 731 4575 iram,
781 4510 872 4565 sed
903 4512 962 4564 in
1021 4513 1441 4582 acquisitionem
1495 4513 1690 4567 salutis
1735 4529 1834 4583 per

177 4604 481 4658 Dominum
510 4609 761 4654 nostrum
787 4601 971 4654 Iesum
993 4599 1288 4670 Christum,
1325 4603 1420 4672 qui
1464 4603 1710 4656 mortuus
1757 4605 1834 4656 est

171 4705 279 4762 pro
307 4691 485 4743 nobis.
523 4689 604 4752 Ut,
638 4689 752 4742 sive
781 4687 1136 4755 dormiamus,
1166 4691 1282 4744 sive
1312 4690 1621 4757 vigilemus,
1665 4691 1836 4746 simul

179 4794 315 4834 cum
342 4792 401 4830 eo
430 4778 689 4831 vivamus.
725 4779 955 4847 Propter
975 4777 1114 4847 quod
1135 4779 1504 4833 exhortamini
1525 4781 1837 4848 invicem,et

175 4865 1252 4935 aediﬁcati;-atterutrum,sicutetfacitis.
1271 4872 1549 4937 Apertum
1571 4874 1658 4922 est
1679 4870 1831 4939 quod

177 4953 486 5010 dicit.Com
499 4959 699 5009 monet
716 4954 873 5007 enim
897 4970 968 5008 ne
982 4955 1168 5008 securi
1185 4955 1254 5009 de
1272 4957 1507 5010 nomine
1521 4956 1835 5015 Salvatoris

177 5042 547 5114 negligenter
570 5058 856 5112 agamus;
887 5041 1132 5114 ideoque
1154 5045 1342 5099 tribus
1365 5062 1468 5100 nos
1506 5062 1836 5116 propugna-

178 5130 328 5186 culis
352 5130 576 5186 muniri
609 5131 842 5195 debere,
875 5131 929 5185 id
963 5137 1073 5197 est,
1109 5132 1262 5199 ﬁdei,
1295 5139 1351 5187 et
1381 5134 1524 5204 spei,
1557 5139 1613 5188 et
1651 5134 1837 5188 chari-

176 5220 334 5275 tatis.
370 5220 523 5275 Dum
559 5217 720 5274 enim
754 5219 898 5273 ﬁdes
931 5226 1145 5288 manet,
1180 5238 1342 5292 spem
1393 5222 1642 5288 excitat;
1703 5239 1838 5292 spes

176 5311 370 5362 autem
409 5305 751 5362 necessario
785 5305 1030 5363 sollicita
1058 5313 1146 5363 est
1176 5309 1245 5363 de
1292 5309 1702 5380 promissione,
1732 5326 1838 5365 nec

174 5396 393 5451 dormit
420 5415 433 5464 ;
469 5393 738 5451 charitas
770 5398 961 5448 autem
989 5396 1258 5451 devotum
1283 5396 1449 5451 oti‘ert
1470 5395 1838 5451 Domino.Ni-

172 5485 254 5540 hil
283 5485 436 5540 enim
463 5485 788 5538 adversum
823 5481 1075 5536 admittit
1117 5484 1390 5538 charitas.
1431 5483 1640 5538 idcirco
1685 5484 1837 5540 cnim

174 5579 445 5630 mortuus
464 5578 561 5628 est
585 5585 692 5642 pro
711 5569 881 5622 nobis
910 5572 1186 5626 Dominus
1211 5573 1404 5634 Jesus,
1429 5575 1485 5622 et
1507 5574 1840 5642 resurrexit,

178 5669 245 5731 ut
274 5666 398 5723 sive
428 5659 782 5735 vigilemus,
805 5654 912 5711 hoc
926 5665 1013 5715 est
1040 5657 1843 5731 vivamus,sivedormiamus,

1949 3365 2117 3419 vobis.
2147 3365 2428 3426 Quoniam
2465 3379 2698 3418 necesse
2715 3367 2802 3416 est
2823 3363 3107 3433 quosdam
3131 3378 3259 3416 esse
3307 3362 3364 3416 in
3426 3363 3594 3432 plebe

1943 3453 2348 3518 immodestos,
2373 3452 2659 3521 quosdam
2684 3455 2877 3505 autem
2903 3449 3326 3521 pusillanimes,
3351 3450 3460 3504 hoc
3480 3456 3589 3521 est,

1943 3540 2200 3604 timidos,
2232 3541 2514 3611 quosdam
2539 3557 2672 3594 vero
2696 3540 2806 3593 ﬁde
2829 3539 3094 3593 inﬁrmos
3127 3555 3138 3592 :
3174 3537 3301 3592 ideo
3333 3538 3459 3603 hos,
3489 3539 3590 3609 qui

1945 3629 2190 3684 modesti
2224 3635 2382 3699 sunt,
2407 3634 2462 3684 et
2493 3629 2916 3700 magnanimes,
2943 3632 2998 3682 et
3020 3629 3132 3683 ﬁde
3149 3627 3589 3694 fundati,horta-

1943 3723 2040 3772 tur
2061 3734 2191 3771 cum
2219 3733 2405 3788 prece,
2433 3723 2497 3770 ut
2517 3716 2609 3771 his
2627 3714 2954 3785 consulant,
2979 3721 3044 3770 ut
3067 3715 3289 3788 possint
3313 3715 3588 3786 proﬁcere

1944 3805 2288 3861 sufferentes
2316 3822 2434 3872 eos,
2462 3821 2531 3858 ne
2562 3804 2608 3859 si
2636 3803 2938 3858 retributio
2960 3805 3022 3857 ﬁt
3048 3803 3590 3876 malorum,pejores

1943 3911 2005 3949 se
2024 3895 2183 3948 ﬁant.
2211 3894 2428 3948 Idcirco
2451 3891 2597 3946 nihil
2620 3892 2777 3946 aliud
2803 3909 2977 3962 quam
3004 3892 3218 3946 bonum
3243 3893 3588 3948 sectandum

1946 3982 2214 4037 hortatur
2230 4000 2342 4036 non
2368 3980 2556 4036 solum
2576 3981 2633 4034 in
2652 3997 2828 4035 causa
2851 3980 3221 4047 fratrum,sed
3244 3981 3302 4035 in
3322 3981 3588 4036 omnium

1947 4072 2200 4127 Possunt
2230 4071 2386 4124 enim
2418 4069 2586 4122 bonis
2619 4069 2893 4138 operibus
2924 4068 3135 4121 attrahi
3195 4067 3456 4121 inﬁdeles
3517 4068 3588 4122 ad

1942 4159 2366 4224 credulitatem,
2398 4173 2464 4210 ex
2497 4173 2613 4225 qua
2643 4171 2874 4224 semper
2903 4156 3227 4226 gaudeatur
3248 4155 3305 4208 in
3321 4155 3588 4219 Domino,

1942 4247 2052 4302 hoc
2081 4253 2190 4314 est,
2225 4246 2284 4300 in
2314 4245 2552 4298 bonum.
2587 4242 2884 4296 Orandum
2909 4246 3104 4296 autem
3125 4244 3252 4297 sine
3290 4243 3590 4298 intermis-

1944 4336 2125 4391 sione.
2150 4331 2373 4388 Sedulze
2395 4331 2550 4385 enim
2578 4344 2774 4401 preces
2790 4335 3104 4400 provocant
3124 4331 3386 4384 animum
3423 4331 3586 4400 judi-

1943 4427 2026 4479 cis
2048 4425 2118 4478 ad
2143 4422 2398 4476 dandam
2424 4418 2904 4474 misericordiam.
2934 4419 2993 4472 ln
3011 4418 3284 4473 omnibus
3306 4435 3437 4477 vero
3450 4419 3585 4474 acti-

1943 4515 2054 4568 bus
2085 4511 2253 4566 bonis
2279 4514 2386 4563 Deo
2409 4507 2629 4576 gratias
2647 4506 3031 4578 agendas,qui
3054 4506 3424 4561 hanctribuit
3452 4507 3588 4562 doc-

1866 4624 1912 4687 D
1947 4604 2158 4656 trinam
2187 4600 2246 4653 in
2277 4597 2507 4654 Christo
2536 4596 2677 4650 Jesu
2709 4595 2955 4650 Domino
2977 4599 3194 4650 nostro.

2019 4689 2288 4759 Spiritum
2311 4685 2478 4738 nolite
2496 4685 2872 4752 exstinguere.
2897 4683 3222 4755 PrOphetias
3249 4685 3422 4739 nolite
3441 4699 3592 4755 sper-

1943 4793 2094 4832 nere.
2132 4775 2327 4829 Omnia
2357 4781 2540 4828 autem
2568 4774 2832 4844 probate;
2865 4773 3004 4844 quod
3035 4773 3236 4828 bonum
3273 4782 3347 4828 est
3398 4777 3589 4830 tenete.

1947 4865 2021 4919 Ab
2052 4865 2206 4918 omni
2235 4863 2412 4933 specie
2438 4863 2585 4915 mala
2607 4863 2869 4917 abstinete
2894 4879 3000 4917 vos.
3037 4861 3154 4918 Hoc
3174 4863 3336 4929 dicit,
3371 4867 3435 4917 ut
3477 4878 3592 4917 non

1946 4953 2112 5008 facile
2143 4951 2317 5006 alicui
2378 4967 2479 5021 per
2535 4951 2815 5021 Spiritum
2875 4950 3133 5022 loquenti
3185 4951 3590 5007 interdicatur.

1944 5039 2347 5111 Exstinguitur
2367 5037 2542 5104 enim,
2568 5039 2962 5109 siincipientis
2985 5041 3143 5110 loqui
3167 5041 3354 5095 fervor
3373 5043 3596 5094 contra-

1946 5130 2196 5185 dictione
2218 5125 2463 5194 sopitur,
2498 5142 2568 5179 ne
2592 5127 2735 5180 forte
2767 5145 2879 5182 non
2914 5127 3302 5200 intelligentes
3345 5127 3460 5181 dici
3517 5125 3590 5181 ab

1946 5235 2012 5273 eo
2070 5212 2356 5286 spiritalia
2414 5211 2690 5279 injuriam
2753 5216 2965 5269 faciant
3009 5217 3248 5286 Spiritui
3280 5223 3499 5279 sancto,
3535 5217 3594 5269 et

1948 5307 2187 5378 peccent
2209 5317 2308 5371 per
2327 5299 2718 5367 ignorantiam
2746 5320 2758 5367 ;
2784 5319 2971 5374 neque
2991 5304 3268 5373 aliquem,
3297 5303 3398 5372 qui
3422 5300 3593 5372 quasi

1947 5393 2276 5461 Scripturas
2302 5383 2530 5453 rcvelet,
2555 5402 2669 5440 non
2695 5391 2884 5444 audiri
2909 5391 3193 5462 patienter
3227 5391 3456 5458 debere,
3489 5391 3594 5446 sed

1950 5478 2146 5538 omnia
2175 5476 2329 5530 dicta
2355 5471 2696 5543 examinari,
2737 5483 2794 5531 et
2851 5477 2933 5532 sic
2982 5479 3256 5548 judicari,
3317 5495 3389 5533 ne
3447 5478 3595 5535 forte

1951 5567 2196 5642 gratiam
2229 5565 2423 5617 datam
2457 5559 2619 5613 fratri
2647 5564 2787 5619 dum
2815 5573 3121 5638 respuunt,
3149 5567 3369 5620 auctori
3418 5583 3597 5637 repu-

1952 5660 2150 5730 gnent.
2173 5648 2385 5710 Omnia
2404 5661 2562 5719 ergo,
2589 5664 2721 5722 quas
2742 5654 3036 5724 dicuntur,
3060 5655 3360 5728 probanda
3375 5657 3595 5734 monet,
