3978 6210
201 322 338 386 65⁸7

671 323 1096 385 EXPOSITIO
1142 324 1216 384 IN
1265 323 1697 385 EPISTOLAS
1745 325 2002 387 PAULI.
2048 360 2124 370 —
2168 327 2244 388 IN
2293 330 2540 391 EPIST.
2589 331 2639 392 II
2684 335 2787 394 AD
2832 332 3198 395 THESSAL.

3523 337 3642 397 658

198 457 490 528 patientia
517 459 720 520 vestra,
751 459 804 510 et
855 455 962 523 ﬁde
988 455 1048 508 in
1105 455 1360 510 omnibus
1405 457 1871 526 persecutionibus
1902 466 1955 530 Α
1984 459 2083 513 stri
2102 461 2227 514 Iesu
2259 461 2484 516 Christi.
2525 463 2750 517 Gaudio
2801 465 2961 519 addit
2993 471 3048 519 et
3104 482 3323 537 preces,
3384 472 3447 521 ut
3503 473 3642 539 quia

203 548 434 609 vestris,
465 549 514 600 et
534 546 973 615 pressuris,quas
1001 547 1282 598 sustinetis
1312 547 1372 598 in
1401 546 1716 614 eremplum
1740 546 1882 610 iusti

191 636 419 708 judicii
446 635 564 698 Dei,
596 637 658 688 in
679 634 798 698 hoc,
832 637 892 687 ut
921 634 1077 703 digni
1107 634 1427 688 habeamini
1456 650 1625 702 regno
1658 635 1771 698 Dei,
1779 651 1881 704 pro

201 740 320 798 quo
341 732 394 779 et
418 724 699 795 patimini.
733 721 991 776 Gloriam
1025 739 1153 777 esse
1185 739 1355 776 suam
1403 722 1461 776 in
1495 722 1705 777 horum
1740 739 1879 775 con-

200 814 570 876 versatione,
603 815 660 866 et
710 809 1113 881 persecutione
1139 810 1443 865 toleranda
1471 816 1786 873 testantur,
1821 811 1877 864 in

201 906 477 966 tantum,
507 905 572 954 ut
602 900 757 970 apud
790 904 1029 953 caeteras
1061 897 1347 953 Ecclesias
1380 899 1645 970 exempla
1677 916 1877 953 eorum

204 990 614 1064 proferantur,
646 993 713 1042 ut
743 986 1068 1041 imitatione
1102 987 1362 1057 ipsorum
1387 992 1652 1042 crescant
1694 987 1752 1041 in
1789 988 1879 1042 de-

201 1079 455 1134 votione
486 1076 830 1149 passionum
866 1091 967 1146 pro
998 1075 1250 1140 Christo,
1290 1087 1344 1129 et
1377 1080 1712 1130 mereantur
1740 1092 1880 1128 con-

208 1168 392 1238 sequi
427 1183 553 1239 qua:
587 1164 878 1238 promissa
905 1171 1043 1219 sunt
1065 1163 1284 1219 sanctis
1315 1165 1373 1218 in
1393 1164 1482 1218 die
1507 1164 1877 1233 justijudicii

213 1257 532 1327 Dci,cujus
554 1270 749 1310 amore
772 1254 1062 1308 mundum
1085 1269 1356 1324 spernere
1377 1269 1490 1307 non
1511 1253 1874 1308 dubitarunt.

212 1345 375 1416 Ipse
399 1345 552 1399 enim
578 1359 860 1414 pressurae
878 1341 1144 1413 exempla
1163 1347 1304 1397 sunt
1336 1342 1665 1396 futurorum
1702 1342 1873 1396 meri-

207 1439 419 1488 torum
452 1432 509 1486 in
542 1430 632 1486 his
664 1430 764 1502 qui
829 1430 1140 1502 patiuntur
1195 1431 1265 1484 ad
1325 1429 1606 1500 gloriam;
1640 1429 1699 1484 in
1759 1429 1874 1484 illis

209 1526 441 1589 autem,
476 1519 574 1592 qni
606 1525 1020 1592 persequatur,
1054 1520 1125 1574 ad
1159 1518 1564 1589 perditionem.

289 1609 577 1682 Siquidem
606 1611 621 1679 (
632 1610 792 1679 1290)
802 1609 1022 1680 justum
1047 1608 1201 1679 apud
1233 1608 1400 1663 Deum
1432 1610 1748 1662 retribuere
1774 1609 1871 1671 eis,

210 1700 316 1770 qui
345 1714 437 1753 vos
466 1697 806 1768 deprimunt,
838 1711 1168 1762 pressuram
1196 1713 1218 1757 ;
1246 1699 1295 1749 et
1315 1696 1486 1758 vobis,
1533 1695 1630 1765 qui
1652 1709 1870 1764 pressu-

1992 547 2182 602 devoti
2219 555 2376 617 sunt,
2403 552 2673 620 dignetur
2712 553 2861 607 Deus
2894 556 3168 623 adjuvare
3202 573 3321 622 eos,
3356 561 3418 609 ut
3472 559 3637 625 perli-

1991 636 2145 690 ciant
2174 656 2321 708 opus
2379 647 2630 709 emptum
2681 643 2748 694 ad
2797 642 3121 697 claritatem
3170 645 3392 698 Domini
3457 646 3638 700 nostri

1989 724 2128 778 Jesu
2159 727 2397 792 Christi,
2433 734 2494 782 ut
2528 732 2916 799 perseveranti
2971 733 3395 804 discipulorum
3469 736 3636 788 testi-

1992 815 2253 868 monium
2288 817 2364 869 sit
2388 819 2650 885 magistri
2684 820 2753 871 ad
2784 819 3052 888 gloriam.
3087 823 3416 876 Auctoritas
3474 824 3628 877 enim

1992 904 2255 972 magistri
2289 906 2344 958 in
2369 906 2798 976 discipulorum
2833 915 2919 961 est
2943 911 3315 976 liducia,cum
3351 929 3409 965 se
3443 913 3499 966 in
3534 929 3632 966 ac-

1990 997 2157 1060 cepta
2187 995 2372 1062 gratia
2403 994 2620 1048 faciunt
2643 996 2956 1064 digniores.

2063 1081 2217 1149 (CAP.
2257 1083 2622 1152 ll.)ltogamus
2649 1091 2832 1139 autem
2865 1105 2970 1152 ros,
3004 1093 3231 1158 fratres,
3289 1109 3387 1162 per
3436 1093 3633 1145 miren-

1989 1173 2100 1223 tum
2135 1173 2356 1225 Domini
2385 1177 2565 1227 nostri
2590 1177 2712 1228 Jesu
2749 1177 2966 1238 Christi,
3000 1183 3048 1231 et
3076 1186 3278 1234 nostra?
3333 1198 3632 1250 congrega-

1986 1260 2154 1313 tionis
2185 1262 2242 1313 in
2277 1263 2474 1330 ipsum,
2507 1280 2576 1315 ne
2604 1265 2776 1330 facile
2804 1270 3136 1321 moccamini
3183 1286 3216 1322 α
3245 1285 3407 1323 sensu
3439 1280 3633 1337 vestro,

1989 1363 2162 1416 neque
2192 1351 2618 1414 conturbemini,
2649 1368 2823 1421 neque
2851 1371 2948 1423 per
2977 1358 3258 1426 spiritum,
3314 1375 3486 1429 neque
3534 1377 3635 1429 per

1984 1436 2225 1501 verbum,
2260 1454 2432 1507 neque
2460 1456 2556 1508 per
2587 1442 2906 1510 Epistolum,
2939 1449 3205 1512 tanquam
3253 1464 3286 1499 a
3317 1449 3468 1500 nobis
3499 1450 3633 1503 mis-

1983 1542 2121 1590 sam,
2153 1529 2312 1595 quasi
2363 1531 2524 1583 instet
2555 1530 2674 1583 dies
2709 1531 2944 1585 Domini.
2979 1534 3054 1586 Ne
3099 1536 3219 1602 quis
3278 1552 3368 1588 vos
3405 1537 3630 1591 seducat

1982 1615 2094 1668 ullo
2125 1617 2320 1681 modo;
2353 1619 2503 1686 quia,
2560 1620 2669 1671 nisi
2725 1623 2934 1675 venerit
2972 1621 3202 1690 defectio
3247 1626 3514 1692 primum,
3578 1630 3630 1678 et

1984 1705 2251 1758 revelatus
2272 1707 2443 1774 fuerit
2487 1708 2641 1760 homo
2663 1707 2766 1761 ille
2791 1713 3018 1778 peccati,
3077 1712 3225 1765 filius
3281 1714 3629 1782 perditionis,

209 1803 342 1843 ram
363 1787 672 1850 sustinetis,
704 1786 947 1855 requiem
976 1784 1258 1838 nobiscum
1288 1785 1343 1837 in
1393 1784 1717 1838 reuelatione
1769 1784 1868 1838 Do-

1990 1795 2074 1864 7ui
2101 1793 2427 1848 adversatur
2455 1798 2502 1849 et
2528 1797 2812 1850 e.rtollzt-ur
2839 1815 3003 1868 super
3031 1816 3207 1867 omne,
3241 1801 3380 1870 quod
3428 1803 3632 1856 dicitur

212 1875 364 1930 mini
391 1879 428 1931 J
437 1891 534 1930 esu
565 1875 631 1929 de
661 1875 794 1929 caelo
823 1890 947 1928 cum
994 1873 1214 1945 angelis
1242 1871 1471 1927 virtutis
1499 1873 1616 1942 ejus
1663 1874 1722 1926 in
1753 1872 1875 1940 igne

216 1965 458 2034 ﬂammae
513 1963 702 2018 dantis
748 1963 1047 2017 vindictam
1076 1963 1134 2015 in
1163 1977 1271 2027 eos,
1319 1963 1419 2030 qui
1469 1977 1579 2016 non
1609 1969 1875 2016 noverunt

218 2054 414 2122 Deum,
449 2057 505 2107 et
525 2052 586 2107 in
617 2069 705 2108 eos
734 2053 830 2122 qui
857 2067 968 2106 non
998 2051 1256 2105 obediunt
1311 2052 1601 2120 Evangelia
1658 2051 1878 2105 Domini

218 2143 405 2196 nostri
432 2143 558 2197 Jesu
590 2140 796 2196 Christi
829 2157 842 2194 :
875 2142 972 2210 qui
1008 2155 1200 2209 poenas
1257 2139 1466 2194 solvent
1495 2141 1550 2192 in
1585 2140 1874 2193 interitum

217 2239 486 2285 atomum
513 2247 544 2284 a
569 2230 714 2300 facie
744 2229 972 2283 Domini
1018 2236 1068 2282 et
1097 2228 1274 2297 gloria
1305 2229 1528 2281 virtutis
1556 2229 1691 2295 eius.
1743 2229 1877 2294 Quo-

220 2319 389 2374 niam
422 2317 750 2390 exemplum
770 2316 1141 2388 justijudicii
1167 2316 1265 2371 Dei
1287 2332 1566 2387 apparere
1595 2315 1736 2369 dicit
1757 2317 1874 2370 sive

219 2409 290 2463 in
323 2408 531 2475 bonos,
563 2408 706 2462 sivet
737 2406 795 2460 in
831 2405 1035 2474 malos,
1068 2405 1283 2460 idcirco
1345 2405 1700 2460 subsecutus
1758 2405 1872 2459 ait:

221 2496 531 2566 Siquidem
554 2495 782 2565 justum
807 2495 959 2565 apud
999 2498 1199 2560 Deum,
1235 2499 1298 2548 ut
1331 2494 1534 2548 reddat
1561 2494 1874 2565 unicuique

217 2584 552 2640 secundum
577 2601 748 2656 opera
779 2601 903 2640 sua.
957 2583 1107 2647 Quid
1138 2588 1258 2638 tam
1300 2583 1556 2653 justum,
1587 2588 1653 2637 ut
1683 2582 1783 2653 qui
1817 2583 1873 2636 in

218 2672 442 2728 saeculo
468 2673 653 2728 bonos
677 2673 1034 2740 deprimunt,
1069 2676 1125 2727 et
1149 2679 1405 2727 extorres
1437 2671 1657 2725 faciunt
1681 2687 1871 2741 perse-

226 2761 590 2830 cutionibus,
623 2761 682 2816 in
715 2762 909 2816 futuro
976 2761 1175 2816 eadem
1230 2760 1550 2832 patiantur,
1608 2777 1735 2830 quae
1785 2761 1872 2814 Γει-

227 2851 430 2916 ciunt;
461 2850 790 2916 illiautem,
826 2855 889 2904 ut
918 2851 1037 2905 sint
1087 2851 1146 2904 in
1205 2849 1405 2920 requie
1459 2865 1593 2902 cum
1652 2848 1875 2902 cmteris

227 2941 586 3012 sanctis,qui
609 2941 681 2995 de
697 2939 1294 3013 magnatribulatione
1314 2938 1612 2994 venientes
1631 2954 1874 3007 regnum

223 3031 517 3102 accipient
547 3033 829 3084 aeternum
854 3029 912 3084 in
945 3029 1194 3085 adventu
1228 3028 1456 3082 Domini
1479 3028 1550 3083 de
1571 3027 1873 3095 cmlo,cum

221 3120 465 3191 cceperit
506 3119 708 3174 venire
738 3135 871 3173 cum
932 3117 1147 3173 cmlesti
1197 3117 1446 3172 exercitu
1495 3122 1553 3171 et
1606 3116 1872 3170 ministro

221 3209 360 3282 igne
391 3210 462 3265 ad
495 3210 752 3265 dandam
779 3207 1094 3262 vindictam
1119 3208 1176 3261 in
1197 3205 1582 3278 paganos,qui
1606 3206 1876 3276 ignorant
1907 3194 1948 3260 C

225 3300 414 3355 Deum
439 3298 670 3354 Patrem
698 3314 826 3353 esse
856 3297 1068 3353 Christi
1098 3300 1259 3362 Jesu,
1292 3300 1350 3350 et
1368 3295 1623 3364 Judzeos,
1657 3295 1755 3366 qui
1789 3295 1876 3348 di-

222 3393 424 3444 centes
457 3404 519 3442 sc
550 3392 733 3442 Deum
765 3385 933 3453 scire,
972 3402 1083 3441 non
1117 3385 1363 3440 credunt
1383 3383 1690 3454 Evangelio
1721 3371 1879 3439 Chri-

223 3478 324 3542 sti,
360 3477 514 3548 quod
547 3476 710 3530 dedit
747 3473 829 3530 illi
864 3475 1030 3528 Pater
1063 3475 1232 3540 Deus,
1266 3479 1331 3528 ut
1385 3473 1638 3527 traderet
1694 3472 1878 3527 servis

223 3566 396 3622 suis?
426 3566 580 3629 Quos
612 3581 814 3620 omnes
847 3563 1155 3635 praesentia
1176 3561 1430 3627 Domini,
1455 3566 1511 3616 et
1542 3561 1726 3632 gloria
1748 3579 1874 3616 ma-

216 3654 452 3726 jestatis
482 3655 612 3725 ejus
643 3652 796 3725 ignis
826 3658 1046 3715 exuret,
1066 3657 1130 3706 ut
1150 3650 1376 3706 debitas
1398 3650 1642 3704 reddant
1675 3667 1876 3721 poenas

224 3744 502 3799 interitus
537 3745 596 3798 in
619 3746 925 3806 aeternum,
961 3756 1194 3811 semper
1238 3738 1573 3804 sentientes,
1634 3756 1749 3793 non
1789 3743 1876 3794 ta-

229 3849 363 3888 men
389 3832 630 3904 penitus
687 3829 1042 3895 deﬁcientes,
1077 3834 1140 3882 ut
1170 3829 1297 3899 ipsa
1326 3844 1496 3899 poena
1551 3826 1680 3882 illos
1734 3844 1874 3898 quo~

225 3920 545 3976 dammodo
565 3923 804 3992 generet
829 3933 1078 3988 semper,
1104 3933 1218 3987 quo
1251 3921 1694 3972 consumantur.

298 4010 434 4064 Cum
451 4010 661 4064 venerit
676 4007 982 4076 elariﬁcari
994 4007 1054 4060 in
1077 4005 1281 4060 sanctis
1299 4009 1493 4072 suis,et
1511 4007 1588 4060 mi
1593 4007 1642 4060 ri
1645 4005 1805 4074 ficari
1816 4007 1872 4059 in

224 4099 498 4163 omnibus,
530 4099 627 4169 qui
657 4095 1022 4163 crediderunt,
1053 4096 1182 4166 quia
1214 4094 1378 4163 ﬁdem
1410 4094 1600 4148 habuit
1631 4096 1874 4148 testimo-

228 4191 389 4243 nium
421 4194 674 4242 nostrum
703 4201 864 4256 super
889 4200 985 4240 vos
1007 4185 1064 4237 in
1093 4183 1184 4238 die
1212 4183 1314 4238 illa
1338 4181 1606 4237 adventus
1638 4184 1872 4238 Domini.

229 4275 535 4348 Duplicem
564 4273 1011 4344 sensum(t291)
1062 4271 1340 4326 continet.
1393 4271 1671 4326 Adveniet
1719 4273 1872 4326 enim

225 4365 436 4440 punire
470 4363 679 4427 malos,
704 4368 760 4416 et
780 4361 1104 4434 glorificare
1126 4361 1328 4416 bonos.
1355 4359 1481 4430 Ipse
1503 4361 1658 4414 enim
1683 4359 1874 4416 clarus

230 4460 286 4510 et
317 4452 605 4510 mirabilis
634 4451 933 4506 videbitur
963 4451 1018 4504 in
1054 4465 1172 4519 eos,
1206 4448 1304 4518 qui
1337 4449 1585 4503 credunt
1613 4450 1875 4522 exemplo

1985 1883 2140 1947 Deus,
2174 1891 2267 1936 aut
2298 1884 2446 1953 quod
2502 1886 2718 1952 colitur,
2752 1889 2908 1939 itaut
2943 1889 2998 1940 in
3057 1890 3252 1957 tempto
3305 1891 3401 1942 Dei
3453 1892 3633 1945 sedeat

1982 1971 2263 2025 ostendens
2282 1988 2341 2026 se
2369 1975 2570 2042 ipsum,
2596 1976 2755 2043 quasi
2783 1976 2853 2026 sit
2899 1977 3032 2030 Deus
3090 1978 3365 2031 Obsecrat
3423 1997 3520 2032 eos
3554 1994 3624 2032 ne

1984 2057 2183 2113 leviter
2212 2065 2267 2114 et
2300 2061 2464 2115 facile
2495 2062 2565 2114 dc
2624 2063 2870 2116 adventu
2905 2065 3070 2134 quasi
3130 2064 3458 2119 imminenti
3524 2071 3622 2120 Do-

1987 2147 2128 2201 mini
2163 2149 2493 2220 opinionem
2531 2153 2854 2221 reciperent
2886 2170 2898 2205 :
2933 2157 2988 2205 et
3019 2153 3157 2206 talia
3189 2155 3285 2208 dat
3324 2156 3622 2220 mandata,

1987 2242 2049 2290 ut
2079 2236 2305 2292 etiamsi
2333 2255 2434 2307 per
2462 2238 2731 2306 spiritum
2749 2240 2961 2310 aliquis
2985 2241 3136 2294 velut
3161 2243 3629 2313 prophetafuerit

1983 2323 2229 2388 locutus,
2265 2325 2418 2379 credi
2452 2326 2499 2379 ci
2537 2343 2649 2379 non
2683 2327 2887 2380 debeat
2918 2346 2928 2392 ;
2966 2345 3149 2398 neque
3185 2330 3228 2383 si
3262 2347 3361 2400 per
3419 2337 3626 2386 tracta-

1984 2418 2134 2478 tum,
2162 2419 2263 2467 aut
2297 2429 2396 2484 per
2426 2414 2734 2483 epistolam
2769 2417 3004 2470 nomine
3037 2419 3179 2471 l'orte
3225 2420 3624 2489 apostolorum

1985 2503 2607 2571 scriptam,assensum
2641 2503 3424 2560 tribucndum.Solentenim
3460 2509 3630 2576 tergi-

1982 2596 2397 2656 versatores,ut
2426 2591 2647 2656 fallant,
2683 2592 2794 2645 sub
2828 2593 3061 2648 nomine
3096 2593 3235 2648 clari
3260 2593 3626 2665 alicujusviri

1983 2678 2287 2750 epistolam
2353 2681 2588 2748 lingere.
2653 2683 2715 2733 ut
2773 2681 3089 2736 auctoritas
3139 2683 3394 2739 nominis
3445 2685 3630 2756 possit

1983 2769 2414 2834 commendare,
2449 2769 2602 2838 quod
2633 2785 2733 2838 per
2783 2769 2978 2838 ipsum
3040 2771 3212 2841 recipi
3265 2789 3379 2826 non
3422 2773 3623 2844 possit.

1983 2844 2099 2912 Hoc
2130 2857 2280 2923 ideo,
2304 2873 2374 2911 ne
2398 2858 2525 2928 ipsa
2549 2858 3001 2929 perturbatione,
3037 2859 3176 2913 dum
3212 2860 3429 2915 incauti
3461 2862 3624 2915 inve-

1982 2947 2268 3011 nirentur,
2298 2946 2522 3017 possint
2563 2947 2762 3002 seduci
2803 2949 2872 3001 ad
2909 2948 3271 3002 adorandum
3321 2950 3623 3004 diabolum

1989 3036 2087 3107 qui
2121 3035 2302 3090 idciro
2335 3036 2736 3106 baecjactabit,
2770 3043 2835 3091 ut
2875 3037 2984 3091 sub
3036 3037 3352 3094 Salvatoris
3391 3039 3628 3095 nomine

1986 3140 2275 3194 apparens
2303 3141 2366 3177 ac
2402 3123 2589 3179 falens
2621 3131 2873 3188 sanctos,
2907 3125 3043 3179 velit
3073 3141 3134 3179 se
3165 3126 3414 3196 adorari,
3445 3129 3624 3182 utde-

1988 3213 2165 3283 cipiat
2197 3213 2496 3266 credentes
2528 3213 2584 3265 in
2617 3212 2933 3267 Christum.
2979 3214 3088 3266 Sed
3137 3218 3192 3266 et
3253 3213 3466 3276 locum,
3527 3221 3629 3270 aut

1988 3301 2351 3355 occasionem
2405 3300 2666 3362 fallendi,
2702 3317 2878 3370 quam
2915 3316 2975 3353 se
3009 3306 3175 3370 putat
3223 3302 3454 3356 habere.
3507 3320 3622 3357 non

1986 3388 2198 3443 habent
2221 3387 2774 3458 impudentissimus
2806 3389 3074 3455 Satanas,
3119 3395 3352 3459 tempus
3376 3395 3431 3443 et
3460 3389 3628 3459 signa

1987 3479 2273 3531 adventus
2309 3475 2533 3529 Domini
2557 3475 2882 3545 designavit
2911 3494 2923 3541 ;
2950 3476 3084 3546 quia
3109 3493 3220 3530 non
3246 3477 3408 3546 prius
3439 3478 3630 3533 veniet

1990 3567 2269 3620 Dominus
2302 3581 2477 3635 quam
2515 3564 2672 3634 regni
2711 3564 2951 3618 Romani
2985 3565 3427 3630 defertioﬁat,et
3449 3583 3628 3637 appa-

1987 3659 2111 3710 reat
2132 3654 2655 3724 Antichristus,qui
2679 3654 2986 3709 interficiat
3008 3659 3259 3718 sanctos,
3288 3656 3509 3710 reddita
3524 3656 3628 3710 llo-

1987 3743 2178 3799 manis
2213 3744 2500 3810 libertate,
2555 3745 2664 3797 sub
2720 3761 2824 3798 suo
2877 3749 3069 3798 tamen
3132 3746 3384 3800 nomine.
3419 3745 3620 3800 Sciens

1986 3833 2141 3888 enim
2165 3839 2471 3887 venturam
2511 3832 2816 3886 Dominum
2851 3833 2920 3886 ad
2975 3851 3034 3887 se
3094 3835 3624 3905 comprimendum,

1987 3937 2199 3976 nomen
2224 3923 2350 3990 ejus
2371 3921 2481 3974 sibi
2515 3921 2986 3991 usurpabit,utet
3007 3939 3245 3992 regnum
3269 3924 3396 3993 ejus
3427 3940 3627 3978 verum

1983 4010 2332 4072 videatur,et
2358 4009 2760 4063 trahatsecum
2785 4008 2884 4078 qui
2917 4009 3089 4062 simul
3116 4027 3247 4063 cum
3275 4028 3340 4064 eo
3365 4018 3626 4081 pereant,

1984 4103 2050 4152 ut
2079 4097 2136 4151 in
2171 4099 2305 4152 sede
2331 4095 2646 4160 Domini,in
2674 4097 2809 4150 sede
2832 4097 3031 4151 sedeat
3061 4097 3271 4151 Christi
3307 4104 3404 4164 ;ut
3435 4099 3629 4170 ipsum

1986 4190 2164 4238 Deum
2199 4200 2261 4238 se
2293 4188 2534 4250 asserat,
2572 4199 2685 4236 non
2711 4184 2919 4237 Filium
2951 4185 3065 4238 Dei.
3100 4184 3336 4239 Undein
3369 4187 3631 4256 Evange-

1985 4273 2062 4328 lio
2093 4273 2163 4327 ad
2185 4273 2414 4327 Judaeos
2442 4271 2724 4325 Dominus
2749 4272 2846 4324 ait:
2883 4274 2997 4341 L’go
3021 4276 3148 4327 veni
3189 4276 3246 4327 in
3278 4275 3498 4328 nomine
3515 4281 3627 4329 Pa-

1985 4362 2088 4415 tris
2116 4360 2245 4424 mei,
2279 4366 2328 4413 et
2358 4375 2465 4413 non
2498 4374 2583 4412 me
2610 4361 2882 4430 recepistis
2917 4377 2928 4414 :
2954 4365 3002 4414 et
3033 4361 3176 4414 alius
3209 4364 3416 4416 venerit
3447 4365 3506 4416 in
3527 4379 3631 4418 no-

1984 4452 2132 4504 mine
2155 4465 2270 4516 suo,
2293 4449 2448 4502 illum
2484 4450 2759 4518 recipietis
2792 4449 2966 4519 (Joan.
2999 4467 3053 4516 v,
3099 4451 3208 4518 45).
3243 4451 3631 4514 Quamobrem

226 4549 283 4601 et
315 4541 452 4598 ﬁdei
486 4539 905 4613 apostolorum,
937 4555 1072 4595 cum
1096 4537 1310 4594 fuerint
1329 4537 1876 4603 coronati,testimo-
1909 4557 1952 4622 Ι)
1984 4554 2052 4591 ex
2083 4534 2544 4600 circumcisione,
2595 4539 2696 4589 aut
2732 4535 3143 4590 circumcisum
3204 4537 3395 4591 venire
3442 4537 3629 4605 illum,

227 4634 394 4688 nium
421 4630 703 4685 reddente
733 4629 819 4686 eis
847 4627 1156 4699 Evangelio
1179 4629 1236 4680 in
1257 4627 1349 4682 die
1364 4626 1613 4681 Domini.
1634 4628 1878 4682 Severus

229 4726 434 4777 autem
466 4717 766 4790 apparebit
797 4718 855 4772 in
886 4716 1238 4784 incredulos,
1272 4732 1405 4770 cum
1435 4714 1662 4770 internis
1694 4717 1878 4787 pcenis

229 4806 515 4880 cmperint
543 4806 843 4864 coarctari.
875 4805 1098 4861 Corona
1129 4805 1284 4859 enim
1303 4804 1724 4876 discipulorum
1756 4822 1877 4860 ma-

225 4896 402 4971 gistri
426 4901 518 4952 est
545 4895 748 4970 gloria,
776 4899 833 4950 et
879 4894 1092 4949 veritas
1120 4895 1250 4964 ejus
1308 4893 1742 4948 incredulorum
1793 4900 1881 4950 est

225 5002 419 5059 paena,
452 4983 591 5056 quia
619 4983 775 5056 quod
809 4982 1255 5054 praedicabatur,
1311 4998 1427 5037 non
1485 4981 1875 5038 crediderunt.

295 5077 354 5130 In
387 5089 493 5144 quo
523 5081 574 5129 et
616 5088 839 5128 oramus
881 5087 1095 5142 semper
1139 5086 1241 5142 pro
1274 5070 1440 5140 vobis,
1463 5079 1523 5124 ut
1545 5087 1636 5124 vos
1691 5071 1879 5141 dignos

225 5164 418 5219 habeat
449 5163 732 5219 vocatione
789 5177 890 5216 sua
946 5160 1082 5214 Deus
1139 5169 1340 5224 noster,
1372 5164 1424 5213 et
1455 5161 1681 5230 impleat
1725 5164 1881 5213 omni

221 5255 422 5326 placito
454 5252 736 5316 bonitatis,
767 5253 818 5304 et
846 5264 1002 5319 opere
1031 5248 1158 5319 fidei
1198 5251 1255 5303 in
1288 5250 1526 5307 virtute;
1561 5251 1639 5301 ita
1684 5251 1741 5301 ut
1766 5248 1880 5302 cla-

225 5343 473 5412 riﬁcetur
501 5355 704 5395 nomen
745 5338 965 5392 Domini
991 5340 1169 5393 nostri
1197 5339 1320 5394 Jesu
1355 5336 1559 5390 Christi
1605 5337 1663 5389 in
1711 5337 1878 5401 vobis,

225 5435 276 5487 et
301 5447 393 5487 vos
424 5433 488 5486 in
522 5431 639 5500 ipso
671 5425 968 5482 secundum
996 5429 1234 5498 gratiam
1281 5427 1376 5481 Dei
1404 5435 1454 5481 et
1514 5427 1730 5479 Domini
1785 5442 1879 5479 no-

296 5536 484 5610 (1290)
511 5532 692 5610 vulg.
724 5531 920 5602 habet,
951 5535 1004 5589 si
1057 5538 1225 5592 tatem
1248 5551 1267 5588 :
1304 5532 1459 5588 unde
1491 5533 1637 5587 forte
1657 5532 1707 5585 si
1761 5532 1881 5601 qui-

225 5605 347 5670 dem
375 5605 731 5682 legendum.

1989 4625 2347 4696 sperandum
2371 4629 2480 4690 est,
2506 4624 2666 4679 utsit
2708 4625 2924 4680 Judaeis
2965 4626 3218 4680 credenti
3261 4624 3345 4679 illi
3397 4627 3628 4682 fiducia.

1989 4716 2187 4784 Itaque
2220 4731 2350 4768 cum
2385 4713 3008 4769 ’l‘bessalonicensibus
3045 4714 3247 4770 scribit
3295 4714 3628 4786 Apostolus,

1989 4805 2156 4859 docet
2186 4820 2388 4858 omnes
2419 4803 2476 4857 in
2510 4821 2568 4858 re
2591 4803 2998 4874 hujuscemodi
3025 4810 3226 4859 cautos
3241 4820 3370 4858 esse
3401 4804 3629 4860 debere.

2059 4893 2176 4947 Non.
2205 4895 2538 4948 meministis
2569 4893 2708 4964 quod
2737 4909 2823 4948 me
2877 4894 3052 4949 adhuc
3101 4893 3246 4966 apud
3301 4910 3387 4948 vos
3424 4894 3636 4963 agende

1988 4983 2106 5038 haec
2137 4981 2461 5036 dicebantur
2489 4984 2675 5037 vobis?
2703 4983 2765 5036 Et
2793 4999 2941 5038 nunc
2987 4982 3115 5054 quid
3170 4985 3430 5054 detineat,
3461 4986 3632 5049 scitis,

1988 5072 2060 5126 ad
2087 5071 2205 5137 hoc,
2235 5075 2293 5124 ut
2325 5073 2594 5126 reveletur
2625 5072 2721 5125 ille
2746 5074 2802 5125 in
2834 5089 2930 5126 suo
2988 5081 3243 5144 tempore.
3284 5075 3398 5126 lloc
3431 5089 3633 5144 super-

1989 5176 2117 5215 esse
2149 5158 2307 5223 dicit,
2373 5165 2436 5213 ut
2485 5160 2768 5215 reveletur
2819 5161 2933 5227 ille,
2986 5163 3083 5232 qui
3138 5167 3270 5216 ante
3319 5162 3630 5215 Dominum

1992 5253 2272 5302 venturus
2303 5253 2482 5313 cst,ut
2504 5250 2629 5317 jam
2663 5255 2933 5318 speretur
2952 5255 3007 5303 et
3043 5251 3632 5315 llominusventurus,

1991 5337 2144 5408 quod
2178 5351 2376 5404 supra,
2410 5337 2574 5403 quasi
2609 5336 2717 5388 sub
2751 5337 3034 5392 velamine
3064 5339 3215 5392 fatus
3249 5343 3354 5406 est,
3391 5337 3630 5392 dicens:

1991 5427 2111 5479 Nisi
2131 5425 2286 5493 prius
2318 5426 2524 5477 venerit
2559 5422 2995 5493 defectio,quam
3030 5424 3189 5494 regni
3226 5424 3467 5479 Romani
3498 5425 3633 5479 abo-

2063 5526 2529 5602 (1291)_Verbum
2563 5525 2804 5582 continet
2836 5529 3235 5602 supplevimus
3259 5547 3326 5585 ex
3357 5531 3636 5602 operibus

1993 5598 2107 5658 divi
2139 5598 2451 5658 Ambrosii.
