  <div class='ocr_page' id='page_1' title='image "/cluster/home/n/w/nwhite01/storage/ocr_20150623/134-135/uva.x000829784/377.png"; bbox 0 0 3978 6210; ppageno 0'>
   <div class='ocr_carea' id='block_1_1' title="bbox 405 374 524 435">
    <p class='ocr_par' dir='ltr' id='par_1_1' title="bbox 405 374 524 435">
     <span class='ocr_line' id='line_1_1' title="bbox 405 374 524 435; baseline 0.017 -2"><span class='ocrx_word' id='word_1_1' title='bbox 405 374 524 435; x_wconf 76' lang='grc'>655</span> 
     </span>
    </p>
   </div>
   <div class='ocr_carea' id='block_1_2' title="bbox 1437 371 2798 432">
    <p class='ocr_par' dir='ltr' id='par_1_2' title="bbox 1437 371 2798 432">
     <span class='ocr_line' id='line_1_2' title="bbox 1437 371 2798 432; baseline 0.001 -4"><span class='ocrx_word' id='word_1_2' title='bbox 1437 373 1772 432; x_wconf 88' lang='lat' dir='ltr'>ATTONIS</span> <span class='ocrx_word' id='word_1_3' title='bbox 1819 371 2405 432; x_wconf 78' lang='lat' dir='ltr'>VERCELLENSIS</span> <span class='ocrx_word' id='word_1_4' title='bbox 2449 371 2798 432; x_wconf 87' lang='lat' dir='ltr'>EPISCOPI</span> 
     </span>
    </p>
   </div>
   <div class='ocr_carea' id='block_1_3' title="bbox 3701 367 3822 428">
    <p class='ocr_par' dir='ltr' id='par_1_3' title="bbox 3701 367 3822 428">
     <span class='ocr_line' id='line_1_3' title="bbox 3701 367 3822 428; baseline 0.008 -2"><span class='ocrx_word' id='word_1_5' title='bbox 3701 367 3822 428; x_wconf 79' lang='lat'>656</span> 
     </span>
    </p>
   </div>
   <div class='ocr_carea' id='block_1_4' title="bbox 407 497 3819 578">
    <p class='ocr_par' dir='ltr' id='par_1_4' title="bbox 407 497 3819 578">
     <span class='ocr_line' id='line_1_4' title="bbox 407 497 3819 578; baseline -0.003 -16"><span class='ocrx_word' id='word_1_6' title='bbox 407 506 763 578; x_wconf 89' lang='lat' dir='ltr'>ctquidquid</span> <span class='ocrx_word' id='word_1_7' title='bbox 787 504 999 573; x_wconf 88' lang='lat' dir='ltr'>sobrie,</span> <span class='ocrx_word' id='word_1_8' title='bbox 1023 507 1077 557; x_wconf 89' lang='lat' dir='ltr'>et</span> <span class='ocrx_word' id='word_1_9' title='bbox 1104 503 1247 556; x_wconf 86' lang='lat' dir='ltr'>bene</span> <span class='ocrx_word' id='word_1_10' title='bbox 1279 501 1498 556; x_wconf 87' lang='lat' dir='ltr'>dictum</span> <span class='ocrx_word' id='word_1_11' title='bbox 1551 502 1741 570; x_wconf 85' lang='lat' dir='ltr'>fuerit,</span> <span class='ocrx_word' id='word_1_12' title='bbox 1795 504 2044 558; x_wconf 83' lang='lat' dir='ltr'>retinen-</span> <span class='ocrx_word' id='word_1_13' title='bbox 2080 505 2128 568; x_wconf 87' lang='grc' dir='ltr'><strong>Α</strong></span> <span class='ocrx_word' id='word_1_14' title='bbox 2165 507 2352 558; x_wconf 81' lang='lat' dir='ltr'>strum</span> <span class='ocrx_word' id='word_1_15' title='bbox 2389 502 2677 573; x_wconf 84' lang='lat' dir='ltr'>dirigatin</span> <span class='ocrx_word' id='word_1_16' title='bbox 2701 501 3076 573; x_wconf 90' lang='lat' dir='ltr'>perfectione,</span> <span class='ocrx_word' id='word_1_17' title='bbox 3104 503 3168 555; x_wconf 90' lang='lat' dir='ltr'>ut</span> <span class='ocrx_word' id='word_1_18' title='bbox 3196 499 3420 572; x_wconf 84' lang='lat' dir='ltr'>integer</span> <span class='ocrx_word' id='word_1_19' title='bbox 3444 498 3521 554; x_wconf 85' lang='lat' dir='ltr'>sit</span> <span class='ocrx_word' id='word_1_20' title='bbox 3569 497 3819 571; x_wconf 81' lang='lat' dir='ltr'>spiritus</span> 
     </span>
    </p>
   </div>
   <div class='ocr_carea' id='block_1_5' title="bbox 406 591 2050 662">
    <p class='ocr_par' dir='ltr' id='par_1_5' title="bbox 406 591 2050 662">
     <span class='ocr_line' id='line_1_5' title="bbox 406 591 2050 662; baseline -0.003 -12"><span class='ocrx_word' id='word_1_21' title='bbox 406 597 570 650; x_wconf 88' lang='lat' dir='ltr'>dum.</span> <span class='ocrx_word' id='word_1_22' title='bbox 603 595 968 662; x_wconf 79' lang='lat' dir='ltr'>Quaecunque</span> <span class='ocrx_word' id='word_1_23' title='bbox 999 591 1150 646; x_wconf 88' lang='lat' dir='ltr'>enim</span> <span class='ocrx_word' id='word_1_24' title='bbox 1185 592 1606 660; x_wconf 72' lang='lat' dir='ltr'>apostolorum,</span> <span class='ocrx_word' id='word_1_25' title='bbox 1631 598 1685 645; x_wconf 88' lang='lat' dir='ltr'>et</span> <span class='ocrx_word' id='word_1_26' title='bbox 1717 593 1902 662; x_wconf 82' lang='lat' dir='ltr'>ipsius</span> <span class='ocrx_word' id='word_1_27' title='bbox 1941 600 2050 645; x_wconf 85' lang='lat' dir='ltr'>Uo-</span> 
     </span>
    </p>
   </div>
   <div class='ocr_carea' id='block_1_6' title="bbox 409 680 2047 751">
    <p class='ocr_par' dir='ltr' id='par_1_6' title="bbox 409 680 2047 751">
     <span class='ocr_line' id='line_1_6' title="bbox 409 680 2047 751; baseline -0.004 -12"><span class='ocrx_word' id='word_1_28' title='bbox 409 685 552 739; x_wconf 88' lang='lat' dir='ltr'>mini</span> <span class='ocrx_word' id='word_1_29' title='bbox 576 684 743 737; x_wconf 85' lang='lat' dir='ltr'>dictis</span> <span class='ocrx_word' id='word_1_30' title='bbox 767 686 1114 751; x_wconf 84' lang='lat' dir='ltr'>congruunt,</span> <span class='ocrx_word' id='word_1_31' title='bbox 1136 697 1202 734; x_wconf 89' lang='lat' dir='ltr'>eo</span> <span class='ocrx_word' id='word_1_32' title='bbox 1225 680 1369 734; x_wconf 89' lang='lat' dir='ltr'>bene</span> <span class='ocrx_word' id='word_1_33' title='bbox 1387 680 1541 733; x_wconf 83' lang='lat' dir='ltr'>dicta</span> <span class='ocrx_word' id='word_1_34' title='bbox 1566 681 1834 734; x_wconf 87' lang='lat' dir='ltr'>habenda</span> <span class='ocrx_word' id='word_1_35' title='bbox 1892 684 2047 746; x_wconf 91' lang='lat' dir='ltr'>sunt,</span> 
     </span>
    </p>
   </div>
   <div class='ocr_carea' id='block_1_7' title="bbox 406 769 2048 839">
    <p class='ocr_par' dir='ltr' id='par_1_7' title="bbox 406 769 2048 839">
     <span class='ocr_line' id='line_1_7' title="bbox 406 769 2048 839; baseline -0.004 -11"><span class='ocrx_word' id='word_1_36' title='bbox 406 778 462 828; x_wconf 90' lang='lat' dir='ltr'>et</span> <span class='ocrx_word' id='word_1_37' title='bbox 482 771 782 826; x_wconf 89' lang='lat' dir='ltr'>retinenda</span> <span class='ocrx_word' id='word_1_38' title='bbox 806 788 819 837; x_wconf 92' lang='lat'><strong>;</strong></span> <span class='ocrx_word' id='word_1_39' title='bbox 845 771 916 824; x_wconf 89' lang='lat' dir='ltr'>ab</span> <span class='ocrx_word' id='word_1_40' title='bbox 939 770 1027 823; x_wconf 86' lang='lat' dir='ltr'>his</span> <span class='ocrx_word' id='word_1_41' title='bbox 1061 775 1410 839; x_wconf 70' lang='lat' dir='ltr'>autem,quae</span> <span class='ocrx_word' id='word_1_42' title='bbox 1440 769 1678 823; x_wconf 89' lang='lat' dir='ltr'>inimica</span> <span class='ocrx_word' id='word_1_43' title='bbox 1699 769 1829 823; x_wconf 83' lang='lat' dir='ltr'>fidei</span> <span class='ocrx_word' id='word_1_44' title='bbox 1852 770 2048 822; x_wconf 88' lang='lat' dir='ltr'>viden-</span> 
     </span>
    </p>
   </div>
   <div class='ocr_carea' id='block_1_8' title="bbox 407 855 2052 927">
    <p class='ocr_par' dir='ltr' id='par_1_8' title="bbox 407 855 2052 927">
     <span class='ocr_line' id='line_1_8' title="bbox 407 855 2052 927; baseline -0.003 -12"><span class='ocrx_word' id='word_1_45' title='bbox 407 866 521 926; x_wconf 86' lang='lat' dir='ltr'>tur,</span> <span class='ocrx_word' id='word_1_46' title='bbox 547 859 980 915; x_wconf 88' lang='lat' dir='ltr'>abstinendum.</span> <span class='ocrx_word' id='word_1_47' title='bbox 1005 857 1202 911; x_wconf 90' lang='lat' dir='ltr'>Solent</span> <span class='ocrx_word' id='word_1_48' title='bbox 1222 858 1376 911; x_wconf 87' lang='lat' dir='ltr'>enim</span> <span class='ocrx_word' id='word_1_49' title='bbox 1401 857 1641 927; x_wconf 85' lang='lat' dir='ltr'>spiritus</span> <span class='ocrx_word' id='word_1_50' title='bbox 1667 856 1869 910; x_wconf 90' lang='lat' dir='ltr'>mundi</span> <span class='ocrx_word' id='word_1_51' title='bbox 1896 855 2052 910; x_wconf 86' lang='lat' dir='ltr'>falla-</span> 
     </span>
    </p>
   </div>
   <div class='ocr_carea' id='block_1_9' title="bbox 404 945 2053 1019">
    <p class='ocr_par' dir='ltr' id='par_1_9' title="bbox 404 945 2053 1019">
     <span class='ocr_line' id='line_1_9' title="bbox 404 945 2053 1019; baseline -0.003 -16"><span class='ocrx_word' id='word_1_52' title='bbox 404 948 546 1004; x_wconf 89' lang='lat' dir='ltr'>citer</span> <span class='ocrx_word' id='word_1_53' title='bbox 576 948 741 1019; x_wconf 90' lang='lat' dir='ltr'>quasi</span> <span class='ocrx_word' id='word_1_54' title='bbox 773 964 874 1018; x_wconf 92' lang='lat' dir='ltr'>per</span> <span class='ocrx_word' id='word_1_55' title='bbox 902 946 1287 1000; x_wconf 83' lang='lat' dir='ltr'>imitationem</span> <span class='ocrx_word' id='word_1_56' title='bbox 1321 945 1511 999; x_wconf 87' lang='lat' dir='ltr'>dicere</span> <span class='ocrx_word' id='word_1_57' title='bbox 1554 946 1726 1013; x_wconf 87' lang='lat' dir='ltr'>bona,</span> <span class='ocrx_word' id='word_1_58' title='bbox 1787 952 1842 1000; x_wconf 89' lang='lat' dir='ltr'>et</span> <span class='ocrx_word' id='word_1_59' title='bbox 1898 945 2053 999; x_wconf 86' lang='lat' dir='ltr'>inter</span> 
     </span>
    </p>
   </div>
   <div class='ocr_carea' id='block_1_10' title="bbox 403 1035 2048 1107">
    <p class='ocr_par' dir='ltr' id='par_1_10' title="bbox 403 1035 2048 1107">
     <span class='ocr_line' id='line_1_10' title="bbox 403 1035 2048 1107; baseline -0.003 -14"><span class='ocrx_word' id='word_1_60' title='bbox 403 1039 524 1094; x_wconf 61' lang='lat' dir='ltr'>hinc</span> <span class='ocrx_word' id='word_1_61' title='bbox 546 1038 930 1092; x_wconf 86' lang='lat' dir='ltr'>subinducere</span> <span class='ocrx_word' id='word_1_62' title='bbox 955 1053 1146 1107; x_wconf 88' lang='lat' dir='ltr'>prava,</span> <span class='ocrx_word' id='word_1_63' title='bbox 1173 1040 1237 1090; x_wconf 90' lang='lat' dir='ltr'>ut</span> <span class='ocrx_word' id='word_1_64' title='bbox 1258 1051 1360 1107; x_wconf 90' lang='lat' dir='ltr'>per</span> <span class='ocrx_word' id='word_1_65' title='bbox 1386 1035 1528 1100; x_wconf 61' lang='lat' dir='ltr'>hinc,</span> <span class='ocrx_word' id='word_1_66' title='bbox 1552 1052 1677 1106; x_wconf 85' lang='lat' dir='ltr'>quae</span> <span class='ocrx_word' id='word_1_67' title='bbox 1712 1036 1865 1089; x_wconf 90' lang='lat' dir='ltr'>bona</span> <span class='ocrx_word' id='word_1_68' title='bbox 1891 1039 2048 1100; x_wconf 89' lang='lat' dir='ltr'>sunt,</span> 
     </span>
    </p>
   </div>
   <div class='ocr_carea' id='block_1_11' title="bbox 401 1123 2051 1198">
    <p class='ocr_par' dir='ltr' id='par_1_11' title="bbox 401 1123 2051 1198">
     <span class='ocr_line' id='line_1_11' title="bbox 401 1123 2051 1198; baseline -0.002 -16"><span class='ocrx_word' id='word_1_69' title='bbox 401 1131 635 1198; x_wconf 89' lang='lat' dir='ltr'>accepto</span> <span class='ocrx_word' id='word_1_70' title='bbox 666 1127 928 1180; x_wconf 85' lang='lat' dir='ltr'>ferantur</span> <span class='ocrx_word' id='word_1_71' title='bbox 958 1130 1015 1179; x_wconf 90' lang='lat' dir='ltr'>et</span> <span class='ocrx_word' id='word_1_72' title='bbox 1045 1123 1232 1178; x_wconf 87' lang='lat' dir='ltr'>mala:</span> <span class='ocrx_word' id='word_1_73' title='bbox 1289 1128 1352 1178; x_wconf 90' lang='lat' dir='ltr'>ut</span> <span class='ocrx_word' id='word_1_74' title='bbox 1383 1124 1519 1194; x_wconf 89' lang='lat' dir='ltr'>quia</span> <span class='ocrx_word' id='word_1_75' title='bbox 1580 1124 1755 1178; x_wconf 89' lang='lat' dir='ltr'>unius</span> <span class='ocrx_word' id='word_1_76' title='bbox 1810 1123 2051 1193; x_wconf 85' lang='lat' dir='ltr'>spiritus</span> 
     </span>
    </p>
   </div>
   <div class='ocr_carea' id='block_1_12' title="bbox 400 1211 2053 1285">
    <p class='ocr_par' dir='ltr' id='par_1_12' title="bbox 400 1211 2053 1285">
     <span class='ocr_line' id='line_1_12' title="bbox 400 1211 2053 1285; baseline -0.002 -16"><span class='ocrx_word' id='word_1_77' title='bbox 400 1215 554 1270; x_wconf 87' lang='lat' dir='ltr'>dicta</span> <span class='ocrx_word' id='word_1_78' title='bbox 575 1219 877 1285; x_wconf 89' lang='lat' dir='ltr'>putantur,</span> <span class='ocrx_word' id='word_1_79' title='bbox 895 1230 1007 1268; x_wconf 91' lang='lat' dir='ltr'>non</span> <span class='ocrx_word' id='word_1_80' title='bbox 1031 1213 1440 1268; x_wconf 82' lang='lat' dir='ltr'>discernantur</span> <span class='ocrx_word' id='word_1_81' title='bbox 1457 1213 1527 1266; x_wconf 89' lang='lat' dir='ltr'>ab</span> <span class='ocrx_word' id='word_1_82' title='bbox 1550 1211 1926 1277; x_wconf 89' lang='lat' dir='ltr'>invicem,sed</span> <span class='ocrx_word' id='word_1_83' title='bbox 1954 1228 2053 1282; x_wconf 91' lang='lat' dir='ltr'>per</span> 
     </span>
    </p>
   </div>
   <div class='ocr_carea' id='block_1_13' title="bbox 399 1300 2050 1374">
    <p class='ocr_par' dir='ltr' id='par_1_13' title="bbox 399 1300 2050 1374">
     <span class='ocr_line' id='line_1_13' title="bbox 399 1300 2050 1374; baseline -0.002 -18"><span class='ocrx_word' id='word_1_84' title='bbox 399 1303 479 1370; x_wconf 91' lang='lat' dir='ltr'>id,</span> <span class='ocrx_word' id='word_1_85' title='bbox 497 1304 651 1374; x_wconf 92' lang='lat' dir='ltr'>quod</span> <span class='ocrx_word' id='word_1_86' title='bbox 678 1303 905 1357; x_wconf 91' lang='lat' dir='ltr'>licitum</span> <span class='ocrx_word' id='word_1_87' title='bbox 931 1308 1039 1371; x_wconf 89' lang='lat' dir='ltr'>est,</span> <span class='ocrx_word' id='word_1_88' title='bbox 1065 1302 1508 1356; x_wconf 85' lang='lat' dir='ltr'>commendetur</span> <span class='ocrx_word' id='word_1_89' title='bbox 1526 1300 1819 1368; x_wconf 87' lang='lat' dir='ltr'>illicitum,</span> <span class='ocrx_word' id='word_1_90' title='bbox 1853 1305 2050 1354; x_wconf 88' lang='lat' dir='ltr'>aucto-</span> 
     </span>
    </p>
   </div>
   <div class='ocr_carea' id='block_1_14' title="bbox 398 1389 2050 1460">
    <p class='ocr_par' dir='ltr' id='par_1_14' title="bbox 398 1389 2050 1460">
     <span class='ocr_line' id='line_1_14' title="bbox 398 1389 2050 1460; baseline -0.003 -13"><span class='ocrx_word' id='word_1_91' title='bbox 398 1393 568 1447; x_wconf 87' lang='lat' dir='ltr'>ritate</span> <span class='ocrx_word' id='word_1_92' title='bbox 593 1392 869 1460; x_wconf 86' lang='lat' dir='ltr'>nominis,</span> <span class='ocrx_word' id='word_1_93' title='bbox 906 1408 1017 1445; x_wconf 94' lang='lat' dir='ltr'>non</span> <span class='ocrx_word' id='word_1_94' title='bbox 1052 1390 1274 1446; x_wconf 82' lang='lat' dir='ltr'>ratione</span> <span class='ocrx_word' id='word_1_95' title='bbox 1325 1390 1579 1446; x_wconf 90' lang='lat' dir='ltr'>virtutis.</span> <span class='ocrx_word' id='word_1_96' title='bbox 1642 1389 1840 1444; x_wconf 87' lang='lat' dir='ltr'>Solent</span> <span class='ocrx_word' id='word_1_97' title='bbox 1895 1389 2050 1444; x_wconf 90' lang='lat' dir='ltr'>enim</span> 
     </span>
    </p>
   </div>
   <div class='ocr_carea' id='block_1_15' title="bbox 400 1477 2053 1551">
    <p class='ocr_par' dir='ltr' id='par_1_15' title="bbox 400 1477 2053 1551">
     <span class='ocr_line' id='line_1_15' title="bbox 400 1477 2053 1551; baseline -0.003 -15"><span class='ocrx_word' id='word_1_98' title='bbox 400 1481 509 1536; x_wconf 88' lang='lat' dir='ltr'>sub</span> <span class='ocrx_word' id='word_1_99' title='bbox 524 1479 921 1551; x_wconf 81' lang='lat' dir='ltr'>apostolorum</span> <span class='ocrx_word' id='word_1_100' title='bbox 945 1479 1260 1548; x_wconf 86' lang='lat' dir='ltr'>nomine,et</span> <span class='ocrx_word' id='word_1_101' title='bbox 1276 1477 1462 1549; x_wconf 89' lang='lat' dir='ltr'>ipsius</span> <span class='ocrx_word' id='word_1_102' title='bbox 1477 1478 1789 1544; x_wconf 90' lang='lat' dir='ltr'>Domini,et</span> <span class='ocrx_word' id='word_1_103' title='bbox 1803 1478 2053 1533; x_wconf 87' lang='lat' dir='ltr'>nefanda</span> 
     </span>
    </p>
   </div>
   <div class='ocr_carea' id='block_1_16' title="bbox 402 1567 2049 1638">
    <p class='ocr_par' dir='ltr' id='par_1_16' title="bbox 402 1567 2049 1638">
     <span class='ocr_line' id='line_1_16' title="bbox 402 1567 2049 1638; baseline -0.004 -13"><span class='ocrx_word' id='word_1_104' title='bbox 402 1570 627 1638; x_wconf 89' lang='lat' dir='ltr'>docere,</span> <span class='ocrx_word' id='word_1_105' title='bbox 650 1574 706 1623; x_wconf 91' lang='lat' dir='ltr'>et</span> <span class='ocrx_word' id='word_1_106' title='bbox 726 1569 984 1624; x_wconf 87' lang='lat' dir='ltr'>adversa.</span> <span class='ocrx_word' id='word_1_107' title='bbox 1009 1568 1258 1638; x_wconf 85' lang='lat' dir='ltr'>Ideoque</span> <span class='ocrx_word' id='word_1_108' title='bbox 1280 1568 1477 1622; x_wconf 84' lang='lat' dir='ltr'>omnia</span> <span class='ocrx_word' id='word_1_109' title='bbox 1509 1567 1811 1638; x_wconf 89' lang='lat' dir='ltr'>probanda</span> <span class='ocrx_word' id='word_1_110' title='bbox 1832 1569 2049 1634; x_wconf 89' lang='lat' dir='ltr'>monet,</span> 
     </span>
    </p>
   </div>
   <div class='ocr_carea' id='block_1_17' title="bbox 401 1655 2050 1729">
    <p class='ocr_par' dir='ltr' id='par_1_17' title="bbox 401 1655 2050 1729">
     <span class='ocr_line' id='line_1_17' title="bbox 401 1655 2050 1729; baseline -0.002 -16"><span class='ocrx_word' id='word_1_111' title='bbox 401 1658 539 1728; x_wconf 85' lang='lat' dir='ltr'>quia</span> <span class='ocrx_word' id='word_1_112' title='bbox 561 1674 674 1713; x_wconf 91' lang='lat' dir='ltr'>non</span> <span class='ocrx_word' id='word_1_113' title='bbox 698 1661 945 1729; x_wconf 89' lang='lat' dir='ltr'>possunt</span> <span class='ocrx_word' id='word_1_114' title='bbox 968 1656 1200 1726; x_wconf 90' lang='lat' dir='ltr'>eloquia</span> <span class='ocrx_word' id='word_1_115' title='bbox 1223 1655 1450 1710; x_wconf 90' lang='lat' dir='ltr'>Domini</span> <span class='ocrx_word' id='word_1_116' title='bbox 1475 1671 1603 1710; x_wconf 85' lang='lat' dir='ltr'>esse</span> <span class='ocrx_word' id='word_1_117' title='bbox 1625 1656 1871 1710; x_wconf 87' lang='lat' dir='ltr'>diversa.</span> <span class='ocrx_word' id='word_1_118' title='bbox 1905 1656 2050 1709; x_wconf 83' lang='lat' dir='ltr'>Hinc</span> 
     </span>
    </p>
   </div>
   <div class='ocr_carea' id='block_1_18' title="bbox 400 1743 2048 1815">
    <p class='ocr_par' dir='ltr' id='par_1_18' title="bbox 400 1743 2048 1815">
     <span class='ocr_line' id='line_1_18' title="bbox 400 1743 2048 1815; baseline -0.003 -14"><span class='ocrx_word' id='word_1_119' title='bbox 400 1751 490 1802; x_wconf 87' lang='lat' dir='ltr'>est</span> <span class='ocrx_word' id='word_1_120' title='bbox 519 1747 673 1801; x_wconf 89' lang='lat' dir='ltr'>unde</span> <span class='ocrx_word' id='word_1_121' title='bbox 699 1750 756 1799; x_wconf 90' lang='lat' dir='ltr'>et</span> <span class='ocrx_word' id='word_1_122' title='bbox 784 1745 1027 1800; x_wconf 84' lang='lat' dir='ltr'>Joannis</span> <span class='ocrx_word' id='word_1_123' title='bbox 1059 1744 1306 1815; x_wconf 86' lang='lat' dir='ltr'>apostoli</span> <span class='ocrx_word' id='word_1_124' title='bbox 1351 1743 1650 1814; x_wconf 87' lang='lat' dir='ltr'>Epistola:</span> <span class='ocrx_word' id='word_1_125' title='bbox 1707 1745 1904 1807; x_wconf 79' lang='lat' dir='ltr'>Nolite,</span> <span class='ocrx_word' id='word_1_126' title='bbox 1960 1743 2048 1797; x_wconf 91' lang='lat' dir='ltr'>in-</span> 
     </span>
    </p>
   </div>
   <div class='ocr_carea' id='block_1_19' title="bbox 401 1833 2050 1905">
    <p class='ocr_par' dir='ltr' id='par_1_19' title="bbox 401 1833 2050 1905">
     <span class='ocr_line' id='line_1_19' title="bbox 401 1833 2050 1905; baseline -0.001 -17"><span class='ocrx_word' id='word_1_127' title='bbox 401 1835 547 1905; x_wconf 91' lang='lat' dir='ltr'>quit,</span> <span class='ocrx_word' id='word_1_128' title='bbox 580 1835 979 1904; x_wconf 86' lang='lat' dir='ltr'>omnispiritui</span> <span class='ocrx_word' id='word_1_129' title='bbox 1006 1833 1244 1897; x_wconf 81' lang='lat' dir='ltr'>credere,</span> <span class='ocrx_word' id='word_1_130' title='bbox 1291 1833 1383 1888; x_wconf 86' lang='lat' dir='ltr'>sed</span> <span class='ocrx_word' id='word_1_131' title='bbox 1407 1835 1635 1902; x_wconf 80' lang='lat' dir='ltr'>probate</span> <span class='ocrx_word' id='word_1_132' title='bbox 1691 1833 1941 1903; x_wconf 83' lang='lat' dir='ltr'>spiritus,</span> <span class='ocrx_word' id='word_1_133' title='bbox 1999 1833 2050 1886; x_wconf 97' lang='lat' dir='ltr'>si</span> 
     </span>
    </p>
   </div>
   <div class='ocr_carea' id='block_1_20' title="bbox 398 1919 2043 1992">
    <p class='ocr_par' dir='ltr' id='par_1_20' title="bbox 398 1919 2043 1992">
     <span class='ocr_line' id='line_1_20' title="bbox 398 1919 2043 1992; baseline -0.002 -15"><span class='ocrx_word' id='word_1_134' title='bbox 398 1938 468 1977; x_wconf 71' lang='lat' dir='ltr'>ea:</span> <span class='ocrx_word' id='word_1_135' title='bbox 496 1925 600 1978; x_wconf 88' lang='lat' dir='ltr'>Deo</span> <span class='ocrx_word' id='word_1_136' title='bbox 627 1928 758 1977; x_wconf 85' lang='lat' dir='ltr'>sunt</span> <span class='ocrx_word' id='word_1_137' title='bbox 776 1923 824 1992; x_wconf 91' lang='grc'>(1</span> <span class='ocrx_word' id='word_1_138' title='bbox 845 1924 1000 1977; x_wconf 88' lang='lat' dir='ltr'>Joan.</span> <span class='ocrx_word' id='word_1_139' title='bbox 1038 1938 1110 1987; x_wconf 87' lang='lat' dir='ltr'>1v,</span> <span class='ocrx_word' id='word_1_140' title='bbox 1140 1922 1189 1991; x_wconf 89' lang='grc'>1)</span> <span class='ocrx_word' id='word_1_141' title='bbox 1216 1941 1228 1987; x_wconf 74' lang='grc' dir='ltr'>ς</span> <span class='ocrx_word' id='word_1_142' title='bbox 1255 1921 1394 1992; x_wconf 88' lang='lat' dir='ltr'>quia</span> <span class='ocrx_word' id='word_1_143' title='bbox 1416 1922 1462 1976; x_wconf 90' lang='lat' dir='ltr'>si</span> <span class='ocrx_word' id='word_1_144' title='bbox 1489 1921 1674 1975; x_wconf 88' lang='lat' dir='ltr'>multa</span> <span class='ocrx_word' id='word_1_145' title='bbox 1695 1921 1846 1975; x_wconf 90' lang='lat' dir='ltr'>bona</span> <span class='ocrx_word' id='word_1_146' title='bbox 1867 1919 2043 1986; x_wconf 90' lang='lat' dir='ltr'>dicat;</span> 
     </span>
    </p>
   </div>
   <div class='ocr_carea' id='block_1_21' title="bbox 398 2009 2045 2080">
    <p class='ocr_par' dir='ltr' id='par_1_21' title="bbox 398 2009 2045 2080">
     <span class='ocr_line' id='line_1_21' title="bbox 398 2009 2045 2080; baseline -0.001 -15"><span class='ocrx_word' id='word_1_147' title='bbox 398 2011 458 2065; x_wconf 91' lang='lat' dir='ltr'>in</span> <span class='ocrx_word' id='word_1_148' title='bbox 482 2010 676 2080; x_wconf 89' lang='lat' dir='ltr'>aliquo</span> <span class='ocrx_word' id='word_1_149' title='bbox 703 2014 919 2074; x_wconf 88' lang='lat' dir='ltr'>autem,</span> <span class='ocrx_word' id='word_1_150' title='bbox 945 2011 1098 2080; x_wconf 89' lang='lat' dir='ltr'>quod</span> <span class='ocrx_word' id='word_1_151' title='bbox 1135 2009 1270 2064; x_wconf 85' lang='lat' dir='ltr'>ﬁdei</span> <span class='ocrx_word' id='word_1_152' title='bbox 1312 2010 1618 2064; x_wconf 88' lang='lat' dir='ltr'>adversum</span> <span class='ocrx_word' id='word_1_153' title='bbox 1654 2014 1761 2076; x_wconf 91' lang='lat' dir='ltr'>est,</span> <span class='ocrx_word' id='word_1_154' title='bbox 1795 2015 2045 2080; x_wconf 87' lang='lat' dir='ltr'>promat,</span> 
     </span>
    </p>
   </div>
   <div class='ocr_carea' id='block_1_22' title="bbox 397 2097 2044 2169">
    <p class='ocr_par' dir='ltr' id='par_1_22' title="bbox 397 2097 2044 2169">
     <span class='ocr_line' id='line_1_22' title="bbox 397 2097 2044 2169; baseline -0.002 -15"><span class='ocrx_word' id='word_1_155' title='bbox 397 2100 747 2156; x_wconf 87' lang='lat' dir='ltr'>sciaturnon</span> <span class='ocrx_word' id='word_1_156' title='bbox 769 2115 897 2153; x_wconf 90' lang='lat' dir='ltr'>esse</span> <span class='ocrx_word' id='word_1_157' title='bbox 918 2098 1173 2169; x_wconf 89' lang='lat' dir='ltr'>Spiritus</span> <span class='ocrx_word' id='word_1_158' title='bbox 1195 2103 1454 2154; x_wconf 89' lang='lat' dir='ltr'>sanctus.</span> <span class='ocrx_word' id='word_1_159' title='bbox 1488 2097 1642 2152; x_wconf 88' lang='lat' dir='ltr'>Nihil</span> <span class='ocrx_word' id='word_1_160' title='bbox 1672 2099 1826 2152; x_wconf 89' lang='lat' dir='ltr'>enim</span> <span class='ocrx_word' id='word_1_161' title='bbox 1889 2115 2044 2152; x_wconf 87' lang='lat' dir='ltr'>erro-</span> 
     </span>
    </p>
   </div>
   <div class='ocr_carea' id='block_1_23' title="bbox 398 2186 2048 2257">
    <p class='ocr_par' dir='ltr' id='par_1_23' title="bbox 398 2186 2048 2257">
     <span class='ocr_line' id='line_1_23' title="bbox 398 2186 2048 2257; baseline -0.001 -15"><span class='ocrx_word' id='word_1_162' title='bbox 398 2188 478 2242; x_wconf 91' lang='lat' dir='ltr'>ris</span> <span class='ocrx_word' id='word_1_163' title='bbox 500 2187 558 2242; x_wconf 92' lang='lat' dir='ltr'>in</span> <span class='ocrx_word' id='word_1_164' title='bbox 581 2192 782 2242; x_wconf 88' lang='lat' dir='ltr'>sancto</span> <span class='ocrx_word' id='word_1_165' title='bbox 806 2186 1021 2257; x_wconf 88' lang='lat' dir='ltr'>Spiritu</span> <span class='ocrx_word' id='word_1_166' title='bbox 1049 2186 1259 2256; x_wconf 89' lang='lat' dir='ltr'>poterit</span> <span class='ocrx_word' id='word_1_167' title='bbox 1306 2186 1564 2256; x_wconf 86' lang='lat' dir='ltr'>reperiri.</span> <span class='ocrx_word' id='word_1_168' title='bbox 1631 2187 1741 2241; x_wconf 84' lang='lat' dir='ltr'>Sed</span> <span class='ocrx_word' id='word_1_169' title='bbox 1796 2190 1898 2240; x_wconf 89' lang='lat' dir='ltr'>aut</span> <span class='ocrx_word' id='word_1_170' title='bbox 1946 2203 2048 2257; x_wconf 91' lang='lat' dir='ltr'>per</span> 
     </span>
    </p>
   </div>
   <div class='ocr_carea' id='block_1_24' title="bbox 397 2272 2046 2345">
    <p class='ocr_par' dir='ltr' id='par_1_24' title="bbox 397 2272 2046 2345">
     <span class='ocr_line' id='line_1_24' title="bbox 397 2272 2046 2345; baseline -0.001 -15"><span class='ocrx_word' id='word_1_171' title='bbox 397 2275 738 2330; x_wconf 82' lang='lat' dir='ltr'>exercitium</span> <span class='ocrx_word' id='word_1_172' title='bbox 760 2274 970 2343; x_wconf 89' lang='lat' dir='ltr'>eloquii</span> <span class='ocrx_word' id='word_1_173' title='bbox 993 2275 1260 2344; x_wconf 60' lang='lat' dir='ltr'>quiedam</span> <span class='ocrx_word' id='word_1_174' title='bbox 1283 2272 1591 2345; x_wconf 84' lang='lat' dir='ltr'>spiritalia,</span> <span class='ocrx_word' id='word_1_175' title='bbox 1625 2274 1890 2344; x_wconf 63' lang='lat' dir='ltr'>quaedam</span> <span class='ocrx_word' id='word_1_176' title='bbox 1915 2289 2046 2328; x_wconf 88' lang='lat' dir='ltr'>vero</span> 
     </span>
    </p>
   </div>
   <div class='ocr_carea' id='block_1_25' title="bbox 397 2362 2048 2434">
    <p class='ocr_par' dir='ltr' id='par_1_25' title="bbox 397 2362 2048 2434">
     <span class='ocr_line' id='line_1_25' title="bbox 397 2362 2048 2434; baseline -0.001 -16"><span class='ocrx_word' id='word_1_177' title='bbox 397 2363 675 2428; x_wconf 84' lang='lat' dir='ltr'>carnalia,</span> <span class='ocrx_word' id='word_1_178' title='bbox 705 2363 844 2433; x_wconf 89' lang='lat' dir='ltr'>quia</span> <span class='ocrx_word' id='word_1_179' title='bbox 871 2363 1062 2417; x_wconf 89' lang='lat' dir='ltr'>omnis</span> <span class='ocrx_word' id='word_1_180' title='bbox 1115 2379 1274 2416; x_wconf 89' lang='lat' dir='ltr'>error</span> <span class='ocrx_word' id='word_1_181' title='bbox 1333 2362 1489 2417; x_wconf 89' lang='lat' dir='ltr'>carni</span> <span class='ocrx_word' id='word_1_182' title='bbox 1551 2363 1886 2434; x_wconf 88' lang='lat' dir='ltr'>deputatur,</span> <span class='ocrx_word' id='word_1_183' title='bbox 1947 2367 2048 2416; x_wconf 89' lang='lat' dir='ltr'>aut</span> 
     </span>
    </p>
   </div>
   <div class='ocr_carea' id='block_1_26' title="bbox 397 2450 2047 2520">
    <p class='ocr_par' dir='ltr' id='par_1_26' title="bbox 397 2450 2047 2520">
     <span class='ocr_line' id='line_1_26' title="bbox 397 2450 2047 2520; baseline 0 -16"><span class='ocrx_word' id='word_1_184' title='bbox 397 2455 547 2506; x_wconf 89' lang='lat' dir='ltr'>certe</span> <span class='ocrx_word' id='word_1_185' title='bbox 566 2455 894 2505; x_wconf 91' lang='lat' dir='ltr'>commento</span> <span class='ocrx_word' id='word_1_186' title='bbox 919 2451 1175 2520; x_wconf 90' lang='lat' dir='ltr'>quodam</span> <span class='ocrx_word' id='word_1_187' title='bbox 1198 2450 1425 2504; x_wconf 70' lang='lat' dir='ltr'>astutia:</span> <span class='ocrx_word' id='word_1_188' title='bbox 1451 2450 1602 2504; x_wconf 90' lang='lat' dir='ltr'>bona</span> <span class='ocrx_word' id='word_1_189' title='bbox 1640 2450 1827 2520; x_wconf 84' lang='lat' dir='ltr'>ﬁngit,</span> <span class='ocrx_word' id='word_1_190' title='bbox 1862 2454 1926 2504; x_wconf 93' lang='lat' dir='ltr'>ut</span> <span class='ocrx_word' id='word_1_191' title='bbox 1954 2450 2047 2504; x_wconf 89' lang='lat' dir='ltr'>his</span> 
     </span>
    </p>
   </div>
   <div class='ocr_carea' id='block_1_27' title="bbox 395 2537 2038 2608">
    <p class='ocr_par' dir='ltr' id='par_1_27' title="bbox 395 2537 2038 2608">
     <span class='ocr_line' id='line_1_27' title="bbox 395 2537 2038 2608; baseline 0 -16"><span class='ocrx_word' id='word_1_192' title='bbox 395 2539 616 2593; x_wconf 89' lang='lat' dir='ltr'>inserat</span> <span class='ocrx_word' id='word_1_193' title='bbox 648 2537 820 2607; x_wconf 83' lang='lat' dir='ltr'>mala,</span> <span class='ocrx_word' id='word_1_194' title='bbox 858 2539 1008 2592; x_wconf 89' lang='lat' dir='ltr'>sicut</span> <span class='ocrx_word' id='word_1_195' title='bbox 1037 2555 1215 2606; x_wconf 89' lang='lat' dir='ltr'>supra</span> <span class='ocrx_word' id='word_1_196' title='bbox 1243 2539 1554 2592; x_wconf 83' lang='lat' dir='ltr'>memoravi</span> <span class='ocrx_word' id='word_1_197' title='bbox 1589 2555 1599 2592; x_wconf 92' lang='lat'>:</span> <span class='ocrx_word' id='word_1_198' title='bbox 1664 2539 2038 2608; x_wconf 88' lang='lat' dir='ltr'>quemadmo-</span> 
     </span>
    </p>
   </div>
   <div class='ocr_carea' id='block_1_28' title="bbox 395 2626 2043 2698">
    <p class='ocr_par' dir='ltr' id='par_1_28' title="bbox 395 2626 2043 2698">
     <span class='ocr_line' id='line_1_28' title="bbox 395 2626 2043 2698; baseline 0 -16"><span class='ocrx_word' id='word_1_199' title='bbox 395 2628 537 2682; x_wconf 90' lang='lat' dir='ltr'>dum</span> <span class='ocrx_word' id='word_1_200' title='bbox 559 2627 616 2680; x_wconf 90' lang='lat' dir='ltr'>in</span> <span class='ocrx_word' id='word_1_201' title='bbox 649 2627 946 2690; x_wconf 86' lang='lat' dir='ltr'>Montano,</span> <span class='ocrx_word' id='word_1_202' title='bbox 978 2632 1033 2681; x_wconf 91' lang='lat' dir='ltr'>ct</span> <span class='ocrx_word' id='word_1_203' title='bbox 1056 2626 1335 2695; x_wconf 80' lang='lat' dir='ltr'>Priscilla,</span> <span class='ocrx_word' id='word_1_204' title='bbox 1369 2631 1424 2681; x_wconf 91' lang='lat' dir='ltr'>et</span> <span class='ocrx_word' id='word_1_205' title='bbox 1457 2626 1774 2681; x_wconf 80' lang='lat' dir='ltr'>Maximilla</span> <span class='ocrx_word' id='word_1_206' title='bbox 1795 2627 2043 2698; x_wconf 89' lang='lat' dir='ltr'>prophe-</span> 
     </span>
    </p>
   </div>
   <div class='ocr_carea' id='block_1_29' title="bbox 393 2715 2044 2786">
    <p class='ocr_par' dir='ltr' id='par_1_29' title="bbox 393 2715 2044 2786">
     <span class='ocr_line' id='line_1_29' title="bbox 393 2715 2044 2786; baseline -0.001 -15"><span class='ocrx_word' id='word_1_207' title='bbox 393 2715 969 2786; x_wconf 83' lang='lat' dir='ltr'>tisCataphrygarum</span> <span class='ocrx_word' id='word_1_208' title='bbox 984 2715 1226 2785; x_wconf 89' lang='lat' dir='ltr'>spiritus</span> <span class='ocrx_word' id='word_1_209' title='bbox 1240 2716 1443 2769; x_wconf 89' lang='lat' dir='ltr'>mundi</span> <span class='ocrx_word' id='word_1_210' title='bbox 1458 2715 1778 2770; x_wconf 89' lang='lat' dir='ltr'>imitatione</span> <span class='ocrx_word' id='word_1_211' title='bbox 1791 2716 2044 2785; x_wconf 85' lang='lat' dir='ltr'>quadam</span> 
     </span>
    </p>
   </div>
   <div class='ocr_carea' id='block_1_30' title="bbox 393 2803 2044 2874">
    <p class='ocr_par' dir='ltr' id='par_1_30' title="bbox 393 2803 2044 2874">
     <span class='ocr_line' id='line_1_30' title="bbox 393 2803 2044 2874; baseline 0 -15"><span class='ocrx_word' id='word_1_212' title='bbox 393 2805 533 2859; x_wconf 88' lang='lat' dir='ltr'>boni</span> <span class='ocrx_word' id='word_1_213' title='bbox 564 2803 882 2870; x_wconf 87' lang='lat' dir='ltr'>simulavit,</span> <span class='ocrx_word' id='word_1_214' title='bbox 919 2809 981 2858; x_wconf 89' lang='lat' dir='ltr'>ut</span> <span class='ocrx_word' id='word_1_215' title='bbox 1012 2821 1112 2874; x_wconf 92' lang='lat' dir='ltr'>per</span> <span class='ocrx_word' id='word_1_216' title='bbox 1145 2803 1329 2858; x_wconf 89' lang='lat' dir='ltr'>multa</span> <span class='ocrx_word' id='word_1_217' title='bbox 1359 2803 1720 2868; x_wconf 87' lang='lat' dir='ltr'>verisimilia,</span> <span class='ocrx_word' id='word_1_218' title='bbox 1767 2820 1870 2858; x_wconf 89' lang='lat' dir='ltr'>nec</span> <span class='ocrx_word' id='word_1_219' title='bbox 1929 2820 2044 2859; x_wconf 91' lang='lat' dir='ltr'>non</span> 
     </span>
    </p>
   </div>
   <div class='ocr_carea' id='block_1_31' title="bbox 391 2891 1900 2962">
    <p class='ocr_par' dir='ltr' id='par_1_31' title="bbox 391 2891 1900 2962">
     <span class='ocr_line' id='line_1_31' title="bbox 391 2891 1900 2962; baseline -0.001 -15"><span class='ocrx_word' id='word_1_220' title='bbox 391 2897 450 2947; x_wconf 89' lang='lat' dir='ltr'>et</span> <span class='ocrx_word' id='word_1_221' title='bbox 477 2908 635 2956; x_wconf 90' lang='lat' dir='ltr'>vera,</span> <span class='ocrx_word' id='word_1_222' title='bbox 669 2891 1015 2946; x_wconf 89' lang='lat' dir='ltr'>mentiretur</span> <span class='ocrx_word' id='word_1_223' title='bbox 1045 2908 1107 2946; x_wconf 91' lang='lat' dir='ltr'>se</span> <span class='ocrx_word' id='word_1_224' title='bbox 1137 2908 1266 2947; x_wconf 90' lang='lat' dir='ltr'>esse</span> <span class='ocrx_word' id='word_1_225' title='bbox 1297 2892 1580 2962; x_wconf 89' lang='lat' dir='ltr'>Spiritum</span> <span class='ocrx_word' id='word_1_226' title='bbox 1612 2897 1900 2946; x_wconf 87' lang='lat' dir='ltr'>sanctum.</span> 
     </span>
    </p>
   </div>
   <div class='ocr_carea' id='block_1_32' title="bbox 465 2982 2046 3052">
    <p class='ocr_par' dir='ltr' id='par_1_32' title="bbox 465 2982 2046 3052">
     <span class='ocr_line' id='line_1_32' title="bbox 465 2982 2046 3052; baseline 0 -16"><span class='ocrx_word' id='word_1_227' title='bbox 465 2983 584 3052; x_wconf 79' lang='lat' dir='ltr'>Ipse</span> <span class='ocrx_word' id='word_1_228' title='bbox 631 2989 813 3034; x_wconf 81' lang='lat' dir='ltr'>autem</span> <span class='ocrx_word' id='word_1_229' title='bbox 860 2982 996 3036; x_wconf 83' lang='lat' dir='ltr'>Deus</span> <span class='ocrx_word' id='word_1_230' title='bbox 1039 2983 1194 3051; x_wconf 83' lang='lat' dir='ltr'>pacis</span> <span class='ocrx_word' id='word_1_231' title='bbox 1240 2982 1539 3050; x_wconf 79' lang='lat' dir='ltr'>sanctiﬁcet</span> <span class='ocrx_word' id='word_1_232' title='bbox 1580 2997 1669 3036; x_wconf 85' lang='lat' dir='ltr'>vos</span> <span class='ocrx_word' id='word_1_233' title='bbox 1711 2998 1814 3052; x_wconf 84' lang='lat' dir='ltr'>per</span> <span class='ocrx_word' id='word_1_234' title='bbox 1857 2982 2046 3036; x_wconf 85' lang='lat' dir='ltr'>omnia</span> 
     </span>
    </p>
   </div>
   <div class='ocr_carea' id='block_1_33' title="bbox 392 3070 2042 3141">
    <p class='ocr_par' dir='ltr' id='par_1_33' title="bbox 392 3070 2042 3141">
     <span class='ocr_line' id='line_1_33' title="bbox 392 3070 2042 3141; baseline -0.001 -17"><span class='ocrx_word' id='word_1_235' title='bbox 392 3073 678 3141; x_wconf 81' lang='lat' dir='ltr'>perfectos,</span> <span class='ocrx_word' id='word_1_236' title='bbox 705 3077 761 3123; x_wconf 89' lang='lat' dir='ltr'>ut</span> <span class='ocrx_word' id='word_1_237' title='bbox 794 3070 1003 3137; x_wconf 81' lang='lat' dir='ltr'>integer</span> <span class='ocrx_word' id='word_1_238' title='bbox 1030 3071 1260 3140; x_wconf 80' lang='lat' dir='ltr'>spiritus</span> <span class='ocrx_word' id='word_1_239' title='bbox 1293 3073 1478 3139; x_wconf 80' lang='lat' dir='ltr'>vester,</span> <span class='ocrx_word' id='word_1_240' title='bbox 1511 3075 1561 3124; x_wconf 86' lang='lat' dir='ltr'>et</span> <span class='ocrx_word' id='word_1_241' title='bbox 1589 3072 1801 3137; x_wconf 85' lang='lat' dir='ltr'>anima,</span> <span class='ocrx_word' id='word_1_242' title='bbox 1831 3079 1884 3125; x_wconf 91' lang='lat' dir='ltr'>et</span> <span class='ocrx_word' id='word_1_243' title='bbox 1921 3087 2042 3124; x_wconf 83' lang='lat' dir='ltr'>ror-</span> 
     </span>
    </p>
   </div>
   <div class='ocr_carea' id='block_1_34' title="bbox 393 3158 2043 3230">
    <p class='ocr_par' dir='ltr' id='par_1_34' title="bbox 393 3158 2043 3230">
     <span class='ocr_line' id='line_1_34' title="bbox 393 3158 2043 3230; baseline 0.001 -18"><span class='ocrx_word' id='word_1_244' title='bbox 393 3175 496 3230; x_wconf 84' lang='lat' dir='ltr'>pus</span> <span class='ocrx_word' id='word_1_245' title='bbox 516 3159 636 3213; x_wconf 85' lang='lat' dir='ltr'>sine</span> <span class='ocrx_word' id='word_1_246' title='bbox 656 3159 878 3227; x_wconf 84' lang='lat' dir='ltr'>querela</span> <span class='ocrx_word' id='word_1_247' title='bbox 899 3161 954 3212; x_wconf 86' lang='lat' dir='ltr'>in</span> <span class='ocrx_word' id='word_1_248' title='bbox 979 3158 1214 3213; x_wconf 79' lang='lat' dir='ltr'>adventu</span> <span class='ocrx_word' id='word_1_249' title='bbox 1238 3161 1466 3214; x_wconf 85' lang='lat' dir='ltr'>Domini</span> <span class='ocrx_word' id='word_1_250' title='bbox 1506 3161 1680 3214; x_wconf 80' lang='lat' dir='ltr'>nostri</span> <span class='ocrx_word' id='word_1_251' title='bbox 1725 3161 1850 3215; x_wconf 86' lang='lat' dir='ltr'>Jesu</span> <span class='ocrx_word' id='word_1_252' title='bbox 1883 3159 2043 3214; x_wconf 90' lang='lat' dir='ltr'>Chri-</span> 
     </span>
    </p>
   </div>
   <div class='ocr_carea' id='block_1_35' title="bbox 2162 588 3818 660">
    <p class='ocr_par' dir='ltr' id='par_1_35' title="bbox 2162 588 3818 660">
     <span class='ocr_line' id='line_1_35' title="bbox 2162 588 3818 660; baseline -0.002 -16"><span class='ocrx_word' id='word_1_253' title='bbox 2162 592 2334 645; x_wconf 86' lang='lat' dir='ltr'>datus</span> <span class='ocrx_word' id='word_1_254' title='bbox 2368 591 2554 646; x_wconf 88' lang='lat' dir='ltr'>nobis.</span> <span class='ocrx_word' id='word_1_255' title='bbox 2589 593 2752 645; x_wconf 87' lang='lat' dir='ltr'>Tunc</span> <span class='ocrx_word' id='word_1_256' title='bbox 2783 590 2939 645; x_wconf 91' lang='lat' dir='ltr'>enim</span> <span class='ocrx_word' id='word_1_257' title='bbox 2971 589 3198 660; x_wconf 80' lang='lat' dir='ltr'>integer</span> <span class='ocrx_word' id='word_1_258' title='bbox 3227 593 3334 654; x_wconf 90' lang='lat' dir='ltr'>est,</span> <span class='ocrx_word' id='word_1_259' title='bbox 3365 588 3414 643; x_wconf 92' lang='lat' dir='ltr'>si</span> <span class='ocrx_word' id='word_1_260' title='bbox 3466 589 3631 643; x_wconf 77' lang='lat' dir='ltr'>bonae</span> <span class='ocrx_word' id='word_1_261' title='bbox 3691 588 3818 642; x_wconf 67' lang='lat' dir='ltr'>vitae</span> 
     </span>
    </p>
   </div>
   <div class='ocr_carea' id='block_1_36' title="bbox 2161 678 3820 748">
    <p class='ocr_par' dir='ltr' id='par_1_36' title="bbox 2161 678 3820 748">
     <span class='ocr_line' id='line_1_36' title="bbox 2161 678 3820 748; baseline -0.001 -15"><span class='ocrx_word' id='word_1_262' title='bbox 2161 680 2523 747; x_wconf 76' lang='lat' dir='ltr'>studeamus,</span> <span class='ocrx_word' id='word_1_263' title='bbox 2561 680 2821 734; x_wconf 89' lang='lat' dir='ltr'>animam</span> <span class='ocrx_word' id='word_1_264' title='bbox 2854 679 3140 734; x_wconf 88' lang='lat' dir='ltr'>habentes</span> <span class='ocrx_word' id='word_1_265' title='bbox 3171 678 3480 743; x_wconf 86' lang='lat' dir='ltr'>mundam,</span> <span class='ocrx_word' id='word_1_266' title='bbox 3503 681 3561 731; x_wconf 91' lang='lat' dir='ltr'>et</span> <span class='ocrx_word' id='word_1_267' title='bbox 3603 693 3820 748; x_wconf 88' lang='lat' dir='ltr'>corpus</span> 
     </span>
    </p>
   </div>
   <div class='ocr_carea' id='block_1_37' title="bbox 2161 765 3821 838">
    <p class='ocr_par' dir='ltr' id='par_1_37' title="bbox 2161 765 3821 838">
     <span class='ocr_line' id='line_1_37' title="bbox 2161 765 3821 838; baseline 0 -18"><span class='ocrx_word' id='word_1_268' title='bbox 2161 767 2287 821; x_wconf 88' lang='lat' dir='ltr'>sine</span> <span class='ocrx_word' id='word_1_269' title='bbox 2309 767 2636 838; x_wconf 89' lang='lat' dir='ltr'>querela,ut</span> <span class='ocrx_word' id='word_1_270' title='bbox 2659 772 2813 822; x_wconf 88' lang='lat' dir='ltr'>totus</span> <span class='ocrx_word' id='word_1_271' title='bbox 2837 767 3010 821; x_wconf 89' lang='lat' dir='ltr'>homo</span> <span class='ocrx_word' id='word_1_272' title='bbox 3032 767 3106 821; x_wconf 91' lang='lat' dir='ltr'>sit</span> <span class='ocrx_word' id='word_1_273' title='bbox 3124 765 3639 837; x_wconf 85' lang='lat' dir='ltr'>perfectus.Potest</span> <span class='ocrx_word' id='word_1_274' title='bbox 3658 765 3821 820; x_wconf 87' lang='lat' dir='ltr'>enim</span> 
     </span>
    </p>
   </div>
   <div class='ocr_carea' id='block_1_38' title="bbox 2161 854 3825 926">
    <p class='ocr_par' dir='ltr' id='par_1_38' title="bbox 2161 854 3825 926">
     <span class='ocr_line' id='line_1_38' title="bbox 2161 854 3825 926; baseline -0.001 -16"><span class='ocrx_word' id='word_1_275' title='bbox 2161 872 2373 926; x_wconf 91' lang='lat' dir='ltr'>corpus</span> <span class='ocrx_word' id='word_1_276' title='bbox 2432 857 2721 911; x_wconf 90' lang='lat' dir='ltr'>mundum</span> <span class='ocrx_word' id='word_1_277' title='bbox 2780 872 2928 922; x_wconf 88' lang='lat' dir='ltr'>esse,</span> <span class='ocrx_word' id='word_1_278' title='bbox 2989 860 3046 909; x_wconf 80' lang='lat' dir='ltr'>et</span> <span class='ocrx_word' id='word_1_279' title='bbox 3106 854 3306 910; x_wconf 85' lang='lat' dir='ltr'>anima</span> <span class='ocrx_word' id='word_1_280' title='bbox 3361 854 3661 925; x_wconf 87' lang='lat' dir='ltr'>inquinari</span> <span class='ocrx_word' id='word_1_281' title='bbox 3719 870 3825 925; x_wconf 86' lang='lat' dir='ltr'>per</span> 
     </span>
    </p>
   </div>
   <div class='ocr_carea' id='block_1_39' title="bbox 2165 942 3822 1017">
    <p class='ocr_par' dir='ltr' id='par_1_39' title="bbox 2165 942 3822 1017">
     <span class='ocr_line' id='line_1_39' title="bbox 2165 942 3822 1017; baseline -0.001 -19"><span class='ocrx_word' id='word_1_282' title='bbox 2165 943 2388 999; x_wconf 89' lang='lat' dir='ltr'>malum</span> <span class='ocrx_word' id='word_1_283' title='bbox 2475 944 2832 1017; x_wconf 85' lang='lat' dir='ltr'>cogitatum;</span> <span class='ocrx_word' id='word_1_284' title='bbox 2907 944 3154 1014; x_wconf 90' lang='lat' dir='ltr'>ideoque</span> <span class='ocrx_word' id='word_1_285' title='bbox 3213 947 3400 998; x_wconf 91' lang='lat' dir='ltr'>totum</span> <span class='ocrx_word' id='word_1_286' title='bbox 3460 944 3519 997; x_wconf 91' lang='lat' dir='ltr'>in</span> <span class='ocrx_word' id='word_1_287' title='bbox 3583 942 3822 998; x_wconf 90' lang='lat' dir='ltr'>homine</span> 
     </span>
    </p>
   </div>
   <div class='ocr_carea' id='block_1_40' title="bbox 2164 1030 3821 1101">
    <p class='ocr_par' dir='ltr' id='par_1_40' title="bbox 2164 1030 3821 1101">
     <span class='ocr_line' id='line_1_40' title="bbox 2164 1030 3821 1101; baseline -0.001 -13"><span class='ocrx_word' id='word_1_288' title='bbox 2164 1034 2452 1088; x_wconf 88' lang='lat' dir='ltr'>mundum</span> <span class='ocrx_word' id='word_1_289' title='bbox 2484 1034 2626 1088; x_wconf 89' lang='lat' dir='ltr'>dicit</span> <span class='ocrx_word' id='word_1_290' title='bbox 2657 1050 2784 1088; x_wconf 89' lang='lat' dir='ltr'>esse</span> <span class='ocrx_word' id='word_1_291' title='bbox 2827 1033 3058 1088; x_wconf 88' lang='lat' dir='ltr'>debere.</span> <span class='ocrx_word' id='word_1_292' title='bbox 3093 1033 3153 1087; x_wconf 88' lang='lat' dir='ltr'>Si</span> <span class='ocrx_word' id='word_1_293' title='bbox 3213 1037 3406 1087; x_wconf 88' lang='lat' dir='ltr'>autem</span> <span class='ocrx_word' id='word_1_294' title='bbox 3469 1030 3623 1086; x_wconf 89' lang='lat' dir='ltr'>mala</span> <span class='ocrx_word' id='word_1_295' title='bbox 3675 1032 3821 1101; x_wconf 88' lang='lat' dir='ltr'>vita,</span> 
     </span>
    </p>
   </div>
   <div class='ocr_carea' id='block_1_41' title="bbox 2161 1120 3821 1194">
    <p class='ocr_par' dir='ltr' id='par_1_41' title="bbox 2161 1120 3821 1194">
     <span class='ocr_line' id='line_1_41' title="bbox 2161 1120 3821 1194; baseline 0.001 -20"><span class='ocrx_word' id='word_1_296' title='bbox 2161 1121 2246 1177; x_wconf 90' lang='lat' dir='ltr'>vel</span> <span class='ocrx_word' id='word_1_297' title='bbox 2297 1122 2569 1194; x_wconf 83' lang='lat' dir='ltr'>cogitatio</span> <span class='ocrx_word' id='word_1_298' title='bbox 2630 1123 2966 1192; x_wconf 82' lang='lat' dir='ltr'>intercedat,</span> <span class='ocrx_word' id='word_1_299' title='bbox 3029 1137 3143 1176; x_wconf 92' lang='lat' dir='ltr'>non</span> <span class='ocrx_word' id='word_1_300' title='bbox 3201 1121 3312 1176; x_wconf 86' lang='lat' dir='ltr'>erit</span> <span class='ocrx_word' id='word_1_301' title='bbox 3364 1120 3590 1193; x_wconf 82' lang='lat' dir='ltr'>integer</span> <span class='ocrx_word' id='word_1_302' title='bbox 3644 1121 3821 1193; x_wconf 90' lang='lat' dir='ltr'>spiri-</span> 
     </span>
    </p>
   </div>
   <div class='ocr_carea' id='block_1_42' title="bbox 2162 1209 3819 1282">
    <p class='ocr_par' dir='ltr' id='par_1_42' title="bbox 2162 1209 3819 1282">
     <span class='ocr_line' id='line_1_42' title="bbox 2162 1209 3819 1282; baseline 0.001 -18"><span class='ocrx_word' id='word_1_303' title='bbox 2162 1216 2277 1278; x_wconf 90' lang='lat' dir='ltr'>tus,</span> <span class='ocrx_word' id='word_1_304' title='bbox 2303 1212 2443 1282; x_wconf 89' lang='lat' dir='ltr'>quia</span> <span class='ocrx_word' id='word_1_305' title='bbox 2472 1211 2689 1266; x_wconf 89' lang='lat' dir='ltr'>deserit</span> <span class='ocrx_word' id='word_1_306' title='bbox 2712 1211 3008 1266; x_wconf 88' lang='lat' dir='ltr'>hominem</span> <span class='ocrx_word' id='word_1_307' title='bbox 3035 1209 3286 1281; x_wconf 89' lang='lat' dir='ltr'>peccatis</span> <span class='ocrx_word' id='word_1_308' title='bbox 3317 1210 3819 1265; x_wconf 87' lang='lat' dir='ltr'>obnoxium.Dum</span> 
     </span>
    </p>
   </div>
   <div class='ocr_carea' id='block_1_43' title="bbox 2161 1297 3819 1370">
    <p class='ocr_par' dir='ltr' id='par_1_43' title="bbox 2161 1297 3819 1370">
     <span class='ocr_line' id='line_1_43' title="bbox 2161 1297 3819 1370; baseline -0.001 -15"><span class='ocrx_word' id='word_1_309' title='bbox 2161 1301 2320 1355; x_wconf 89' lang='lat' dir='ltr'>enim</span> <span class='ocrx_word' id='word_1_310' title='bbox 2343 1300 2615 1355; x_wconf 85' lang='lat' dir='ltr'>dissentit</span> <span class='ocrx_word' id='word_1_311' title='bbox 2637 1299 2853 1366; x_wconf 88' lang='lat' dir='ltr'>anima,</span> <span class='ocrx_word' id='word_1_312' title='bbox 2873 1305 2930 1354; x_wconf 90' lang='lat' dir='ltr'>et</span> <span class='ocrx_word' id='word_1_313' title='bbox 2960 1297 3467 1370; x_wconf 88' lang='lat' dir='ltr'>corpus,quamvis</span> <span class='ocrx_word' id='word_1_314' title='bbox 3488 1298 3616 1354; x_wconf 87' lang='lat' dir='ltr'>sine</span> <span class='ocrx_word' id='word_1_315' title='bbox 3635 1315 3819 1354; x_wconf 89' lang='lat' dir='ltr'>sensu</span> 
     </span>
    </p>
   </div>
   <div class='ocr_carea' id='block_1_44' title="bbox 2163 1386 3819 1460">
    <p class='ocr_par' dir='ltr' id='par_1_44' title="bbox 2163 1386 3819 1460">
     <span class='ocr_line' id='line_1_44' title="bbox 2163 1386 3819 1460; baseline -0.001 -16"><span class='ocrx_word' id='word_1_316' title='bbox 2163 1390 2256 1460; x_wconf 90' lang='lat' dir='ltr'>sit,</span> <span class='ocrx_word' id='word_1_317' title='bbox 2285 1389 2458 1443; x_wconf 88' lang='lat' dir='ltr'>alieni</span> <span class='ocrx_word' id='word_1_318' title='bbox 2495 1390 2564 1444; x_wconf 92' lang='lat' dir='ltr'>ab</span> <span class='ocrx_word' id='word_1_319' title='bbox 2597 1388 2700 1444; x_wconf 92' lang='lat' dir='ltr'>illo</span> <span class='ocrx_word' id='word_1_320' title='bbox 2732 1388 3087 1455; x_wconf 85' lang='lat' dir='ltr'>efficiuntur,</span> <span class='ocrx_word' id='word_1_321' title='bbox 3119 1391 3175 1442; x_wconf 89' lang='lat' dir='ltr'>et</span> <span class='ocrx_word' id='word_1_322' title='bbox 3202 1386 3361 1442; x_wconf 90' lang='lat' dir='ltr'>velut</span> <span class='ocrx_word' id='word_1_323' title='bbox 3417 1389 3668 1459; x_wconf 88' lang='lat' dir='ltr'>perdens</span> <span class='ocrx_word' id='word_1_324' title='bbox 3718 1405 3819 1444; x_wconf 90' lang='lat' dir='ltr'>eos</span> 
     </span>
    </p>
   </div>
   <div class='ocr_carea' id='block_1_45' title="bbox 2162 1476 3819 1549">
    <p class='ocr_par' dir='ltr' id='par_1_45' title="bbox 2162 1476 3819 1549">
     <span class='ocr_line' id='line_1_45' title="bbox 2162 1476 3819 1549; baseline -0.001 -16"><span class='ocrx_word' id='word_1_325' title='bbox 2162 1496 2276 1534; x_wconf 91' lang='lat' dir='ltr'>non</span> <span class='ocrx_word' id='word_1_326' title='bbox 2294 1477 2403 1532; x_wconf 91' lang='lat' dir='ltr'>erit</span> <span class='ocrx_word' id='word_1_327' title='bbox 2423 1477 2647 1548; x_wconf 89' lang='lat' dir='ltr'>integer</span> <span class='ocrx_word' id='word_1_328' title='bbox 2676 1478 2938 1549; x_wconf 89' lang='lat' dir='ltr'>spiritus.</span> <span class='ocrx_word' id='word_1_329' title='bbox 2961 1477 3045 1532; x_wconf 89' lang='lat' dir='ltr'>Ad</span> <span class='ocrx_word' id='word_1_330' title='bbox 3080 1477 3189 1532; x_wconf 88' lang='lat' dir='ltr'>hoc</span> <span class='ocrx_word' id='word_1_331' title='bbox 3221 1476 3374 1531; x_wconf 88' lang='lat' dir='ltr'>enim</span> <span class='ocrx_word' id='word_1_332' title='bbox 3410 1476 3588 1532; x_wconf 89' lang='lat' dir='ltr'>datur</span> <span class='ocrx_word' id='word_1_333' title='bbox 3624 1476 3819 1532; x_wconf 86' lang='lat' dir='ltr'>homi-</span> 
     </span>
    </p>
   </div>
   <div class='ocr_carea' id='block_1_46' title="bbox 2161 1564 3820 1638">
    <p class='ocr_par' dir='ltr' id='par_1_46' title="bbox 2161 1564 3820 1638">
     <span class='ocr_line' id='line_1_46' title="bbox 2161 1564 3820 1638; baseline -0.001 -16"><span class='ocrx_word' id='word_1_334' title='bbox 2161 1566 2241 1635; x_wconf 87' lang='lat' dir='ltr'>ni,</span> <span class='ocrx_word' id='word_1_335' title='bbox 2279 1571 2341 1620; x_wconf 92' lang='lat' dir='ltr'>ut</span> <span class='ocrx_word' id='word_1_336' title='bbox 2373 1571 2623 1634; x_wconf 89' lang='lat' dir='ltr'>maneat,</span> <span class='ocrx_word' id='word_1_337' title='bbox 2656 1570 2714 1620; x_wconf 88' lang='lat' dir='ltr'>et</span> <span class='ocrx_word' id='word_1_338' title='bbox 2743 1566 2822 1620; x_wconf 89' lang='lat' dir='ltr'>sit</span> <span class='ocrx_word' id='word_1_339' title='bbox 2845 1565 3014 1636; x_wconf 88' lang='lat' dir='ltr'>quasi</span> <span class='ocrx_word' id='word_1_340' title='bbox 3038 1570 3216 1636; x_wconf 85' lang='lat' dir='ltr'>caput</span> <span class='ocrx_word' id='word_1_341' title='bbox 3239 1565 3387 1633; x_wconf 89' lang='lat' dir='ltr'>ejus.</span> <span class='ocrx_word' id='word_1_342' title='bbox 3419 1564 3651 1637; x_wconf 89' lang='lat' dir='ltr'>Integer</span> <span class='ocrx_word' id='word_1_343' title='bbox 3679 1581 3820 1638; x_wconf 86' lang='lat' dir='ltr'>ergo</span> 
     </span>
    </p>
   </div>
   <div class='ocr_carea' id='block_1_47' title="bbox 2161 1652 3818 1726">
    <p class='ocr_par' dir='ltr' id='par_1_47' title="bbox 2161 1652 3818 1726">
     <span class='ocr_line' id='line_1_47' title="bbox 2161 1652 3818 1726; baseline 0.001 -17"><span class='ocrx_word' id='word_1_344' title='bbox 2161 1672 2275 1710; x_wconf 91' lang='lat' dir='ltr'>non</span> <span class='ocrx_word' id='word_1_345' title='bbox 2303 1655 2431 1725; x_wconf 87' lang='lat' dir='ltr'>erit,</span> <span class='ocrx_word' id='word_1_346' title='bbox 2466 1655 2605 1726; x_wconf 90' lang='lat' dir='ltr'>quia</span> <span class='ocrx_word' id='word_1_347' title='bbox 2630 1654 2817 1724; x_wconf 90' lang='lat' dir='ltr'>perdit</span> <span class='ocrx_word' id='word_1_348' title='bbox 2846 1654 3133 1721; x_wconf 88' lang='lat' dir='ltr'>membra,</span> <span class='ocrx_word' id='word_1_349' title='bbox 3167 1654 3314 1709; x_wconf 90' lang='lat' dir='ltr'>dum</span> <span class='ocrx_word' id='word_1_350' title='bbox 3346 1652 3564 1708; x_wconf 85' lang='lat' dir='ltr'>recedit</span> <span class='ocrx_word' id='word_1_351' title='bbox 3620 1654 3693 1708; x_wconf 85' lang='lat' dir='ltr'>ab</span> <span class='ocrx_word' id='word_1_352' title='bbox 3751 1670 3818 1710; x_wconf 89' lang='lat' dir='ltr'>eo</span> 
     </span>
    </p>
   </div>
   <div class='ocr_carea' id='block_1_48' title="bbox 2159 1740 3576 1816">
    <p class='ocr_par' dir='ltr' id='par_1_48' title="bbox 2159 1740 3576 1816">
     <span class='ocr_line' id='line_1_48' title="bbox 2159 1740 3576 1816; baseline 0 -18"><span class='ocrx_word' id='word_1_353' title='bbox 2159 1743 2357 1812; x_wconf 90' lang='lat' dir='ltr'>homo,</span> <span class='ocrx_word' id='word_1_354' title='bbox 2393 1759 2460 1798; x_wconf 89' lang='lat' dir='ltr'>ea</span> <span class='ocrx_word' id='word_1_355' title='bbox 2489 1759 2688 1814; x_wconf 86' lang='lat' dir='ltr'>agens,</span> <span class='ocrx_word' id='word_1_356' title='bbox 2723 1759 2848 1814; x_wconf 68' lang='lat' dir='ltr'>qua:</span> <span class='ocrx_word' id='word_1_357' title='bbox 2879 1742 3002 1798; x_wconf 92' lang='lat' dir='ltr'>odit</span> <span class='ocrx_word' id='word_1_358' title='bbox 3030 1740 3282 1816; x_wconf 88' lang='lat' dir='ltr'>Spiritus</span> <span class='ocrx_word' id='word_1_359' title='bbox 3313 1745 3576 1798; x_wconf 88' lang='lat' dir='ltr'>sanctus.</span> 
     </span>
    </p>
   </div>
   <div class='ocr_carea' id='block_1_49' title="bbox 2229 1831 3818 1902">
    <p class='ocr_par' dir='ltr' id='par_1_49' title="bbox 2229 1831 3818 1902">
     <span class='ocr_line' id='line_1_49' title="bbox 2229 1831 3818 1902; baseline -0.001 -14"><span class='ocrx_word' id='word_1_360' title='bbox 2229 1832 2435 1888; x_wconf 79' lang='lat' dir='ltr'>Fidelis</span> <span class='ocrx_word' id='word_1_361' title='bbox 2464 1836 2543 1886; x_wconf 86' lang='lat' dir='ltr'>est</span> <span class='ocrx_word' id='word_1_362' title='bbox 2587 1833 2746 1899; x_wconf 83' lang='lat' dir='ltr'>Deus,</span> <span class='ocrx_word' id='word_1_363' title='bbox 2805 1832 2906 1902; x_wconf 86' lang='lat' dir='ltr'>qui</span> <span class='ocrx_word' id='word_1_364' title='bbox 2951 1832 3163 1886; x_wconf 86' lang='lat' dir='ltr'>vocavit</span> <span class='ocrx_word' id='word_1_365' title='bbox 3217 1846 3326 1899; x_wconf 81' lang='lat' dir='ltr'>vos,</span> <span class='ocrx_word' id='word_1_366' title='bbox 3381 1831 3478 1901; x_wconf 90' lang='lat' dir='ltr'>qui</span> <span class='ocrx_word' id='word_1_367' title='bbox 3525 1837 3579 1885; x_wconf 87' lang='lat' dir='ltr'>et</span> <span class='ocrx_word' id='word_1_368' title='bbox 3629 1831 3818 1901; x_wconf 82' lang='lat' dir='ltr'>faciet.</span> 
     </span>
    </p>
   </div>
   <div class='ocr_carea' id='block_1_50' title="bbox 2156 1918 3818 1991">
    <p class='ocr_par' dir='ltr' id='par_1_50' title="bbox 2156 1918 3818 1991">
     <span class='ocr_line' id='line_1_50' title="bbox 2156 1918 3818 1991; baseline -0.001 -15"><span class='ocrx_word' id='word_1_369' title='bbox 2156 1924 2394 1986; x_wconf 83' lang='lat' dir='ltr'>Fratres,</span> <span class='ocrx_word' id='word_1_370' title='bbox 2428 1924 2578 1976; x_wconf 88' lang='lat' dir='ltr'>orate</span> <span class='ocrx_word' id='word_1_371' title='bbox 2608 1937 2706 1991; x_wconf 83' lang='lat' dir='ltr'>pro</span> <span class='ocrx_word' id='word_1_372' title='bbox 2737 1919 3174 1975; x_wconf 86' lang='lat' dir='ltr'>nobis.Fidelem</span> <span class='ocrx_word' id='word_1_373' title='bbox 3198 1919 3382 1974; x_wconf 80' lang='lat' dir='ltr'>Deum</span> <span class='ocrx_word' id='word_1_374' title='bbox 3405 1918 3546 1974; x_wconf 91' lang='lat' dir='ltr'>dicit</span> <span class='ocrx_word' id='word_1_375' title='bbox 3577 1918 3635 1973; x_wconf 91' lang='lat' dir='ltr'>in</span> <span class='ocrx_word' id='word_1_376' title='bbox 3681 1935 3818 1991; x_wconf 89' lang='lat' dir='ltr'>pro-</span> 
     </span>
    </p>
   </div>
   <div class='ocr_carea' id='block_1_51' title="bbox 2159 2008 3818 2080">
    <p class='ocr_par' dir='ltr' id='par_1_51' title="bbox 2159 2008 3818 2080">
     <span class='ocr_line' id='line_1_51' title="bbox 2159 2008 3818 2080; baseline -0.003 -16"><span class='ocrx_word' id='word_1_377' title='bbox 2159 2009 2356 2064; x_wconf 87' lang='lat' dir='ltr'>missis</span> <span class='ocrx_word' id='word_1_378' title='bbox 2383 2010 2530 2076; x_wconf 88' lang='lat' dir='ltr'>suis,</span> <span class='ocrx_word' id='word_1_379' title='bbox 2555 2014 2622 2064; x_wconf 88' lang='lat' dir='ltr'>ut</span> <span class='ocrx_word' id='word_1_380' title='bbox 2644 2008 2831 2064; x_wconf 89' lang='lat' dir='ltr'>securi</span> <span class='ocrx_word' id='word_1_381' title='bbox 2858 2009 2928 2063; x_wconf 90' lang='lat' dir='ltr'>de</span> <span class='ocrx_word' id='word_1_382' title='bbox 2952 2008 3188 2080; x_wconf 84' lang='lat' dir='ltr'>praemio</span> <span class='ocrx_word' id='word_1_383' title='bbox 3211 2012 3366 2063; x_wconf 90' lang='lat' dir='ltr'>recte</span> <span class='ocrx_word' id='word_1_384' title='bbox 3386 2013 3708 2064; x_wconf 90' lang='lat' dir='ltr'>versentur.</span> <span class='ocrx_word' id='word_1_385' title='bbox 3745 2009 3818 2063; x_wconf 91' lang='lat' dir='ltr'>Et</span> 
     </span>
    </p>
   </div>
   <div class='ocr_carea' id='block_1_52' title="bbox 2157 2095 3815 2169">
    <p class='ocr_par' dir='ltr' id='par_1_52' title="bbox 2157 2095 3815 2169">
     <span class='ocr_line' id='line_1_52' title="bbox 2157 2095 3815 2169; baseline 0.001 -18"><span class='ocrx_word' id='word_1_386' title='bbox 2157 2099 2297 2168; x_wconf 88' lang='lat' dir='ltr'>quia</span> <span class='ocrx_word' id='word_1_387' title='bbox 2320 2097 2420 2169; x_wconf 91' lang='lat' dir='ltr'>qui</span> <span class='ocrx_word' id='word_1_388' title='bbox 2445 2102 2618 2167; x_wconf 89' lang='lat' dir='ltr'>recte,</span> <span class='ocrx_word' id='word_1_389' title='bbox 2638 2097 2810 2168; x_wconf 85' lang='lat' dir='ltr'>juxta</span> <span class='ocrx_word' id='word_1_390' title='bbox 2834 2096 3235 2169; x_wconf 87' lang='lat' dir='ltr'>Evangelium,</span> <span class='ocrx_word' id='word_1_391' title='bbox 3266 2095 3486 2163; x_wconf 90' lang='lat' dir='ltr'>vivunt,</span> <span class='ocrx_word' id='word_1_392' title='bbox 3517 2095 3686 2151; x_wconf 80' lang='lat' dir='ltr'>facile</span> <span class='ocrx_word' id='word_1_393' title='bbox 3712 2113 3815 2168; x_wconf 89' lang='lat' dir='ltr'>po-</span> 
     </span>
    </p>
   </div>
   <div class='ocr_carea' id='block_1_53' title="bbox 2158 2185 3817 2257">
    <p class='ocr_par' dir='ltr' id='par_1_53' title="bbox 2158 2185 3817 2257">
     <span class='ocr_line' id='line_1_53' title="bbox 2158 2185 3817 2257; baseline 0 -16"><span class='ocrx_word' id='word_1_394' title='bbox 2158 2191 2355 2242; x_wconf 91' lang='lat' dir='ltr'>terunt</span> <span class='ocrx_word' id='word_1_395' title='bbox 2384 2187 2694 2257; x_wconf 87' lang='lat' dir='ltr'>impetrare</span> <span class='ocrx_word' id='word_1_396' title='bbox 2723 2202 2849 2257; x_wconf 66' lang='lat' dir='ltr'>quae</span> <span class='ocrx_word' id='word_1_397' title='bbox 2883 2185 3211 2256; x_wconf 88' lang='lat' dir='ltr'>postulant;</span> <span class='ocrx_word' id='word_1_398' title='bbox 3246 2185 3462 2241; x_wconf 89' lang='lat' dir='ltr'>idcirco</span> <span class='ocrx_word' id='word_1_399' title='bbox 3492 2201 3656 2241; x_wconf 87' lang='lat' dir='ltr'>orare</span> <span class='ocrx_word' id='word_1_400' title='bbox 3711 2201 3817 2241; x_wconf 89' lang='lat' dir='ltr'>eos</span> 
     </span>
    </p>
   </div>
   <div class='ocr_carea' id='block_1_54' title="bbox 2156 2273 3816 2347">
    <p class='ocr_par' dir='ltr' id='par_1_54' title="bbox 2156 2273 3816 2347">
     <span class='ocr_line' id='line_1_54' title="bbox 2156 2273 3816 2347; baseline -0.001 -17"><span class='ocrx_word' id='word_1_401' title='bbox 2156 2291 2260 2346; x_wconf 90' lang='lat' dir='ltr'>pro</span> <span class='ocrx_word' id='word_1_402' title='bbox 2289 2291 2350 2330; x_wconf 91' lang='lat' dir='ltr'>se</span> <span class='ocrx_word' id='word_1_403' title='bbox 2381 2274 2664 2330; x_wconf 87' lang='lat' dir='ltr'>hortatur.</span> <span class='ocrx_word' id='word_1_404' title='bbox 2697 2273 2884 2330; x_wconf 85' lang='lat' dir='ltr'>Facile</span> <span class='ocrx_word' id='word_1_405' title='bbox 2915 2275 3072 2330; x_wconf 87' lang='lat' dir='ltr'>enim</span> <span class='ocrx_word' id='word_1_406' title='bbox 3104 2273 3273 2330; x_wconf 86' lang='lat' dir='ltr'>multi</span> <span class='ocrx_word' id='word_1_407' title='bbox 3304 2275 3622 2346; x_wconf 88' lang='lat' dir='ltr'>impetrant</span> <span class='ocrx_word' id='word_1_408' title='bbox 3653 2275 3816 2347; x_wconf 91' lang='lat' dir='ltr'>quod</span> 
     </span>
    </p>
   </div>
   <div class='ocr_carea' id='block_1_55' title="bbox 2156 2364 2508 2419">
    <p class='ocr_par' dir='ltr' id='par_1_55' title="bbox 2156 2364 2508 2419">
     <span class='ocr_line' id='line_1_55' title="bbox 2156 2364 2508 2419; baseline 0 -1"><span class='ocrx_word' id='word_1_409' title='bbox 2156 2364 2508 2419; x_wconf 87' lang='lat' dir='ltr'>desiderant.</span> 
     </span>
    </p>
   </div>
   <div class='ocr_carea' id='block_1_56' title="bbox 2233 2454 3820 2523">
    <p class='ocr_par' dir='ltr' id='par_1_56' title="bbox 2233 2454 3820 2523">
     <span class='ocr_line' id='line_1_56' title="bbox 2233 2454 3820 2523; baseline 0.001 -16"><span class='ocrx_word' id='word_1_410' title='bbox 2233 2454 2476 2508; x_wconf 83' lang='lat' dir='ltr'>Salutate</span> <span class='ocrx_word' id='word_1_411' title='bbox 2504 2456 2704 2523; x_wconf 81' lang='lat' dir='ltr'>fratres</span> <span class='ocrx_word' id='word_1_412' title='bbox 2751 2470 2933 2509; x_wconf 86' lang='lat' dir='ltr'>omnes</span> <span class='ocrx_word' id='word_1_413' title='bbox 2988 2455 3051 2508; x_wconf 85' lang='lat' dir='ltr'>in</span> <span class='ocrx_word' id='word_1_414' title='bbox 3107 2454 3286 2509; x_wconf 88' lang='lat' dir='ltr'>osculo</span> <span class='ocrx_word' id='word_1_415' title='bbox 3341 2457 3548 2508; x_wconf 87' lang='lat' dir='ltr'>sancto.</span> <span class='ocrx_word' id='word_1_416' title='bbox 3602 2456 3820 2508; x_wconf 86' lang='lat' dir='ltr'>Sancta</span> 
     </span>
    </p>
   </div>
   <div class='ocr_carea' id='block_1_57' title="bbox 2159 2541 3820 2609">
    <p class='ocr_par' dir='ltr' id='par_1_57' title="bbox 2159 2541 3820 2609">
     <span class='ocr_line' id='line_1_57' title="bbox 2159 2541 3820 2609; baseline 0.002 -15"><span class='ocrx_word' id='word_1_417' title='bbox 2159 2541 2362 2596; x_wconf 91' lang='lat' dir='ltr'>oscula</span> <span class='ocrx_word' id='word_1_418' title='bbox 2384 2547 2522 2596; x_wconf 91' lang='lat' dir='ltr'>sunt</span> <span class='ocrx_word' id='word_1_419' title='bbox 2550 2543 2604 2595; x_wconf 91' lang='lat' dir='ltr'>in</span> <span class='ocrx_word' id='word_1_420' title='bbox 2632 2542 2979 2598; x_wconf 81' lang='lat' dir='ltr'>salutatione</span> <span class='ocrx_word' id='word_1_421' title='bbox 2999 2541 3325 2597; x_wconf 83' lang='lat' dir='ltr'>Christiana</span> <span class='ocrx_word' id='word_1_422' title='bbox 3348 2560 3360 2609; x_wconf 89' lang='lat'><strong>;</strong></span> <span class='ocrx_word' id='word_1_423' title='bbox 3386 2547 3594 2597; x_wconf 75' lang='lat' dir='ltr'>caetera</span> <span class='ocrx_word' id='word_1_424' title='bbox 3614 2558 3820 2598; x_wconf 89' lang='lat' dir='ltr'>carna-</span> 
     </span>
    </p>
   </div>
   <div class='ocr_carea' id='block_1_58' title="bbox 2157 2630 3818 2703">
    <p class='ocr_par' dir='ltr' id='par_1_58' title="bbox 2157 2630 3818 2703">
     <span class='ocr_line' id='line_1_58' title="bbox 2157 2630 3818 2703; baseline 0.002 -19"><span class='ocrx_word' id='word_1_425' title='bbox 2157 2630 2237 2685; x_wconf 88' lang='lat' dir='ltr'>lia</span> <span class='ocrx_word' id='word_1_426' title='bbox 2267 2636 2429 2694; x_wconf 86' lang='lat' dir='ltr'>sunt,</span> <span class='ocrx_word' id='word_1_427' title='bbox 2452 2630 2592 2701; x_wconf 88' lang='lat' dir='ltr'>quia</span> <span class='ocrx_word' id='word_1_428' title='bbox 2622 2631 2907 2702; x_wconf 89' lang='lat' dir='ltr'>quidquid</span> <span class='ocrx_word' id='word_1_429' title='bbox 2931 2631 3058 2687; x_wconf 89' lang='lat' dir='ltr'>sine</span> <span class='ocrx_word' id='word_1_430' title='bbox 3080 2631 3306 2687; x_wconf 86' lang='lat' dir='ltr'>Christo</span> <span class='ocrx_word' id='word_1_431' title='bbox 3331 2631 3415 2697; x_wconf 83' lang='lat' dir='ltr'>fit,</span> <span class='ocrx_word' id='word_1_432' title='bbox 3439 2631 3674 2687; x_wconf 88' lang='lat' dir='ltr'>carnale</span> <span class='ocrx_word' id='word_1_433' title='bbox 3701 2637 3818 2703; x_wconf 84' lang='lat' dir='ltr'>est,</span> 
     </span>
    </p>
   </div>
   <div class='ocr_carea' id='block_1_59' title="bbox 2155 2719 3821 2789">
    <p class='ocr_par' dir='ltr' id='par_1_59' title="bbox 2155 2719 3821 2789">
     <span class='ocr_line' id='line_1_59' title="bbox 2155 2719 3821 2789; baseline 0.001 -16"><span class='ocrx_word' id='word_1_434' title='bbox 2155 2735 2221 2773; x_wconf 83' lang='lat' dir='ltr'>ac</span> <span class='ocrx_word' id='word_1_435' title='bbox 2255 2735 2357 2789; x_wconf 90' lang='lat' dir='ltr'>per</span> <span class='ocrx_word' id='word_1_436' title='bbox 2386 2719 2495 2773; x_wconf 91' lang='lat' dir='ltr'>hoc</span> <span class='ocrx_word' id='word_1_437' title='bbox 2527 2719 2793 2774; x_wconf 87' lang='lat' dir='ltr'>mortale.</span> <span class='ocrx_word' id='word_1_438' title='bbox 2827 2719 2934 2784; x_wconf 88' lang='lat' dir='ltr'>Qui</span> <span class='ocrx_word' id='word_1_439' title='bbox 2966 2720 3122 2776; x_wconf 88' lang='lat' dir='ltr'>enim</span> <span class='ocrx_word' id='word_1_440' title='bbox 3148 2723 3445 2775; x_wconf 85' lang='lat' dir='ltr'>auctorem</span> <span class='ocrx_word' id='word_1_441' title='bbox 3487 2719 3618 2775; x_wconf 71' lang='lat' dir='ltr'>vitae</span> <span class='ocrx_word' id='word_1_442' title='bbox 3674 2737 3821 2776; x_wconf 83' lang='lat' dir='ltr'>con-</span> 
     </span>
    </p>
   </div>
   <div class='ocr_carea' id='block_1_60' title="bbox 2154 2807 2832 2874">
    <p class='ocr_par' dir='ltr' id='par_1_60' title="bbox 2154 2807 2832 2874">
     <span class='ocr_line' id='line_1_60' title="bbox 2154 2807 2832 2874; baseline 0.003 -13"><span class='ocrx_word' id='word_1_443' title='bbox 2154 2807 2386 2874; x_wconf 88' lang='lat' dir='ltr'>temnit,</span> <span class='ocrx_word' id='word_1_444' title='bbox 2420 2808 2477 2861; x_wconf 93' lang='lat' dir='ltr'>in</span> <span class='ocrx_word' id='word_1_445' title='bbox 2512 2812 2696 2862; x_wconf 89' lang='lat' dir='ltr'>morte</span> <span class='ocrx_word' id='word_1_446' title='bbox 2725 2813 2832 2863; x_wconf 91' lang='lat' dir='ltr'>est.</span> 
     </span>
    </p>
   </div>
   <div class='ocr_carea' id='block_1_61' title="bbox 2228 2895 3826 2968">
    <p class='ocr_par' dir='ltr' id='par_1_61' title="bbox 2228 2895 3826 2968">
     <span class='ocr_line' id='line_1_61' title="bbox 2228 2895 3826 2968; baseline 0.002 -19"><span class='ocrx_word' id='word_1_447' title='bbox 2228 2895 2431 2967; x_wconf 79' lang='lat' dir='ltr'>Adjuro</span> <span class='ocrx_word' id='word_1_448' title='bbox 2460 2911 2554 2950; x_wconf 89' lang='lat' dir='ltr'>vos</span> <span class='ocrx_word' id='word_1_449' title='bbox 2577 2912 2677 2966; x_wconf 81' lang='lat' dir='ltr'>per</span> <span class='ocrx_word' id='word_1_450' title='bbox 2707 2898 3022 2966; x_wconf 86' lang='lat' dir='ltr'>Dominum,</span> <span class='ocrx_word' id='word_1_451' title='bbox 3054 2901 3113 2951; x_wconf 87' lang='lat' dir='ltr'>ut</span> <span class='ocrx_word' id='word_1_452' title='bbox 3143 2897 3359 2965; x_wconf 80' lang='lat' dir='ltr'>legatur</span> <span class='ocrx_word' id='word_1_453' title='bbox 3403 2897 3646 2968; x_wconf 84' lang='lat' dir='ltr'>Epistola</span> <span class='ocrx_word' id='word_1_454' title='bbox 3696 2897 3826 2954; x_wconf 68' lang='lat' dir='ltr'>haec</span> 
     </span>
    </p>
   </div>
   <div class='ocr_carea' id='block_1_62' title="bbox 2154 2985 3818 3058">
    <p class='ocr_par' dir='ltr' id='par_1_62' title="bbox 2154 2985 3818 3058">
     <span class='ocr_line' id='line_1_62' title="bbox 2154 2985 3818 3058; baseline 0.001 -19"><span class='ocrx_word' id='word_1_455' title='bbox 2154 2985 2412 3040; x_wconf 87' lang='lat' dir='ltr'>omnibus</span> <span class='ocrx_word' id='word_1_456' title='bbox 2441 2987 2728 3054; x_wconf 80' lang='lat' dir='ltr'>fratribus.</span> <span class='ocrx_word' id='word_1_457' title='bbox 2765 2986 3047 3058; x_wconf 79' lang='lat' dir='ltr'>Astringil</span> <span class='ocrx_word' id='word_1_458' title='bbox 3072 3002 3171 3041; x_wconf 89' lang='lat' dir='ltr'>eos</span> <span class='ocrx_word' id='word_1_459' title='bbox 3195 2991 3259 3040; x_wconf 88' lang='lat' dir='ltr'>ut</span> <span class='ocrx_word' id='word_1_460' title='bbox 3295 2985 3529 3041; x_wconf 90' lang='lat' dir='ltr'>soliiciti</span> <span class='ocrx_word' id='word_1_461' title='bbox 3563 2985 3685 3040; x_wconf 90' lang='lat' dir='ltr'>sint</span> <span class='ocrx_word' id='word_1_462' title='bbox 3737 2987 3818 3041; x_wconf 85' lang='lat' dir='ltr'>ad</span> 
     </span>
    </p>
   </div>
   <div class='ocr_carea' id='block_1_63' title="bbox 2151 3073 3826 3146">
    <p class='ocr_par' dir='ltr' id='par_1_63' title="bbox 2151 3073 3826 3146">
     <span class='ocr_line' id='line_1_63' title="bbox 2151 3073 3826 3146; baseline 0.001 -19"><span class='ocrx_word' id='word_1_463' title='bbox 2151 3073 2748 3145; x_wconf 87' lang='lat' dir='ltr'>legendamEpistolas</span> <span class='ocrx_word' id='word_1_464' title='bbox 2761 3074 2989 3130; x_wconf 91' lang='lat' dir='ltr'>cunctis</span> <span class='ocrx_word' id='word_1_465' title='bbox 3003 3073 3373 3144; x_wconf 83' lang='lat' dir='ltr'>tratribus,ut</span> <span class='ocrx_word' id='word_1_466' title='bbox 3385 3079 3742 3146; x_wconf 86' lang='lat' dir='ltr'>cognoscant</span> <span class='ocrx_word' id='word_1_467' title='bbox 3755 3081 3826 3129; x_wconf 84' lang='lat' dir='ltr'>et</span> 
     </span>
    </p>
   </div>
   <div class='ocr_carea' id='block_1_64' title="bbox 2159 3161 3824 3234">
    <p class='ocr_par' dir='ltr' id='par_1_64' title="bbox 2159 3161 3824 3234">
     <span class='ocr_line' id='line_1_64' title="bbox 2159 3161 3824 3234; baseline 0.002 -19"><span class='ocrx_word' id='word_1_468' title='bbox 2159 3161 2385 3226; x_wconf 90' lang='lat' dir='ltr'>laudes,</span> <span class='ocrx_word' id='word_1_469' title='bbox 2412 3167 2469 3217; x_wconf 90' lang='lat' dir='ltr'>et</span> <span class='ocrx_word' id='word_1_470' title='bbox 2490 3163 2917 3219; x_wconf 90' lang='lat' dir='ltr'>admonitiones</span> <span class='ocrx_word' id='word_1_471' title='bbox 2939 3180 3099 3233; x_wconf 89' lang='lat' dir='ltr'>suas,</span> <span class='ocrx_word' id='word_1_472' title='bbox 3119 3180 3219 3234; x_wconf 91' lang='lat' dir='ltr'>per</span> <span class='ocrx_word' id='word_1_473' title='bbox 3239 3179 3386 3234; x_wconf 86' lang='lat' dir='ltr'>quas</span> <span class='ocrx_word' id='word_1_474' title='bbox 3404 3163 3548 3218; x_wconf 86' lang='lat' dir='ltr'>fiant</span> <span class='ocrx_word' id='word_1_475' title='bbox 3572 3165 3824 3234; x_wconf 80' lang='lat' dir='ltr'>perfecti</span> 
     </span>
    </p>
   </div>
   <div class='ocr_carea' id='block_1_65' title="bbox 396 3235 3824 3318">
    <p class='ocr_par' dir='ltr' id='par_1_65' title="bbox 396 3235 3824 3318">
     <span class='ocr_line' id='line_1_65' title="bbox 396 3235 3824 3318; baseline 0.002 -16"><span class='ocrx_word' id='word_1_476' title='bbox 396 3247 470 3302; x_wconf 86' lang='lat' dir='ltr'>sti</span> <span class='ocrx_word' id='word_1_477' title='bbox 495 3251 755 3301; x_wconf 86' lang='lat' dir='ltr'>servetur.</span> <span class='ocrx_word' id='word_1_478' title='bbox 793 3248 940 3301; x_wconf 91' lang='lat' dir='ltr'>Deus</span> <span class='ocrx_word' id='word_1_479' title='bbox 972 3247 1132 3318; x_wconf 87' lang='lat' dir='ltr'>pacis</span> <span class='ocrx_word' id='word_1_480' title='bbox 1155 3247 1418 3302; x_wconf 89' lang='lat' dir='ltr'>Christus</span> <span class='ocrx_word' id='word_1_481' title='bbox 1449 3252 1554 3302; x_wconf 90' lang='lat' dir='ltr'>est.</span> <span class='ocrx_word' id='word_1_482' title='bbox 1588 3248 1681 3302; x_wconf 89' lang='lat' dir='ltr'>Ait</span> <span class='ocrx_word' id='word_1_483' title='bbox 1711 3249 1865 3302; x_wconf 87' lang='lat' dir='ltr'>enim</span> <span class='ocrx_word' id='word_1_484' title='bbox 1893 3267 1904 3303; x_wconf 79' lang='grc' dir='ltr'><strong>ε</strong></span> <span class='ocrx_word' id='word_1_485' title='bbox 1938 3250 2020 3303; x_wconf 88' lang='grc' dir='ltr'>Ρα</span> <span class='ocrx_word' id='word_1_486' title='bbox 2078 3235 2120 3299; x_wconf 84' lang='lat' dir='ltr'>C</span> <span class='ocrx_word' id='word_1_487' title='bbox 2232 3251 2418 3306; x_wconf 85' lang='lat' dir='ltr'>Gratia</span> <span class='ocrx_word' id='word_1_488' title='bbox 2448 3252 2670 3306; x_wconf 78' lang='lat' dir='ltr'>Domini</span> <span class='ocrx_word' id='word_1_489' title='bbox 2697 3254 2875 3307; x_wconf 80' lang='lat' dir='ltr'>nostri</span> <span class='ocrx_word' id='word_1_490' title='bbox 2926 3253 3053 3307; x_wconf 87' lang='lat' dir='ltr'>Jesu</span> <span class='ocrx_word' id='word_1_491' title='bbox 3110 3251 3316 3306; x_wconf 85' lang='lat' dir='ltr'>Christi</span> <span class='ocrx_word' id='word_1_492' title='bbox 3360 3251 3658 3307; x_wconf 83' lang='lat' dir='ltr'>vobiscum.</span> <span class='ocrx_word' id='word_1_493' title='bbox 3719 3252 3824 3309; x_wconf 87' lang='lat' dir='ltr'>Sic</span> 
     </span>
    </p>
   </div>
   <div class='ocr_carea' id='block_1_66' title="bbox 396 3335 2048 3408">
    <p class='ocr_par' dir='ltr' id='par_1_66' title="bbox 396 3335 2048 3408">
     <span class='ocr_line' id='line_1_66' title="bbox 396 3335 2048 3408; baseline 0.001 -17"><span class='ocrx_word' id='word_1_494' title='bbox 396 3351 512 3391; x_wconf 85' lang='lat' dir='ltr'>cem</span> <span class='ocrx_word' id='word_1_495' title='bbox 567 3350 745 3390; x_wconf 80' lang='lat' dir='ltr'>meum</span> <span class='ocrx_word' id='word_1_496' title='bbox 799 3336 866 3390; x_wconf 87' lang='lat' dir='ltr'>do</span> <span class='ocrx_word' id='word_1_497' title='bbox 923 3335 1088 3405; x_wconf 85' lang='lat' dir='ltr'>vobis,</span> <span class='ocrx_word' id='word_1_498' title='bbox 1146 3352 1335 3406; x_wconf 81' lang='lat' dir='ltr'>pacem</span> <span class='ocrx_word' id='word_1_499' title='bbox 1397 3353 1574 3391; x_wconf 86' lang='lat' dir='ltr'>meam</span> <span class='ocrx_word' id='word_1_500' title='bbox 1612 3337 1869 3408; x_wconf 86' lang='lat' dir='ltr'>relinquo</span> <span class='ocrx_word' id='word_1_501' title='bbox 1899 3338 2048 3392; x_wconf 86' lang='lat' dir='ltr'>vobis</span> 
     </span>
    </p>
   </div>
   <div class='ocr_carea' id='block_1_67' title="bbox 397 3423 2044 3496">
    <p class='ocr_par' dir='ltr' id='par_1_67' title="bbox 397 3423 2044 3496">
     <span class='ocr_line' id='line_1_67' title="bbox 397 3423 2044 3496; baseline 0.001 -17"><span class='ocrx_word' id='word_1_502' title='bbox 397 3425 573 3492; x_wconf 85' lang='lat' dir='ltr'>(Joan.</span> <span class='ocrx_word' id='word_1_503' title='bbox 599 3441 711 3492; x_wconf 79' lang='lat' dir='ltr'>xw,</span> <span class='ocrx_word' id='word_1_504' title='bbox 742 3425 854 3495; x_wconf 80' lang='lat'>27).</span> <span class='ocrx_word' id='word_1_505' title='bbox 880 3423 1102 3495; x_wconf 91' lang='lat' dir='ltr'>Quippe</span> <span class='ocrx_word' id='word_1_506' title='bbox 1125 3441 1257 3480; x_wconf 89' lang='lat' dir='ltr'>cum</span> <span class='ocrx_word' id='word_1_507' title='bbox 1281 3425 1633 3496; x_wconf 51' lang='lat' dir='ltr'>omniaquae</span> <span class='ocrx_word' id='word_1_508' title='bbox 1657 3426 1833 3481; x_wconf 89' lang='lat' dir='ltr'>habet</span> <span class='ocrx_word' id='word_1_509' title='bbox 1854 3431 2044 3495; x_wconf 87' lang='lat' dir='ltr'>Pater,</span> 
     </span>
    </p>
   </div>
   <div class='ocr_carea' id='block_1_68' title="bbox 398 3512 2048 3585">
    <p class='ocr_par' dir='ltr' id='par_1_68' title="bbox 398 3512 2048 3585">
     <span class='ocr_line' id='line_1_68' title="bbox 398 3512 2048 3585; baseline 0.003 -18"><span class='ocrx_word' id='word_1_510' title='bbox 398 3512 525 3567; x_wconf 90' lang='lat' dir='ltr'>Filii</span> <span class='ocrx_word' id='word_1_511' title='bbox 557 3514 696 3572; x_wconf 87' lang='lat' dir='ltr'>sint.</span> <span class='ocrx_word' id='word_1_512' title='bbox 730 3514 1095 3568; x_wconf 80' lang='lat' dir='ltr'>sanctificare</span> <span class='ocrx_word' id='word_1_513' title='bbox 1126 3529 1231 3568; x_wconf 91' lang='lat' dir='ltr'>nos</span> <span class='ocrx_word' id='word_1_514' title='bbox 1262 3519 1424 3584; x_wconf 90' lang='lat' dir='ltr'>optat</span> <span class='ocrx_word' id='word_1_515' title='bbox 1460 3514 1794 3585; x_wconf 88' lang='lat' dir='ltr'>Apostolus,</span> <span class='ocrx_word' id='word_1_516' title='bbox 1820 3521 1884 3570; x_wconf 90' lang='lat' dir='ltr'>ut</span> <span class='ocrx_word' id='word_1_517' title='bbox 1941 3533 2048 3572; x_wconf 90' lang='lat' dir='ltr'>nos</span> 
     </span>
    </p>
   </div>
   <div class='ocr_carea' id='block_1_69' title="bbox 398 3601 2046 3672">
    <p class='ocr_par' dir='ltr' id='par_1_69' title="bbox 398 3601 2046 3672">
     <span class='ocr_line' id='line_1_69' title="bbox 398 3601 2046 3672; baseline 0.002 -16"><span class='ocrx_word' id='word_1_518' title='bbox 398 3601 654 3656; x_wconf 85' lang='lat' dir='ltr'>illustret</span> <span class='ocrx_word' id='word_1_519' title='bbox 682 3601 893 3672; x_wconf 90' lang='lat' dir='ltr'>pietate</span> <span class='ocrx_word' id='word_1_520' title='bbox 915 3601 1226 3657; x_wconf 88' lang='lat' dir='ltr'>elementia</span> <span class='ocrx_word' id='word_1_521' title='bbox 1245 3619 1374 3669; x_wconf 88' lang='lat' dir='ltr'>sua,</span> <span class='ocrx_word' id='word_1_522' title='bbox 1402 3606 1459 3657; x_wconf 88' lang='lat' dir='ltr'>et</span> <span class='ocrx_word' id='word_1_523' title='bbox 1483 3619 1654 3658; x_wconf 90' lang='lat' dir='ltr'>omne</span> <span class='ocrx_word' id='word_1_524' title='bbox 1683 3609 1884 3658; x_wconf 83' lang='lat' dir='ltr'>votum</span> <span class='ocrx_word' id='word_1_525' title='bbox 1944 3621 2046 3659; x_wconf 87' lang='lat' dir='ltr'>no-</span> 
     </span>
    </p>
   </div>
   <div class='ocr_carea' id='block_1_70' title="bbox 2156 3338 3820 3412">
    <p class='ocr_par' dir='ltr' id='par_1_70' title="bbox 2156 3338 3820 3412">
     <span class='ocr_line' id='line_1_70' title="bbox 2156 3338 3820 3412; baseline 0.004 -20"><span class='ocrx_word' id='word_1_526' title='bbox 2156 3338 2286 3393; x_wconf 90' lang='lat' dir='ltr'>illos</span> <span class='ocrx_word' id='word_1_527' title='bbox 2304 3338 2361 3392; x_wconf 91' lang='lat' dir='ltr'>in</span> <span class='ocrx_word' id='word_1_528' title='bbox 2383 3339 2555 3393; x_wconf 89' lang='lat' dir='ltr'>bonis</span> <span class='ocrx_word' id='word_1_529' title='bbox 2576 3339 2851 3410; x_wconf 90' lang='lat' dir='ltr'>operibus</span> <span class='ocrx_word' id='word_1_530' title='bbox 2871 3339 2994 3394; x_wconf 92' lang='lat' dir='ltr'>vult</span> <span class='ocrx_word' id='word_1_531' title='bbox 3016 3339 3312 3410; x_wconf 86' lang='lat' dir='ltr'>proficere,</span> <span class='ocrx_word' id='word_1_532' title='bbox 3345 3343 3409 3394; x_wconf 91' lang='lat' dir='ltr'>ut</span> <span class='ocrx_word' id='word_1_533' title='bbox 3455 3341 3649 3412; x_wconf 87' lang='lat' dir='ltr'>gratia</span> <span class='ocrx_word' id='word_1_534' title='bbox 3699 3341 3820 3397; x_wconf 80' lang='lat' dir='ltr'>Do-</span> 
     </span>
    </p>
   </div>
   <div class='ocr_carea' id='block_1_71' title="bbox 2159 3426 3816 3486">
    <p class='ocr_par' dir='ltr' id='par_1_71' title="bbox 2159 3426 3816 3486">
     <span class='ocr_line' id='line_1_71' title="bbox 2159 3426 3816 3486; baseline 0.002 -4"><span class='ocrx_word' id='word_1_535' title='bbox 2159 3426 2305 3482; x_wconf 89' lang='lat' dir='ltr'>mini</span> <span class='ocrx_word' id='word_1_536' title='bbox 2337 3427 2682 3482; x_wconf 87' lang='lat' dir='ltr'>nostriJesu</span> <span class='ocrx_word' id='word_1_537' title='bbox 2715 3427 2926 3484; x_wconf 87' lang='lat' dir='ltr'>Christi</span> <span class='ocrx_word' id='word_1_538' title='bbox 2956 3427 3266 3483; x_wconf 88' lang='lat' dir='ltr'>maneatin</span> <span class='ocrx_word' id='word_1_539' title='bbox 3289 3426 3374 3483; x_wconf 89' lang='lat' dir='ltr'>eis</span> <span class='ocrx_word' id='word_1_540' title='bbox 3403 3428 3462 3483; x_wconf 93' lang='lat' dir='ltr'>in</span> <span class='ocrx_word' id='word_1_541' title='bbox 3495 3435 3816 3486; x_wconf 56' lang='lat' dir='ltr'>internum.</span> 
     </span>
    </p>
   </div>
   <div class='ocr_carea' id='block_1_72' title="bbox 2578 3605 3374 3675">
    <p class='ocr_par' dir='ltr' id='par_1_72' title="bbox 2578 3605 3374 3675">
     <span class='ocr_line' id='line_1_72' title="bbox 2578 3605 3374 3675; baseline 0.004 -16"><span class='ocrx_word' id='word_1_542' title='bbox 2578 3605 2744 3672; x_wconf 84' lang='lat' dir='ltr'>Finit,</span> <span class='ocrx_word' id='word_1_543' title='bbox 2779 3611 2887 3661; x_wconf 86' lang='lat' dir='ltr'>Deo</span> <span class='ocrx_word' id='word_1_544' title='bbox 2915 3607 3148 3675; x_wconf 86' lang='lat' dir='ltr'>gratias.</span> <span class='ocrx_word' id='word_1_545' title='bbox 3181 3608 3374 3662; x_wconf 82' lang='lat' dir='ltr'>Amen.</span> 
     </span>
    </p>
   </div>
   <div class='ocr_carea' id='block_1_73' title="bbox 808 3905 3420 4004">
    <p class='ocr_par' dir='ltr' id='par_1_73' title="bbox 808 3905 3420 4004">
     <span class='ocr_line' id='line_1_73' title="bbox 808 3905 3420 4004; baseline 0.002 -8"><span class='ocrx_word' id='word_1_546' title='bbox 808 3905 1417 3999; x_wconf 87' lang='lat' dir='ltr'>EPISTOLA</span> <span class='ocrx_word' id='word_1_547' title='bbox 1488 3907 1576 4000; x_wconf 94' lang='lat' dir='ltr'>II</span> <span class='ocrx_word' id='word_1_548' title='bbox 1649 3909 1814 4001; x_wconf 85' lang='lat' dir='ltr'>AD</span> <span class='ocrx_word' id='word_1_549' title='bbox 1884 3908 3161 4004; x_wconf 84' lang='lat' dir='ltr'>THESSALONICENSES</span> <span class='ocrx_word' id='word_1_550' title='bbox 3211 3910 3420 4002; x_wconf 66' lang='lat'>“289).</span> 
     </span>
    </p>
   </div>
   <div class='ocr_carea' id='block_1_74' title="bbox 468 4243 3817 4325">
    <p class='ocr_par' dir='ltr' id='par_1_74' title="bbox 468 4243 3817 4325">
     <span class='ocr_line' id='line_1_74' title="bbox 468 4243 3817 4325; baseline 0.003 -26"><span class='ocrx_word' id='word_1_551' title='bbox 468 4243 754 4307; x_wconf 86' lang='lat' dir='ltr'>Quoniam</span> <span class='ocrx_word' id='word_1_552' title='bbox 787 4243 846 4298; x_wconf 92' lang='lat' dir='ltr'>in</span> <span class='ocrx_word' id='word_1_553' title='bbox 875 4243 1066 4314; x_wconf 89' lang='lat' dir='ltr'>prima</span> <span class='ocrx_word' id='word_1_554' title='bbox 1088 4243 1346 4316; x_wconf 88' lang='lat' dir='ltr'>Epistola</span> <span class='ocrx_word' id='word_1_555' title='bbox 1376 4247 1445 4301; x_wconf 91' lang='lat' dir='ltr'>ad</span> <span class='ocrx_word' id='word_1_556' title='bbox 1497 4244 2052 4304; x_wconf 87' lang='lat' dir='ltr'>Thessalonicenses</span> <span class='ocrx_word' id='word_1_557' title='bbox 2081 4251 2128 4313; x_wconf 89' lang='lat' dir='ltr'>D</span> <span class='ocrx_word' id='word_1_558' title='bbox 2229 4249 2452 4302; x_wconf 85' lang='lat' dir='ltr'>Gratias</span> <span class='ocrx_word' id='word_1_559' title='bbox 2481 4263 2646 4318; x_wconf 85' lang='lat' dir='ltr'>agere</span> <span class='ocrx_word' id='word_1_560' title='bbox 2673 4248 2932 4303; x_wconf 75' lang='lat' dir='ltr'>debemus</span> <span class='ocrx_word' id='word_1_561' title='bbox 2958 4250 3060 4306; x_wconf 90' lang='lat' dir='ltr'>Deo</span> <span class='ocrx_word' id='word_1_562' title='bbox 3089 4265 3305 4322; x_wconf 87' lang='lat' dir='ltr'>semper</span> <span class='ocrx_word' id='word_1_563' title='bbox 3338 4253 3408 4308; x_wconf 85' lang='lat' dir='ltr'>de</span> <span class='ocrx_word' id='word_1_564' title='bbox 3459 4253 3633 4316; x_wconf 87' lang='lat' dir='ltr'>vobis,</span> <span class='ocrx_word' id='word_1_565' title='bbox 3696 4256 3817 4325; x_wconf 87' lang='lat' dir='ltr'>fra-</span> 
     </span>
    </p>
   </div>
   <div class='ocr_carea' id='block_1_75' title="bbox 401 4333 2054 4407">
    <p class='ocr_par' dir='ltr' id='par_1_75' title="bbox 401 4333 2054 4407">
     <span class='ocr_line' id='line_1_75' title="bbox 401 4333 2054 4407; baseline 0.001 -18"><span class='ocrx_word' id='word_1_566' title='bbox 401 4335 558 4401; x_wconf 89' lang='lat' dir='ltr'>data,</span> <span class='ocrx_word' id='word_1_567' title='bbox 596 4333 746 4388; x_wconf 88' lang='lat' dir='ltr'>inter</span> <span class='ocrx_word' id='word_1_568' title='bbox 775 4337 981 4388; x_wconf 65' lang='lat' dir='ltr'>caetera</span> <span class='ocrx_word' id='word_1_569' title='bbox 1011 4334 1188 4389; x_wconf 85' lang='lat' dir='ltr'>etiam</span> <span class='ocrx_word' id='word_1_570' title='bbox 1211 4335 1281 4389; x_wconf 90' lang='lat' dir='ltr'>de</span> <span class='ocrx_word' id='word_1_571' title='bbox 1313 4335 1564 4389; x_wconf 86' lang='lat' dir='ltr'>adventu</span> <span class='ocrx_word' id='word_1_572' title='bbox 1608 4334 1837 4389; x_wconf 91' lang='lat' dir='ltr'>Domini</span> <span class='ocrx_word' id='word_1_573' title='bbox 1897 4353 2054 4407; x_wconf 66' lang='lat' dir='ltr'>quae-</span> 
     </span>
    </p>
   </div>
   <div class='ocr_carea' id='block_1_76' title="bbox 399 4422 2044 4492">
    <p class='ocr_par' dir='ltr' id='par_1_76' title="bbox 399 4422 2044 4492">
     <span class='ocr_line' id='line_1_76' title="bbox 399 4422 2044 4492; baseline 0.001 -14"><span class='ocrx_word' id='word_1_574' title='bbox 399 4424 533 4478; x_wconf 90' lang='lat' dir='ltr'>dam</span> <span class='ocrx_word' id='word_1_575' title='bbox 565 4422 818 4492; x_wconf 84' lang='lat' dir='ltr'>scripsit,</span> <span class='ocrx_word' id='word_1_576' title='bbox 850 4426 908 4476; x_wconf 90' lang='lat' dir='ltr'>et</span> <span class='ocrx_word' id='word_1_577' title='bbox 937 4422 1007 4476; x_wconf 91' lang='lat' dir='ltr'>de</span> <span class='ocrx_word' id='word_1_578' title='bbox 1039 4424 1457 4478; x_wconf 87' lang='lat' dir='ltr'>resurrectione</span> <span class='ocrx_word' id='word_1_579' title='bbox 1489 4427 1826 4478; x_wconf 87' lang='lat' dir='ltr'>sanctorum</span> <span class='ocrx_word' id='word_1_580' title='bbox 1853 4441 1864 4478; x_wconf 94' lang='lat'>:</span> <span class='ocrx_word' id='word_1_581' title='bbox 1887 4441 2044 4479; x_wconf 90' lang='lat' dir='ltr'>nunc</span> 
     </span>
    </p>
   </div>
   <div class='ocr_carea' id='block_1_77' title="bbox 401 4509 2039 4583">
    <p class='ocr_par' dir='ltr' id='par_1_77' title="bbox 401 4509 2039 4583">
     <span class='ocr_line' id='line_1_77' title="bbox 401 4509 2039 4583; baseline 0 -17"><span class='ocrx_word' id='word_1_582' title='bbox 401 4511 574 4566; x_wconf 88' lang='lat' dir='ltr'>aliam</span> <span class='ocrx_word' id='word_1_583' title='bbox 597 4510 884 4565; x_wconf 90' lang='lat' dir='ltr'>scribitad</span> <span class='ocrx_word' id='word_1_584' title='bbox 904 4527 1022 4575; x_wconf 89' lang='lat' dir='ltr'>eos,</span> <span class='ocrx_word' id='word_1_585' title='bbox 1057 4513 1113 4566; x_wconf 91' lang='lat' dir='ltr'>in</span> <span class='ocrx_word' id='word_1_586' title='bbox 1146 4529 1262 4583; x_wconf 87' lang='lat' dir='ltr'>qua</span> <span class='ocrx_word' id='word_1_587' title='bbox 1292 4511 1604 4582; x_wconf 78' lang='lat' dir='ltr'>significat,</span> <span class='ocrx_word' id='word_1_588' title='bbox 1625 4509 2039 4579; x_wconf 88' lang='lat' dir='ltr'>licetobscure,</span> 
     </span>
    </p>
   </div>
   <div class='ocr_carea' id='block_1_78' title="bbox 398 4597 2043 4671">
    <p class='ocr_par' dir='ltr' id='par_1_78' title="bbox 398 4597 2043 4671">
     <span class='ocr_line' id='line_1_78' title="bbox 398 4597 2043 4671; baseline -0.001 -16"><span class='ocrx_word' id='word_1_589' title='bbox 398 4616 588 4671; x_wconf 84' lang='lat' dir='ltr'>neque</span> <span class='ocrx_word' id='word_1_590' title='bbox 618 4599 770 4654; x_wconf 89' lang='lat' dir='ltr'>enim</span> <span class='ocrx_word' id='word_1_591' title='bbox 802 4603 998 4669; x_wconf 89' lang='lat' dir='ltr'>posset</span> <span class='ocrx_word' id='word_1_592' title='bbox 1028 4605 1222 4670; x_wconf 90' lang='lat' dir='ltr'>aperte</span> <span class='ocrx_word' id='word_1_593' title='bbox 1270 4599 1542 4663; x_wconf 90' lang='lat' dir='ltr'>scribere,</span> <span class='ocrx_word' id='word_1_594' title='bbox 1604 4599 1674 4651; x_wconf 92' lang='lat' dir='ltr'>de</span> <span class='ocrx_word' id='word_1_595' title='bbox 1731 4597 2043 4654; x_wconf 80' lang='lat' dir='ltr'>abolitione</span> 
     </span>
    </p>
   </div>
   <div class='ocr_carea' id='block_1_79' title="bbox 397 4685 2040 4758">
    <p class='ocr_par' dir='ltr' id='par_1_79' title="bbox 397 4685 2040 4758">
     <span class='ocr_line' id='line_1_79' title="bbox 397 4685 2040 4758; baseline 0.002 -16"><span class='ocrx_word' id='word_1_596' title='bbox 397 4687 558 4758; x_wconf 84' lang='lat' dir='ltr'>regni</span> <span class='ocrx_word' id='word_1_597' title='bbox 593 4686 935 4751; x_wconf 81' lang='lat' dir='ltr'>Romani,et</span> <span class='ocrx_word' id='word_1_598' title='bbox 965 4688 1034 4740; x_wconf 87' lang='lat' dir='ltr'>de</span> <span class='ocrx_word' id='word_1_599' title='bbox 1065 4685 1408 4740; x_wconf 86' lang='lat' dir='ltr'>Antichristi</span> <span class='ocrx_word' id='word_1_600' title='bbox 1441 4685 2040 4756; x_wconf 83' lang='lat' dir='ltr'>apparentia,etdam-</span> 
     </span>
    </p>
   </div>
   <div class='ocr_carea' id='block_1_80' title="bbox 399 4772 1966 4844">
    <p class='ocr_par' dir='ltr' id='par_1_80' title="bbox 399 4772 1966 4844">
     <span class='ocr_line' id='line_1_80' title="bbox 399 4772 1966 4844; baseline 0.001 -14"><span class='ocrx_word' id='word_1_601' title='bbox 399 4777 654 4839; x_wconf 91' lang='lat' dir='ltr'>natione,</span> <span class='ocrx_word' id='word_1_602' title='bbox 685 4776 835 4830; x_wconf 88' lang='lat' dir='ltr'>etde</span> <span class='ocrx_word' id='word_1_603' title='bbox 866 4775 1252 4843; x_wconf 87' lang='lat' dir='ltr'>quorumdam</span> <span class='ocrx_word' id='word_1_604' title='bbox 1278 4775 1521 4827; x_wconf 85' lang='lat' dir='ltr'>fratrum</span> <span class='ocrx_word' id='word_1_605' title='bbox 1547 4772 1966 4844; x_wconf 89' lang='lat' dir='ltr'>inquietudine.</span> 
     </span>
    </p>
   </div>
   <div class='ocr_carea' id='block_1_81' title="bbox 469 4862 2040 4934">
    <p class='ocr_par' dir='ltr' id='par_1_81' title="bbox 469 4862 2040 4934">
     <span class='ocr_line' id='line_1_81' title="bbox 469 4862 2040 4934; baseline 0.004 -17"><span class='ocrx_word' id='word_1_606' title='bbox 469 4864 627 4931; x_wconf 82' lang='lat' dir='ltr'>(CAP.</span> <span class='ocrx_word' id='word_1_607' title='bbox 665 4865 730 4934; x_wconf 86' lang='grc' dir='ltr'>Ι.)</span> <span class='ocrx_word' id='word_1_608' title='bbox 763 4863 991 4924; x_wconf 82' lang='lat' dir='ltr'>Paulus,</span> <span class='ocrx_word' id='word_1_609' title='bbox 1023 4867 1073 4915; x_wconf 81' lang='lat' dir='ltr'>et</span> <span class='ocrx_word' id='word_1_610' title='bbox 1105 4862 1379 4931; x_wconf 84' lang='lat' dir='ltr'>Silvanus,</span> <span class='ocrx_word' id='word_1_611' title='bbox 1413 4866 1464 4915; x_wconf 89' lang='lat' dir='ltr'>et</span> <span class='ocrx_word' id='word_1_612' title='bbox 1498 4863 1796 4920; x_wconf 87' lang='lat' dir='ltr'>Timotheus</span> <span class='ocrx_word' id='word_1_613' title='bbox 1849 4868 2040 4923; x_wconf 83' lang='lat' dir='ltr'>Eccle-</span> 
     </span>
    </p>
   </div>
   <div class='ocr_carea' id='block_1_82' title="bbox 395 4951 2038 5021">
    <p class='ocr_par' dir='ltr' id='par_1_82' title="bbox 395 4951 2038 5021">
     <span class='ocr_line' id='line_1_82' title="bbox 395 4951 2038 5021; baseline 0.002 -13"><span class='ocrx_word' id='word_1_614' title='bbox 395 4953 492 5008; x_wconf 72' lang='lat' dir='ltr'>siae</span> <span class='ocrx_word' id='word_1_615' title='bbox 526 4951 1082 5006; x_wconf 82' lang='lat' dir='ltr'>Thessalonicensium</span> <span class='ocrx_word' id='word_1_616' title='bbox 1115 4952 1174 5003; x_wconf 87' lang='lat' dir='ltr'>in</span> <span class='ocrx_word' id='word_1_617' title='bbox 1204 4951 1305 5004; x_wconf 92' lang='lat' dir='ltr'>Deo</span> <span class='ocrx_word' id='word_1_618' title='bbox 1363 4957 1525 5006; x_wconf 78' lang='lat' dir='ltr'>Patre</span> <span class='ocrx_word' id='word_1_619' title='bbox 1574 4957 1773 5021; x_wconf 85' lang='lat' dir='ltr'>nostro,</span> <span class='ocrx_word' id='word_1_620' title='bbox 1835 4965 1887 5010; x_wconf 84' lang='lat' dir='ltr'>et</span> <span class='ocrx_word' id='word_1_621' title='bbox 1936 4958 2038 5012; x_wconf 89' lang='lat' dir='ltr'>Do-</span> 
     </span>
    </p>
   </div>
   <div class='ocr_carea' id='block_1_83' title="bbox 395 5037 2042 5112">
    <p class='ocr_par' dir='ltr' id='par_1_83' title="bbox 395 5037 2042 5112">
     <span class='ocr_line' id='line_1_83' title="bbox 395 5037 2042 5112; baseline 0.003 -16"><span class='ocrx_word' id='word_1_622' title='bbox 395 5058 546 5096; x_wconf 75' lang='lat' dir='ltr'>mino</span> <span class='ocrx_word' id='word_1_623' title='bbox 567 5042 693 5094; x_wconf 86' lang='lat' dir='ltr'>Jesu</span> <span class='ocrx_word' id='word_1_624' title='bbox 725 5038 960 5092; x_wconf 83' lang='lat' dir='ltr'>Christo.</span> <span class='ocrx_word' id='word_1_625' title='bbox 997 5037 1178 5092; x_wconf 81' lang='lat' dir='ltr'>Gratia</span> <span class='ocrx_word' id='word_1_626' title='bbox 1219 5039 1370 5094; x_wconf 83' lang='lat' dir='ltr'>vobis</span> <span class='ocrx_word' id='word_1_627' title='bbox 1393 5050 1443 5096; x_wconf 87' lang='lat' dir='ltr'>et</span> <span class='ocrx_word' id='word_1_628' title='bbox 1467 5058 1583 5112; x_wconf 71' lang='lat' dir='ltr'>pax</span> <span class='ocrx_word' id='word_1_629' title='bbox 1625 5059 1658 5097; x_wconf 90' lang='lat' dir='ltr'>a</span> <span class='ocrx_word' id='word_1_630' title='bbox 1717 5045 1820 5099; x_wconf 85' lang='lat' dir='ltr'>Deo</span> <span class='ocrx_word' id='word_1_631' title='bbox 1873 5049 2042 5102; x_wconf 88' lang='lat' dir='ltr'>Patre</span> 
     </span>
    </p>
   </div>
   <div class='ocr_carea' id='block_1_84' title="bbox 395 5125 2040 5196">
    <p class='ocr_par' dir='ltr' id='par_1_84' title="bbox 395 5125 2040 5196">
     <span class='ocr_line' id='line_1_84' title="bbox 395 5125 2040 5196; baseline 0.004 -12"><span class='ocrx_word' id='word_1_632' title='bbox 395 5132 595 5196; x_wconf 89' lang='lat' dir='ltr'>nostro,</span> <span class='ocrx_word' id='word_1_633' title='bbox 629 5130 680 5181; x_wconf 87' lang='lat' dir='ltr'>et</span> <span class='ocrx_word' id='word_1_634' title='bbox 710 5125 938 5180; x_wconf 87' lang='lat' dir='ltr'>Domino</span> <span class='ocrx_word' id='word_1_635' title='bbox 979 5125 1105 5179; x_wconf 75' lang='lat' dir='ltr'>Jcsu</span> <span class='ocrx_word' id='word_1_636' title='bbox 1136 5127 1365 5184; x_wconf 83' lang='lat' dir='ltr'>Christo.</span> <span class='ocrx_word' id='word_1_637' title='bbox 1422 5129 1794 5188; x_wconf 89' lang='lat' dir='ltr'>Solemnibus</span> <span class='ocrx_word' id='word_1_638' title='bbox 1849 5135 2040 5190; x_wconf 89' lang='lat' dir='ltr'>verbis</span> 
     </span>
    </p>
   </div>
   <div class='ocr_carea' id='block_1_85' title="bbox 395 5210 2042 5294">
    <p class='ocr_par' dir='ltr' id='par_1_85' title="bbox 395 5210 2042 5294">
     <span class='ocr_line' id='line_1_85' title="bbox 395 5210 2042 5294; baseline 0.004 -22"><span class='ocrx_word' id='word_1_639' title='bbox 395 5215 602 5273; x_wconf 83' lang='lat' dir='ltr'>scribit</span> <span class='ocrx_word' id='word_1_640' title='bbox 632 5215 703 5268; x_wconf 87' lang='lat' dir='ltr'>ad</span> <span class='ocrx_word' id='word_1_641' title='bbox 735 5228 854 5268; x_wconf 87' lang='lat' dir='ltr'>eos.</span> <span class='ocrx_word' id='word_1_642' title='bbox 881 5210 1058 5268; x_wconf 89' lang='lat' dir='ltr'>Solito</span> <span class='ocrx_word' id='word_1_643' title='bbox 1080 5217 1232 5270; x_wconf 90' lang='lat' dir='ltr'>enim</span> <span class='ocrx_word' id='word_1_644' title='bbox 1257 5234 1414 5274; x_wconf 90' lang='lat' dir='ltr'>more</span> <span class='ocrx_word' id='word_1_645' title='bbox 1467 5236 1805 5276; x_wconf 89' lang='lat' dir='ltr'>sermonum</span> <span class='ocrx_word' id='word_1_646' title='bbox 1866 5228 2042 5294; x_wconf 88' lang='lat' dir='ltr'>caput</span> 
     </span>
    </p>
   </div>
   <div class='ocr_carea' id='block_1_86' title="bbox 395 5299 2039 5383">
    <p class='ocr_par' dir='ltr' id='par_1_86' title="bbox 395 5299 2039 5383">
     <span class='ocr_line' id='line_1_86' title="bbox 395 5299 2039 5383; baseline 0.004 -23"><span class='ocrx_word' id='word_1_647' title='bbox 395 5303 728 5360; x_wconf 89' lang='lat' dir='ltr'>continetur</span> <span class='ocrx_word' id='word_1_648' title='bbox 758 5299 1062 5371; x_wconf 62' lang='lat' dir='ltr'>Epistola:</span> <span class='ocrx_word' id='word_1_649' title='bbox 1096 5310 1152 5360; x_wconf 87' lang='lat' dir='ltr'>et</span> <span class='ocrx_word' id='word_1_650' title='bbox 1182 5306 1332 5362; x_wconf 91' lang='lat' dir='ltr'>idem</span> <span class='ocrx_word' id='word_1_651' title='bbox 1361 5308 1472 5380; x_wconf 92' lang='lat' dir='ltr'>ipsi</span> <span class='ocrx_word' id='word_1_652' title='bbox 1504 5313 1620 5364; x_wconf 91' lang='lat' dir='ltr'>tres</span> <span class='ocrx_word' id='word_1_653' title='bbox 1677 5315 1835 5376; x_wconf 90' lang='lat' dir='ltr'>sunt,</span> <span class='ocrx_word' id='word_1_654' title='bbox 1897 5329 2039 5383; x_wconf 92' lang='lat' dir='ltr'>quo-</span> 
     </span>
    </p>
   </div>
   <div class='ocr_carea' id='block_1_87' title="bbox 394 5388 1887 5470">
    <p class='ocr_par' dir='ltr' id='par_1_87' title="bbox 394 5388 1887 5470">
     <span class='ocr_line' id='line_1_87' title="bbox 394 5388 1887 5470; baseline 0.006 -24"><span class='ocrx_word' id='word_1_655' title='bbox 394 5405 528 5446; x_wconf 89' lang='lat' dir='ltr'>rum</span> <span class='ocrx_word' id='word_1_656' title='bbox 551 5389 785 5445; x_wconf 89' lang='lat' dir='ltr'>nomine</span> <span class='ocrx_word' id='word_1_657' title='bbox 801 5388 1094 5459; x_wconf 88' lang='lat' dir='ltr'>scribitur,</span> <span class='ocrx_word' id='word_1_658' title='bbox 1127 5394 1275 5452; x_wconf 91' lang='lat' dir='ltr'>sicut</span> <span class='ocrx_word' id='word_1_659' title='bbox 1306 5401 1362 5454; x_wconf 89' lang='lat' dir='ltr'>et</span> <span class='ocrx_word' id='word_1_660' title='bbox 1391 5399 1581 5470; x_wconf 87' lang='lat' dir='ltr'>prima</span> <span class='ocrx_word' id='word_1_661' title='bbox 1611 5399 1887 5470; x_wconf 87' lang='lat' dir='ltr'>Epistola.</span> 
     </span>
    </p>
   </div>
   <div class='ocr_carea' id='block_1_88' title="bbox 467 5546 2041 5630">
    <p class='ocr_par' dir='ltr' id='par_1_88' title="bbox 467 5546 2041 5630">
     <span class='ocr_line' id='line_1_88' title="bbox 467 5546 2041 5630; baseline 0.01 -30"><span class='ocrx_word' id='word_1_662' title='bbox 467 5546 650 5630; x_wconf 44' lang='lat'>.(1289)</span> <span class='ocrx_word' id='word_1_663' title='bbox 670 5549 850 5630; x_wconf 44' lang='lat' dir='ltr'>Caius</span> <span class='ocrx_word' id='word_1_664' title='bbox 874 5560 1308 5630; x_wconf 80' lang='lat' dir='ltr'>argumentum,</span> <span class='ocrx_word' id='word_1_665' title='bbox 1333 5561 1389 5611; x_wconf 90' lang='lat' dir='ltr'>et</span> <span class='ocrx_word' id='word_1_666' title='bbox 1408 5558 1695 5630; x_wconf 77' lang='lat' dir='ltr'>expositio</span> <span class='ocrx_word' id='word_1_667' title='bbox 1731 5575 1914 5630; x_wconf 63' lang='lat' dir='ltr'>eque,</span> <span class='ocrx_word' id='word_1_668' title='bbox 1973 5575 2041 5614; x_wconf 88' lang='lat' dir='ltr'>ac</span> 
     </span>
    </p>
   </div>
   <div class='ocr_carea' id='block_1_89' title="bbox 391 5622 2039 5703">
    <p class='ocr_par' dir='ltr' id='par_1_89' title="bbox 391 5622 2039 5703">
     <span class='ocr_line' id='line_1_89' title="bbox 391 5622 2039 5703; baseline 0.006 -27"><span class='ocrx_word' id='word_1_669' title='bbox 391 5622 594 5700; x_wconf 64' lang='lat' dir='ltr'>prima</span> <span class='ocrx_word' id='word_1_670' title='bbox 616 5623 685 5679; x_wconf 90' lang='lat' dir='ltr'>ad</span> <span class='ocrx_word' id='word_1_671' title='bbox 715 5622 1266 5684; x_wconf 83' lang='lat' dir='ltr'>Thessalonicenses</span> <span class='ocrx_word' id='word_1_672' title='bbox 1288 5622 1543 5686; x_wconf 80' lang='lat' dir='ltr'>eosdem.</span> <span class='ocrx_word' id='word_1_673' title='bbox 1569 5628 1681 5685; x_wconf 90' lang='lat' dir='ltr'>divi</span> <span class='ocrx_word' id='word_1_674' title='bbox 1719 5622 2039 5703; x_wconf 80' lang='lat' dir='ltr'>Ambrosii,</span> 
     </span>
    </p>
   </div>
   <div class='ocr_carea' id='block_1_90' title="bbox 2164 4337 3820 4411">
    <p class='ocr_par' dir='ltr' id='par_1_90' title="bbox 2164 4337 3820 4411">
     <span class='ocr_line' id='line_1_90' title="bbox 2164 4337 3820 4411; baseline 0.006 -22"><span class='ocrx_word' id='word_1_675' title='bbox 2164 4340 2293 4404; x_wconf 88' lang='lat' dir='ltr'>tres,</span> <span class='ocrx_word' id='word_1_676' title='bbox 2322 4338 2461 4390; x_wconf 84' lang='lat' dir='ltr'>sicut</span> <span class='ocrx_word' id='word_1_677' title='bbox 2483 4337 2712 4405; x_wconf 87' lang='lat' dir='ltr'>dignum</span> <span class='ocrx_word' id='word_1_678' title='bbox 2731 4347 2832 4403; x_wconf 87' lang='lat' dir='ltr'>est,</span> <span class='ocrx_word' id='word_1_679' title='bbox 2881 4354 3140 4409; x_wconf 78' lang='lat' dir='ltr'>quoniam</span> <span class='ocrx_word' id='word_1_680' title='bbox 3195 4343 3626 4411; x_wconf 73' lang='lat' dir='ltr'>superexcrescit</span> <span class='ocrx_word' id='word_1_681' title='bbox 3682 4343 3820 4411; x_wconf 81' lang='lat' dir='ltr'>ﬁdes</span> 
     </span>
    </p>
   </div>
   <div class='ocr_carea' id='block_1_91' title="bbox 2152 4426 3818 4500">
    <p class='ocr_par' dir='ltr' id='par_1_91' title="bbox 2152 4426 3818 4500">
     <span class='ocr_line' id='line_1_91' title="bbox 2152 4426 3818 4500; baseline 0.005 -22"><span class='ocrx_word' id='word_1_682' title='bbox 2152 4428 2406 4492; x_wconf 87' lang='lat' dir='ltr'>vestra,et</span> <span class='ocrx_word' id='word_1_683' title='bbox 2421 4426 2830 4496; x_wconf 84' lang='lat' dir='ltr'>multiplicatur</span> <span class='ocrx_word' id='word_1_684' title='bbox 2847 4427 3091 4482; x_wconf 85' lang='lat' dir='ltr'>charitas</span> <span class='ocrx_word' id='word_1_685' title='bbox 3107 4429 3543 4500; x_wconf 85' lang='lat' dir='ltr'>uniuscujusque</span> <span class='ocrx_word' id='word_1_686' title='bbox 3560 4432 3818 4486; x_wconf 79' lang='lat' dir='ltr'>omnium</span> 
     </span>
    </p>
   </div>
   <div class='ocr_carea' id='block_1_92' title="bbox 2152 4515 3814 4574">
    <p class='ocr_par' dir='ltr' id='par_1_92' title="bbox 2152 4515 3814 4574">
     <span class='ocr_line' id='line_1_92' title="bbox 2152 4515 3814 4574; baseline 0.004 -6"><span class='ocrx_word' id='word_1_687' title='bbox 2152 4521 2390 4568; x_wconf 88' lang='lat' dir='ltr'>vestrum</span> <span class='ocrx_word' id='word_1_688' title='bbox 2417 4516 2473 4567; x_wconf 86' lang='lat' dir='ltr'>in</span> <span class='ocrx_word' id='word_1_689' title='bbox 2506 4529 2598 4568; x_wconf 87' lang='lat' dir='ltr'>vos</span> <span class='ocrx_word' id='word_1_690' title='bbox 2629 4515 2881 4570; x_wconf 86' lang='lat' dir='ltr'>invicem.</span> <span class='ocrx_word' id='word_1_691' title='bbox 2909 4519 3021 4570; x_wconf 91' lang='lat' dir='ltr'>Deo</span> <span class='ocrx_word' id='word_1_692' title='bbox 3039 4531 3100 4571; x_wconf 88' lang='lat' dir='ltr'>se</span> <span class='ocrx_word' id='word_1_693' title='bbox 3119 4517 3410 4573; x_wconf 89' lang='lat' dir='ltr'>debitores</span> <span class='ocrx_word' id='word_1_694' title='bbox 3467 4518 3538 4572; x_wconf 89' lang='lat' dir='ltr'>de</span> <span class='ocrx_word' id='word_1_695' title='bbox 3593 4517 3814 4574; x_wconf 89' lang='lat' dir='ltr'>horum</span> 
     </span>
    </p>
   </div>
   <div class='ocr_carea' id='block_1_93' title="bbox 2152 4602 3815 4676">
    <p class='ocr_par' dir='ltr' id='par_1_93' title="bbox 2152 4602 3815 4676">
     <span class='ocr_line' id='line_1_93' title="bbox 2152 4602 3815 4676; baseline 0.003 -20"><span class='ocrx_word' id='word_1_696' title='bbox 2152 4603 2408 4674; x_wconf 87' lang='lat' dir='ltr'>profectu</span> <span class='ocrx_word' id='word_1_697' title='bbox 2432 4602 2753 4674; x_wconf 86' lang='lat' dir='ltr'>gratiarum</span> <span class='ocrx_word' id='word_1_698' title='bbox 2777 4603 3002 4659; x_wconf 85' lang='lat' dir='ltr'>actione</span> <span class='ocrx_word' id='word_1_699' title='bbox 3040 4605 3408 4676; x_wconf 80' lang='lat' dir='ltr'>profitentur.</span> <span class='ocrx_word' id='word_1_700' title='bbox 3442 4606 3511 4660; x_wconf 90' lang='lat' dir='ltr'>Et</span> <span class='ocrx_word' id='word_1_701' title='bbox 3569 4611 3640 4661; x_wconf 87' lang='lat' dir='ltr'>ut</span> <span class='ocrx_word' id='word_1_702' title='bbox 3700 4624 3815 4662; x_wconf 91' lang='lat' dir='ltr'>non</span> 
     </span>
    </p>
   </div>
   <div class='ocr_carea' id='block_1_94' title="bbox 2151 4691 3818 4766">
    <p class='ocr_par' dir='ltr' id='par_1_94' title="bbox 2151 4691 3818 4766">
     <span class='ocr_line' id='line_1_94' title="bbox 2151 4691 3818 4766; baseline 0.002 -20"><span class='ocrx_word' id='word_1_703' title='bbox 2151 4691 2562 4763; x_wconf 85' lang='lat' dir='ltr'>qualecunque</span> <span class='ocrx_word' id='word_1_704' title='bbox 2591 4707 2721 4747; x_wconf 88' lang='lat' dir='ltr'>esse</span> <span class='ocrx_word' id='word_1_705' title='bbox 2750 4693 3015 4748; x_wconf 91' lang='lat' dir='ltr'>debitum</span> <span class='ocrx_word' id='word_1_706' title='bbox 3047 4694 3548 4759; x_wconf 86' lang='lat' dir='ltr'>ostenderet,sicut</span> <span class='ocrx_word' id='word_1_707' title='bbox 3577 4695 3818 4766; x_wconf 84' lang='lat' dir='ltr'>dignum</span> 
     </span>
    </p>
   </div>
   <div class='ocr_carea' id='block_1_95' title="bbox 2147 4778 3812 4855">
    <p class='ocr_par' dir='ltr' id='par_1_95' title="bbox 2147 4778 3812 4855">
     <span class='ocr_line' id='line_1_95' title="bbox 2147 4778 3812 4855; baseline 0.002 -19"><span class='ocrx_word' id='word_1_708' title='bbox 2147 4789 2243 4848; x_wconf 89' lang='lat' dir='ltr'>est,</span> <span class='ocrx_word' id='word_1_709' title='bbox 2277 4779 2389 4834; x_wconf 87' lang='lat' dir='ltr'>ait:</span> <span class='ocrx_word' id='word_1_710' title='bbox 2423 4778 2495 4833; x_wconf 91' lang='lat' dir='ltr'>Ut</span> <span class='ocrx_word' id='word_1_711' title='bbox 2543 4795 2643 4850; x_wconf 93' lang='lat' dir='ltr'>pro</span> <span class='ocrx_word' id='word_1_712' title='bbox 2699 4784 2820 4836; x_wconf 89' lang='lat' dir='ltr'>tam</span> <span class='ocrx_word' id='word_1_713' title='bbox 2853 4781 3082 4837; x_wconf 82' lang='lat' dir='ltr'>inﬁnito</span> <span class='ocrx_word' id='word_1_714' title='bbox 3137 4782 3291 4837; x_wconf 90' lang='lat' dir='ltr'>dono</span> <span class='ocrx_word' id='word_1_715' title='bbox 3347 4782 3490 4838; x_wconf 86' lang='lat' dir='ltr'>satis</span> <span class='ocrx_word' id='word_1_716' title='bbox 3549 4785 3812 4855; x_wconf 85' lang='lat' dir='ltr'>grandes</span> 
     </span>
    </p>
   </div>
   <div class='ocr_carea' id='block_1_96' title="bbox 2150 4867 3814 4944">
    <p class='ocr_par' dir='ltr' id='par_1_96' title="bbox 2150 4867 3814 4944">
     <span class='ocr_line' id='line_1_96' title="bbox 2150 4867 3814 4944; baseline 0.002 -21"><span class='ocrx_word' id='word_1_717' title='bbox 2150 4868 2369 4941; x_wconf 84' lang='lat' dir='ltr'>gratias</span> <span class='ocrx_word' id='word_1_718' title='bbox 2399 4867 2728 4924; x_wconf 87' lang='lat' dir='ltr'>referendas</span> <span class='ocrx_word' id='word_1_719' title='bbox 2757 4875 2865 4925; x_wconf 91' lang='lat' dir='ltr'>Deo</span> <span class='ocrx_word' id='word_1_720' title='bbox 2896 4875 3270 4926; x_wconf 84' lang='lat' dir='ltr'>testarentur.</span> <span class='ocrx_word' id='word_1_721' title='bbox 3323 4871 3458 4926; x_wconf 89' lang='lat' dir='ltr'>Post</span> <span class='ocrx_word' id='word_1_722' title='bbox 3509 4876 3814 4944; x_wconf 85' lang='lat' dir='ltr'>acceptam</span> 
     </span>
    </p>
   </div>
   <div class='ocr_carea' id='block_1_97' title="bbox 2151 4956 3817 5031">
    <p class='ocr_par' dir='ltr' id='par_1_97' title="bbox 2151 4956 3817 5031">
     <span class='ocr_line' id='line_1_97' title="bbox 2151 4956 3817 5031; baseline 0.002 -20"><span class='ocrx_word' id='word_1_723' title='bbox 2151 4957 2306 5012; x_wconf 90' lang='lat' dir='ltr'>enim</span> <span class='ocrx_word' id='word_1_724' title='bbox 2340 4956 2588 5028; x_wconf 88' lang='lat' dir='ltr'>primam</span> <span class='ocrx_word' id='word_1_725' title='bbox 2613 4957 2954 5029; x_wconf 88' lang='lat' dir='ltr'>Epistolam,</span> <span class='ocrx_word' id='word_1_726' title='bbox 2979 4957 3248 5014; x_wconf 89' lang='lat' dir='ltr'>meliores</span> <span class='ocrx_word' id='word_1_727' title='bbox 3279 4976 3428 5025; x_wconf 89' lang='lat' dir='ltr'>esse,</span> <span class='ocrx_word' id='word_1_728' title='bbox 3470 4976 3652 5031; x_wconf 90' lang='lat' dir='ltr'>quam</span> <span class='ocrx_word' id='word_1_729' title='bbox 3691 4961 3817 5016; x_wconf 86' lang='lat' dir='ltr'>fue-</span> 
     </span>
    </p>
   </div>
   <div class='ocr_carea' id='block_1_98' title="bbox 2151 5046 3818 5120">
    <p class='ocr_par' dir='ltr' id='par_1_98' title="bbox 2151 5046 3818 5120">
     <span class='ocr_line' id='line_1_98' title="bbox 2151 5046 3818 5120; baseline 0.002 -20"><span class='ocrx_word' id='word_1_730' title='bbox 2151 5051 2302 5113; x_wconf 88' lang='lat' dir='ltr'>rant,</span> <span class='ocrx_word' id='word_1_731' title='bbox 2332 5046 2749 5118; x_wconf 89' lang='lat' dir='ltr'>perstiterunt;</span> <span class='ocrx_word' id='word_1_732' title='bbox 2774 5046 2856 5102; x_wconf 88' lang='lat' dir='ltr'>ita</span> <span class='ocrx_word' id='word_1_733' title='bbox 2887 5051 2951 5102; x_wconf 91' lang='lat' dir='ltr'>ut</span> <span class='ocrx_word' id='word_1_734' title='bbox 2981 5048 3038 5102; x_wconf 93' lang='lat' dir='ltr'>in</span> <span class='ocrx_word' id='word_1_735' title='bbox 3073 5064 3138 5102; x_wconf 88' lang='lat' dir='ltr'>eo</span> <span class='ocrx_word' id='word_1_736' title='bbox 3171 5048 3389 5120; x_wconf 89' lang='lat' dir='ltr'>copiosi</span> <span class='ocrx_word' id='word_1_737' title='bbox 3419 5053 3477 5104; x_wconf 92' lang='lat' dir='ltr'>et</span> <span class='ocrx_word' id='word_1_738' title='bbox 3505 5049 3818 5105; x_wconf 89' lang='lat' dir='ltr'>abundan-</span> 
     </span>
    </p>
   </div>
   <div class='ocr_carea' id='block_1_99' title="bbox 2151 5129 3821 5207">
    <p class='ocr_par' dir='ltr' id='par_1_99' title="bbox 2151 5129 3821 5207">
     <span class='ocr_line' id='line_1_99' title="bbox 2151 5129 3821 5207; baseline 0.001 -18"><span class='ocrx_word' id='word_1_739' title='bbox 2151 5139 2236 5190; x_wconf 88' lang='lat' dir='ltr'>tes</span> <span class='ocrx_word' id='word_1_740' title='bbox 2268 5129 2622 5203; x_wconf 86' lang='lat' dir='ltr'>viderentur,</span> <span class='ocrx_word' id='word_1_741' title='bbox 2657 5135 2810 5207; x_wconf 92' lang='lat' dir='ltr'>quod</span> <span class='ocrx_word' id='word_1_742' title='bbox 2839 5140 2974 5207; x_wconf 88' lang='lat' dir='ltr'>post</span> <span class='ocrx_word' id='word_1_743' title='bbox 3003 5136 3233 5191; x_wconf 91' lang='lat' dir='ltr'>Domini</span> <span class='ocrx_word' id='word_1_744' title='bbox 3284 5142 3342 5191; x_wconf 92' lang='lat' dir='ltr'>et</span> <span class='ocrx_word' id='word_1_745' title='bbox 3402 5137 3498 5192; x_wconf 89' lang='lat' dir='ltr'>Dei</span> <span class='ocrx_word' id='word_1_746' title='bbox 3557 5137 3821 5192; x_wconf 90' lang='lat' dir='ltr'>devotio-</span> 
     </span>
    </p>
   </div>
   <div class='ocr_carea' id='block_1_100' title="bbox 2151 5224 3819 5297">
    <p class='ocr_par' dir='ltr' id='par_1_100' title="bbox 2151 5224 3819 5297">
     <span class='ocr_line' id='line_1_100' title="bbox 2151 5224 3819 5297; baseline 0.001 -18"><span class='ocrx_word' id='word_1_747' title='bbox 2151 5241 2284 5281; x_wconf 87' lang='lat' dir='ltr'>nem</span> <span class='ocrx_word' id='word_1_748' title='bbox 2317 5224 2604 5279; x_wconf 90' lang='lat' dir='ltr'>habemus</span> <span class='ocrx_word' id='word_1_749' title='bbox 2634 5224 2999 5292; x_wconf 87' lang='lat' dir='ltr'>mandatum,</span> <span class='ocrx_word' id='word_1_750' title='bbox 3049 5229 3112 5278; x_wconf 90' lang='lat' dir='ltr'>ut</span> <span class='ocrx_word' id='word_1_751' title='bbox 3167 5224 3487 5297; x_wconf 89' lang='lat' dir='ltr'>diligamus</span> <span class='ocrx_word' id='word_1_752' title='bbox 3546 5242 3657 5282; x_wconf 92' lang='lat' dir='ltr'>nos</span> <span class='ocrx_word' id='word_1_753' title='bbox 3725 5225 3819 5280; x_wconf 89' lang='lat' dir='ltr'>in-</span> 
     </span>
    </p>
   </div>
   <div class='ocr_carea' id='block_1_101' title="bbox 2149 5319 3457 5368">
    <p class='ocr_par' dir='ltr' id='par_1_101' title="bbox 2149 5319 3457 5368">
     <span class='ocr_line' id='line_1_101' title="bbox 2149 5319 3457 5368; baseline -0.002 -1"><span class='ocrx_word' id='word_1_754' title='bbox 2149 5319 2358 5368; x_wconf 85' lang='lat' dir='ltr'>vicem.</span> <span class='ocrx_word' id='word_1_755' title='bbox 3455 5362 3457 5364; x_wconf 80' lang='lat'>.</span> 
     </span>
    </p>
   </div>
   <div class='ocr_carea' id='block_1_102' title="bbox 2221 5402 3824 5474">
    <p class='ocr_par' dir='ltr' id='par_1_102' title="bbox 2221 5402 3824 5474">
     <span class='ocr_line' id='line_1_102' title="bbox 2221 5402 3824 5474; baseline 0.002 -20"><span class='ocrx_word' id='word_1_756' title='bbox 2221 5403 2301 5454; x_wconf 84' lang='lat' dir='ltr'>Ita</span> <span class='ocrx_word' id='word_1_757' title='bbox 2321 5409 2380 5455; x_wconf 90' lang='lat' dir='ltr'>ut</span> <span class='ocrx_word' id='word_1_758' title='bbox 2399 5416 2497 5456; x_wconf 86' lang='lat' dir='ltr'>nos</span> <span class='ocrx_word' id='word_1_759' title='bbox 2517 5403 2626 5472; x_wconf 88' lang='lat' dir='ltr'>ipsi</span> <span class='ocrx_word' id='word_1_760' title='bbox 2654 5403 2716 5457; x_wconf 88' lang='lat' dir='ltr'>in</span> <span class='ocrx_word' id='word_1_761' title='bbox 2733 5417 2825 5458; x_wconf 89' lang='lat' dir='ltr'>vos</span> <span class='ocrx_word' id='word_1_762' title='bbox 2843 5402 3146 5472; x_wconf 84' lang='lat' dir='ltr'>gloriemur</span> <span class='ocrx_word' id='word_1_763' title='bbox 3166 5403 3227 5457; x_wconf 88' lang='lat' dir='ltr'>in</span> <span class='ocrx_word' id='word_1_764' title='bbox 3246 5402 3504 5457; x_wconf 84' lang='lat' dir='ltr'>Ecclesiis</span> <span class='ocrx_word' id='word_1_765' title='bbox 3556 5402 3663 5458; x_wconf 88' lang='lat' dir='ltr'>Dei</span> <span class='ocrx_word' id='word_1_766' title='bbox 3714 5416 3824 5474; x_wconf 87' lang='lat' dir='ltr'>pro</span> 
     </span>
    </p>
   </div>
   <div class='ocr_carea' id='block_1_103' title="bbox 2151 5557 3818 5634">
    <p class='ocr_par' dir='ltr' id='par_1_103' title="bbox 2151 5557 3818 5634">
     <span class='ocr_line' id='line_1_103' title="bbox 2151 5557 3818 5634; baseline 0.003 -20"><span class='ocrx_word' id='word_1_767' title='bbox 2151 5574 2252 5614; x_wconf 88' lang='lat' dir='ltr'>seu</span> <span class='ocrx_word' id='word_1_768' title='bbox 2278 5557 2482 5634; x_wconf 68' lang='lat' dir='ltr'>Hilarii</span> <span class='ocrx_word' id='word_1_769' title='bbox 2499 5560 2728 5634; x_wconf 78' lang='lat' dir='ltr'>diaconi</span> <span class='ocrx_word' id='word_1_770' title='bbox 2751 5566 2858 5634; x_wconf 80' lang='lat' dir='ltr'>est.</span> <span class='ocrx_word' id='word_1_771' title='bbox 2883 5559 3144 5634; x_wconf 73' lang='lat' dir='ltr'>Titulum</span> <span class='ocrx_word' id='word_1_772' title='bbox 3160 5561 3489 5634; x_wconf 85' lang='lat' dir='ltr'>autem,qui</span> <span class='ocrx_word' id='word_1_773' title='bbox 3511 5562 3818 5620; x_wconf 83' lang='lat' dir='ltr'>desidera-</span> 
     </span>
    </p>
   </div>
   <div class='ocr_carea' id='block_1_104' title="bbox 2149 5630 3390 5707">
    <p class='ocr_par' dir='ltr' id='par_1_104' title="bbox 2149 5630 3390 5707">
     <span class='ocr_line' id='line_1_104' title="bbox 2149 5630 3390 5707; baseline 0.003 -20"><span class='ocrx_word' id='word_1_774' title='bbox 2149 5635 2247 5690; x_wconf 85' lang='lat' dir='ltr'>tur</span> <span class='ocrx_word' id='word_1_775' title='bbox 2276 5630 2335 5686; x_wconf 87' lang='lat' dir='ltr'>in</span> <span class='ocrx_word' id='word_1_776' title='bbox 2357 5631 2574 5698; x_wconf 87' lang='lat' dir='ltr'>codice,</span> <span class='ocrx_word' id='word_1_777' title='bbox 2603 5632 2941 5691; x_wconf 84' lang='lat' dir='ltr'>addendum</span> <span class='ocrx_word' id='word_1_778' title='bbox 2965 5630 3390 5707; x_wconf 82' lang='lat' dir='ltr'>judicavitnus.</span> 
     </span>
    </p>
   </div>
  </div>
