3978 6210
225 321 347 385 657

682 320 1105 382 EXPOSITIO
1150 319 1225 379 IN
1273 317 1706 379 EPISTOLAS
1754 318 2012 381 PAULI.
2057 352 2132 363 —
2177 320 2253 380 IN
2303 323 2548 383 EPIST.
2597 323 2646 384 Il
2692 326 2795 385 AD
2840 322 3206 385 THESSAL.

3532 324 3651 385 658

222 454 499 527 patientia
527 455 730 517 vestra,
760 456 814 506 et
865 451 971 520 ﬁde
997 451 1058 504 in
1114 450 1370 506 omnibus
1415 450 1880 521 persecutionibus
1911 458 1964 524 Α
1993 451 2092 506 stri
2111 453 2237 506 Jesu
2268 453 2494 508 Christi.
2534 454 2758 509 Gaudio
2810 455 2970 509 addit
3002 459 3056 509 ct
3112 471 3332 526 preces,
3393 461 3456 510 ut
3511 460 3651 527 quia

226 546 442 607 vestris,
474 547 524 598 et
544 543 983 613 pressuris,quas
1010 542 1291 594 sustinetis
1321 541 1382 594 in
1410 540 1726 609 exemplum
1750 540 1892 604 iusti

217 633 428 706 judicii
455 633 574 695 Dei,
607 635 668 686 in
689 631 807 695 hoc,
843 634 902 683 ut
931 630 1087 699 digni
1116 629 1437 684 habeamini
1465 644 1635 697 regno
1669 629 1891 698 Dei,pro

224 738 331 796 quo
352 731 403 777 et
427 721 708 793 patimini.
743 718 1001 773 Gloriam
1034 734 1162 773 esse
1194 734 1365 772 suam
1412 717 1471 771 in
1505 717 1715 771 horum
1751 733 1889 769 con-

223 811 580 874 versatione,
613 813 670 864 et
720 805 1124 878 persecutione
1149 805 1453 860 toleranda
1481 810 1796 868 testantur,
1830 804 1888 858 in

224 904 487 964 tantum,
517 902 583 952 ut
613 897 766 967 apud
800 900 1040 950 ceteras
1071 893 1357 948 Ecclesiae
1390 893 1655 964 exempla
1688 909 1888 947 eorum

226 989 624 1062 proferantur,
657 990 723 1038 ut
753 983 1080 1038 imitatione
1113 983 1373 1052 ipsorum
1398 986 1662 1036 crescant
1705 981 1762 1035 in
1800 982 1890 1035 de-

223 1076 466 1132 votione
497 1072 840 1147 passionum
877 1087 978 1143 pro
1009 1071 1260 1135 Christo,
1301 1082 1355 1124 et
1388 1074 1723 1124 mereantur
1751 1086 1890 1123 con-

227 1165 404 1236 sequi
437 1181 564 1236 qute
597 1161 889 1235 promissa
916 1167 1055 1215 sunt
1076 1159 1295 1215 sanctis
1325 1160 1383 1213 in
1404 1159 1494 1213 die
1519 1157 1889 1228 justijudicii

232 1254 542 1324 Dci,cujus
565 1267 760 1307 amore
783 1250 1073 1305 mundum
1097 1264 1367 1319 spernere
1389 1264 1502 1302 non
1523 1247 1886 1301 dubitarunt.

229 1343 387 1414 Ipsaa
411 1343 564 1397 enim
591 1356 871 1412 pressura:
889 1337 1156 1409 exempla
1175 1343 1314 1393 sunt
1348 1337 1677 1391 futurorum
1715 1335 1885 1389 meri-

225 1438 431 1486 torum
464 1429 521 1484 in
554 1427 644 1483 his
675 1427 776 1500 qui
840 1427 1152 1499 patiuntur
1206 1426 1277 1480 ad
1337 1424 1618 1495 gloriam;
1652 1423 1711 1477 in
1770 1423 1886 1477 illis

226 1523 453 1586 autem,
488 1517 587 1590 qui
618 1521 1032 1589 persequutur,
1066 1516 1138 1570 ad
1171 1513 1577 1584 perditionem.

304 1607 589 1680 Siquidem
619 1607 804 1676 (1290)
814 1606 1034 1677 justum
1059 1603 1213 1675 apud
1244 1604 1412 1658 Deum
1443 1604 1760 1657 retribuere
1787 1603 1884 1665 eis,

227 1698 329 1768 qui
359 1712 450 1750 vos
479 1694 819 1766 deprimunt,
851 1707 1180 1758 pressuram
1209 1708 1230 1753 ;
1259 1694 1307 1745 et
1327 1691 1498 1753 vobis,
1546 1689 1642 1759 qui
1665 1703 1882 1758 pressu-

225 1801 356 1840 ram
376 1784 684 1847 sustinetis,
716 1783 960 1852 requiem
989 1779 1271 1834 nobiscum
1300 1780 1356 1832 in
1406 1779 1730 1833 reuelatione
1781 1778 1880 1832 Do-

229 1872 379 1928 mini
405 1877 441 1928 J
450 1888 548 1928 esu
580 1871 645 1926 de
674 1871 808 1926 cwlo
835 1886 960 1924 cum
1007 1869 1227 1940 angelis
1255 1867 1484 1922 virtutis
1512 1868 1629 1937 ejus
1676 1868 1735 1920 in
1767 1866 1888 1935 igne

232 1963 472 2033 ﬂammae
527 1961 716 2016 dantis
761 1959 1060 2014 vindictam
1089 1959 1148 2011 in
1177 1971 1285 2023 eos,
1333 1958 1432 2025 qui
1482 1971 1592 2011 non
1623 1962 1889 2010 noverunt

233 2052 428 2120 Deum,
463 2055 518 2104 et
539 2049 600 2104 in
631 2065 719 2104 eos
748 2049 844 2119 qui
871 2063 982 2102 non
1012 2046 1270 2101 obediunt
1325 2046 1615 2115 Evangelia
1671 2045 1891 2099 Domini

233 2140 419 2194 nostri
446 2141 572 2194 Jesu
604 2136 810 2193 Christi
843 2153 856 2190 :
890 2137 986 2205 qui
1022 2151 1214 2205 paruas
1271 2135 1480 2188 solvent
1509 2135 1564 2187 in
1599 2135 1888 2187 interitum

233 2237 501 2282 κίεν-παθη
527 2244 559 2282 a
584 2227 728 2296 facie
759 2224 986 2279 Domini
1033 2231 1083 2278 et
1112 2224 1289 2293 gloria
1319 2225 1542 2276 virtutis
1571 2223 1705 2289 eius.
1757 2223 1891 2288 Quo-

236 2317 403 2372 niam
436 2314 765 2387 exemplum
785 2311 1156 2384 justijudicii
1181 2311 1280 2366 Dei
1302 2327 1580 2382 apparere
1610 2309 1750 2364 dicit
1772 2311 1890 2364 sive

234 2406 305 2460 in
337 2406 546 2472 bonos,
578 2405 722 2458 sivet
753 2403 811 2456 in
845 2401 1050 2470 malos,
1082 2401 1298 2455 idcirco
1359 2400 1715 2454 subsecutus
1773 2399 1886 2453 ait:

237 2493 546 2564 Siquidem
569 2493 798 2562 justum
822 2491 975 2562 apud
1013 2494 1215 2556 Deum,
1251 2494 1313 2544 ut
1347 2489 1549 2542 reddat
1576 2487 1889 2559 unicuique

233 2582 568 2638 secundum
593 2597 764 2653 opera
794 2597 919 2636 sua.
973 2579 1123 2643 Quid
1153 2583 1274 2634 tam
1316 2579 1571 2648 justum,
1603 2582 1668 2631 ut
1698 2577 1797 2647 qui
1832 2577 1889 2630 in

235 2670 457 2726 saeculo
485 2671 669 2726 bonos
693 2670 1050 2737 deprimunt,
1086 2671 1142 2723 et
1165 2674 1421 2723 extorres
1453 2666 1673 2720 faciunt
1696 2682 1887 2736 perse-

241 2759 606 2828 cutionibus,
639 2758 698 2814 in
731 2758 926 2813 futuro
993 2757 1192 2812 eadem
1247 2755 1566 2827 patiantur,
1624 2772 1750 2825 quae
1802 2756 1887 2808 Γει-

242 2849 447 2915 ciunt;
479 2848 564 2902 illi
589 2853 807 2913 autem,
842 2851 906 2902 ut
935 2847 1055 2900 sint
1103 2846 1163 2900 in
1223 2844 1422 2915 requie
1475 2859 1610 2898 cum
1668 2842 1891 2897 caeteris

243 2937 603 3010 sanctis,qui
626 2938 698 2993 de
714 2934 1311 3009 magnatribulatione
1332 2933 1628 2989 venientes
1648 2947 1890 3002 regnum

239 3029 534 3100 accipient
564 3031 847 3082 aeternum
872 3026 930 3080 in
962 3025 1212 3080 adventu
1245 3023 1473 3077 Domini
1497 3023 1567 3077 de
1587 3021 1889 3089 cmlo,cum

237 3117 483 3189 cceperit
524 3116 726 3171 venire
755 3131 890 3170 cum
950 3113 1164 3169 caelesti
1214 3112 1464 3168 exercitu
1513 3117 1570 3166 et
1623 3110 1889 3164 ministro

237 3187 378 3280 igne
409 3207 480 3262 ad
513 3207 769 3262 dandam
796 3204 1113 3259 vindictam
1137 3204 1195 3257 in
1215 3199 1600 3273 paganos,qui
1623 3200 1894 3270 ignorant
1923 3187 1966 3253 C

240 3297 432 3368 Deum
457 3295 689 3350 Patrem
716 3310 844 3349 esse
875 3293 1086 3348 Christi
1117 3295 1278 3357 Jesu,
1311 3290 1640 3359 etJudzeos,
1675 3288 1772 3368 qui
1806 3289 1894 3342 di-

238 3391 444 3441 centes
475 3401 538 3440 se
569 3389 751 3438 Deum
783 3382 952 3449 scire,
991 3398 1102 3436 non
1135 3380 1381 3435 credunt
1401 3377 1708 3448 Evangelio
1739 3364 1897 3432 Chri-

239 3475 342 3541 sti,
378 3475 532 3546 quod
567 3473 728 3527 dedit
765 3470 848 3527 illi
882 3470 1048 3524 Pater
1081 3471 1252 3534 Deus,
1285 3474 1349 3522 ut
1403 3467 1656 3521 traderet
1712 3465 1896 3520 servis

238 3565 368 3620 suis
387 3564 415 3619 ‘t
445 3564 599 3627 Quos
631 3577 832 3617 omnes
867 3559 1174 3631 praesentia
1195 3556 1449 3622 Domini,
1474 3561 1530 3610 et
1561 3555 1744 3626 gloria
1767 3572 1892 3609 ma-

233 3652 472 3724 jestatis
502 3652 631 3722 ejus
662 3649 815 3722 ignis
845 3653 1065 3711 exuret,
1085 3652 1149 3701 ut
1169 3645 1396 3701 debitas
1417 3645 1661 3698 reddant
1694 3661 1894 3714 pcenas

240 3742 521 3797 interitus
557 3742 616 3795 in
639 3743 944 3802 atomum,
979 3751 1214 3807 semper
1258 3733 1592 3798 sentientes,
1654 3750 1768 3786 non
1808 3737 1894 3788 ta-

245 3847 382 3886 men
409 3829 650 3902 penitus
706 3825 1062 3891 deﬁcientes,
1096 3829 1160 3878 ut
1190 3823 1317 3894 ipsa
1347 3839 1516 3894 poena
1570 3820 1699 3876 illos
1753 3837 1894 3891 quo-

243 3918 565 3974 dammodo
585 3919 823 3989 generet
849 3929 1099 3984 semper,
1125 3927 1238 3983 quo
1271 3914 1714 3966 consumantur.

317 4008 456 4063 Cum
473 4007 681 4062 venerit
695 4003 1002 4072 etariﬁcari
1014 4003 1075 4056 in
1097 4001 1302 4056 sanctis
1319 4004 1513 4068 suis,et
1531 4001 1608 4054 mi
1613 4000 1825 4068 riﬁcari
1836 4000 1892 4053 in

242 4097 519 4161 omnibus,
551 4096 647 4166 qui
675 4092 1042 4159 crediderunt,
1073 4092 1202 4161 quia
1234 4090 1398 4159 ﬁdem
1430 4089 1620 4142 habuit
1651 4090 1894 4142 testimo-

246 4189 411 4242 nium
442 4191 694 4240 nostrum
722 4198 885 4254 super
909 4195 1005 4236 vos
1028 4182 1085 4233 in
1114 4179 1204 4234 die
1233 4179 1335 4234 illa
1358 4177 1627 4232 adventus
1659 4179 1892 4232 Domini.

247 4272 556 4346 Duplicem
585 4287 824 4328 sensum
849 4269 1033 4340 (1291)
1084 4267 1361 4322 continet.
1413 4266 1692 4321 Adveniet
1739 4267 1893 4321 enim

244 4363 459 4437 punire
492 4361 700 4424 malos,
725 4364 781 4414 et
801 4358 1126 4431 glorificare
1147 4357 1349 4411 bonos.
1377 4355 1502 4426 Ipse
1524 4356 1679 4409 enim
1704 4353 1895 4410 clarus

249 4459 308 4509 et
338 4449 626 4508 mirabilis
654 4448 954 4504 videbitur
984 4446 1040 4500 in
1075 4461 1194 4514 eos,
1228 4444 1325 4514 qui
1359 4444 1606 4498 credunt
1633 4444 1896 4515 exemplo

2003 540 2192 595 devoti
2228 547 2385 610 sunt,
2412 544 2682 612 dignetur
2720 544 2870 598 Deus
2903 546 3177 613 adjuvare
3211 562 3330 612 eos,
3365 549 3427 598 ut
3481 547 3647 615 perfi-

2002 629 2155 684 ciant
2183 648 2330 700 opus
2389 638 2640 701 coeptum
2691 634 2758 686 ad
2807 633 3131 687 claritatem
3180 634 3402 687 Domini
3467 634 3648 688 nostri

1999 717 2138 771 Jesu
2169 719 2406 785 Christi,
2443 726 2505 773 ut
2537 722 2926 790 perseveranti
2981 722 3405 793 discipulorum
3479 723 3646 777 testi-

2002 807 2263 860 monium
2299 809 2374 861 sit
2398 810 2658 878 magistri
2694 811 2762 863 ad
2795 809 3062 879 gloriam.
3097 812 3426 865 Auctoritas
3484 812 3639 865 enim

2003 896 2265 965 magistri
2299 898 2355 950 in
2379 897 2809 968 discipulorum
2843 905 2929 952 est
2955 901 3325 966 liducia,cum
3361 918 3419 954 se
3453 901 3509 954 in
3545 917 3643 955 ac-

2001 989 2168 1053 cepta
2197 987 2382 1054 gratia
2414 986 2631 1039 faciunt
2654 987 2967 1056 digniores.

2074 1074 2228 1142 (CAP.
2268 1076 2633 1144 ll.)ltogamus
2659 1082 2843 1131 autem
2875 1094 2980 1142 vos,
3015 1083 3242 1147 fratres,
3299 1097 3398 1150 per
3448 1081 3645 1134 adven-

2000 1166 2114 1216 tum
2145 1166 2367 1218 Domini
2395 1169 2576 1219 nostri
2600 1168 2726 1219 Jesu
2760 1168 2977 1228 Christi,
3011 1173 3060 1221 et
3088 1175 3290 1224 nostra?
3345 1186 3644 1239 congrega-

1998 1253 2165 1306 tionis
2195 1254 2253 1306 in
2288 1255 2485 1322 ipsum,
2517 1271 2587 1307 ne
2614 1256 2787 1321 facile
2815 1259 3148 1311 moreamini
3195 1276 3228 1312 a
3257 1275 3418 1312 sensu-
3449 1268 3645 1325 vestro,

2000 1356 2174 1409 neque
2203 1342 2629 1407 eonturbemini,
2660 1359 2834 1412 neque
2863 1362 2960 1413 per
2989 1347 3270 1414 spiritum,
3326 1364 3498 1417 neque
3546 1365 3648 1418 per

1997 1429 2236 1492 verbum,
2271 1446 2444 1499 neque
2471 1447 2568 1500 per
2599 1433 2918 1501 Epistolam,
2951 1439 3216 1503 tanquam
3266 1453 3299 1489 a
3329 1437 3481 1489 nobis
3512 1439 3644 1491 mis-

1995 1534 2133 1584 sam,
2165 1521 2324 1588 quasi
2375 1522 2536 1574 instet
2567 1521 2686 1574 dies
2721 1522 2956 1575 Domini.
2991 1524 3066 1576 Ne
3112 1525 3232 1592 quis
3291 1540 3380 1578 vos
3419 1526 3644 1580 seducat

1995 1608 2107 1661 ullo
2138 1609 2332 1674 modo;
2365 1611 2515 1678 quia,
2572 1611 2680 1662 nisi
2737 1613 2946 1665 venerit
2985 1611 3214 1681 defectio
3259 1616 3528 1682 primum,
3591 1619 3643 1667 et

1997 1697 2264 1751 revelatus
2285 1699 2456 1766 fuerit
2500 1700 2654 1752 homo
2676 1699 2778 1752 ille
2804 1703 3031 1769 peccati,
3089 1702 3238 1755 filius
3293 1703 3642 1772 perditionis,

1916 1819 1962 1883 B
1992 1787 2087 1856 qui
2114 1785 2440 1840 adversatur
2467 1790 2515 1841 et
2541 1789 2824 1842 extollitur
2851 1806 3016 1859 super
3044 1806 3220 1857 omne,
3254 1791 3393 1860 quod
3441 1791 3645 1845 dicitur

1997 1876 2153 1939 Deus,
2187 1882 2280 1929 aut
2311 1875 2459 1945 quod
2515 1877 2731 1944 colitur,
2765 1879 2921 1930 itaut
2955 1879 3013 1930 in
3071 1879 3266 1947 templo
3317 1880 3415 1932 Dei
3467 1881 3646 1934 sedeat

1996 1963 2276 2018 ostendens
2295 1980 2355 2018 se
2382 1966 2584 2033 ipsum,
2609 1967 2769 2035 quasi
2795 1967 2866 2018 sit
2913 1967 3046 2020 Deus
3104 1967 3379 2020 Obsecrat
3437 1985 3534 2021 eos
3568 1983 3638 2021 ne

1999 2051 2197 2106 leviter
2226 2058 2281 2107 et
2314 2053 2478 2107 facile
2509 2054 2578 2106 dc
2639 2054 2882 2107 adventu
2918 2055 3083 2124 quasi
3143 2054 3472 2108 imminenti
3539 2060 3636 2109 Do-

2001 2140 2142 2194 mini
2177 2141 2508 2212 opinionem
2545 2144 2867 2212 reciperent
2900 2160 2911 2196 :
2947 2148 3002 2196 et
3032 2143 3172 2196 talia
3203 2145 3300 2198 dat
3337 2145 3636 2209 mandata,

2001 2235 2063 2283 ut
2093 2229 2319 2285 etiamsi
2347 2247 2448 2300 per
2476 2229 2744 2298 spiritum
2763 2231 2976 2301 aliquis
2999 2231 3151 2284 velut
3174 2232 3643 2302 prOphetat'uerit

1998 2317 2244 2380 locutus,
2279 2318 2433 2371 credi
2467 2318 2514 2371 ci
2551 2334 2663 2371 non
2699 2318 2902 2370 debeat
2932 2336 2943 2378 ;
2981 2335 3164 2388 neque
3199 2320 3244 2373 si
3276 2337 3376 2390 per
3432 2326 3640 2374 tracta-

1998 2411 2148 2470 tum,
2177 2412 2278 2460 aut
2313 2421 2412 2477 per
2441 2405 2749 2476 epistolam
2784 2407 3018 2460 nomine
3052 2409 3194 2461 forte
3240 2408 3639 2479 apostolorum

2001 2496 2622 2564 scriptam,assensum
2656 2494 3439 2549 tribuendum.Solentenim
3475 2497 3645 2565 tergi-

1998 2588 2412 2649 versatores,ut
2441 2582 2662 2649 fallant,
2698 2583 2810 2636 sub
2843 2583 3078 2638 nomine
3111 2583 3250 2637 clari
3276 2581 3642 2654 alicujusviri

1999 2671 2303 2744 epistolam
2369 2675 2604 2740 tingere,
2668 2674 2731 2724 ut
2789 2671 3105 2726 auctoritas
3155 2672 3410 2728 nominis
3461 2673 3646 2744 possit

1999 2761 2430 2826 commendare,
2465 2761 2618 2830 quod
2649 2776 2749 2830 per
2800 2760 2994 2829 ipsum
3056 2760 3229 2831 recipi
3281 2778 3395 2816 non
3437 2761 3639 2832 possit.

1999 2838 2116 2906 Hoc
2145 2850 2296 2915 ideo,
2320 2866 2391 2904 ne
2413 2851 2541 2920 ipsa
2565 2848 3018 2920 perturbatione,
3054 2849 3193 2903 dum
3229 2850 3445 2904 incauti
3477 2851 3640 2904 inve-

1998 2941 2284 3003 nirentur,
2315 2938 2538 3010 possint
2580 2938 2778 2993 seduci
2820 2939 2888 2992 ad
2925 2938 3288 2992 adorandum
3339 2938 3639 2993 diabolum

2005 3029 2103 3100 qui
2138 3027 2319 3082 idciro
2352 3027 2752 3097 hascjactabit,
2788 3033 2852 3081 ut
2892 3027 3001 3081 sub
3053 3027 3369 3082 Salvatoris
3409 3027 3645 3083 nomine

2003 3132 2291 3187 apparens
2320 3133 2383 3169 ac
2418 3114 2606 3170 faleris
2637 3121 2890 3180 sanctos,
2923 3114 3061 3169 velit
3091 3130 3151 3168 se
3183 3115 3431 3184 adorari,
3462 3117 3641 3170 utde-

2005 3205 2184 3276 cipiat
2214 3206 2514 3259 credentes
2545 3205 2602 3256 in
2634 3203 2951 3258 Christum.
2997 3203 3107 3256 Sed
3155 3207 3212 3255 et
3272 3202 3484 3264 locum,
3545 3210 3647 3258 aut

2005 3293 2369 3348 occasionem
2421 3292 2684 3359 fallendi,
2720 3307 2896 3361 quam
2932 3306 2993 3344 se
3028 3295 3194 3360 putat
3240 3290 3472 3344 habere.
3524 3308 3640 3344 non

2003 3382 2216 3435 habeat
2237 3378 2792 3450 impudentissimus
2823 3379 3092 3444 Satanas,
3135 3384 3371 3447 tempus
3393 3383 3449 3431 et
3478 3377 3647 3446 signa

2005 3471 2291 3524 adventus
2326 3466 2552 3520 Domini
2575 3465 2900 3536 designavit
2930 3484 2942 3530 ;
2968 3466 3104 3536 quia
3128 3482 3239 3520 non
3263 3465 3426 3536 prius
3456 3466 3649 3520 veniet

2008 3559 2287 3613 Dominus
2321 3572 2496 3626 quam
2534 3555 2690 3624 regni
2728 3555 2969 3610 Romani
3004 3555 3245 3609 defectio
3266 3555 3447 3618 fiat,et
3468 3571 3648 3625 appa-

2005 3651 2129 3702 reat
2150 3644 2673 3715 Antichristus,qui
2698 3644 3004 3699 interﬁciat
3027 3650 3278 3707 sanctos,
3307 3645 3528 3698 reddita
3542 3644 3647 3699 lto-

2006 3736 2197 3792 manis
2230 3736 2518 3802 libertate,
2574 3735 2683 3788 sub
2739 3752 2843 3789 suo
2895 3739 3089 3788 tamen
3151 3735 3404 3789 nomine.
3438 3733 3640 3789 Sciens

2005 3826 2160 3880 enim
2184 3831 2490 3880 venturnm
2530 3823 2835 3878 Dominum
2871 3823 2940 3876 ad
2995 3840 3054 3877 se
3113 3823 3644 3894 comprimendum,

2006 3929 2219 3968 nomen
2243 3915 2369 3983 ejus
2391 3913 2501 3967 sibi
2534 3913 2932 3982 usurpabit,ut
2949 3917 3005 3967 et
3027 3929 3265 3984 regnum
3289 3913 3416 3983 ejus
3447 3928 3649 3966 verum

2002 4003 2352 4064 videatur,et
2377 4001 2779 4055 trahatsecum
2805 4000 2905 4070 qui
2937 4000 3109 4054 simul
3136 4018 3267 4054 cum
3295 4017 3360 4054 eo
3384 4007 3646 4070 pereant,

2005 4097 2070 4145 ut
2099 4090 2156 4144 in
2191 4092 2325 4145 sede
2352 4088 2665 4152 Domini,in
2695 4089 2829 4141 sede
2851 4089 3052 4142 sedeat
3082 4087 3293 4142 Christi
3327 4093 3424 4153 ;ut
3455 4089 3650 4158 ipsum

2006 4183 2185 4232 Deum
2221 4193 2281 4231 se
2314 4181 2554 4242 asserat,
2592 4191 2705 4228 non
2731 4175 2940 4229 Filium
2971 4177 3086 4230 Dei.
3120 4174 3357 4230 Undein
3389 4176 3651 4246 Evange-

2005 4267 2082 4321 lio
2114 4266 2184 4320 ad
2205 4266 2435 4320 Judaeos
2463 4263 2744 4318 Dominus
2770 4264 2867 4316 ait:
2904 4266 3018 4333 ligo
3042 4267 3168 4318 veni
3208 4266 3266 4317 in
3298 4265 3518 4318 nomine
3536 4270 3648 4318 Pa-

2006 4355 2108 4408 tris
2137 4354 2266 4417 mei,
2300 4359 2350 4406 rt
2379 4367 2486 4405 non
2519 4366 2604 4404 me
2631 4352 2903 4421 recepistis
2938 4369 2949 4406 :
2975 4356 3024 4405 et
3055 4352 3197 4405 alius
3229 4354 3436 4406 venerit
3468 4354 3527 4405 in
3548 4368 3651 4407 no-

2005 4445 2154 4498 mine
2176 4458 2292 4509 suo,
2314 4441 2471 4494 illum
2505 4441 2780 4510 recipietis
2813 4441 2987 4509 (Joan.
3020 4457 3074 4506 ν,
3121 4442 3230 4508 45).
3264 4441 3652 4504 Quamobrem

245 4547 305 4599 et
338 4539 475 4595 fidei
509 4537 926 4611 apostolorum,
959 4551 1094 4591 cum
1117 4533 1332 4589 fuerint
1351 4532 1897 4598 coronati,testimo-
1930 4551 1974 4616 D
2006 4547 2074 4585 ex
2104 4527 2565 4592 circumcisione,
2617 4531 2717 4581 aut
2753 4526 3164 4582 circumcisum
3225 4527 3417 4581 venire
3463 4526 3651 4593 illum,

248 4631 418 4686 nium
446 4628 724 4683 reddente
754 4626 840 4682 eis
869 4622 1177 4695 Evangelio
1201 4624 1258 4676 in
1279 4623 1371 4678 die
1385 4621 1635 4676 Domini.
1655 4622 1900 4676 Severus

251 4723 456 4775 autem
488 4714 788 4788 apparebit
818 4715 877 4769 in
907 4713 1259 4780 incredulos,
1295 4727 1427 4765 cum
1457 4709 1683 4765 aeternis
1716 4710 1900 4781 pcnnis

251 4805 538 4879 cmperint
564 4803 865 4862 coarctari.
897 4802 1120 4858 Corona
1151 4801 1306 4856 enim
1324 4799 1746 4871 discipulorum
1778 4816 1899 4854 ma-

245 4894 540 4970 gistriest
566 4893 770 4968 gloria,
798 4896 856 4946 et
902 4891 1114 4945 veritas
1143 4891 1273 4960 ejus
1331 4888 1765 4943 incredulorum
1815 4894 1903 4943 est

245 5001 441 5058 pmna,
473 4982 613 5055 quia
641 4981 798 5053 quod
831 4978 1278 5050 praedicabatur,
1334 4993 1451 5032 non
1508 4975 1898 5031 crediderunt.

316 5075 376 5129 In
410 5088 513 5144 quo
543 5080 594 5128 et
636 5085 862 5126 oramus
904 5082 1118 5138 semper
1162 5081 1264 5137 pro
1297 5065 1464 5135 vobis,
1487 5073 1546 5119 ut
1568 5081 1659 5118 vos
1713 5065 1902 5134 dignos

245 5163 438 5218 habeat
468 5161 754 5218 vocatione
813 5172 914 5212 sua
969 5156 1106 5210 Deus
1163 5163 1364 5219 noster,
1395 5157 1447 5208 et
1479 5155 1704 5224 impleat
1749 5156 1905 5207 omni

242 5254 440 5325 placito
472 5249 760 5312 bonitatis,
791 5249 843 5299 et
871 5260 1026 5314 opere
1055 5243 1182 5314 ﬁdei
1222 5245 1279 5297 in
1311 5245 1550 5302 virtute;
1584 5245 1663 5295 ita
1707 5245 1765 5294 ut
1789 5240 1904 5294 cta-

244 5343 490 5414 riﬁcetur
517 5351 727 5394 nomen
770 5333 989 5387 Domini
1015 5334 1194 5387 nostri
1222 5333 1345 5388 Iesu
1379 5330 1584 5384 Christi
1629 5331 1687 5382 in
1735 5329 1902 5392 vobis,

237 5437 290 5490 et
317 5449 409 5490 vos
439 5433 504 5487 in
539 5431 660 5500 ipso
693 5420 991 5478 secundum
1021 5421 1259 5492 gratiam
1306 5421 1400 5475 Dei
1429 5428 1479 5475 et
1539 5419 1754 5472 Domini
1809 5435 1902 5471 no-

306 5537 498 5614 (1290)
527 5530 714 5614 vulg.
748 5526 946 5598 habet,
977 5529 1028 5583 si
1084 5529 1252 5582 tatem
1275 5543 1293 5580 ε
1330 5525 1484 5580 unde
1516 5525 1662 5579 forte
1683 5524 1731 5577 si
1786 5523 1905 5592 qui-

229 5605 357 5675 dem
387 5605 757 5684 legendum.

2011 4618 2368 4690 sperandum
2393 4621 2502 4681 est,
2528 4615 2687 4670 utsit
2729 4616 2946 4670 Judzris
2987 4616 3241 4670 credenti
3282 4614 3367 4668 illi
3418 4615 3649 4670 fiducia.

2011 4709 2209 4778 Itaque
2241 4723 2372 4759 cum
2407 4705 3030 4760 'l‘bessalonicensibus
3067 4704 3269 4760 scribit
3318 4703 3650 4776 Apostolus,

2011 4797 2178 4852 docet
2208 4811 2410 4850 omnes
2441 4795 2498 4848 in
2533 4812 2591 4849 re
2615 4794 3019 4865 huiuscemodi
3047 4800 3249 4849 cautos
3264 4809 3393 4848 esse
3423 4793 3651 4848 debere.

2081 4886 2197 4940 Non
2227 4886 2561 4939 meministis
2591 4884 2730 4956 quod
2759 4899 2845 4938 me
2899 4883 3075 4939 adhuc
3125 4883 3269 4955 apud
3324 4899 3410 4938 vos
3447 4882 3658 4950 agende

2011 4977 2128 5032 haec
2159 4973 2484 5028 dicebantur
2511 4975 2698 5028 vobis?
2726 4973 2787 5026 Et
2816 4989 2964 5027 nunc
3009 4973 3138 5043 quid
3193 4973 3453 5042 detineat,
3484 4973 3654 5036 scitis,

2011 5065 2082 5119 ad
2110 5065 2228 5130 hoc,
2258 5066 2317 5114 ut
2349 5064 2617 5118 reveletur
2648 5063 2744 5116 ille
2769 5064 2824 5116 in
2857 5078 2953 5116 suo
3011 5071 3267 5133 tempore.
3309 5064 3421 5115 lloc
3455 5077 3656 5130 super-

2013 5169 2141 5208 esse
2172 5150 2331 5214 dicit,
2395 5156 2459 5204 ut
2509 5151 2790 5205 reveletur
2842 5151 2956 5215 illo,
3009 5152 3107 5221 qui
3161 5156 3294 5204 ante
3342 5150 3653 5204 Dominum

2015 5246 2296 5295 venturus
2327 5243 2506 5302 cst,ut
2528 5241 2653 5307 jam
2687 5243 3031 5308 spereturet
3067 5239 3656 5301 l’toniinusventurus,

2016 5330 2168 5400 quod
2202 5341 2400 5395 supra,
2434 5328 2599 5392 quasi
2633 5326 2741 5378 sub
2774 5326 3058 5380 velamine
3088 5329 3240 5380 fatus
3273 5331 3380 5395 est,
3415 5325 3654 5379 dicens:

2017 5419 2136 5471 Nisi
2156 5417 2311 5486 prius
2344 5415 2548 5466 venerit
2585 5413 3020 5482 tle/ectio,quam
3054 5413 3213 5483 regni
3251 5412 3492 5467 Romani
3523 5412 3657 5466 abo-

2088 5515 2556 5596 (1‘291)_Verb_um
2589 5515 2830 5572 continet
2861 5518 3261 5590 supplevimus
3284 5535 3352 5573 ex
3383 5518 3661 5590 operibus

2018 5587 2134 5651 divi
2164 5587 2478 5649 Ambrosii.
