3978 6210
184 342 313 402 661

669 340 1085 403 EXPOSITIO
1133 343 1207 402 ΙΝ
1258 341 1683 403 EPlS'l‘OLAS
1730 342 1990 403 PAULI.
2023 376 2098 386 —
2132 344 2207 402 IN
2257 344 2504 404 EPIST.
2553 343 2598 404 Il
2649 346 2749 402 AD
2794 345 3167 404 THESSAL.

3505 348 3621 406 662

195 478 396 532 Deum
425 474 569 531 dicit
591 474 653 530 in
685 473 994 546 promissis
1015 474 1164 544 ejus,
1198 474 1336 545 quia
1357 474 1718 546 providentia
1738 475 1866 545 ejus
1897 477 1949 541 Α
1982 475 2289 530 Salomon:
2327 477 2497 542 Raro,
2532 477 2744 548 inquit,
2778 477 2988 531 inferos
3021 477 3223 547 pedem
3258 477 3326 532 ad
3366 481 3621 534 amicum

197 571 366 621 esset
399 565 552 620 circa
579 581 702 620 eos.

271 653 622 725 Conﬁdimus
653 661 832 708 autem
866 655 927 707 in
957 654 1188 707 Domino
1217 653 1289 707 de
1319 653 1631 723 vobis,quod
1660 670 1871 724 ea,qute

190 745 591 816 praecipimus,
613 747 662 797 et
687 743 899 812 facitis,
935 750 984 796 et
1010 743 1250 812 facietis.
1288 746 1528 812 Propter
1557 743 1711 812 quod
1748 759 1870 796 me-

196 833 315 887 reri
348 831 512 901 illos,
543 837 610 886 ut
666 831 769 886 Dei
813 831 1154 885 defensione
1198 835 1357 884 tutos
1390 831 1648 901 praestari
1687 831 1870 884 conti-

195 923 390 987 deret,
421 920 642 975 idcirco
673 935 758 986 ea,
821 936 948 990 quas
997 919 1114 973 illis
1145 919 1514 990 praecipiebat
1545 919 1601 973 in
1636 919 1872 974 nomine

196 1009 441 1066 Domini
477 1009 602 1064 fieri
635 1009 706 1062 ab
737 1007 878 1073 illis,
918 1011 975 1062 et
1007 1009 1206 1062 futura
1235 1023 1361 1062 esse
1395 1024 1506 1062 non
1541 1008 1867 1062 dubitabat.

269 1101 548 1154 Dominus
577 1107 766 1152 autem
795 1097 1006 1166 dirigat
1035 1096 1198 1150 corda
1254 1103 1435 1151 vestra
1480 1099 1538 1150 in
1581 1096 1870 1151 dilectione

201 1190 309 1245 Dei
331 1196 385 1243 et
414 1187 820 1257 exspectatione
848 1184 1076 1238 Christi.
1113 1184 1227 1239 Hoc
1258 1184 1374 1238 illis
1405 1189 1637 1256 exoptat
1668 1202 1698 1238 a
1730 1185 1867 1243 Deo.

204 1277 376 1347 quod
407 1292 525 1329 non
555 1273 805 1344 ambigit
835 1289 1006 1344 posse
1038 1273 1322 1343 prastari,
1357 1277 1419 1328 ut
1467 1273 1525 1326 in
1557 1273 1656 1328 Dei
1680 1271 1867 1327 chari-

206 1369 332 1419 tate
359 1380 463 1418 cor
494 1379 688 1417 eorum
722 1362 1024 1433 proficeret
1061 1361 1132 1416 ad
1166 1362 1621 1431 exspectandum
1655 1362 1869 1415 adven-

201 1457 334 1507 tum
373 1451 628 1516 Domini,
673 1455 737 1503 ut
766 1449 1153 1504 condemnato
1180 1450 1364 1517 (1294)
1397 1449 1606 1504 saeculo
1636 1449 1870 1504 deside-

203 1548 370 1596 retur
400 1540 694 1594 adventus
723 1539 852 1606 eius
881 1538 986 1608 qui
1006 1537 1286 1593 stsculum
1317 1538 1474 1592 vicit.

273 1631 688 1684 Denuntiamus
719 1635 899 1682 autem
939 1627 1114 1693 vobis,
1173 1630 1402 1696 fratres,
1434 1629 1494 1680 in
1524 1628 1744 1681 nomine
1773 1628 1871 1682 Do-

203 1721 349 1774 mini
377 1719 566 1773 nostri
593 1718 720 1772 Jesu
777 1716 981 1770 Christi
1022 1731 1303 1770 secernere
1353 1732 1442 1770 vos
1472 1717 1542 1769 ab
1570 1718 1724 1770 omni
1750 1719 1868 1786 fra-

203 1817 286 1864 tre
316 1809 763 1876 intemperanter
780 1805 1118 1870 ambulante,
1151 1811 1198 1858 et
1231 1820 1341 1859 non
1368 1806 1868 1860 secundumtradi-

205 1890 432 1951 tionem,
467 1903 642 1956 quam
671 1893 998 1956 acceperunt
1041 1901 1075 1939 a
1103 1885 1277 1940 nobis.
1314 1885 1597 1950 Quoniam
1620 1886 1678 1940 in
1711 1885 1872 1940 omni

206 1977 371 2048 plebe
404 1991 531 2030 non
582 1991 788 2030 omnes
821 1973 1159 2028 obedientes
1189 1978 1328 2028 sunt
1369 1974 1542 2029 verbo
1572 1973 1868 2041 doctrinae,

206 2082 320 2121 non
352 2065 531 2137 legis,
565 2065 666 2118 sed
691 2080 865 2118 suum
889 2062 1170 2133 placitum
1200 2067 1257 2116 et
1276 2062 1588 2117 consilium
1621 2078 1870 2133 sequen-

208 2165 310 2223 tes,
344 2157 595 2226 propter
650 2151 762 2206 hoc
811 2150 1229 2206 declinandum
1263 2151 1334 2205 ab
1367 2151 1462 2205 his
1491 2150 1774 2221 praecipit,
1811 2156 1872 2205 ut

206 2248 580 2314 cognoscant
611 2240 963 2310 semetipsos
995 2255 1208 2294 errare.

278 2334 390 2402 Ipsi
441 2331 599 2386 enim
653 2329 804 2382 scitis
849 2327 1303 2399 quemadmodum.
1356 2327 1597 2382 debeatis
1656 2330 1873 2383 imitari

208 2437 308 2476 nos
331 2437 349 2481 ;
386 2421 522 2489 quia
551 2433 659 2472 non
681 2419 1111 2487 intemperanter
1127 2418 1367 2471 viximus
1388 2418 1538 2471 inter
1556 2433 1666 2481 vos,
1698 2433 1871 2486 neque

212 2511 394 2579 gratis
443 2523 647 2578 partem
691 2507 911 2562 edimus
941 2522 975 2559 α
1007 2521 1296 2577 quoquam,
1328 2506 1422 2562 sed
1481 2507 1539 2560 in
1587 2506 1789 2570 labore,
1821 2509 1870 2560 et

208 2598 571 2667 fatigatione,
605 2603 775 2663 nocte,
806 2593 1002 2664 dieque
1023 2602 1304 2665 operantes
1334 2594 1400 2648 ab
1433 2594 1553 2662 hoc,
1585 2610 1654 2647 ne
1682 2610 1871 2662 graves

211 2701 448 2741 essemus
477 2685 749 2754 cuiquam
778 2691 1037 2748 vestrum,
1072 2698 1177 2737 non
1211 2684 1342 2753 quia
1379 2697 1490 2736 non
1520 2682 1871 2737 habuerimus

210 2778 548 2840 potestatem,
585 2773 687 2827 sed
717 2776 775 2826 ut
806 2772 1161 2840 nosmetipsos
1180 2773 1417 2840 formam
1438 2771 1695 2825 daremus
1727 2771 1872 2826 vobis

215 2865 280 2919 ad
310 2861 665 2919 imitandum
693 2877 814 2914 nos.
848 2859 971 2914 Non
1004 2859 1135 2914 illos
1165 2858 1402 2930 ignaros
1432 2859 1574 2914 dicit
1602 2862 1793 2931 operis
1815 2865 1872 2914 et

214 2951 430 3007 laboris
461 2949 592 3016 sui,
620 2966 795 3020 quem
823 2947 1025 3004 sedulo
1049 2948 1202 3002 exitu
1232 2949 1598 3018 operabatur,
1634 2966 1702 3003 ne
1725 2966 1871 3020 pane

217 3041 504 3113 indigeret
536 3037 755 3105 alieno,
789 3042 855 3091 ut
876 3036 1206 3109 exemplum
1238 3037 1400 3091 daret
1419 3037 1505 3091 eis
1536 3038 1605 3091 ad
1639 3038 1868 3093 imitan-

214 3129 351 3183 dum
381 3128 582 3183 illum.
604 3125 804 3196 Neque
833 3125 990 3180 enim
1010 3124 1463 3196 reprehensibile
1493 3131 1665 3193 esset,
1700 3127 1746 3180 si
1776 3143 1870 3196 pa-

1983 570 2148 618 tuum
2179 582 2277 630 ;ne
2301 571 2597 620 saturatus
2621 567 2702 619 tui
2733 567 2916 619 oderit
2937 572 2991 619 te
3014 567 3191 635 (Prov.
3218 585 3347 631 xxv,
3377 569 3478 635 l7).
3513 570 3618 632 Qui

1981 653 2135 708 enim
2163 655 2494 724 frequenter
2520 659 2585 708 ad
2619 655 2867 708 alienam
2903 672 3162 710 mensam
3197 657 3481 724 convenit,
3506 659 3621 713 otio

1981 742 2212 797 deditus
2245 743 2516 797 adulatur
2546 761 2778 798 necesse
2811 749 2899 796 est
2932 744 3188 814 pascenti
3221 762 3301 810 se,
3326 762 3456 799 cum
3492 747 3620 800 reli~

1980 831 2074 902 gio
2105 839 2305 885 nostra
2335 834 2403 886 ad
2441 833 2766 886 libertatem
2799 832 3065 887 homines
3091 835 3346 888 advocet.
3374 835 3622 905 Ideoque

1980 919 2028 974 si
2061 921 2215 990 quis,
2250 921 2461 991 inquit,
2498 922 2850 976 manducare
2873 921 3113 991 spernit,
3148 928 3333 975 cesset
3365 940 3398 976 a
3427 922 3622 978 labore

1983 1012 2044 1061 ut
2074 1009 2211 1078 quia
2243 1009 2440 1063 nullus
2491 1010 2614 1064 sine
2646 1011 2773 1063 cibo
2807 1014 2993 1081 potest
3023 1009 3230 1073 vivere,
3264 1011 3360 1064 det
3386 1027 3621 1082 Operam

1980 1095 2306 1166 laborandi,
2343 1105 2403 1152 ut
2428 1099 2668 1152 arbitrio
2701 1115 2806 1152 suo
2836 1099 3054 1165 vivens,
3089 1098 3270 1153 Deum
3305 1099 3490 1169 possit
3519 1099 3615 1154 ha-

1981 1185 2113 1239 bere
2138 1186 2477 1256 propitium.

2050 1274 2377 1327 Audirimus
2407 1276 2554 1328 enim
2609 1275 2862 1345 quosdam
2921 1275 3211 1328 ambulare
3241 1278 3388 1329 inter
3419 1292 3505 1329 vos
3534 1278 3620 1330 in-

1977 1366 2362 1432 temperanter,
2388 1364 2531 1416 nihil
2557 1367 2858 1432 operantes,
2891 1365 2986 1416 sed
3005 1366 3218 1417 curiose
3246 1369 3490 1432 agentes.
3516 1363 3621 1426 Qui

1979 1450 2145 1504 otiosi
2181 1467 2306 1504 esse
2328 1451 2682 1515 desiderant,
2716 1451 2770 1504 id
2819 1456 3018 1520 agunt,
3073 1460 3363 1520 quatenus
3395 1453 3621 1507 occasio

1981 1545 2276 1605 nascatur,
2300 1557 2414 1611 qua
2435 1539 2737 1594 introitum
2755 1557 2926 1594 suum
2947 1539 3392 1594 desiderabilem
3409 1541 3623 1594 faciant

1979 1628 2255 1682 domibus
2286 1629 2556 1696 divitum,
2591 1628 2982 1696 ambulantes,
3010 1634 3066 1682 et
3087 1629 3389 1699 opiniones
3421 1631 3620 1682 verbo-

1980 1732 2109 1770 rum
2134 1716 2428 1770 subtiliter
2449 1717 3007 1787 colligunt,scientes
3029 1718 3164 1787 quid
3199 1718 3268 1771 de
3299 1734 3413 1786 quo
3444 1716 3623 1770 velint

1980 1803 2201 1866 audire,
2237 1809 2298 1857 ut
2354 1804 2602 1859 libenter
2647 1811 2703 1859 et
2750 1806 3014 1875 requisiti
3067 1811 3396 1875 pascantur.
3459 1805 3620 1867 Quod

1982 1893 2198 1946 factum
2229 1891 2395 1947 valde
2425 1895 2698 1948 adhorret
2730 1911 2762 1947 a
2793 1894 3104 1965 disciplina
3156 1894 3477 1948 Dominica.
3509 1894 3620 1947 Ho-

1981 1998 2111 2034 rum
2145 1981 2300 2035 enim
2333 1987 2531 2036 venter
2561 1983 2714 2036 Deus
2736 1987 2844 2047 est,
2873 1981 2970 2052 qui
3005 1982 3154 2035 foeda
3184 1999 3322 2035 cura
3353 1998 3617 2036 necessa-

1981 2069 2066 2124 ria
2099 2069 2418 2140 provident.

2052 2161 2157 2213 His
2189 2161 2368 2230 igitur
2397 2159 2709 2230 hujusmodi
2741 2159 3152 2225 denuntiamus,
3183 2167 3237 2213 et
3264 2158 3623 2213 exhortamur

1979 2249 2037 2301 in
2070 2249 2294 2301 Domino
2323 2249 2449 2302 Jesu
2509 2248 2741 2316 Christo,
2793 2250 2851 2301 ut
2910 2263 3036 2302 cum
3081 2249 3259 2316 quiete
3316 2254 3620 2316 operantes,

1977 2352 2140 2390 suum
2167 2353 2369 2406 panem
2391 2336 2736 2390 manducent.
2769 2336 2837 2390 Ut
2866 2337 2950 2389 eis
2983 2335 3208 2389 facilius
3240 2335 3500 2399 suadeat,
3533 2335 3621 2388 in-

1977 2426 2257 2496 terposito
2271 2425 2508 2479 nomine
2522 2425 2751 2479 Domini
2765 2427 2897 2480 .Iesu
2913 2424 3620 2489 Christi,exhorlatureos,

1981 2518 2045 2568 ut
2075 2514 2396 2568 obaudiant
2427 2513 2564 2584 quid
2597 2514 2680 2567 eis
2712 2514 2788 2567 sit
2818 2513 2978 2568 utile.

2057 2604 2148 2656 Vos
2179 2611 2378 2666 autem,
2437 2605 2655 2672 fratres,
2705 2602 2883 2656 nolite
2937 2601 3159 2670 deﬁcere
3217 2602 3620 2672 benefaciendo.

1976 2690 2130 2760 Quod
2159 2692 2209 2743 si
2236 2692 2358 2759 quis
2387 2706 2493 2744 non
2524 2688 2747 2744 obaudit
2779 2690 2937 2744 verbo
2968 2693 3149 2743 nostro
3176 2705 3274 2760 per
3303 2691 3620 2761 Epistolam,

1979 2779 2122 2832 hunc
2150 2783 2350 2844 notate,
2385 2785 2435 2832 et
2459 2779 2631 2833 nolite
2661 2795 2780 2832 cum
2828 2795 2887 2831 eo
2945 2780 3170 2845 versari,
3226 2783 3287 2832 ut
3317 2781 3624 2834 reverentia

1978 2868 2366 2934 confundatur.
2401 2869 2514 2922 Non
2541 2869 2682 2920 velut
2713 2868 3000 2922 inimicum
3021 2870 3365 2935 existimetis,
3389 2868 3479 2921 sed
3508 2884 3622 2922 mo-

1978 2966 2096 3011 nete
2123 2958 2392 3023 consitiis,
2452 2965 2508 3011 ut
2557 2960 2804 3027 fratrem.
2870 2961 3108 3028 Propter
3163 2957 3317 3027 quod
3351 2957 3623 3028 superius

1983 3062 2464 3116 unumquemque
2496 3063 2668 3100 suum
2707 3063 2913 3116 panem
2949 3047 3306 3100 manducare
3327 3045 3619 3115 praecepit,

1981 3150 2052 3188 ne
2085 3135 2229 3189 forte
2258 3133 2497 3205 quidam
2531 3134 2764 3189 illorum
2816 3134 3178 3188 occasionem
3231 3134 3529 3202 parcitatis
3566 3137 3624 3187 et

213 3233 341 3272 nem
373 3217 444 3271 ab
475 3214 971 3285 bisacciperetab
998 3214 1256 3284 corporis
1287 3229 1508 3282 curam,
1533 3213 1632 3284 qui
1655 3214 1868 3270 animis
1900 3200 1943 3268 C
1984 3200 2437 3277 inhumanitatis
2460 3227 2781 3294 captarent,
2816 3223 2946 3275 ideo
2986 3222 3182 3276 statim
3216 3200 3499 3288 subjecit:
3530 3223 3623 3274 Vos

210 3305 438 3361 illorum
473 3319 680 3360 escam
708 3300 1029 3374 spiritalem
1053 3302 1364 3373 praebebat,
1395 3319 1522 3374 qua
1535 3301 1708 3356 etiam
1742 3319 1866 3357 cor-

209 3395 327 3465 pori
357 3391 874 3448 immortalitatem
908 3407 1041 3445 cum
1084 3389 1268 3460 gloria
1293 3395 1650 3462 procuraret.
1703 3393 1868 3447 Tunc

207 3483 414 3536 etenim
448 3483 656 3536 exerta
698 3483 888 3550 potest
943 3494 1071 3533 esse
1103 3478 1365 3545 libertas,
1400 3479 1449 3533 si
1483 3480 1866 3550 semetipsum

208 3573 333 3640 quis
363 3569 596 3625 ventris
628 3584 806 3624 causa
836 3572 939 3622 aut
970 3569 1226 3638 pecuniae
1260 3567 1404 3621 nulli
1437 3567 1728 3636 subjiciat,
1762 3586 1868 3623 suo

209 3675 354 3730 pane
387 3660 750 3720 contentus;
781 3655 1056 3725 maxime,
1119 3657 1276 3723 quod
1309 3658 1377 3709 ad
1415 3656 1645 3710 laudem
1681 3657 1870 3727 magis

209 3748 453 3816 proficit,
488 3747 540 3802 si
569 3761 702 3800 cum
736 3744 924 3811 liceat,
946 3748 1003 3798 et
1033 3743 1113 3798 sit
1143 3745 1414 3799 sumendi
1439 3750 1716 3816 potestas,
1741 3763 1870 3801 con-

209 3835 400 3891 tineat.
437 3835 551 3890 Hic
597 3833 732 3888 talis
792 3833 1068 3903 prodesse
1126 3837 1319 3902 potest
1376 3833 1748 3888 audientibus
1780 3851 1863 3890 se.

209 3921 610 3979 Reverentiam
643 3921 798 3976 enim
860 3921 1164 3976 habebunt
1196 3920 1404 3992 rigoris
1456 3922 1654 3992 hujus,
1689 3929 1743 3976 et
1775 3939 1864 3990 ea,

211 4027 330 4082 quas
386 4013 458 4068 ab
519 4011 634 4066 hoc
692 4010 1072 4075 mandantur,
1131 4010 1501 4081 praetermitti
1541 4028 1655 4065 non
1710 4016 1863 4082 pote-

209 4105 360 4155 runt.

274 4189 409 4243 Nam
431 4205 562 4244 cum
614 4203 846 4242 essemus
899 4186 1047 4258 apud
1105 4202 1214 4255 vos,
1273 4187 1375 4242 hoc
1409 4189 1866 4260 prwcipiebamus

209 4277 369 4346 vobis,
391 4276 535 4349 quod
565 4278 614 4330 si
657 4278 780 4348 quis
811 4292 920 4332 non
967 4276 1082 4330 vult
1111 4279 1353 4348 Operari,
1408 4295 1509 4333 nec
1553 4277 1860 4332 manducet.

211 4364 330 4419 Non
362 4367 558 4422 solum
592 4365 782 4421 verbis
798 4365 1065 4434 docebat,
1083 4366 1183 4420 sed
1218 4365 1563 4421 hortabatur
1584 4373 1638 4420 et
1673 4367 1861 4421 factis.

217 4453 410 4509 Idonei
444 4454 604 4509 enim
627 4452 894 4524 magistri
925 4457 1035 4519 est,
1069 4453 1116 4508 si
1149 4471 1235 4521 ea,
1271 4471 1396 4525 qua:
1411 4455 1602 4518 verbis
1634 4456 1857 4515 doceat.

1978 3313 2182 3375 autem,
2213 3310 2426 3379 inquit,
2449 3313 2672 3378 fratres,
2706 3311 2878 3363 nolite
2907 3309 3206 3378 defatigari
3236 3309 3625 3377 benefmientcs

1977 3399 2117 3467 (Gal.
2151 3417 2227 3467 v1,
2261 3401 2336 3467 tl).
2372 3399 2568 3468 Neque
2599 3399 2754 3452 enim
2787 3397 2844 3450 in
2898 3396 3405 3466 reprehensionem
3446 3397 3620 3460 venit,

1983 3488 2080 3558 qui
2115 3487 2412 3541 humanus
2443 3486 2496 3539 in
2531 3486 2825 3557 largiendo
2857 3490 2945 3539 est.
2975 3511 2988 3550 ;
3022 3485 3118 3539 sed
3179 3484 3293 3549 hic,
3345 3484 3442 3553 qui
3489 3500 3621 3538 cum

1983 3577 2167 3646 possit
2190 3574 2445 3628 laborem
2473 3575 2638 3641 ferre,
2664 3575 2779 3628 otio
2799 3573 2923 3629 vult
2944 3575 3117 3627 vitam
3145 3590 3333 3643 agere.
3368 3576 3547 3636 Quem
3573 3573 3622 3628 si

1979 3664 2248 3735 Epistolte
2280 3665 2596 3718 auctoritas
2631 3680 2740 3716 non
2777 3664 3033 3733 corrigit.
3087 3663 3408 3717 notandum
3444 3662 3620 3727 hunc,

1979 3771 2082 3809 nec
2113 3755 2573 3809 conversantium
2609 3771 2743 3807 cum
2768 3771 2832 3807 eo
2853 3751 3199 3824 prarcipit,ut
3217 3754 3496 3806 contusus
3519 3753 3620 3823 qui

1976 3845 2048 3898 ab
2064 3860 2154 3897 om
2167 3843 2338 3898 nibus
2353 3842 2938 3911 evitatur,suhjiceret
2952 3859 3012 3894 se
3028 3841 3616 3912 prteceptisApostoli.

1973 3933 2135 3996 Quod
2171 3937 2364 3986 tamen
2399 3932 2523 3986 sine
2544 3932 2847 3985 iracundia
2868 3936 2923 3984 et
2944 3930 3297 3985 contumelia
3326 3930 3451 3984 vult
3474 3931 3618 3996 fieri,

1975 4026 2038 4074 ut
2071 4022 2355 4090 patienter
2386 4020 2710 4073 declinatur
2739 4020 2811 4072 ab
2843 4036 2940 4082 eo;
2980 4020 3060 4071 ita
3090 4024 3306 4084 tamen,
3338 4023 3396 4070 ut
3447 4018 3493 4070 si
3529 4035 3619 4072 res

1974 4109 2238 4164 attulerit
2269 4109 2425 4178 loqui
2458 4125 2591 4161 cum
2626 4125 2712 4175 eo,
2739 4110 3093 4162 monendum
3118 4107 3307 4169 illum,
3343 4112 3405 4160 ut
3436 4107 3617 4175 patia-

1974 4203 2071 4252 tur
2101 4213 2162 4252 se
2195 4195 2425 4266 corripi,
2461 4213 2564 4249 nec
2597 4195 2748 4248 ultra
2768 4201 3054 4266 princepta
3077 4193 3336 4264 Apostoli
3359 4200 3618 4248 contem-

1976 4287 2200 4340 nenda:
2230 4283 2683 4338 familiaritatem
2721 4300 2952 4352 quoque
2985 4283 3186 4336 tandiu
3222 4298 3352 4335 cum
3388 4298 3454 4336 eo
3503 4299 3616 4336 non

1973 4375 2209 4433 habere.
2236 4373 2494 4444 quandiu
2523 4371 2842 4425 ohatuliens
2877 4372 2991 4424 l'iat.
3027 4371 3168 4423 Nam
3203 4370 3247 4422 si
3284 4371 3350 4424 ad
3389 4371 3616 4424 iracun-

1974 4465 2129 4518 diam
2159 4461 2532 4518 contumeliis
2583 4460 2906 4521 lacessitur,
2959 4461 3116 4530 pejor
3175 4461 3292 4512 tiet.
3342 4459 3621 4513 lncitatnr

214 4543 491 4612 operibus
524 4543 770 4614 expleat.
829 4543 992 4597 Tunc
1051 4543 1264 4599 etenim
1323 4543 1692 4598 addiscentcs
1732 4561 1863 4598 vera
1889 4565 1938 4630 D
1973 4554 2126 4608 enim
2178 4554 2246 4607 ad
2295 4551 2746 4612 contentionem,
2781 4555 2836 4602 et
2867 4549 3103 4618 incipiet
3134 4553 3392 4601 erratum
3442 4565 3614 4602 suum

214 4646 340 4685 esse
371 4631 571 4686 sciunt
600 4649 725 4704 quae
747 4632 1014 4698 audiunt,
1039 4631 1084 4686 si
1103 4632 1318 4703 negligi
1344 4632 1442 4687 illa
1475 4649 1588 4687 non
1613 4631 1861 4688 viderint

214 4736 251 4772 a
279 4718 532 4774 doctore.
565 4720 841 4784 Quamvis
872 4720 1027 4776 enim
1078 4721 1388 4777 manifeste
1422 4739 1555 4776 vera
1584 4738 1714 4776 esse
1745 4739 1860 4776 non

217 4805 560 4878 ignorentur
584 4827 708 4882 quae
741 4810 1022 4864 docentur
1044 4813 1267 4876 ;tamen
1284 4810 1332 4864 si
1351 4811 1562 4882 negligi
1584 4809 1863 4882 cceperint

213 4911 248 4949 a
277 4896 580 4968 magistro,
638 4897 876 4953 difficile
907 4897 1221 4970 proﬁciunt
1251 4898 1643 4954 audientibus.
1678 4899 1860 4970 Magis

215 4983 369 5039 enim
401 5001 581 5056 opera
610 4986 880 5055 suadent,
912 5003 1088 5057 quam
1104 4986 1703 5051 verba.Quamobrem
1739 5005 1860 5042 ma-

217 5071 306 5143 gis
337 5073 600 5142 prmmiis
631 5074 1040 5129 remunerandi
1071 5080 1228 5140 sunt,
1275 5076 1398 5146 qui,
1433 5075 1863 5148 negligentibus

229 5161 548 5231 magistris,
584 5162 654 5216 de
684 5161 826 5217 solis
855 5164 1046 5218 verbis
1078 5164 1407 5235 proficiunt,
1441 5170 1558 5220 tam
1591 5165 1646 5218 in
1673 5179 1862 5232 opere,

221 5262 392 5316 quam
423 5249 484 5303 in
518 5250 927 5306 sensu.Forma
957 5251 1365 5306 enimerathis
1397 5252 1496 5323 qui
1531 5251 1861 5318 mediocris,

227 5334 310 5390 vel
341 5337 538 5392 tenuis
569 5341 736 5390 erant
764 5339 1101 5394 substantiae
1135 5341 1190 5394 in
1250 5339 1437 5410 plebe,
1468 5345 1531 5395 ut
1577 5341 1868 5395 discerent

231 5429 522 5492 quatenus
554 5423 879 5480 libertatem
911 5445 1076 5482 suam
1100 5445 1216 5483 non
1248 5430 1601 5484 amitterent.
1637 5427 1867 5482 Undeet

303 5598 485 5670 (1294)
517 5598 826 5672 Contempto
853 5602 1068 5662 habent
1097 5605 1371 5679 impressi
1401 5607 1529 5661 cod.

1969 4641 2113 4696 velle
2138 4642 2448 4696 tlctcndere
2474 4659 2486 4707 ;
2509 4639 2694 4711 possit
2716 4643 2912 4694 autem
2936 4638 3276 4691 erubescere
3306 4637 3616 4691 emendare

1973 4748 2055 4795 se,
2084 4748 2154 4785 ne
2186 4731 2337 4802 quod
2376 4730 2538 4802 prius
2572 4732 2902 4798 excusabat,
2955 4731 3154 4798 postea
3213 4725 3374 4779 fateri
3420 4725 3613 4780 videa-

1969 4825 2086 4876 tur.

2042 4911 2157 4980 Ipse
2184 4916 2370 4963 autem
2419 4911 2557 4963 Deus
2581 4912 2732 4978 pacis
2768 4906 2859 4960 det
2903 4906 3050 4960 vobis
3098 4921 3287 4976 pacem
3315 4921 3529 4977 semper
3557 4907 3616 4958 in

1971 5000 2124 5053 omni
2141 4999 2275 5052 loco.
2303 4999 2562 5051 Dominus
2580 5013 2703 5049 cum
2723 4997 2976 5049 omnibus
2995 4995 3144 5049 vobis
3187 5011 3422 5064 semper.
3455 4994 3613 5056 Quod

1973 5085 2146 5140 suum
2180 5090 2288 5152 est,
2324 5086 2476 5138 bono
2508 5088 2636 5136 voto
2662 5083 2789 5136 illos
2815 5083 3186 5153 prosequitur
3217 5082 3619 5152 quasicharis-

1973 5175 2157 5228 simus
2183 5173 2355 5236 ﬁlios,
2391 5178 2599 5240 optans
2631 5189 2861 5241 semper
2883 5189 3015 5224 cum
3051 5172 3135 5225 eis
3163 5188 3356 5242 pacem
3383 5170 3616 5232 habere,

1974 5279 2099 5332 qua:
2132 5261 2245 5312 dux
2279 5259 2348 5310 ad
2405 5258 2576 5310 vitam
2639 5266 2936 5324 aeternam,
2970 5277 3102 5312 cum
3167 5260 3256 5310 his
3315 5257 3470 5311 enim
3507 5258 3615 5310 Do-

1980 5349 2176 5403 minus
2210 5363 2272 5398 se
2304 5361 2430 5398 esse
2464 5344 2748 5412 promisit,
2784 5347 2881 5414 qui
2913 5347 3125 5399 fuerint
3159 5346 3402 5416 paciﬁci.

2046 5435 2168 5504 Ipsa
2196 5433 2460 5486 salutatio
2489 5446 2616 5483 mea
2644 5448 2814 5484 manu
2860 5434 3060 5492 Pauli;
3109 5434 3247 5502 quod
3278 5438 3355 5487 est
3396 5436 3616 5500 signum
