3978 6210
347 321 469 383 663

1370 316 1708 379 ATTONIS
1755 317 2340 380 VERCELLENSIS
2385 317 2737 381 EPISCOPI

3647 317 3778 378 664

351 454 415 510 in
444 455 597 510 omni
625 453 972 526 epistola;in
1015 449 1209 506 scribo.
1266 452 1506 520 Propter
1556 449 1996 520 interpolatores
2024 454 2082 519 Α
2160 451 2374 507 .Cratia
2405 451 2626 506 Domini
2650 450 2831 506 nostri
2856 453 2992 506 Jesu
3039 447 3249 504 Christi
3306 463 3434 503 cum
3488 448 3773 503 omnibus.

356 547 415 600 et
443 543 866 599 adulteratores
896 541 1320 612 scripturarum
1344 554 1578 610 semper
1599 555 1659 594 se
1684 555 1863 594 manu
1897 555 2006 593 sua

356 632 419 689 in
451 631 610 688 omni
639 629 887 702 epistola
936 645 1045 685 sua
1098 626 1513 683 salutationem
1564 627 2007 683 subdescribere

360 726 628 787 testatur,
663 724 728 774 ut
756 719 865 774 sub
897 716 1135 773 nomine
1160 716 1288 787 ejus
1311 715 1576 787 Epistola
1606 720 1839 787 accepto
1871 715 2006 771 ferri

362 826 477 867 non
501 807 711 881 possit,
740 823 864 878 quas
897 822 1012 861 non
1043 804 1218 860 fuerit
1246 821 1425 860 manu
1476 805 1604 875 ejus
1654 804 2006 876 subscripta.

2116 540 2244 594 Haec
2277 538 2551 594 salutatio
2581 554 2759 593 manu
2789 536 3047 608 Apostoli
3110 536 3443 608 conscripta
3498 540 3609 605 est,
3653 553 3779 608 qua

2116 627 2363 699 gratiam
2397 626 2626 682 Domini
2651 625 2833 681 nostri
2865 625 3002 681 Jesu
3035 623 3250 681 Christi
3279 628 3444 696 optat
3469 640 3603 681 esse
3632 642 3775 681 cum

2118 714 2223 771 eis.
2255 716 2449 770 Amen.

2260 805 2412 859 Finis
2444 803 2704 874 Epistolas
2720 801 2975 859 secundae
3003 801 3074 857 ad
3109 801 3627 859 Thessalonicenses.

1033 1108 1649 1203 EPISTOLA
1718 1108 1758 1200 Ι
1827 1108 1993 1200 AD

2143 1106 2818 1201 IMOTHEUM
2886 1106 3096 1198 (129⁵.

912 1438 1445 1494 ABGUMENTUM.

427 1527 772 1583 Timotheus
797 1526 956 1582 ﬁlius
978 1527 1088 1581 fuit
1108 1526 1377 1582 mulieris
1398 1528 1607 1583 Indicas
1630 1528 2012 1600 fidelis,patre

357 1616 576 1684 Graeco,
600 1617 770 1685 cujus
796 1632 974 1671 causa
990 1615 1269 1686 parvulus
1304 1616 1643 1672 circumcidi
1664 1634 1777 1672 non
1800 1618 2009 1689 potuit.

357 1704 464 1771 Qui
488 1705 682 1760 studio
707 1706 912 1760 matris
933 1721 1052 1760 suae
1074 1721 1273 1760 sacras
1295 1704 1524 1760 litteras
1552 1706 2010 1778 didicit,quibus

354 1810 590 1864 operam
621 1794 769 1848 dans
785 1794 998 1849 bonam
1021 1792 1131 1848 sibi
1155 1792 1331 1848 vitam
1354 1793 1645 1849 instituit.
1673 1795 1841 1850 Hunc
1862 1797 2013 1866 Apo-

355 1882 543 1938 stolus
562 1898 695 1937 cum
717 1881 999 1938 voluisset
1023 1897 1342 1948 assumere,
1367 1882 1563 1938 sciens
1590 1884 1867 1938 idoneum
1893 1884 2017 1939 fore

2121 1444 2327 1495 rentur
2356 1438 2430 1494 ad
2463 1438 2585 1493 hec
2605 1437 2865 1504 colenda,
2891 1452 3017 1508 quae
3039 1434 3352 1491 carnaliter
3370 1435 3507 1490 data
3524 1434 3762 1490 fuerant

2122 1529 2269 1596 Quid
2301 1530 2455 1584 enim
2487 1543 2636 1598 opus
2682 1531 2793 1592 est,
2840 1525 3317 1597 generationum,
3367 1540 3517 1595 quas
3551 1530 3785 1580 constat

2122 1632 2250 1673 esse
2275 1615 2535 1671 inﬁnitas
2558 1632 2660 1687 per
2689 1615 3013 1683 traducem,
3049 1614 3236 1669 facere
3283 1613 3645 1668 mentionem
3680 1630 3695 1679 ;
3726 1630 3757 1669 e

2123 1705 2353 1777 quid,et
2368 1708 2660 1776 quatenus
2682 1703 2900 1757 factum
2923 1706 3014 1757 est
3035 1703 3145 1757 sub
3169 1717 3525 1773 unoquoque
3545 1717 3773 1769 eorum,

2123 1799 2180 1849 et
2210 1809 2325 1849 non
2359 1792 2554 1865 potius
2583 1791 2929 1863 compendio
2952 1807 3054 1863 per
3103 1791 3278 1846 ﬁdem
3333 1790 3585 1845 salutem
3619 1806 3776 1861 qua:-

2125 1897 2251 1936 rere
2280 1881 2310 1935 ?
2335 1881 2477 1936 Inde
2503 1880 2659 1935 enim
2691 1879 3045 1950 quaestiones
3097 1878 3389 1947 oriuntur,
3433 1893 3566 1933 cum
3605 1876 3773 1950 quid,

354 1970 818 2041 dispensatorem
829 1969 1172 2042 evangelicae
1188 1970 1661 2036 veritatis,causa
1681 1971 2016 2028 Judaaorum
2049 1974 2099 2039 B
2125 1974 2183 2024 et
2203 1968 2460 2041 quando,
2485 1972 2541 2023 et
2561 1968 2875 2039 quomodo,
2901 1972 2958 2023 et
2977 1983 3158 2038 quare
3179 1966 3401 2022 factum
3423 1970 3529 2031 est,
3550 1970 3772 2022 tracta-

354 2058 695 2130 compulsus
723 2064 814 2113 est
835 2059 1250 2115 circumcidere
1272 2075 1409 2114 eum
1429 2059 1815 2127 ,instantibus
1837 2060 2015 2127 eis,ut

356 2146 458 2219 qui
489 2150 673 2202 matre
688 2147 891 2202 Judssa
913 2151 1087 2203 natus
1107 2152 1282 2214 esset,
1305 2146 1765 2205 incircumcisus
1787 2149 2011 2205 assumi

358 2252 474 2292 non
503 2236 742 2291 deberet
771 2236 842 2290 ad
875 2234 1281 2307 magisterium
1333 2242 1571 2307 propter
1601 2237 2010 2292 testimonium

358 2324 612 2398 generis.
635 2324 800 2378 Hunc
825 2326 1097 2393 ergojam
1126 2328 1389 2379 creatum
1407 2324 1751 2395 episcopum
1775 2325 2015 2381 instruit

359 2431 464 2486 per
485 2412 805 2484 Epistolam
822 2412 1116 2482 quomodo
1136 2411 1373 2467 deberet
1388 2412 1707 2467 Ecclesiam
1722 2412 2010 2468 ordinare.

431 2500 591 2572 (CAP.
624 2500 696 2569 I.)
730 2500 942 2554 Paulus
986 2500 1276 2570 Apostolus
1314 2499 1523 2554 Christi
1565 2502 1691 2556 Iesu
1717 2502 2011 2557 secundum

358 2590 654 2660 imperium
677 2589 783 2643 Dei
803 2587 1111 2643 Saluatoris
1163 2588 1343 2642 nostri
1389 2589 1516 2643 Iesu
1543 2588 1745 2645 Christi
1772 2592 1887 2662 spei
1914 2607 2011 2646 no-

356 2686 506 2741 strae,
540 2677 805 2732 Timotheo
825 2691 1093 2747 germano
1113 2676 1237 2745 filio
1266 2677 1328 2730 in
1373 2676 1501 2745 ﬁde,
1552 2679 1754 2748 gratia,
1786 2680 2010 2734 miseri-

355 2765 569 2832 cordia,
597 2779 714 2837 paa:
741 2781 776 2819 a
803 2766 912 2820 Deo
941 2765 1109 2819 Patre
1136 2772 1188 2819 et
1221 2763 1442 2819 Christo
1482 2767 1609 2821 Jesu
1653 2767 1880 2822 Domino
1907 2784 2011 2824 no—

354 2862 486 2909 stro.
513 2853 724 2919 Patris,
747 2857 807 2908 et
834 2851 963 2907 Filii
995 2851 1242 2924 imperio
1298 2852 1643 2924 Apostolum
1701 2870 1763 2909 se
1790 2856 2008 2910 factum

359 2941 641 3009 ostendit,
672 2945 738 2996 ut
769 2942 829 2996 in
860 2941 977 2997 Deo
1011 2941 1177 2996 Patre
1208 2939 1476 3011 salutem,
1510 2946 1567 2997 et
1596 2942 1824 2999 Christo
1867 2943 2009 2999 Filio

359 3032 489 3102 ejus
518 3046 683 3102 spem
716 3030 1075 3102 praedicaret,
1110 3033 1174 3085 ut
1195 3030 1335 3102 quia
1363 3045 1534 3085 nemo
1561 3035 1737 3103 negat
1759 3032 2009 3088 salutem

2121 2061 2254 2113 tur:
2288 2074 2415 2130 quis
2448 2071 2542 2112 res
2568 2054 2815 2128 impedit
2834 2053 3106 2111 salutem.

2194 2148 2348 2202 Finis
2375 2153 2563 2202 autem
2590 2146 2855 2217 praecepti
2880 2152 2957 2199 est
2982 2145 3228 2200 charitas
3280 2143 3353 2199 de
3404 2144 3562 2199 corde
3605 2159 3772 2216 puro,

2122 2240 2173 2291 et
2196 2237 2536 2291 conscientia
2566 2234 2726 2304 bona,
2758 2238 2809 2288 et
2837 2232 2942 2304 ﬁde
2991 2248 3102 2289 non
3153 2233 3412 2287 simulata
3434 2251 3455 2287 :
3498 2250 3534 2288 a
3578 2233 3778 2305 quibus

2123 2324 2350 2395 quidam
2369 2330 2621 2378 errantes
2650 2323 2894 2376 conversi
2915 2329 3044 2376 sunt
3071 2322 3133 2375 in
3156 2321 3557 2392 vaniloquium,
3590 2323 3777 2377 volen-

2120 2416 2199 2467 tes
2227 2427 2340 2466 esse
2370 2411 2505 2481 legis
2531 2410 2793 2475 doctores,
2842 2425 2954 2464 non
3001 2409 3386 2479 intelligentes,
3436 2425 3615 2481 neque
3658 2425 3776 2480 quae

2124 2500 2342 2565 dicunt,
2357 2515 2528 2570 neque
2551 2498 2617 2553 de
2642 2499 2839 2569 quibus
2863 2497 3166 2569 afﬁrmant.
3194 2496 3483 2560 Quoniam
3505 2499 3771 2553 omnium

2123 2589 2310 2659 major
2339 2591 2428 2643 est
2455 2587 2731 2650 charitas,
2763 2586 2915 2642 hanc
2950 2586 3125 2641 finem
3155 2601 3285 2641 esse
3345 2585 3514 2653 dixit,
3565 2586 3625 2641 id
3660 2590 3776 2649 est,

2120 2675 2521 2748 perfectionis,
2552 2675 3119 2731 consummationem
3152 2674 3418 2730 omnium
3451 2680 3772 2747 praecepto-

2123 2782 2277 2832 rum,
2310 2764 2360 2820 si
2388 2769 2585 2819 tamen
2613 2780 2681 2819 ex
2708 2764 2880 2819 corde
2912 2780 3058 2836 puro
3089 2764 3169 2818 sit
3197 2766 3255 2818 et
3277 2763 3433 2819 bona
3473 2764 3778 2821 conscien-

2120 2853 2222 2913 tia.
2262 2853 2409 2909 Vera
2433 2852 2588 2908 enim
2618 2851 2870 2907 cbaritas
2920 2868 3035 2907 non
3090 2855 3281 2924 potest
3336 2851 3554 2907 malam
3589 2853 3772 2908 vitam

2120 2941 2358 3008 habere,
2389 2957 2493 2997 nec
2523 2940 2863 2996 simulatam
2896 2939 3093 3010 fidem,
3121 2940 3179 2995 in
3212 2940 3431 3012 quibus
3454 2941 3655 2996 omnis
3687 2940 3783 2996 lex

2119 3030 2421 3102 impletur,
2452 3033 2508 3085 et
2537 3029 2849 3101 propheta).
2883 3028 3131 3094 Quidam
3190 3034 3384 3084 autem
3434 3028 3780 3086 Judaaorum

362 3135 491 3176 esse
522 3118 580 3173 in
618 3122 748 3187 Deo,
786 3133 892 3173 nec
928 3117 1248 3189 quisquam
1281 3117 1578 3174 dubitaret
1599 3136 1765 3190 spem
1797 3135 1926 3175 esse
1955 3120 2013 3175 in
2047 3126 2089 3192 (ς
2128 3119 2472 3190 mysterium
2504 3117 2650 3191 legis
2681 3118 3037 3190 ignorantes,
3072 3121 3129 3174 et
3160 3117 3610 3190 prophetarum,
3641 3118 3785 3190 quia

366 3207 597 3264 Christo
615 3206 777 3277 Jesu,
802 3221 977 3278 quem
1002 3223 1036 3261 a
1066 3206 1317 3262 mortuis
1339 3207 2014 3280 excitatum,exemplum

370 3296 550 3366 hujus
581 3296 705 3366 spei
737 3294 970 3350 dedisse
1002 3300 1396 3367 cognosceret.
1444 3295 1560 3351 Hoc
1609 3297 1780 3351 modo
1813 3297 2017 3353 scribit

370 3384 698 3453 Timotheo,
727 3387 791 3439 ut
811 3399 1057 3440 securus
1073 3388 1229 3439 esset
1251 3384 1322 3439 de
1340 3401 1449 3440 sua
1467 3385 1856 3455 ordinatione,
1880 3387 2017 3457 quia

371 3471 620 3545 imperio
651 3473 861 3543 Patris,
914 3476 972 3527 et
1002 3471 1127 3526 Filii
1188 3472 1406 3528 electus
1443 3477 1532 3529 est
1559 3474 1631 3528 ad
1663 3474 2013 3530 docendum.

367 3563 548 3626 Quem
573 3577 775 3616 verum
799 3560 1008 3615 Filium
1031 3560 1306 3631 appellat,
1331 3562 1431 3616 sed
1455 3561 1515 3616 in
1539 3562 1673 3630 ﬁde,
1697 3564 1851 3618 sicut
1874 3564 2018 3619 dicit

366 3651 440 3706 ad
470 3648 843 3705 Corinthios:
882 3654 947 3703 In
978 3648 1190 3704 Christo
1245 3652 1399 3704 enim
1454 3652 1599 3721 Iesu,
1657 3651 1869 3723 inquit,
1922 3669 2018 3724 per

364 3738 727 3805 Evangelium
752 3752 851 3805 ego
879 3753 969 3793 vos
998 3738 1164 3807 genui
1192 3740 1242 3809 (Ι
1270 3738 1390 3794 Cor.
1452 3757 1528 3805 1v,
1563 3740 1671 3811 15).
1724 3740 1854 3796 Haec
1885 3758 2018 3796 vera

367 3830 425 3883 et
453 3825 626 3881 ﬁrma
644 3825 941 3896 generatio
972 3834 1081 3891 est,
1116 3843 1245 3898 quae
1278 3826 1464 3883 nescit
1494 3844 1787 3900 occasum,
1834 3829 2019 3885 nescit

368 3914 626 3981 morbos,
654 3919 710 3969 et
731 3914 1148 3986 pestilentiam,
1181 3921 1238 3970 et
1267 3932 1395 3987 qua:
1426 3917 1656 3988 ignorat
1711 3917 1927 3972 famem
1960 3922 2018 3972 et

368 4004 551 4061 sitim.
576 4003 728 4060 Dicit
756 4008 950 4059 autem
983 4004 1043 4058 in
1075 4020 1254 4075 regno
1278 4005 1375 4060 Dei
1402 4005 1626 4061 nullius
1658 4022 1846 4077 egere,
1880 4006 2020 4077 quia

366 4093 567 4149 futura
596 4095 686 4148 est
717 4092 891 4148 domo
924 4093 1016 4147 Dei
1038 4091 1452 4150 immortalitas
1484 4094 1739 4167 gloriosa
1758 4093 1818 4148 in
1843 4111 2017 4164 regno

368 4180 469 4237 Dei
499 4185 557 4237 et
585 4179 819 4248 Christi,
853 4197 1103 4251 quorum
1135 4182 1407 4254 gratiam,
1431 4186 1489 4238 et
1530 4183 2016 4250 misericordiam,

367 4274 426 4326 et
454 4284 658 4341 pacem
685 4273 922 4341 exoptat
951 4286 1083 4325 cum
1115 4272 1229 4327 isto
1264 4288 1517 4326 manere.

440 4360 595 4416 Sicut
622 4358 820 4431 rogavi
845 4361 899 4412 te
924 4360 1313 4416 subremanere
1343 4361 1563 4431 Ephesi,
1620 4376 1746 4415 cum
1792 4360 1933 4414 irem
1959 4360 2021 4413 in

370 4446 768 4513 Macedoniam,
798 4454 857 4500 ut
882 4446 1173 4505 denunties
1230 4448 1559 4518 quibusdam
1620 4465 1688 4503 ne
1727 4442 2017 4502 aliter'do-

365 4540 541 4603 eeant,
575 4551 708 4590 neve
729 4536 1016 4591 intendant
1042 4537 1270 4607 fabulis,
1297 4546 1347 4591 et
1371 4536 1707 4603 genealogiis
1758 4534 2019 4604 inﬁnitis,

367 4636 490 4697 quap
517 4625 838 4694 quaestiones
863 4628 1152 4694 praestant,
1183 4626 1367 4693 magis
1396 4640 1561 4693 quam
1604 4622 2021 4691 aediﬁcationem

370 4715 486 4779 Dei,
513 4727 639 4784 qua?
666 4716 746 4768 est
769 4714 826 4766 in
848 4712 971 4781 fide.
994 4712 1176 4767 Filius
1198 4729 1232 4766 a
1254 4711 1421 4766 Patre
1444 4708 1635 4779 rogari
1659 4726 1775 4765 non
1797 4710 2015 4779 debuit,

368 4802 469 4858 sed
498 4805 734 4873 prepter
762 4800 1070 4855 charitatis
1101 4799 1394 4863 affectum,
1429 4802 1485 4851 et
1536 4802 1600 4851 ut
1656 4797 1738 4852 illi
1774 4800 2017 4856 formam

367 4889 720 4947 humilitatis
741 4888 1095 4954 ostenderet,
1119 4888 1387 4943 obsecrat
1406 4885 1715 4958 episcopus
1734 4888 2022 4959 coepisco-

368 4995 510 5051 pum
543 4995 740 5044 suum,
775 4992 847 5030 ne
878 4979 1173 5045 pateretur
1226 4974 1459 5030 Judmos
1517 4974 1684 5031 aliter
1712 4977 2016 5048 populum,

367 5083 545 5140 quam
567 5068 640 5122 ab
665 5061 942 5136 Apostolo
964 5062 1322 5129 tradebatur,
1356 5064 1581 5133 docere,
1628 5082 1735 5121 nec
1766 5066 2020 5123 oblecta-

365 5162 571 5213 rentur
594 5152 830 5218 fabulis,
861 5164 1011 5219 quas
1034 5166 1270 5206 narrare
1291 5154 1551 5210 consueti
1573 5159 1714 5211 sunt
1732 5155 1920 5211 Judaei
1948 5157 2019 5211 de

365 5242 742 5316 generatione
763 5252 1006 5292 suarum
1030 5237 1323 5309 originum
1346 5242 1416 5298 de
1437 5243 1816 5313 Abraham,et
1836 5244 2016 5309 Isaac,

365 5337 425 5387 et
445 5330 671 5384 caeteris
708 5322 1084 5397 patriarchis,
1116 5333 1175 5382 et
1201 5329 1273 5384 de
1302 5332 1768 5401 circumcisione,
1816 5336 1874 5387 et
1903 5332 2017 5398 bis,

366 5432 496 5485 qua:
529 5424 727 5481 postea
758 5411 977 5469 tradita
1006 5419 1145 5469 sunt
1174 5434 1207 5473 a
1260 5419 1477 5491 Moyse,
1526 5437 1599 5475 ne
1634 5419 2018 5475 circumveni-

2124 3222 2315 3278 usque
2347 3206 2419 3262 ad
2441 3206 2739 3262 Christum
2769 3207 3054 3262 servanda
3084 3210 3225 3261 sunt
3273 3205 3508 3273 tradita,
3549 3221 3781 3263 errave-

2124 3295 2602 3368 runt,praadicato
2631 3295 2882 3361 Christo,
2906 3299 2965 3351 et
2989 3293 3177 3367 legem
3211 3294 3498 3350 factorum
3547 3295 3609 3350 in
3640 3312 3781 3352 neo-

2124 3384 2357 3452 meniis,
2389 3388 2447 3439 et
2474 3382 2939 3451 circumcisione,
2971 3386 3029 3439 et
3057 3383 3209 3440 escis
3227 3383 3634 3440 discernendis
3654 3401 3779 3442 ser-

2122 3472 2243 3529 vari
2277 3473 2506 3528 debere.
2533 3472 2748 3528 Idcirco
2779 3471 2837 3526 in
2869 3470 3275 3544 vaniloquium
3307 3471 3449 3527 dicit
3505 3488 3606 3528 eos
3650 3489 3784 3530 esse

2123 3577 2453 3628 conversos,
2488 3560 2627 3632 quia
2653 3560 2926 3616 volebant
2956 3560 3161 3616 docere
3219 3576 3347 3632 quas
3402 3559 3780 3633 ignorabant.

2194 3651 2406 3705 Scimus
2434 3653 2615 3705 autem
2644 3651 2773 3720 quia
2829 3648 2969 3705 bona
3007 3651 3084 3705 est
3104 3649 3212 3717 lex,
3235 3650 3287 3703 si
3312 3650 3515 3720 quisea
3535 3650 3785 3719 legitime

2122 3742 2357 3795 utatur:
2385 3742 2594 3794 certum
2638 3738 2843 3793 habens
2886 3738 3003 3807 hoc,
3049 3737 3193 3809 quod
3228 3738 3380 3808 justo
3438 3738 3531 3793 lea:
3558 3754 3674 3794 non
3705 3743 3785 3795 est

2116 3829 2340 3899 posita;
2395 3827 2622 3897 iniustis
2676 3842 2802 3882 vero
2858 3834 2910 3882 et
2967 3826 3452 3898 inobsequentibus
3505 3828 3702 3898 impiis
3727 3834 3783 3884 et

2120 3916 2513 3988 peccatoribus,
2539 3916 2777 3970 scelestis
2807 3919 2856 3970 et
2908 3917 3187 3985 pro/anis,
3233 3915 3534 3986 parricidis
3582 3920 3635 3971 et
3661 3932 3780 3971 ma-

2124 4004 2345 4061 tricidis
2398 4009 2453 4060 et
2523 4004 2969 4075 fornicatoribus,
3018 3994 3329 4069 homicidis,
3404 4004 3785 4060 masculorum

2125 4093 2580 4159 concubitoribus,
2627 4094 2946 4165 plagiariis,
2995 4092 3367 4159 mendacibus,
3410 4094 3681 4166 perjuris,
3733 4098 3786 4149 et

2126 4183 2184 4237 si
2211 4181 2342 4252 quid
2369 4181 2524 4236 aliud
2552 4199 2702 4238 sanie
2725 4182 2982 4237 doctrina:
3032 4181 3378 4247 adservatur,
3429 4196 3554 4254 qua
3583 4188 3672 4237 est
3698 4198 3783 4239 se-

2127 4270 2366 4326 cundum
2387 4271 2756 4343 Evangelium
2782 4271 2987 4342 gloriae
3018 4271 3165 4326 beati
3191 4271 3310 4339 Dei,
3330 4270 3469 4343 quod
3507 4272 3783 4327 auditum

2129 4367 2205 4413 est
2234 4358 2390 4412 mihi.
2425 4358 2642 4431 Bonam
2675 4374 2803 4413 esse
2833 4358 3043 4430 legem,
3076 4375 3203 4429 qum
3235 4374 3338 4430 per
3367 4358 3607 4430 Moysen
3642 4360 3783 4415 data

2128 4452 2236 4517 est,
2270 4464 2383 4501 non
2417 4452 2628 4519 negat;
2661 4447 2742 4502 ita
2772 4453 2989 4513 tamen,
3023 4451 3088 4502 ut
3116 4461 3327 4502 sensus
3358 4448 3488 4518 ejus
3532 4448 3780 4516 sciatur,

2131 4540 2184 4589 et
2218 4534 2513 4606 quomodo
2544 4535 2682 4589 data
2711 4541 2821 4598 est,
2847 4534 3182 4604 recipiatur.
3216 4534 3319 4590 Hic
3352 4536 3509 4591 enim
3561 4536 3676 4591 scit
3702 4535 3785 4591 le-

2129 4639 2284 4695 gem,
2316 4627 2371 4678 et
2401 4639 2520 4694 qua
2549 4639 2726 4678 causa
2755 4625 2889 4677 data
2919 4623 3016 4689 sit,
3050 4622 3151 4694 qui
3181 4623 3516 4695 praedicatio
3549 4623 3784 4680 Christo

2129 4712 2347 4768 deserit
2369 4711 2525 4765 illam
2550 4728 2619 4766 ex
2639 4717 2818 4783 parte,
2844 4729 2957 4782 qua
2978 4711 3069 4766 lex
3092 4712 3377 4767 factorum
3409 4712 3782 4784 appellatur;

2128 4799 2284 4856 circa
2314 4798 2683 4855 dilectionem
2708 4806 2903 4854 autem
2940 4801 3035 4856 Dei
3068 4805 3268 4856 utatur
3292 4817 3379 4869 ea,
3412 4817 3712 4867 asserens,
3731 4806 3787 4858 et

2128 4890 2432 4944 afﬁrmans
2466 4904 2594 4957 qua:
2628 4905 2659 4943 a
2691 4889 2987 4944 Salvatore
3045 4890 3204 4944 dicta
3254 4893 3413 4959 sunt,
3474 4905 3510 4944 a
3559 4889 3691 4964 lege
3732 4896 3788 4945 et

2128 4978 2450 5050 prephetis.
2488 4978 2590 5032 Hic
2613 4977 2769 5032 enim
2798 4976 3061 5049 legitimo
3094 4978 3279 5033 utitur
3298 4976 3443 5050 lege,
3470 4978 3573 5050 qui
3595 4984 3789 5049 potest

2129 5067 2461 5122 discernere
2497 5083 2589 5133 ea,
2618 5082 2747 5137 quas
2778 5067 2848 5120 ad
2887 5072 3123 5138 tempus
3175 5066 3312 5121 data
3368 5072 3530 5132 sunt,
3586 5068 3660 5123 ab
3695 5067 3787 5124 his

2129 5171 2257 5226 quae
2282 5160 2563 5227 perpetua
2583 5160 2723 5209 sunt
2749 5171 2761 5221 ;
2791 5159 2848 5209 et
2878 5170 3007 5226 qua:
3038 5157 3108 5210 ad
3131 5155 3342 5211 Christi
3376 5155 3677 5226 pertinent
3701 5173 3788 5213 sa-

2128 5248 2519 5307 cramentum,
2555 5242 2768 5298 servari
2796 5243 2921 5311 jam
2955 5242 3012 5297 in
3047 5244 3310 5298 futurum
3346 5258 3460 5297 non
3492 5248 3783 5315 oportere,

2127 5331 2300 5402 quasi
2346 5337 2630 5387 ventur-us
2677 5332 2949 5387 credatur
2999 5332 3098 5403 qui
3142 5334 3268 5402 jam
3321 5330 3498 5387 venit.
3553 5332 3614 5386 Si
3645 5348 3781 5405 ergo

2128 5418 2327 5473 omnia
2354 5417 2499 5475 locis
2528 5419 2654 5475 suis
2701 5418 3084 5490 accipiantur,
3146 5421 3299 5475 bona
3349 5424 3526 5487 sunt;
3581 5420 3635 5476 si
3666 5436 3782 5494 quo

439 5553 623 5627 (1295)
646 5558 833 5629 Hujus
865 5552 1151 5625 Epistolm,
1177 5563 1240 5614 ut
1261 5565 1316 5617 et
1345 5563 1594 5618 duarum
1645 5560 2012 5632 superiorum
2051 5563 2465 5630 argumentum
2495 5565 2554 5616 et
2585 5559 2868 5633 expositio
2903 5560 3102 5618 Hilarii
3135 5560 3363 5619 diaconi
3392 5564 3507 5619 est.
