3978 6210
158 363 278 426 665

571 361 983 426 EXPOSITlO
1027 365 1104 425 IN
1153 364 1577 427 EPISTOLAS
1623 365 1880 425 PAULI.
1914 395 1994 410 —
2036 366 2112 426 ΙΝ
2163 367 2404 426 EPIST.
2455 367 2477 427 Ῑ
2521 365 2622 426 AD
2667 357 3165 424 TIMOTHEUM.

3451 353 3568 415 666

160 496 388 562 minus,
419 492 576 549 mala
607 499 780 550 erunt
808 497 1088 552 asserenti
1134 513 1417 567 perverse.
1452 498 1693 553 Peccare
1728 503 1815 553 est
1845 502 1897 566 Α
1929 500 2092 556 muni
2128 502 2309 574 (1297)
2341 500 2660 572 gratiarum
2694 497 2918 553 actione
2951 490 3439 565 suscipiat,Deum
3473 506 3572 545 au-

165 585 328 639 enim
360 602 725 656 unaquzeque
757 586 999 640 minime
1033 586 1171 641 locis
1197 589 1319 643 suis
1352 589 1817 660 exponerePraa-

164 678 327 728 terea
360 674 706 745 quiajustis
737 673 861 746 lege
894 693 1009 730 non
1042 693 1185 748 opus
1218 684 1324 739 est.
1357 678 1411 732 id
1441 683 1546 746 est,
1582 678 1672 732 his
1696 678 1816 748 qui,

169 766 407 834 accepta
437 763 784 818 remissione
817 768 1523 836 peccatorum,justificati
1559 771 1715 833 sunt,
1751 784 1820 820 ne

159 851 285 921 jam
319 850 520 906 vivant
550 853 660 907 sub
689 852 836 924 lege,
871 871 905 908 a
950 871 1064 926 qua
1111 854 1334 910 liberati
1370 862 1507 910 sunt
1537 857 1686 910 dono
1717 855 1816 909 Dei

169 956 272 1010 per
304 940 480 994 fidem
513 941 748 1006 Christi,
785 946 848 996 ut
869 943 938 996 de
961 948 1163 998 czetero
1187 950 1410 999 servata
1431 945 1554 1016 lege
1578 949 1816 1010 naturae,

168 1044 292 1099 quae
325 1028 616 1084 Creatoris
647 1029 1038 1100 cognitionem
1074 1033 1307 1102 recepit,
1362 1038 1418 1086 et
1449 1051 1561 1086 non
1595 1033 1818 1103 peccari

165 1116 473 1184 hortatur;
498 1117 708 1188 judicii
759 1119 910 1174 diem
960 1126 1279 1191 expectent,
1319 1121 1376 1175 in
1409 1139 1523 1192 quo
1548 1122 1694 1191 justi
1728 1139 1818 1176 re-

170 1205 524 1261 munerandi
567 1211 706 1262 sunt
766 1209 1162 1264 custodientes
1220 1210 1405 1282 legem
1468 1210 1816 1275 naturalem,

174 1310 358 1365 quam
391 1295 438 1349 si
470 1295 791 1352 humanum
823 1314 1008 1366 genus
1039 1299 1243 1354 ducem
1284 1299 1604 1366 habuisset,
1639 1300 1727 1353 lex
1760 1299 1817 1354 in

174 1382 386 1438 litteris
417 1400 521 1455 per
546 1385 780 1457 Moysen
814 1387 947 1440 data
978 1405 1092 1442 non
1128 1388 1348 1443 fuisset.
1382 1390 1487 1442 Sed
1523 1389 1659 1460 quia
1691 1406 1820 1443 con-

169 1472 418 1541 temptui
452 1473 629 1528 ducta
662 1479 768 1541 est,
803 1475 971 1545 quasi
1007 1475 1224 1530 nullius
1256 1483 1409 1531 esset
1431 1477 1816 1543 auctoritatis,

170 1560 470 1631 Scriptura
485 1563 716 1616 firmata
728 1568 906 1630 est,ut
920 1565 1164 1620 sciretur
1178 1568 1330 1638 quod
1351 1567 1631 1621 servanda
1645 1571 1816 1632 esset,

171 1652 225 1702 et
254 1654 494 1720 propter
551 1654 787 1722 tempus
836 1669 1109 1724 praesens,
1162 1658 1216 1707 et
1249 1655 1384 1726 quia
1432 1653 1818 1725 requisiturus

171 1742 255 1792 est
276 1737 330 1791 in
350 1739 621 1793 futurum
647 1740 744 1810 qui
768 1739 927 1795 illam
954 1741 1224 1807 firmavit,
1251 1762 1280 1797 a
1301 1744 1512 1814 quibus
1537 1745 1817 1816 neglecta,

171 1831 225 1880 et
255 1843 287 1931 a
317 1826 542 1896 quibus
571 1834 797 1884 servata
825 1834 927 1885 est.
985 1831 1186 1901 Itaque
1220 1849 1330 1886 non
1366 1832 1552 1888 solum
1587 1837 1820 1905 propter
1849 1867 1896 1931 B

177 1913 351 1969 malos
385 1920 558 1970 actus
590 1921 647 1971 et
681 1918 818 1973 vitia
876 1920 1132 1991 corporis
1185 1921 1366 1994 legem
1427 1923 1622 1977 datam
1655 1923 1817 1990 dicit,

171 2003 264 2058 sed
297 2009 538 2076 propter
568 2006 892 2076 perfidiam,
928 2026 1044 2079 qua
1083 2011 1435 2081 spernebant
1468 2016 1813 2078 Creatorem,

171 2095 230 2145 ut
259 2092 400 2147 bene
431 2092 628 2148 vivere
660 2095 1026 2152 addiscerent
1055 2104 1111 2153 et
1155 2099 1370 2170 gratias
1403 2106 1639 2172 agerent
1671 2103 1815 2156 Con-

170 2179 355 2236 dltori.

235 2271 293 2325 Et
323 2273 544 2341 gratias
571 2289 671 2340 ago
701 2275 873 2345 ei,qu.i
891 2291 977 2330 me
1004 2280 1326 2348 confortavzt
1356 2280 1416 2333 in
1442 2277 1656 2333 Christo
1687 2281 1812 2334 Iesu

167 2358 388 2414 Domino
417 2365 628 2428 nostro,
661 2363 799 2433 quod
838 2363 1056 2432 ﬁdelem
1089 2383 1174 2421 me
1221 2368 1578 2433 existimarit,
1611 2386 1817 2439 pone-ns

166 2447 232 2500 in
254 2449 652 2515 ministerium,
686 2453 780 2521 qui
798 2453 958 2522 prius
983 2471 1132 2508 eram
1154 2454 1522 2526 blasphemus,
1554 2461 1604 2511 et
1633 2475 1813 2528 perse-

165 2539 340 2600 cutor,
373 2544 424 2590 et
444 2540 868 2594 contumeliosus
890 2562 908 2606 ;
929 2542 1019 2596 sed
1042 2545 1480 2599 misericordiam
1501 2556 1817 2602 consecutus

167 2639 300 2693 sum,
334 2627 468 2695 quia
500 2627 764 2695 ignorans
793 2632 902 2698 feci
934 2631 1168 2685 nondum
1192 2633 1429 2688 credens.
1463 2636 1813 2705 Superame-

169 2712 306 2768 davit
335 2722 519 2768 autem
553 2716 744 2782 gratia
803 2719 1026 2773 Domini
1080 2724 1256 2776 nostri
1284 2739 1405 2776 cmn
1457 2725 1561 2793 ﬁde
1589 2729 1642 2778 et
1672 2725 1816 2780 dile—

167 2802 349 2868 ctione,
383 2820 504 2872 qua:
542 2808 622 2857 est
653 2805 708 2858 in
747 2806 967 2862 Christo
992 2809 1139 2863 Iesu.
1164 2810 1405 2881 Propter
1437 2814 1585 2882 quod
1622 2813 1816 2869 omnis

169 2887 492 2946 incredulus
531 2891 936 2950 infirmitatem
968 2897 1146 2951 animi
1192 2900 1429 2969 patitur,
1467 2903 1813 2957 constrictus

170 2979 375 3034 carnali
409 2981 639 3035 ratione
673 2999 744 3037 ne
776 2985 973 3039 credat
1013 2985 1259 3058 spiritali
1287 3007 1298 3054 ;
1343 2989 1557 3044 idcirco
1589 2991 1812 3046 Christo

168 3082 223 3121 se
251 3068 464 3138 gratias
498 3070 652 3124 dicit
684 3087 884 3142 agere,
931 3075 1068 3143 quia
1113 3078 1454 3148 apparentia
1484 3081 1814 3149 majestatis

167 3171 276 3210 suae
307 3157 752 3214 inbecillitatem
786 3163 1000 3217 mentis
1030 3166 1157 3233 ejus
1181 3165 1469 3221 roboravit
1499 3187 1510 3234 ;
1535 3169 1673 3240 quia
1702 3171 1809 3225 im-

1930 597 2145 646 ctorem
2178 591 2354 661 hujus
2387 592 2715 662 prazferens,
2750 593 2805 643 et
2832 586 3168 641 collaudans
3198 583 3254 636 in
3290 580 3520 635 Christo
3542 579 3570 634 ?

1929 682 2035 746 Qui
2069 685 2130 736 ut
2158 681 2454 736 hominem
2488 678 2736 752 peccatis
2795 676 3072 743 ablueret,
3133 675 3203 728 de
3235 671 3564 727 ccelestibus

1930 771 1998 825 ad
2032 775 2260 826 terrena
2291 771 2671 837 descendens,
2705 784 2934 823 carnem
2963 763 3176 837 peccati
3209 761 3569 832 accepit,ter-

1930 861 2084 914 renis
2116 877 2175 915 se
2209 859 2610 928 admiscuit,ut
2637 875 2767 912 eum
2792 856 3077 912 ccelestem
3111 852 3384 921 efficeret,
3422 849 3568 904 mori

1929 965 1988 1004 se
2021 966 2228 1020 passus
2258 954 2366 1019 est,
2400 955 2460 1004 ut
2486 949 2651 1004 illum
2678 950 2860 1002 morte
2882 949 3113 999 erutum
3141 941 3407 1013 paradiso
3439 940 3567 993 red-

1929 1038 2088 1092 deret
2119 1038 2530 1093 immortalem.
2570 1037 2711 1100 Quis
2735 1035 2856 1090 haec
2887 1031 3168 1089 beneﬁcia
3197 1047 3311 1085 non
3344 1029 3402 1083 in
3436 1029 3567 1082 infi-

1929 1126 2117 1180 nitum
2150 1127 2406 1192 extollat,
2441 1144 2566 1198 quze
2617 1131 2764 1179 Deus
2795 1121 3062 1195 priestitit
3093 1118 3337 1184 homini,
3370 1117 3568 1172 Domi-

1929 1232 2040 1270 nus
2073 1233 2258 1280 servo,
2291 1216 2566 1270 Conditor
2591 1218 2864 1268 creaturae
2888 1230 2906 1272 ;
2938 1216 3001 1266 ut
3031 1209 3164 1282 plus
3195 1209 3383 1263 adhuc
3415 1209 3568 1262 esset

1929 1303 1984 1358 in
2020 1303 2312 1358 beneficiis
2346 1304 2662 1370 humamis,
2697 1318 2872 1372 quam
2904 1316 3036 1354 cum
3071 1299 3203 1353 fecit
3264 1314 3389 1368 quze
3448 1312 3563 1349 non

1927 1398 2110 1458 erant,
2147 1397 2524 1464 posteaquam
2558 1391 2738 1445 fecit?
2766 1389 2990 1444 Etenim
3023 1386 3334 1441 derelictus
3357 1385 3427 1439 ab
3451 1384 3564 1453 his,

1927 1485 1981 1535 et
2013 1486 2402 1552 contemptus,
2432 1487 2488 1535 et
2549 1478 2896 1534 contumelis
2944 1475 3258 1548 appetitus,
3301 1473 3463 1527 addit
3494 1473 3563 1526 ad

1926 1570 2206 1624 beneficia
2237 1588 2348 1624 non
2384 1570 2723 1642 requisitus,
2778 1573 2843 1621 ut
2873 1566 3098 1637 gracior
3143 1567 3315 1631 esset,
3350 1567 3407 1615 et
3437 1560 3568 1632 plus

1928 1660 2319 1730 praeferendus
2352 1661 2488 1714 dum
2524 1661 2752 1730 reparat
2775 1672 2947 1728 quam
2972 1671 3103 1710 cum
3135 1652 3361 1716 fecit,ut
3382 1653 3570 1704 osten-

1929 1747 2087 1803 deret
2119 1765 2298 1802 unum
2337 1766 2395 1803 se
2426 1766 2572 1812 esse,
2625 1746 2722 1818 qui
2755 1745 2874 1800 haec
2925 1743 3122 1798 omnia
3153 1741 3357 1813 possit.
3387 1739 3572 1811 Igitur

1928 1837 2010 1892 sic
2042 1837 2308 1892 Christus
2341 1837 2675 1909 prmsidium
2708 1834 2845 1890 tulit
2874 1832 3118 1896 homini,
3158 1835 3222 1885 ut
3253 1829 3568 1902 puritatem

1928 1945 2095 1982 suam
2131 1945 2240 1981 non
2273 1926 2528 1996 violaret,
2563 1942 2664 1980 nec.
2697 1923 3030 1978 admitteret
3062 1923 3427 1992 potestatem.
3465 1919 3570 1971 llo-

1929 2016 2145 2070 minem
2179 2015 2332 2070 enim
2359 2014 2515 2070 nasci
2542 2031 2600 2069 se
2625 2012 2935 2083 voluit,pro
2957 2014 3110 2064 certo
3133 2009 3354 2062 habens
3377 2005 3570 2061 carnis

1928 2110 2196 2160 contactu
2229 2122 2289 2159 se
2341 2104 2581 2158 minimo
2621 2101 2844 2156 violari.
2893 2096 3321 2155 Conversationi
3355 2096 3568 2150 huma-

1928 2212 2012 2248 na:
2047 2211 2106 2249 se
2157 2194 2414 2261 miscuit,
2473 2193 2665 2247 sciens
2722 2189 2973 2263 peccatis
3013 2204 3074 2243 se
3126 2185 3419 2256 corrumpi
3454 2199 3569 2239 non

1928 2300 2118 2356 posse.
2153 2282 2344 2337 Occidi
2378 2299 2437 2337 se
2492 2297 2702 2353 passus
2732 2283 2839 2347 est,
2890 2294 3003 2332 non
3059 2275 3289 2330 nescius
3323 2277 3566 2328 mortem

1928 2371 2038 2425 sibi
2073 2371 2356 2427 dominari
2386 2388 2497 2424 non
2525 2368 2819 2440 posse,sed
2850 2383 2975 2422 eam
3002 2382 3106 2420 sua
3128 2363 3454 2435 opprimere
3476 2377 3574 2432 po-

1927 2465 2150 2514 testate.
2187 2461 2316 2516 Hzec
2344 2475 2478 2530 ergo
2505 2457 2706 2530 gessit,
2735 2461 2794 2511 ut
2825 2455 3021 2511 omnia
3044 2471 3102 2508 se
3127 2468 3296 2524 posse
3318 2452 3568 2505 doceret.

1926 2549 2238 2604 Humilitas
2298 2549 2452 2604 enim
2501 2549 2612 2602 ista
2663 2563 2775 2600 non
2828 2545 2897 2599 ad
2960 2541 3409 2597 diminutionem
3441 2539 3571 2609 ejus

1926 2639 2175 2711 proficit,
2211 2639 2308 2692 sed
2341 2639 2408 2692 ad
2442 2637 2708 2708 gloriam,
2743 2639 2797 2688 et
2829 2650 2942 2687 non
2975 2631 3163 2686 solum
3197 2630 3346 2700 ejus,
3364 2643 3565 2683 verum

1925 2729 2102 2784 etiam
2135 2729 2190 2781 in
2220 2727 2414 2800 ipsum
2446 2725 2827 2781 credentium.
2861 2722 3128 2794 Dignitas
3150 2724 3239 2774 est
3268 2719 3422 2774 enim
3457 2735 3572 2773 ser-

1922 2833 2058 2871 vum
2093 2833 2220 2871 esse
2253 2815 2524 2887 potentis.
2559 2818 2700 2868 Cum
2735 2815 2867 2868 ante
2889 2809 3223 2882 Apostolum
3259 2806 3426 2862 multi
3461 2806 3570 2860 uti-

1927 2923 2039 2978 que
2070 2905 2458 2960 credidissent
2508 2904 2844 2958 Judaaorum
2878 2918 2944 2956 ex
2983 2900 3094 2965 his,
3123 2897 3219 2970 qui
3252 2895 3567 2952 Dominum

1925 2995 2118 3066 ipsum
2155 2991 2839 3064 occiderunt,Apostolus
2870 2992 3160 3056 tamen,ut
3190 3004 3250 3042 se
3279 2984 3567 3052 humiliet,

1924 3084 2114 3138 adhuc
2146 3083 2348 3138 dolens
2378 3084 2448 3137 de
2481 3100 2587 3136 sua
2617 3077 3311 3148 incredulitate,primum
3346 3091 3407 3128 se
3439 3090 3567 3129 om-

1928 3173 2089 3227 nium
2127 3172 2490 3244 peccantium
2525 3169 2996 3233 vocat.Quoniam
3032 3165 3184 3220 enim
3210 3182 3324 3236 prae
3347 3163 3568 3217 ozeteris

165 3245 434 3314 possibile
465 3249 722 3320 putabat
744 3265 872 3305 esse
896 3253 1049 3323 quod
1081 3255 1150 3308 de
1172 3253 1402 3308 Domini
1437 3235 1813 3328 potestate,et
1845 3235 1887 3302 C
1927 3235 2290 3318 sacramento
2325 3279 2385 3315 se
2417 3260 2630 3314 imbuit
2655 3235 3238 3326 Salvatoris,pr0pius
3270 3253 3340 3307 ad
3365 3267 3566 3322 cogro-

165 3334 383 3404 gemina
412 3337 809 3405 nativitate,et
837 3343 1278 3413 resurrectione,
1314 3349 1362 3397 et
1399 3361 1500 3415 spe
1533 3347 1813 3417 praedica-

164 3421 342 3479 batur.
367 3423 775 3480 Conﬁrmatus
803 3434 996 3483 autem
1022 3431 1157 3485 talis
1176 3432 1335 3487 visus
1359 3436 1574 3506 est,qui
1599 3437 1813 3507 dignus

167 3517 310 3567 esset
334 3530 398 3568 ac
431 3518 642 3585 posset
671 3514 1041 3585 dispensator
1071 3536 1198 3575 esse
1234 3524 1582 3578 sacramenti
1616 3525 1812 3580 Domi-

166 3598 290 3664 nici,
322 3606 483 3657 utea
545 3617 684 3658 vera
740 3621 842 3674 per
896 3605 1081 3678 legem
1145 3609 1424 3681 firmaret,
1476 3630 1602 3683 quze
1651 3614 1813 3684 prius

167 3703 346 3744 arnore
377 3689 526 3763 legis
565 3689 1269 3764 incredibiliajudicabat,
1292 3703 1348 3752 et
1377 3698 1433 3753 in
1466 3704 1812 3770 persecutio-

168 3775 328 3832 nibus
357 3781 666 3850 gauderet,
700 3797 846 3850 quas
879 3783 1042 3853 prius
1065 3786 1407 3856 quasijuste
1438 3791 1813 3846 credentibus

168 3863 672 3935 inferebat,dolens
695 3870 834 3940 quia
853 3871 1087 3938 fecerat,
1112 3873 1276 3928 lzetus
1299 3875 1435 3946 quia
1458 3879 1809 3949 patiebatur.

168 3954 397 4010 Tantam
429 3956 591 4010 enim
629 3974 792 4029 spem
826 3958 1109 4016 didicerat
1139 3962 1196 4016 in
1221 3980 1306 4028 eo,
1343 3982 1516 4036 quem
1553 3976 1686 4022 ante
1717 3987 1813 4024 ne—

172 4041 352 4111 gabat,
385 4048 450 4098 ut
483 4044 620 4116 plus
666 4048 947 4117 gauderet
1006 4049 1064 4104 in
1098 4051 1387 4123 patiendo,
1440 4072 1614 4125 quam
1650 4058 1812 4128 prius

170 4129 547 4188 exsultaverat
579 4134 638 4188 in
671 4139 1238 4208 persequendo.Non
1268 4141 1422 4195 enim
1449 4144 1671 4198 malitia
1704 4145 1812 4201 hoc

171 4220 383 4289 agebat,
417 4223 520 4276 sed
557 4238 770 4292 errore,
826 4225 918 4280 cui
983 4226 1146 4282 facile
1194 4233 1406 4299 potest,
1439 4248 1571 4285 cum
1604 4233 1810 4306 recipi-

171 4305 272 4359 scit
299 4308 504 4382 (i296),
539 4311 783 4384 ignosci.
817 4313 924 4379 Qui
957 4320 1153 4370 autem
1209 4318 1318 4372 scit
1362 4335 1495 4372 vera
1525 4337 1651 4376 esse
1685 4305 1810 4395 quze

171 4401 350 4466 negat,
381 4397 478 4453 hic
511 4416 627 4454 non
658 4418 850 4458 errore
899 4403 1007 4458 hoc
1049 4405 1186 4476 agit,
1248 4407 1347 4462 sed
1382 4408 1807 4469 malevolentia.

172 4481 348 4554 llujus
379 4486 707 4543 insanabile
728 4491 942 4546 vulnus
963 4499 1068 4547 est.
1097 4494 1319 4549 Invidia
1340 4497 1496 4550 enim
1520 4501 1812 4572 compelli-

171 4572 262 4625 tur
285 4573 495 4630 falsum
530 4578 821 4648 appellare
852 4583 1005 4653 quod
1039 4583 1148 4636 scit
1175 4601 1392 4638 verum.

243 4665 527 4718 Humanus
557 4681 754 4737 sermo,
795 4673 846 4723 et
899 4673 1055 4725 omni
1099 4675 1412 4744 acceptione
1456 4675 1659 4744 dignus
1688 4681 1816 4749 quia

171 4746 411 4804 Christus
460 4754 612 4809 Iesus
658 4759 804 4811 venit
861 4761 922 4814 in
985 4760 1128 4815 hunc
1186 4763 1450 4818 mundum
1508 4746 1812 4836 peccat—ores

164 4835 343 4892 salvos
366 4841 572 4908 facere,
605 4861 837 4916 quorum
864 4849 1079 4917 primus
1106 4866 1202 4918 ego
1232 4867 1371 4906 sum.
1415 4853 1514 4907 Sed
1544 4857 1666 4910 ideo
1696 4859 1806 4911 mi-

166 4926 513 4983 sericordiam
573 4939 885 4990 consecutus
940 4954 1083 5008 sum,
1142 4941 1203 4991 ut
1256 4942 1314 4993 in.
1371 4959 1455 4997 me
1514 4946 1808 5001 ostenderet

169 5012 400 5071 Christus
429 5018 588 5072 Iesus
646 5037 856 5078 omnem
909 5029 1438 5099 magnanimitatem,
1488 5037 1539 5086 et
1579 5038 1804 5102 patien-

168 5101 315 5168 tiam,
345 5105 412 5159 ad
442 5109 753 5178 exemplum
801 5128 990 5168 eorum
1023 5117 1119 5186 qui
1169 5117 1439 5172 credituri
1464 5101 1590 5174 sunt
1625 5123 1715 5176 illi
1743 5125 1805 5177 in

167 5190 324 5278 uitam
354 5196 640 5250 aeternam.
673 5196 812 5261 Quid
846 5205 962 5257 tam
1018 5208 1276 5275 gratum,
1328 5211 1562 5278 tamque
1584 5211 1802 5278 jucun-

169 5275 320 5368 dum,
352 5298 529 5353 quam
568 5288 964 5354 peccatoribus
986 5291 1412 5365 indulgentiam
1441 5297 1754 5368 praedicare

170 5363 298 5425 Quis
327 5369 482 5424 enim
515 5370 643 5426 sine
668 5381 894 5442 peccato
915 5384 1022 5449 est,
1046 5385 1112 5436 ut
1132 5363 1240 5437 h—oc
1265 5363 1480 5440 munus
1505 5403 1618 5441 non
1642 5403 1798 5442 com-

236 5558 413 5633 (1296)
437 5563 824 5647 Emendatum
843 5571 1054 5645 legitur
1078 5576 1136 5631 in
1161 5577 1579 5636 Ambrosiastri
1601 5580 1798 5652 Operi-

168 5624 291 5678 bus.
325 5631 382 5678 In
417 5651 606 5678 maror,
642 5640 720 5678 ήρ
747 5653 758 5665 ⁹
791 5647 963 5678 hiller-'5
1013 5664 1130 5678 num
1165 5649 1398 5678 anno.“qu

208 5642 291 5684 us.
324 5631 609 5707 In’marg.
642 5635 759 5694 ita:
785 5631 982 5718 potuit,
1009 5664 1134 5704 cum
1165 5631 1420 5719 resipuit.

1925 3352 2139 3406 scenda
2207 3347 2698 3421 magniﬁcentiam
2775 3346 2902 3414 ejus
2973 3343 3272 3410 accedens,
3333 3344 3570 3394 accusat

1925 3456 1986 3495 se
2021 3439 2332 3510 magis,qui
2357 3442 2582 3492 tantum
2618 3435 2750 3489 boni
2783 3433 2946 3487 tarde
2978 3428 3231 3502 agnovit,
3257 3445 3360 3483 nec
3391 3427 3566 3495 ultro,

1925 3530 2024 3584 sed
2049 3526 2449 3583 misericordia
2469 3525 2595 3595 ejus
2618 3525 3035 3596 praeventus,ut
3060 3519 3184 3590 ipse
3204 3518 3370 3572 testis
3391 3521 3564 3583 esset,

1925 3616 2245 3673 divinitatis
2277 3617 2425 3686 ejus,
2460 3630 2632 3685 quem
2667 3612 2828 3684 prius
2853 3615 2914 3665 ut
2945 3607 3241 3664 hominem
3271 3611 3565 3662 mortuum

1923 3707 2270 3763 zestimabat.
2302 3705 2431 3759 Hrec
2472 3702 2764 3758 accusatio
2824 3701 2951 3770 ejus
2984 3703 3089 3760 est,
3126 3697 3254 3751 laus
3282 3711 3414 3750 vero
3445 3693 3566 3749 Sal-

1923 3797 2138 3850 vatoris
2171 3795 2268 3866 qui
2322 3795 2390 3848 ad
2442 3790 2769 3864 exemplum
2820 3793 3157 3845 czeterorum
3207 3784 3567 3841 credentium

1926 3890 2370 3958 persequentem
2395 3901 2456 3938 se
2481 3880 2702 3936 vocavit
2733 3880 2800 3935 ad
2827 3879 3094 3951 gratiam,
3122 3881 3185 3931 ut
3216 3893 3317 3948 per
3347 3874 3568 3946 patien-

1924 3975 2066 4029 tiam
2100 3991 2290 4043 suam,
2326 3970 2865 4043 magnanimitatem
2893 3968 2950 4021 in
2974 3983 3040 4022 eo
3062 3965 3391 4020 ostenderet
3411 3967 3570 4017 caete-

1923 4064 2026 4130 ris,
2060 4063 2158 4134 qui
2191 4061 2425 4116 inimico
2463 4065 2577 4114 tam
2602 4057 2915 4113 benevolus
2939 4055 3180 4121 exstitit,
3203 4051 3394 4124 qualis
3417 4055 3570 4106 esset

1924 4153 2156 4207 futurus
2190 4151 2258 4205 ad
2292 4165 2353 4204 se
2389 4146 2854 4202 decurrentibus.

1996 4240 2127 4308 Regi
2157 4247 2340 4293 autem
2382 4236 2711 4291 saeculorum
2769 4232 3090 4301 immortali,
3143 4228 3431 4298 invisibili,
3463 4229 3570 4284 soli

1924 4331 2028 4385 Deo
2059 4327 2229 4383 honor
2275 4331 2325 4381 et
2377 4326 2556 4394 gloria
2611 4325 2671 4377 in
2700 4322 2900 4376 saecula
2954 4320 3302 4376 saeculorum.
3339 4316 3466 4370 Haec
3495 4318 3563 4371 ad

1921 4418 2022 4474 Dei
2056 4415 2241 4473 Patris
2272 4429 2580 4487 personam
2613 4413 2919 4482 pertinent,
2969 4425 3140 4478 quem
3174 4404 3567 4461 immortalem

1922 4507 2051 4561 ideo
2085 4505 2296 4571 solum,
2330 4508 2386 4558 et
2418 4501 2770 4557 invisibilem
2797 4497 3214 4572 appellat,quia
3243 4495 3436 4550 omnis
3463 4495 3568 4549 im-

1841 4602 1890 4664 D
1927 4595 2250 4652 mortalitas
2282 4593 2354 4648 ab
2384 4592 2510 4663 ipso
2543 4595 2650 4656 est,
2686 4595 2750 4644 ut
2781 4589 2891 4660 ipsi
2924 4585 3028 4642 soli
3060 4585 3246 4654 magis
3277 4588 3571 4656 competat

1928 4685 1988 4739 in
2020 4684 2280 4751 veritate,
2315 4682 2449 4753 quia
2482 4681 2728 4752 quisque
2774 4676 3125 4733 immortalis
3157 4679 3263 4746 est,
3298 4690 3411 4729 non
3445 4690 3476 4727 a
3507 4689 3568 4726 se

1926 4773 2078 4827 hanc
2108 4772 2305 4838 habet,
2338 4772 2436 4825 sed
2471 4771 2542 4825 ab
2575 4769 2690 4824 illo.
2717 4767 2903 4824 Simili
2935 4766 3105 4822 modo
3136 4769 3192 4820 et
3223 4764 3280 4819 in
3312 4764 3568 4834 Evange-

1927 4862 2000 4916 lio
2031 4861 2248 4933 legitur
2279 4860 2503 4915 dicente
2555 4857 2832 4913 Domino:
2871 4857 3012 4925 Quia
3048 4871 3202 4909 nemo
3252 4861 3346 4920 est,
3381 4849 3572 4924 inquit

1924 4950 2112 5015 bonus,
2159 4951 2273 5004 nisi
2314 4965 2456 5003 unus
2513 4949 2653 5002 Deus
2713 4947 2899 5017 (Marc.
2960 4963 3013 4999 x.
3074 4946 3180 5012 t8).
3235 4943 3304 4998 Et
3357 4942 3568 4996 iterum

1921 5038 2043 5109 ipse
2075 5038 2258 5092 dicit:
2316 5042 2496 5092 Bon-us
2553 5039 2712 5093 homo
2763 5036 2830 5090 de
2861 5037 2993 5090 bono
3050 5034 3306 5089 thesauro
3359 5035 3570 5103 profert

1921 5127 2061 5182 bona
2087 5126 2307 5198 (Matth.
2342 5143 2442 5190 xu,
2471 5127 2581 5192 35).
2615 5127 2794 5180 Nemo
2829 5123 3162 5188 tamen,nisi
3210 5138 3363 5177 unus
3397 5125 3570 5187 Deus,

1920 5215 2113 5269 bonus
2146 5217 2251 5278 est,
2288 5212 2425 5282 quia
2455 5214 2582 5283 Ipse
2617 5216 2744 5269 fons
2791 5212 3071 5268 bonitatis
3103 5217 3283 5281 est,ex
3312 5226 3425 5280 quo
3457 5225 3571 5263 cie-

1919 5303 2026 5356 teri
2060 5305 2354 5372 petantur,
2386 5305 2450 5352 ut
2480 5300 2614 5354 boni
2640 5301 2774 5356 sint.
2802 5302 2929 5372 lpse
2951 5306 3038 5354 est
3067 5305 3122 5353 et
3142 5297 3453 5352 invisibilis
3475 5313 3568 5352 so-

1917 5389 2015 5445 lus
2037 5391 2210 5455 Deus,
2227 5386 2367 5458 quia
2383 5385 2526 5442 nulli
2555 5405 2846 5459 sunquam
2873 5389 3035 5443 visus
3055 5391 3160 5442 est.
3185 5385 3390 5442 Omnia
3412 5385 3569 5440 enirn

1990 5583 2172 5654 (1297)
2207 5579 2271 5663 In
2303 5577 2607 5651 impressis
2648 5584 2764 5645 divi
2818 5581 3088 5641 Ambrosi
3145 5579 3431 5653 Operibus
3461 5593 3571 5639 non

1917 5669 2043 5710 cum
2075 5669 2228 5709 omni
2237 5693 2248 5704 .
