3978 6210
406 311 525 374 667

1423 314 1763 376 ATTONIS
1809 312 2395 376 VERCELLENSIS
2443 311 2794 374 EPlSCOPI

3701 308 3825 372 668

406 445 528 517 agit
557 461 661 518 per
690 445 920 514 Filium,
974 463 1145 520 quem
1195 447 1407 502 idcirco
1457 448 1649 503 visum
1683 447 1955 514 dicimus,
1989 450 2054 501 ut
2083 450 2135 513 Α
2169 446 2318 500 stica
2350 451 2437 500 est
2468 445 2684 500 tradita
2714 462 2748 500 a
2777 443 3058 516 magistro
3105 443 3390 516 gentium,
3423 457 3542 514 qua
3575 445 3830 498 ntuntur

405 535 542 590 licet
574 535 743 590 aliter
765 553 940 608 quam
967 542 1074 601 est,
1099 538 1441 609 apparuisse
1463 539 1645 608 (1293)
1669 543 1863 592 tamen
1889 536 2054 590 illum

407 623 830 696 signiﬁcemus.
864 626 1381 681 Honoriﬁcentiam
1413 633 1634 698 ergo,et
1665 626 1912 696 gloriam
1945 630 2054 679 Deo

408 712 564 768 Patri
595 713 653 767 in
683 714 921 769 veritate
973 715 1330 785 pronuntiat,
1384 716 1554 785 cujus
1587 715 1796 786 pietate
1827 731 1893 768 ac
1924 729 2054 784 pro-

410 802 665 857 videntia
696 803 964 857 Christus
991 803 1256 858 liberavit
1288 811 1617 875 peccatores
1646 821 1712 857 ex
1746 808 1947 857 morte.

481 893 586 947 Hoc
613 897 948 962 prmeeptum
994 893 1304 948 commendo
1355 894 1472 958 tibi,
1524 894 1610 962 ﬁli
1641 892 1937 954 Tomothee,
1968 907 2054 943 se-

408 981 648 1035 cundum
673 982 1043 1052 prmcedenles
1063 998 1229 1052 super
1258 985 1310 1035 te
1329 983 1735 1052 praphetias,ut
1762 981 1970 1034 milites
2000 981 2059 1032 in

409 1070 526 1124 illis
557 1071 750 1125 bonam
792 1071 1078 1135 militiam,
1140 1071 1340 1125 habens
1400 1072 1583 1140 ﬁdem,
1618 1074 1668 1124 et
1701 1071 1895 1125 bonam
1929 1084 2058 1122 con-

406 1159 712 1228 scientiam,
749 1176 912 1230 quam
933 1159 1155 1230 quidam
1185 1161 1526 1230 repellentes,
1549 1162 1693 1214 circa
1725 1159 1889 1228 ﬁdem
1919 1174 2060 1210 nau-

410 1255 787 1314 tragaverunt,
822 1266 891 1302 (.1?
920 1251 1114 1320 quibus
1144 1259 1225 1303 est
1253 1252 1599 1319 Hymenzeus,
1643 1253 1692 1302 et
1725 1246 2059 1310 Alexander,

410 1350 538 1405 quos
570 1337 778 1390 tradidi
817 1338 1058 1398 Satanze.
1118 1344 1178 1391 ut
1228 1338 1436 1393 discant
1494 1354 1602 1392 non
1663 1336 2058 1404 blasphemare.

413 1429 732 1495 Postquam
772 1427 870 1480 Dei
903 1427 1114 1494 Patris,
1148 1432 1204 1480 et
1253 1427 1464 1481 Christi
1501 1426 1626 1480 Filii
1659 1426 1807 1494 ejus,
1846 1441 1973 1494 quze
2005 1427 2063 1476 et

413 1523 630 1584 quanta
665 1515 944 1570 beneﬁcia
1001 1515 1118 1569 sint
1171 1516 1323 1570 circa
1383 1520 1713 1584 peccatores
1773 1512 2058 1580 homines,

414 1604 795 1669 memoravit;
829 1604 927 1674 qui
959 1621 1091 1658 cum
1143 1610 1340 1659 essent
1397 1603 1698 1675 puniendi,
1728 1618 1840 1656 non
1872 1600 2060 1655 solum

416 1691 636 1763 ignovit
665 1692 771 1760 eis,
805 1693 903 1747 sed
936 1693 1440 1764 etjustiﬁcavit,et
1474 1692 1531 1747 in
1564 1692 1713 1746 ﬁlios
1745 1690 1856 1745 sibi
1889 1690 2062 1760 adop-

2171 535 2504 590 sacerdotes
2529 535 2734 605 nostri,
2760 541 2824 590 ut
2844 552 2944 606 pro
2967 532 3242 588 omnibus
3264 531 3830 603 supplicent,depre-

2168 630 2367 678 cantes
2402 640 2503 694 pro
2538 624 2771 695 regibus
2803 625 2981 693 hujus
3024 622 3241 686 saeculi,
3289 626 3352 676 ut
3382 621 3682 690 subjectas
3713 621 3828 675 ha-

2168 713 2344 767 beant
2375 719 2596 784 gentes,
2627 719 2692 767 ut
2751 713 2804 766 in
2849 729 2988 783 pace
3046 710 3240 783 positi,
3296 710 3356 764 in
3413 709 3831 780 tranquilitate

2168 801 2402 866 mentis,
2435 805 2491 856 et
2524 801 2716 872 quiete
2747 802 2994 856 Domino
3027 804 3223 855 nostro
3252 799 3467 855 servire
3498 798 3832 871 possimus.

2168 890 2410 945 Orantes
2433 891 2608 946 etiam
2642 908 2744 961 pro
2767 890 2881 959 his,
2910 891 3126 961 quibus
3149 887 3420 944 sublimis
3452 893 3714 960 potestas
3739 892 3840 943 est

2169 980 2408 1046 credita,
2442 985 2508 1033 ut
2539 979 2598 1033 in
2637 980 2894 1049 justitia,
2947 983 3006 1034 et
3035 979 3276 1033 veritate
3307 978 3640 1049 gubernent
3672 992 3836 1032 rem-

2169 1067 2906 1139 publicam,suppeditante
2930 1084 3126 1122 rerum
3151 1067 3609 1132 abundantia,ut
3628 1070 3839 1121 amota

2172 1157 2612 1228 perturbatione
2666 1156 2990 1223 seditionis,
3051 1155 3325 1210 succedat
3368 1153 3590 1210 laetitia.
3650 1154 3835 1210 Panis

2169 1244 2325 1299 enim
2358 1246 2668 1300 conﬁrmat
2718 1262 2835 1310 cor,
2897 1249 2953 1298 et
3007 1243 3206 1298 vinum
3265 1242 3522 1298 laetiﬁcat
3561 1246 3830 1298 mentem

2171 1333 2340 1403 (Psal.
2375 1350 2492 1400 cur,
2528 1335 2634 1402 14).
2669 1333 3034 1388 Postulantes
3060 1349 3191 1387 vero
3219 1348 3320 1402 pro
3351 1331 3467 1397 his,
3500 1331 3600 1402 qui
3637 1331 3698 1384 in
3729 1347 3830 1386 ne-

2173 1422 2445 1476 cessitate
2476 1423 2635 1477 varia
2665 1428 2826 1486 sunt,
2859 1428 2925 1476 ut
2954 1421 3124 1489 eruti,
3158 1425 3213 1476 et
3243 1420 3470 1476 liberati
3504 1424 3690 1474 Deum
3715 1419 3834 1473 col-

2170 1511 2411 1566 laudent
2439 1511 2858 1566 incolumitatis
2881 1516 3201 1565 auctorem.
3227 1509 3561 1564 Referentes
3590 1525 3833 1580 quoque

2173 1601 2788 1673 gratiarumactiones
2820 1617 2922 1670 pro
2954 1599 3047 1653 his
3079 1616 3205 1669 quae
3237 1598 3405 1653 nobis
3436 1597 3701 1669 quotidie
3731 1597 3832 1651 Dei

2173 1689 2538 1760 providentia
2568 1693 2922 1759 praestantur
2953 1688 3022 1742 ad
3043 1687 3315 1755 vitam,ut
3344 1685 3403 1740 in
3431 1685 3526 1740 his
3548 1685 3833 1741 omnibus

415 1781 578 1846 tavit,
611 1798 725 1852 quo
757 1781 959 1837 ordine
1003 1782 1284 1852 populum
1334 1781 1644 1852 disciplina
1673 1777 2064 1835 ecclesiastica
2097 1816 2143 1880 B
2177 1783 2338 1833 Pater
2370 1777 2735 1833 collaudatur
2759 1783 2927 1843 Deus,
2951 1793 3019 1832 ex
3039 1793 3153 1848 quo
3175 1779 3316 1832 sunt
3335 1775 3620 1842 omnia,et
3641 1773 3833 1830 Filius

417 1869 703 1925 imbueret
730 1889 746 1924 :
779 1870 836 1924 in
869 1871 1149 1940 subjectis
1171 1871 1926 1936 ostendit,commonens,ut
1948 1884 2064 1922 me-

417 1975 545 2012 mor
574 1957 873 2014 electionis
905 1977 1023 2014 suae
1056 1965 1296 2014 sanctus
1320 1958 1666 2014 Timotheus
1699 1957 1778 2026 id,
1803 1957 1872 2010 ad
1906 1956 2060 2026 quod

414 2047 741 2102 destinatus
772 2054 880 2114 est,
931 2047 1190 2118 impleat.
1253 2048 1701 2103 Praedestinatus
1746 2051 1835 2101 est
1883 2045 2062 2108 enim,

415 2137 650 2208 quando
683 2137 754 2191 ad
787 2141 893 2191 hoc
935 2137 1006 2192 ab
1039 2136 1317 2208 Apostolo
1367 2140 1708 2207 assumptus
1741 2139 1849 2199 est,
1882 2138 1946 2188 ut
1971 2149 2062 2187 or-

415 2226 739 2294 dinaretur,
774 2226 990 2297 dignus
1023 2227 1325 2296 judicatus
1373 2226 1607 2280 futurus
1639 2225 1967 2295 episcopus,
2005 2226 2066 2275 ut

416 2314 687 2385 impleret
717 2313 986 2368 militiam
1019 2315 1411 2384 evangelicam
1435 2314 1491 2367 in
1518 2315 1628 2368 ﬁde
1660 2318 1715 2368 et
1747 2329 1891 2383 pura
1922 2328 2064 2366 con-

416 2403 679 2458 scientia.
705 2403 810 2467 Qui
837 2402 992 2456 enim
1017 2403 1262 2457 ﬁdeliter
1282 2404 1589 2467 docet,non
1623 2406 1818 2473 potest
1849 2399 2062 2455 malam

418 2491 633 2546 habere
683 2492 1122 2546 conscientiam.
1184 2493 1346 2546 Tunc
1401 2491 1555 2545 enim
1620 2492 1793 2544 ﬁdem
1834 2488 2066 2544 exhibet

419 2579 836 2652 praedicationi,
871 2580 919 2633 si
953 2596 1014 2633 se
1044 2579 1334 2634 abstineat
1367 2598 1399 2633 a
1428 2579 1735 2633 contrariis
1766 2579 2062 2646 omnibus,

417 2669 557 2740 quia
588 2670 852 2738 exemplo
883 2668 1168 2722 bonorum
1201 2685 1447 2739 operum
1481 2666 1696 2722 multos
1728 2667 1962 2720 lacessit
1991 2666 2062 2720 ad

416 2756 835 2824 credelitatem,
883 2756 1126 2810 ﬁdentes
1181 2758 1251 2811 de
1283 2772 1385 2827 spe
1436 2755 1883 2826 praedicationis.
1917 2754 2062 2808 Nam

418 2846 516 2918 qui
553 2846 726 2899 ﬁdem
757 2845 998 2914 spernit,
1036 2845 1234 2915 procul
1259 2844 1435 2898 dubio
1463 2844 1626 2898 malae
1650 2850 1738 2899 est
1770 2843 2064 2899 conscien-

416 2935 528 2989 tias.
559 2936 674 2988 Aut
719 2935 874 2988 enim
929 2933 1230 3006 hypocrita
1288 2933 1647 3004 praedicator,
1694 2937 1796 2987 aut
1826 2935 2062 3004 apertus

416 3021 817 3093 blasphemus,
844 3021 995 3076 sicut
1024 3027 1192 3076 erant
1221 3025 1586 3092 Hymenaus,
1633 3025 1691 3076 et
1721 3020 2058 3088 Alexander,

416 3112 514 3183 qui
547 3111 873 3166 deferentes
927 3111 1098 3165 ﬁdem
1159 3109 1425 3182 naufragi
1485 3109 1618 3164 facti
1664 3113 1824 3176 sunt,
1858 3109 1911 3162 id
1950 3113 2057 3178 est,

415 3180 558 3256 nudi
591 3199 852 3264 veritate,
886 3204 987 3254 aut
1021 3199 1225 3270 privati
1257 3180 1395 3253 vita:
1428 3198 1575 3262 Quid
1606 3203 1696 3253 est
1725 3197 1878 3252 enim
1911 3199 2062 3251 veri-
2095 3180 2138 3246 C

413 3294 524 3355 tas,
558 3289 670 3344 nisi
703 3288 819 3342 vita
841 3288 870 3343 ‘I
909 3295 1064 3354 Quos
1114 3287 1425 3342 tradidisse
1455 3303 1517 3341 se
1549 3287 1692 3341 dicit
1723 3287 1966 3354 Satanae,
2001 3289 2066 3339 ut

415 3378 880 3434 emun‘darentur
924 3377 1104 3449 (1209)
1136 3392 1313 3431 causa
1371 3374 1747 3447 blasphenim.
1808 3373 2066 3428 Traditio

417 3472 612 3523 autem
645 3467 764 3521 haec
799 3471 907 3528 est,
943 3466 1081 3536 quia
1101 3469 1428 3520 commotus
1454 3463 1769 3535 Apostolus
1802 3461 2069 3533 blasphe-

416 3556 550 3610 miis
581 3572 784 3611 eorum
814 3553 1161 3609 sententiam
1188 3552 1503 3623 protulitin
1529 3568 1648 3607 eos.
1669 3551 1942 3606 Diabolus
1965 3568 2068 3605 au-

415 3650 555 3709 tem,
588 3644 689 3714 qui
723 3643 794 3697 ad
825 3643 932 3696 hoc
965 3648 1202 3712 paratus
1247 3655 1355 3708 est,
1409 3645 1470 3695 ut
1499 3657 1736 3696 aversus
1765 3657 1798 3694 a
1828 3641 1942 3695 Deo
1975 3656 2067 3694 ac-

418 3733 595 3804 cipiat
629 3732 684 3784 in
715 3735 1082 3802 potestatem,
1113 3731 1310 3785 audita
1339 3730 1651 3794 sententia,
1679 3729 1918 3800 corripit
1948 3745 2067 3795 eos,

421 3826 484 3875 ut
512 3819 901 3891 intelligerent
929 3819 1038 3874 hac
1069 3836 1245 3874 causa
1277 3837 1336 3874 se
1368 3819 1554 3890 pomis
1595 3817 1903 3888 adstringi,
1933 3817 2072 3888 quia

423 3909 988 3980 blasphemaverant.
1023 3907 1166 3962 Hinc
1201 3913 1309 3974 est,
1345 3907 1498 3978 quod
1548 3906 1604 3960 in
1641 3905 1950 3977 Evangelio
1979 3905 2069 3960 di-

422 4004 581 4054 ctum
615 4001 704 4052 est
734 3996 887 4051 inter
909 4001 1115 4051 cetera
1140 4014 1152 4051 :
1183 3999 1306 4052 Jam
1323 3997 1442 4050 noli
1463 4011 1705 4067 peccare,
1730 4010 1799 4048 ne
1819 3994 1950 4063 quid
1971 3993 2073 4048 tibi

419 4088 661 4144 deterius
709 4087 988 4155 contingat
1033 4086 1208 4157 (Joan.
1255 4103 1310 4156 v,
1370 4086 1478 4156 14).
1539 4083 1864 4145 Ostendens
1896 4099 2074 4137 causa

421 4175 642 4249 peccati
673 4175 986 4248 aliquando
1042 4174 1416 4230 inﬁrmitates
1469 4172 1672 4228 inferri
1704 4171 2070 4243 corporibus,

422 4267 491 4322 Et
519 4264 657 4337 quia
681 4265 948 4320 ministro
971 4263 1203 4320 diabolo
1227 4264 1397 4330 ﬁunt,
1429 4261 1746 4318 declaravit
1767 4261 2070 4327 Dominus,

421 4355 622 4410 dicens
651 4354 800 4408 inter
831 4353 1017 4408 multa
1042 4372 1054 4408 :
1080 4356 1207 4409 Hac
1228 4361 1406 4407 autem
1435 4368 1560 4405 cum
1580 4353 1652 4404 sit
1671 4350 1790 4419 ﬁlia
1809 4349 2071 4414 Abrahae,

420 4460 588 4514 quam
618 4444 952 4512 alligaverat
1002 4447 1243 4498 Satanas
1291 4441 1472 4495 decem
1523 4443 1573 4493 et
1601 4448 1716 4493 octo
1744 4439 1932 4506 annis,
1964 4452 2073 4490 non

2175 1868 2324 1937 ejus,
2356 1883 2456 1937 per
2485 1882 2656 1937 quem
2709 1871 2846 1920 sunt
2903 1865 3120 1920 omnia.
3161 1863 3230 1919 Ut
3288 1862 3495 1936 scpitis
3524 1861 3831 1929 omnibus,

2175 1973 2304 2026 qua:
2335 1955 2473 2010 huic
2502 1953 2746 2025 imperio
2776 1953 3073 2020 infesta,et
3094 1952 3334 2008 inimica
3362 1951 3581 2017 sunt,in
3611 1951 3832 2006 affectu

2175 2043 2430 2116 pietatis,
2465 2048 2521 2098 et
2551 2042 2841 2098 castitatis
2868 2044 2979 2096 Deo
3011 2042 3222 2097 servire
3247 2040 3556 2113 possimus.
3590 2040 3836 2094 Pertur-

2177 2131 2335 2188 batio
2367 2132 2545 2196 enim,
2579 2137 2635 2186 et
2659 2131 2962 2202 captivitas
3013 2146 3116 2185 nec
3154 2131 3431 2200 pietatem
3475 2133 3687 2197 servat,
3720 2144 3836 2182 nec

2175 2222 2528 2276 castitatem.
2556 2220 2716 2275 Unde
2737 2219 2892 2274 enim
2914 2219 3065 2290 pius,
3091 2219 3190 2289 qui
3210 2219 3408 2273 nudus
3428 2216 3562 2273 est?
3582 2217 3652 2271 Et
3673 2217 3839 2272 unde

2175 2310 2436 2380 castitas,
2471 2309 2568 2364 ubi
2603 2308 2906 2381 potestatis
2937 2326 3055 2362 suae
3104 2325 3218 2362 non
3250 2307 3384 2362 est?
3418 2306 3490 2362 Ut
3519 2322 3657 2377 ergo
3707 2305 3836 2377 haec

2175 2397 2390 2453 servari
2426 2397 2674 2468 possint,
2704 2397 2873 2468 quies
2904 2395 3233 2451 necessaria
3253 2409 3357 2461 est,
3385 2401 3447 2450 ut
3477 2393 3694 2466 placita
3719 2398 3836 2448 Deo

2176 2487 2496 2542 reddantur
2526 2485 2828 2557 obsequia,
2852 2485 2951 2556 qui
2974 2501 3180 2540 omnes
3201 2483 3469 2539 homines
3492 2482 3687 2538 salvos
3708 2481 3840 2537 vult

2176 2575 2321 2639 ﬁeri,
2350 2581 2407 2630 et
2453 2591 2800 2646 cognoscere
2858 2573 3180 2632 veritatem.
3238 2575 3384 2639 Haec,
3448 2571 3660 2644 inquit,
3715 2573 3840 2626 vita

2174 2669 2406 2728 aeterna,
2441 2669 2501 2718 ut
2547 2667 2869 2734 cognoscant
2923 2667 2974 2718 te
3003 2664 3185 2717 solum
3242 2667 3294 2717 et
3323 2677 3513 2716 verum
3556 2662 3749 2728 Deum,
3790 2664 3844 2716 et

2173 2769 2334 2825 quem
2365 2754 2584 2816 misisti,
2643 2755 2828 2808 Iesum
2882 2753 3163 2828 Christum
3219 2752 3395 2821 (Joan.
3453 2767 3589 2814 xvn,
3639 2751 3716 2817 3).
3777 2749 3842 2805 Si

2174 2843 2327 2898 Deus
2362 2842 2584 2912 utique,
2614 2842 2714 2912 qui
2745 2841 3116 2912 omnipotens
3157 2839 3370 2894 dicitur
3399 2855 3606 2894 omnes
3632 2838 3840 2893 homi-

2173 2949 2277 2987 nes
2310 2931 2500 2986 salvos
2529 2930 2653 2985 vult
2682 2931 2828 2998 ﬁeri,
2862 2947 2966 2984 cur
2997 2947 3109 2984 non
3157 2928 3436 3000 impletur
3465 2929 3596 2998 ejus
3628 2927 3844 2983 volun-

2170 3025 2260 3076 tas
2279 3020 2306 3074 ?
2329 3020 2440 3075 Sed
2470 3019 2530 3074 in
2553 3019 2712 3074 omni
2738 3019 3026 3074 locutione
3047 3035 3258 3074 sensus
3287 3021 3344 3072 et
3373 3016 3628 3072 conditio
3663 3015 3838 3072 latet.

2173 3109 2335 3164 Unde
2365 3108 2507 3163 dicit
2537 3108 2742 3162 Petrus
2765 3107 3070 3178 apostolus
3103 3107 3172 3178 (II
3193 3111 3362 3163 Petr..
3399 3123 3437 3175 1,
3468 3106 3560 3172 20)
3587 3123 3600 3160 :
3637 3104 3839 3160 Omnis

2174 3201 2456 3268 scriptura
2468 3197 2675 3265 indiget
2689 3197 3132 3266 interpretatione
3145 3193 3491 3265 (1300).Vult
3502 3193 3662 3249 enim
3683 3199 3842 3249 Deus

2174 3303 2266 3342 om
2278 3303 2380 3341 nes
2393 3285 2586 3340 salvos
2609 3285 2750 3352 ﬁeri,
2775 3287 2874 3340 sed
2893 3285 2943 3339 si
2961 3284 3240 3339 accedant
3260 3283 3330 3338 ad
3350 3281 3643 3338 eum.Non
3667 3281 3838 3337 enim

2176 3376 2262 3432 sic
2295 3375 2436 3442 vult,
2464 3379 2528 3429 ut
2558 3373 2818 3429 nolentes
2840 3373 3269 3443 salventur,sed
3292 3371 3414 3426 vult
3441 3369 3572 3425 illos
3597 3370 3843 3436 salvari,

2177 3465 2226 3520 si
2257 3471 2313 3519 et
2338 3464 2446 3534 ipsi
2484 3463 2682 3517 velint.
2730 3463 2876 3520 Nam
2935 3462 3134 3533 utique
3181 3461 3282 3532 qui
3334 3460 3522 3531 legem
3553 3459 3844 3515 omnibus

2177 3553 2340 3609 dedit
2373 3551 2604 3607 nullum
2633 3551 2858 3622 excepit
2885 3569 2919 3605 a
2949 3550 3159 3606 salute.
3193 3549 3470 3621 Nunquid
3503 3565 3620 3603 non
3654 3549 3844 3604 medi-

2178 3658 2283 3698 cus
2315 3641 2532 3695 idcirco
2565 3639 2837 3712 proponit
2867 3640 2926 3694 in
2959 3639 3285 3711 publico,ut
3317 3654 3520 3693 omnes
3549 3655 3616 3692 se
3647 3642 3845 3693 osten-

2180 3731 2281 3786 dat
2297 3729 2444 3785 velle
2465 3727 2709 3795 salvare,
2733 3728 2784 3784 si
2805 3733 2998 3783 tamen
3023 3729 3093 3782 ab
3111 3727 3281 3800 agris
3304 3726 3644 3797 requiratur
3663 3727 3692 3780 ?
3712 3726 3840 3782 Non

2179 3825 2269 3875 est
2295 3818 2450 3874 enim
2485 3835 2620 3873 vera
2650 3817 2832 3882 salus,
2868 3817 2916 3872 si
2947 3815 3166 3872 nolenti
3207 3815 3520 3885 tribuatur,
3554 3831 3663 3870 nec
3694 3832 3839 3886 gau-

2181 3908 2314 3963 dere
2345 3912 2536 3979 potest
2556 3906 2612 3960 in
2637 3910 2908 3976 percepta
2939 3904 3147 3970 salute,
3177 3903 3277 3975 qui
3298 3903 3538 3968 invitus,
3563 3902 3614 3957 si
3638 3907 3837 3958 tamen

2181 4001 2372 4067 potest
2402 3996 2548 4061 ﬁeri,
2579 3995 2789 4067 accipit
2817 3993 3190 4062 medicinam,
3210 3997 3274 4047 ut
3303 4009 3419 4048 non
3468 3989 3666 4046 dicam
3699 3991 3840 4064 quia

2181 4083 2481 4139 medicinae
2513 4083 2781 4138 effectum
2815 4082 3027 4138 habere
3059 4098 3174 4137 non
3205 4079 3537 4153 potest,nisi
3572 4080 3651 4134 ad
3678 4079 3837 4134 illam

2181 4188 2333 4244 aeger
2365 4173 2630 4228 animum
2680 4171 3156 4227 commodaverit.
3189 4169 3336 4235 Quia
3375 4168 3498 4223 haec
3545 4167 3841 4224 medicina

2183 4278 2297 4316 non
2334 4267 2422 4316 est
2452 4260 2791 4332 corporalis,
2817 4260 2918 4315 sed
2950 4258 3388 4332 spiritalis,quae
3421 4273 3614 4328 neque
3645 4255 3839 4312 dubiis

2183 4349 2438 4421 proﬁcit,
2469 4366 2657 4420 neque
2690 4349 2923 4404 invidis.
2959 4348 3129 4403 Fides
3161 4347 3317 4402 enim
3350 4350 3598 4417 est,quaa
3628 4346 3731 4401 dat
3753 4362 3839 4400 sa-

2183 4437 2384 4507 lutem,
2419 4455 2596 4509 quam
2632 4437 2742 4493 nisi
2798 4453 2963 4492 mens
2994 4441 3116 4492 tota
3165 4435 3487 4504 susceperit
3517 4433 3837 4499 voluntate,

423 4536 660 4604 oportuit
688 4533 826 4588 solvi
851 4550 888 4587 a
918 4533 1137 4587 vinculo
1164 4531 1253 4585 die
1281 4529 1508 4584 Sabbati
1534 4529 1561 4580 ?
1597 4528 1744 4597 (Luc.
1777 4541 1899 4591 xm,
1926 4525 2032 4595 16).
2105 4545 2152 4610 D
2186 4543 2300 4581 non
2335 4525 2524 4582 solum
2558 4525 2704 4579 nihil
2736 4525 3014 4597 proderit,
3065 4525 3165 4579 sed
3197 4529 3254 4580 et
3283 4523 3489 4580 oberit.
3532 4522 3696 4578 Fidei
3726 4529 3839 4580 ete-

494 4626 626 4676 CAP.
665 4622 755 4692 ll.)
805 4622 1109 4678 Exhortare
1167 4634 1294 4686 ergo
1346 4617 1595 4686 primum
1652 4614 1900 4668 omnium
1946 4613 2077 4683 fieri

418 4712 848 4783 deprecationes,
926 4711 1218 4773 oratio-nes,
1271 4703 1709 4775 prostulationes,
1766 4703 2078 4772 gratiarum

422 4801 667 4856 actiones
695 4816 792 4871 pro
823 4798 1156 4860 hominibus,
1205 4809 1303 4865 pro
1336 4791 1572 4859 regibus,
1607 4795 1657 4845 et
1692 4806 1794 4861 pro
1824 4793 2075 4848 omnibus

421 4892 521 4962 qui
549 4891 608 4944 in
636 4888 955 4944 sublimiori
1011 4887 1125 4940 loco
1175 4882 1340 4953 positi
1393 4885 1545 4945 sunt,
1593 4883 1654 4934 ut
1703 4880 1988 4951 placitam,
2021 4891 2075 4937 et

423 4981 664 5050 quietam
692 4980 865 5032 vitam
895 4975 1154 5042 degamus
1185 4973 1246 5024 in
1273 4971 1426 5024 omni
1461 4969 1682 5039 pietate,
1716 4977 1766 5024 et
1796 4970 2068 5025 castitate.

426 5069 531 5124 Hoc
559 5069 707 5122 enim
739 5067 940 5120 bonum
987 5070 1084 5128 est,
1140 5073 1190 5114 et
1249 5066 1523 5128 acceptum
1575 5075 1759 5114 coram
1789 5059 2073 5114 Saluatore

422 5165 606 5211 nostro
637 5157 764 5219 Deo,
823 5152 918 5222 qui
945 5165 1129 5203 omnes
1185 5147 1430 5202 homines
1474 5150 1590 5204 vult
1641 5149 1818 5203 salvos
1844 5148 1988 5217 ﬁeri,
2019 5151 2071 5201 et

423 5246 484 5298 in
517 5244 859 5312 agnitionem
889 5239 1146 5292 veritatis
1179 5240 1383 5292 venire.
1413 5238 1539 5292 Haec
1570 5235 1770 5309 regula
1799 5235 2068 5291 ecclesia-

497 5382 643 5452 (298)
676 5384 758 5437 lta
789 5380 963 5436 etiarn
1011 5378 1070 5432 in
1106 5378 1390 5452 impresso
1449 5395 1483 5432 a
1512 5377 1793 5432 Maurinis
1824 5377 2068 5452 Ambro-

426 5448 659 5520 siastro,
690 5453 785 5507 ubi
819 5448 1846 5520 adnotarunt‘cditoresapparaisset
1875 5448 2070 5502 minus

426 5528 580 5596 recte
611 5523 669 5578 in
701 5524 1000 5596 aliquibus
1031 5522 1448 5596 manuscriptis
1483 5519 1616 5592 legi.
1650 5522 1710 5576 In
1745 5525 1942 5575 nostro
1974 5536 2068 5574 co-

425 5589 552 5659 dice
583 5601 734 5655 recte
761 5589 976 5670 legitur
1005 5589 1353 5666 apparuisse:

2186 4615 2308 4670 nim
2344 4614 2529 4687 gratia
2557 4614 2709 4669 hanc
2757 4613 2934 4669 habet
2963 4617 3336 4685 potestatem,
3363 4616 3429 4667 ut
3467 4612 3700 4666 devotis
3731 4610 3835 4666 sibi

2184 4704 2444 4759 divinam
2477 4702 2749 4757 infundat
2769 4702 3078 4769 medelam,
3102 4701 3390 4756 indevotis
3416 4717 3551 4756 vero
3579 4701 3836 4756 conferat

2184 4792 2478 4860 morbum,
2512 4807 2614 4862 per
2643 4807 2818 4863 quem
2849 4795 3006 4846 totus
3036 4789 3212 4845 homo
3243 4790 3508 4845 intereat.

2259 4882 2404 4936 Unus
2435 4897 2586 4935 enim
2616 4881 2776 4948 Deus,
2807 4895 2948 4934 unus
2997 4878 3272 4934 mediator
3301 4879 3402 4933 Dei
3437 4885 3491 4932 et
3523 4876 3834 4942 hominum,

2183 4969 2338 5024 homo
2371 4967 2620 5024 Christus
2645 4970 2818 5024 Iesus.
2851 4967 2973 5034 Dei,
3006 4973 3063 5021 et
3085 4965 3299 5022 Christi
3330 4982 3509 5020 unam
3545 4965 3841 5038 signiﬁcat

2182 5075 2310 5114 esse
2324 5057 2682 5112 voluntatem
2700 5058 2758 5110 in
2777 5055 3075 5112 salvandis
3089 5054 3433 5110 hominibus
3451 5071 3463 5108 :
3482 5055 3644 5111 unde
3657 5055 3836 5110 Deum

2180 5151 2431 5216 Patrem,
2466 5147 2606 5218 quia
2637 5148 2708 5201 ab
2739 5145 2867 5216 ipso
2916 5153 3002 5200 est
3033 5144 3228 5199 omnis
3272 5141 3620 5215 auctoritas,
3655 5157 3835 5198 unum

2179 5251 2308 5290 esse
2341 5236 2577 5303 fatetur,
2601 5241 2658 5290 et
2690 5251 2873 5289 unum
2897 5233 3279 5289 mediatorem
3305 5231 3424 5299 Dei,
3447 5237 3506 5287 et
3526 5231 3836 5288 hominum

2249 5376 2439 5446 (1299)
2471 5379 2534 5431 In
2558 5375 2946 5432 Ambrosiast.
2979 5373 3422 5446 emendarentur.

2251 5445 2432 5517 (1300)
2464 5447 2636 5519 Vulg.
2671 5448 2858 5519 Omnis
2903 5447 3222 5517 prophetica
3264 5445 3571 5517 Scriptura:
3597 5446 3831 5517 propria

2178 5518 2630 5585 interpretatione
2656 5535 2769 5574 non
2795 5518 2883 5591 ﬁt.
