3978 6210
442 326 555 387 0‘”

1467 341 1804 405 ATTONIS
1847 342 2430 406 VERCELLENSIS
2477 343 2823 406 EPISCOPI

3717 344 3822 409 612

439 473 554 515 non
584 463 887 522 obnoxium
916 470 1175 538 vino,non
1207 473 1606 531 verberatorem
1648 477 1738 532 sed
1756 476 2084 544 modestum,
2117 478 2171 542 Α
2202 482 2433 533 constat
2464 478 2768 533 ministros
2798 493 2927 532 esse
2953 475 3551 549 sacerdotum,quales
3571 479 3691 536 vult
3711 497 3822 538 esse

444 565 555 605 non
588 553 910 622 litigiosum,
943 575 1047 612 non
1076 577 1352 632 asperum,
1383 564 1606 619 domum
1635 583 1796 621 suum
1831 567 1960 621 bene
2007 582 2090 620 re-

445 649 675 708 gentem,
721 641 872 712 ﬁlios
920 646 1204 704 habentem
1251 653 1494 707 subditos
1541 672 1663 709 cum
1709 658 1867 711 omni
1910 655 2093 724 (1303)

445 732 732 786 alacritate.
767 733 960 789 Talem
990 736 1308 807 hominem,
1340 742 1439 811 qui
1479 743 1600 798 heec
1632 744 1942 809 custodiat,
1967 761 2092 813 quae

447 825 771 887 enumerat,
791 823 1148 889 bona,creari
1182 829 1389 884 debere
1421 831 1562 886 dicit
1587 834 1947 903 episcopum.
1966 832 2094 886 Ilaec

447 906 602 962 enim
635 908 802 980 signa
833 919 968 966 sunt
999 915 1305 986 dignitatis
1327 920 1697 992 episcopalis.
1732 922 1789 975 Si
1824 922 1953 991 quis
1988 938 2090 974 au-

447 997 562 1048 tem
595 999 820 1066 potiora
851 1009 1126 1072 sectatus,
1160 1012 1216 1060 et
1245 1024 1456 1080 corpus
1496 1016 1552 1064 et
1605 1011 1862 1065 animam
1919 1027 2090 1064 suam

446 1080 559 1137 Deo
590 1085 884 1155 dicaverit,
920 1108 991 1146 ne
1023 1110 1083 1148 se
1114 1096 1346 1167 60pulet
1379 1099 1952 1164 matrimonio,tanto
1978 1116 2096 1153 ma-

446 1170 538 1242 gis
568 1173 783 1244 dignus
815 1179 931 1234 ﬁet.
968 1181 1097 1238 Ideo
1129 1185 1283 1239 enim
1317 1185 1648 1242 inferiorem
1683 1189 1894 1259 posuit,
1930 1194 1991 1242 ut
2025 1189 2096 1243 de

448 1261 671 1318 notiore
702 1282 872 1323 nemo
905 1271 936 1324 d
949 1271 1220 1328 ubitaret.

521 1349 582 1403 Si
609 1355 731 1421 quis
761 1361 949 1412 autem
978 1360 1166 1416 domui
1193 1379 1311 1420 sum
1337 1380 1574 1436 praeesse
1611 1368 1798 1433 nescit,
1832 1367 2095 1436 quomodo

448 1436 700 1495 Ecclesiae
735 1446 840 1497 Dei
867 1446 1211 1516 diligentiam
1261 1453 1511 1508 habebit?
1557 1455 1928 1509 Manifestum
1985 1462 2093 1520 est,

449 1527 588 1596 quia
619 1533 756 1584 tunc
790 1539 979 1603 potest
1009 1538 1254 1596 idoneus
1286 1548 1475 1597 rector
1506 1544 1739 1598 futurus
1771 1545 2023 1614 probari,
2046 1543 2092 1598 si

449 1614 616 1702 prius
647 1618 886 1676 domum
919 1641 1085 1681 suam
1128 1634 1278 1685 recte
1306 1631 1715 1702 gubernaverit
1745 1649 1757 1685 :
1793 1634 1908 1700 Qui
1947 1633 2096 1686 enim

449 1700 511 1756 in
541 1706 792 1762 minimis
821 1711 1003 1778 ﬁdelis
1030 1720 1127 1783 est,
1160 1726 1211 1772 et
1238 1700 1544 1787 injmagnis
1576 1722 1726 1790 (Luc.
1761 1738 1876 1786 xvx,
1912 1723 2020 1787 10).

522 1793 640 1847 Non
667 1800 1019 1871 neophytum,
1051 1821 1120 1860 ne
1160 1808 1219 1860 in
1265 1810 1583 1879 superbiam
1633 1812 1811 1864 elatus
1841 1811 1899 1863 in
1938 1809 2090 1880 judi-

449 1880 595 1935 cium
630 1885 838 1942 incidat
867 1890 1092 1948 diaboli.
1126 1894 1342 1950 Verum
1377 1903 1486 1963 est,
1522 1897 1660 1970 quin
1697 1898 1948 1952 rudesin
1982 1899 2094 1952 ﬁde

449 1970 638 2026 solent
663 1977 857 2031 extolli
891 1983 1184 2052 superbia,
1236 1985 1486 2041 maxime
1517 1987 1563 2041 si
1599 1986 1882 2058 accipiant
1938 1986 2091 2040 ordi-

450 2074 604 2115 nem.
641 2062 904 2123 Novitate
935 2071 1090 2125 enim
1125 2078 1180 2126 et
1212 2074 1777 2144 potestateinllatur,
1806 2075 2094 2130 arbitrans

447 2163 512 2202 se
542 2166 660 2220 prae
687 2156 909 2211 caeteris
935 2158 1510 2232 digniorem.Videns
1541 2165 1697 2218 enim
1731 2165 1918 2235 primo
1942 2180 2094 2218 anno

447 2239 772 2298 nativitatis
803 2245 1077 2304 collatum
1111 2251 1168 2304 in
1203 2269 1263 2306 se
1295 2253 1596 2316 honorem,
1632 2258 1799 2324 putat
1833 2270 1945 2306 non
1972 2269 2094 2305 ma-

449 2327 539 2398 gis
570 2331 639 2384 ad
671 2337 971 2400 suum,sed
994 2339 1062 2392 ad
1089 2339 1334 2395 aliorum
1373 2344 1694 2412 profectum
1719 2359 1780 2396 se
1801 2346 2095 2424 vocatum,

452 2419 620 2486 quasi
655 2419 1001 2479 beneficium
1046 2427 1306 2499 religioni
1342 2430 1439 2484 det.
1472 2430 1661 2500 magis
1715 2446 1892 2500 quam
1945 2419 2095 2484 acci-l

452 2503 573 2574 piat
603 2507 675 2561 ab
705 2525 799 2575 ea;
834 2528 936 2581 per
966 2531 1142 2584 quam
1178 2533 1296 2571 rem
1329 2517 1515 2572 elatus
1547 2517 1794 2572 incurrit
1819 2517 2093 2588 laqueum

453 2591 687 2650 diaboli.
713 2599 946 2654 Inventa
976 2604 1130 2657 enim
1163 2606 1464 2662 occasione
1496 2607 1784 2676 superbia;
1807 2605 2094 2671 illius,Sa-

453 2685 626 2737 tanas
659 2687 977 2758 praecipitat
1008 2707 1163 2746 eum.
1199 2694 1448 2765 Ideoque
1498 2695 1556 2748 in
1610 2695 1917 2750 Salomone
1957 2694 2097 2765 legi-

452 2773 553 2824 tur
585 2788 598 2825 :
632 2771 890 2844 Superbis
922 2783 1065 2833 Deus
1094 2783 1302 2836 resistit
1334 2784 1515 2850 (Prov.
1564 2801 1653 2845 xv,
1704 2785 1802 2848 21;
1847 2784 1971 2854 Sap.
2003 2801 2095 2849 xv,

456 2859 555 2924 ili;
591 2861 756 2917 Eccli.
791 2882 841 2929 ι,
874 2868 986 2937 21).
1021 2868 1180 2924 Unde
1204 2870 1263 2924 in
1297 2871 1412 2926 alia
1451 2871 1715 2944 Epistola
1746 2872 1896 2926 idem
1947 2875 2127 2943 Apo-~

454 2947 642 3004 stolus
673 2951 755 3004 ait
786 2970 798 3007 :
840 2954 945 3022 Qui
988 2974 1046 3012 se
1091 2964 1249 3029 putat
1294 2976 1407 3016 esse
1450 2961 1682 3033 aliquid,
1714 2978 1769 3016 se
1806 2963 1985 3033 ipsum
2013 2977 2099 3015 se-

453 3034 602 3091 ducit
644 3039 787 3109 (Gal.
842 3059 917 3112 vr,
971 3046 1046 3115 3).
1102 3047 1169 3101 Et
1201 3048 1482 3104 Dominus
1531 3067 1544 3105 :
1597 3051 1702 3118 Qui
1749 3065 1827 3116 se,
1884 3049 2098 3120 inquit,

451 3127 788 3185 exaltaverit
817 3132 1231 3191 humilitabitur
1260 3142 1411 3204 (Luc.
1444 3155 1559 3203 xxv,
1597 3140 1706 3205 11).

524 3215 741 3286 Oportet
771 3229 950 3277 autem
979 3240 1104 3278 eum
1139 3230 1190 3280 et
1231 3228 1602 3282 testimonium
1650 3226 1851 3280 habere
1897 3227 2094 3281 bonum
2129 3205 2172 3271 (ἶ

449 3303 518 3357 ab
545 3304 630 3360 bis
657 3308 756 3378 qui
775 3311 917 3379 foris
947 3317 1092 3368 sunt.
1123 3313 1374 3369 Sensum
1430 3315 1796 3370 Dominicum
1837 3320 2096 3380 secutus,

449 3391 531 3447 ait
562 3401 826 3466 oportere
857 3400 1118 3458 futurum
1151 3403 1513 3475 episcopum,
1547 3403 1953 3458 testimonium
1997 3404 2096 3458 bo-

450 3497 590 3536 num
626 3484 838 3542 habere
869 3488 940 3543 ab
971 3495 1261 3546 extraneis
1295 3509 1307 3546 :
1341 3492 1480 3562 quia
1524 3494 1627 3563 qui
1673 3494 1930 3546 minimis
1975 3491 2100 3559 ﬁde-

452 3571 520 3624 lis
558 3577 660 3639 est,
693 3579 744 3628 et
777 3578 834 3631 in
861 3582 1103 3649 magnis,
1136 3580 1290 3636 sicut
1319 3581 1462 3636 dicit
1491 3581 1776 3636 Dominus
1798 3583 1948 3647 (Luc.
1983 3599 2096 3651 xvx,

452 3659 563 3729 10).
596 3661 659 3714 Si
687 3663 747 3716 in
775 3666 955 3719 alieno
987 3685 1302 3724 mammona
1330 3671 1510 3740 ﬁdeles
1558 3687 1667 3724 non
1709 3672 1918 3740 fuistis,
1951 3671 2101 3741 quod

453 3752 690 3803 vestrum
719 3756 818 3818 est,
849 3756 972 3823 quis
1000 3755 1150 3811 dabit
1180 3759 1372 3812 vobis?
1400 3759 1562 3826 (Ibid.
1601 3760 1706 3829 11).
1739 3759 1811 3813 Ut
1843 3759 1958 3822 hic,
2001 3759 2101 3829 qui

455 3835 514 3890 in
560 3839 878 3897 mundanis
909 3844 1104 3909 rebus,
1137 3851 1194 3900 et
1222 3848 1657 3902 conversatione
1688 3847 1947 3901 humana
1968 3846 2105 3901 tide-

454 3923 528 3980 lis
560 3926 800 3984 minime
830 3931 1142 3998 invenitur,
1167 3935 1412 3990 dubium
1448 3952 1560 3990 non
1593 3936 1836 4006 sit,quia
1864 3940 1920 3990 et
1941 3935 1998 3988 in
2021 3936 2105 3989 di-

454 4013 606 4070 vinis
637 4019 810 4073 rebus
842 4020 1088 4077 idoneus
1137 4040 1250 4078 non
1295 4023 1423 4079 erit.
1447 4025 1505 4079 Si
1537 4030 1734 4079 autem
1766 4022 2104 4079 hominibus

456 4103 630 4159 fidem
665 4106 1012 4179 exhibuerit,
1034 4111 1220 4166 multo
1254 4113 1446 4184 magis
1477 4113 1679 4168 Deo.Si
1711 4113 1981 4167 timorem
2003 4113 2105 4167 Dei

456 4197 591 4247 ante
622 4194 822 4252 oculos
855 4215 967 4254 non
1003 4199 1279 4256 habuerit
1309 4201 1892 4274 episcopus,tempori
1919 4201 2106 4273 magis

459 4296 520 4336 se
546 4286 988 4357 commendans,
1022 4288 1180 4343 hunc
1211 4290 1380 4360 quasi
1415 4288 1711 4345 inﬁdelem
1752 4295 1808 4344 et
1852 4289 2107 4359 pseudo-

458 4371 804 4442 prophetam
841 4376 1058 4431 deserit
1088 4383 1258 4447 Deus,
1276 4382 1333 4432 et
1360 4379 1640 4432 deformis
1670 4377 1900 4432 videtur
1918 4377 2107 4430 omni-

461 4458 573 4514 bus
603 4465 660 4515 et
683 4463 1044 4532 maculosus,
1065 4466 1204 4536 quia
1224 4453 1402 4519 aliter
1433 4466 1572 4520 facit
1600 4481 1775 4536 quam
1808 4465 2106 4535 praedicat,

2202 566 2526 637 episcopos,
2578 566 2713 630 nisi,
2763 565 2914 620 sicut
2960 565 3085 636 ipse
3131 565 3235 632 ait,
3262 565 3822 638 irreprehensibiles?

2202 653 2443 726 Negotia
2473 659 2667 710 tamen
2703 653 2956 726 publica,
2990 653 3205 726 turpia,
3233 654 3368 709 vilia
3397 672 3511 710 non
3543 655 3818 714 habentes.

2205 743 2323 798 Scit
2352 744 2506 798 enim
2541 744 2668 798 ideo
2701 743 3075 815 negotiari,ut
3105 742 3335 813 capiant
3365 743 3662 807 lucra,nec
3681 745 3821 800 aliud

2204 834 2716 904 proﬁtetur,quam
2749 832 2914 903 gerit.
2942 833 3157 903 Turpis
3189 832 3344 887 enim
3367 833 3818 904 deprehenditur,

2205 937 2338 976 cum
2372 937 2432 976 se
2464 938 2676 993 purum
2723 921 2997 976 ostendit.
3056 922 3193 976 Post
3239 923 3575 992 episcopum
3623 928 3817 990 tamen,

2205 1010 2544 1066 diaconatus
2575 1010 3000 1065 ordinationem
3031 1009 3528 1080 subjecit.Quare?
3553 1010 3670 1066 Nisi
3699 1012 3820 1083 quia

2205 1100 2461 1171 episcopi
2499 1105 2553 1154 et
2584 1098 2905 1171 presbyteri
2955 1115 3072 1153 una
3112 1097 3399 1154 ordinatio
3446 1104 3554 1154 est.
3600 1101 3819 1170 Uterque

2204 1188 2359 1243 enim
2393 1188 2664 1242 sacerdos
2694 1192 2800 1242 est.
2832 1188 2937 1242 Sed
2972 1186 3283 1258 episcopus
3334 1185 3560 1256 primus
3609 1192 3691 1240 est
3720 1204 3731 1241 :
3763 1191 3818 1242 ut

2205 1277 2397 1333 omnis
2426 1277 2734 1348 episcopus
2767 1277 3068 1348 presbyter
3116 1276 3211 1339 sit,
3261 1292 3378 1330 non
3429 1280 3620 1329 tamen
3649 1276 3817 1330 omnis

2205 1367 2504 1438 presbyter
2542 1365 2868 1436 episcopus.
2917 1365 3018 1419 Hic
3060 1365 3216 1419 enim
3263 1364 3571 1436 episcopus
3601 1369 3702 1433 est,
3731 1363 3817 1434 qui

2204 1454 2358 1508 inter
2415 1453 2778 1524 presbyteros
2819 1453 3045 1524 primus
3067 1451 3444 1523 est.Denique
3473 1451 3812 1507 Timotheum

2205 1543 2610 1615 presbyterum
2644 1541 2978 1596 ordinatum
3002 1542 3322 1614 signiﬁcat;
3349 1542 3450 1596 sed
3474 1541 3607 1613 quia
3628 1547 3746 1596 ante
3765 1557 3815 1596 se

2205 1630 2452 1686 alterum
2480 1647 2594 1686 non
2627 1629 3215 1702 habebat,episcopus
3235 1629 3549 1685 erat.Unde
3573 1633 3626 1683 et
3645 1645 3816 1700 quem-

2204 1720 2522 1775 admodum
2555 1718 2894 1790 episcopum
2927 1717 3661 1789 ordinet,ostendit.Neque
3681 1717 3812 1772 enim

2204 1810 2292 1864 fas
2319 1815 2463 1871 erat,
2491 1813 2593 1863 aut
2622 1808 2833 1862 licebat
2862 1811 2924 1861 ut
2952 1807 3191 1862 inferior
3219 1807 3517 1862 ordinaret
3540 1807 3810 1877 majorem.

2203 1898 2384 1954 Nemo
2417 1897 2570 1952 enim
2604 1895 2809 1950 tribuit
2839 1897 2994 1968 quod
3028 1913 3143 1950 non
3174 1895 3420 1968 accepit.

2274 1987 2522 2041 Mulieres
2568 1985 2835 2039 similiter
2878 1984 3125 2055 pudicas,
3176 1999 3285 2040 non
3333 1983 3590 2040 studentes
3624 1984 3810 2038 discor-

2203 2077 2332 2132 dia}.
2366 2076 2458 2131 sed
2487 2076 2716 2144 sobrias,
2756 2073 2942 2143 ﬁdeles
2992 2075 3052 2128 in
3102 2074 3375 2129 omnibus.
3409 2074 3544 2138 Quia
3569 2077 3808 2127 sanctum

2201 2163 2478 2237 praecepit
2494 2163 2673 2219 creari
2694 2163 3313 2234 Episcopum,adaeque
3326 2167 3382 2218 et
3399 2163 3811 2226 diaconum,non

2210 2257 2409 2324 utiqoe
2435 2253 2731 2323 disparem
2763 2251 2888 2306 vult
2917 2265 3044 2306 esse
3076 2250 3331 2322 plebem,
3356 2251 3565 2322 quippe
3592 2265 3710 2304 cum
3738 2248 3812 2302 di-

2208 2342 2614 2412 cat’Dominus
2651 2358 2663 2394 :
2698 2340 2884 2394 Sancti
2935 2345 3122 2405 estote,
3170 2341 3307 2409 quia
3353 2356 3450 2410 ego
3489 2348 3687 2393 sanctus
3712 2353 3814 2391 sum

2208 2433 2355 2503 (Lev,
2383 2447 2497 2495 χιχ,
2527 2432 2602 2499 2).
2637 2429 2885 2499 Ideoque
2918 2428 3092 2482 etiam
3128 2427 3427 2496 mulieres,
3460 2444 3580 2498 quae
3610 2426 3810 2481 inferio-

2207 2537 2300 2574 res
2329 2519 2616 2584 videntur,
2652 2517 2777 2571 sine
2810 2516 3055 2570 crimine
3084 2515 3209 2570 vult
3238 2531 3392 2583 esse,
3427 2520 3489 2570 ut
3517 2515 3718 2570 munda
3754 2512 3814 2568 sit

2208 2605 2465 2662 Ecclesia
2508 2604 2628 2660 Dei.
2661 2605 2771 2660 Sed
2804 2603 3180 2676 Cataphrygaa
3227 2603 3590 2660 occasionem
3635 2600 3814 2658 erroris

2208 2697 2778 2767 captantes,propter
2799 2693 2951 2764 quod
2970 2693 3392 2764 postdiaconos
3420 2692 3677 2749 mulieres
3697 2689 3814 2746 allo-

2209 2783 2431 2855 quitur,
2464 2781 2639 2836 etiam
2672 2781 2831 2852 ipsas
2865 2780 3138 2835 diaconas
3171 2779 3384 2835 debere
3415 2779 3658 2834 ordinari
3691 2791 3813 2830 vana

2210 2871 2662 2945 praesumptione
2693 2869 3171 2935 defendunt,cum
3191 2868 3385 2924 sciant
3413 2865 3688 2940 apostolos
3707 2881 3813 2935 sep-

2207 2967 2326 3017 tem
2368 2960 2645 3014 diaconos
2675 2957 2941 3030 elegisse.
2975 2958 3251 3028 Nunquid
3285 2955 3449 3012 nulla
3479 2956 3675 3012 mulier
3699 2958 3812 3008 tunc

2208 3051 2420 3106 idonea
2451 3048 2684 3103 inventa
2713 3053 2823 3114 est,
2855 3063 2988 3102 cum
3039 3046 3193 3100 inter
3241 3046 3512 3102 undecim
3558 3041 3813 3115 apostolos

2210 3145 2443 3195 sanctas
2477 3136 2749 3192 mulieres
2799 3137 2980 3191 fuisse
3027 3134 3336 3208 legamus?
3363 3133 3471 3191 Sed
3505 3139 3566 3190 ut
3593 3130 3810 3188 haeretici

2211 3229 2476 3284 animum
2501 3242 2674 3282 suum
2708 3225 2920 3291 verbis,
2947 3241 3062 3280 non
3093 3241 3268 3280 sensu
3303 3224 3449 3297 legis
3479 3227 3720 3279 astruere
3749 3219 3811 3271 vi-

2211 3319 2482 3382 deantur,
2516 3312 2769 3385 Apostoli
2818 3314 3011 3369 verbis
3054 3318 3254 3368 contra
3303 3329 3538 3369 sensum
3585 3311 3813 3366 nituntur

2209 3403 2492 3476 Apostoli,
2527 3408 2591 3457 ut
2620 3418 2753 3457 cum
2787 3401 2886 3456 ille
2918 3400 3221 3456 mulierem
3270 3401 3331 3456 in
3377 3399 3624 3456 Ecclesia
3660 3397 3711 3452 in
3748 3394 3809 3449 si-

2209 3493 2389 3548 lentio
2423 3507 2552 3548 esse
2580 3491 2788 3545 debere
2821 3489 3138 3561 praecipiat,
3171 3488 3254 3543 illi
3287 3493 3520 3544 econtra
3547 3487 3704 3542 etiam
3724 3500 3809 3538 au-

2211 3583 2535 3638 ctoritatem
2565 3580 2623 3634 in
2656 3579 2913 3634 Ecclesia
2940 3578 3236 3633 vindicent
3269 3577 3592 3632 ministerii.

2285 3672 2546 3726 Diaconos
2607 3670 2721 3723 sint
2749 3667 2916 3722 unius
2944 3669 3134 3722 uxoris
3162 3668 3294 3737 viri,
3327 3667 3468 3736 ﬁlios
3505 3666 3626 3721 bene
3652 3677 3808 3733 regen-

2212 3765 2310 3830 tes,
2339 3765 2391 3815 et
2419 3759 2601 3814 domos
2649 3757 2926 3828 proprias.
2975 3757 3082 3824 Qui
3122 3757 3272 3810 enim
3319 3757 3453 3810 bene
3497 3755 3807 3808 ministrave-

2210 3851 2344 3914 rint,
2377 3849 2615 3921 gradum
2644 3848 2846 3902 bonum
2873 3845 2983 3900 sibi
3012 3846 3328 3915 acquirunt,
3357 3852 3408 3899 et
3432 3844 3662 3898 multum
3690 3837 3806 3909 ﬁdu-

2210 3939 2361 3994 ciam
2393 3939 2451 3990 in
2484 3937 2610 4006 ﬁde,
2643 3949 2767 4006 quae
2793 3937 2870 3989 est
2900 3935 2960 3987 in
2990 3933 3199 3988 Christo
3245 3934 3395 3988 Jcsu.
3446 3933 3540 4002 Ea,
3571 3945 3684 4001 quae
3721 3924 3806 3980 mi-

2214 4043 2326 4082 nus
2357 4026 2582 4080 dixerat
2610 4025 2682 4079 de
2711 4023 3074 4079 ordinatione
3105 4022 3631 4086 diaconatus,nunc
3648 4014 3806 4083 subje-

2214 4114 2587 4171 cit.Ostendit
2617 4113 2795 4168 etiam
2827 4113 2972 4167 istos
3002 4110 3179 4165 unius
3210 4109 3408 4166 uxoris
3436 4109 3581 4164 viros
3601 4120 3713 4162 esse
3730 4102 3806 4155 de-

2215 4204 2373 4266 bere,
2416 4206 2481 4256 ut
2509 4202 2566 4256 hi
2601 4202 2671 4256 ad
2707 4199 3100 4256 ministerium
3133 4198 3232 4254 Dei
3264 4197 3568 4270 eligantur,
3598 4191 3685 4266 qui
3718 4203 3805 4244 non

2217 4291 2336 4346 sint
2365 4290 2582 4361 egressi
2615 4289 3000 4359 constitutum
3047 4287 3162 4342 Dei.
3196 4287 3426 4342 Homini
3473 4284 3620 4341 enim
3664 4291 3805 4335 unam

2218 4394 2454 4434 uxorem
2479 4378 2734 4433 decrevit
2756 4377 3078 4438 Deus,cum
3103 4391 3220 4446 qua
3241 4374 3632 4431 benedicatur.
3661 4367 3805 4424 Nemo

2217 4466 2373 4522 enim
2398 4483 2530 4521 cum
2555 4463 3318 4535 secundalbenediciturﬂui
3346 4463 3395 4519 si
3418 4461 3566 4517 ﬁlios
3585 4461 3709 4515 bene
3725 4469 3806 4526 gu-

459 4549 653 4604 verbis
707 4551 831 4606 suis
879 4552 1003 4622 ipse
1060 4570 1121 4608 se
1169 4569 1475 4621 accusans,
1509 4552 1648 4623 quia
1677 4552 1994 4621 deputatus
2022 4558 2112 4607 est
2142 4567 2188 4632 D
2217 4555 2606 4625 bernaverint,
2639 4559 2696 4608 et
2724 4554 2931 4609 domos
2961 4569 3117 4618 suas,
3149 4553 3204 4607 id
3239 4557 3328 4609 est
3370 4549 3705 4609 vernaculos,
3731 4543 3808 4597 aut

461 4637 621 4709 gregi
653 4637 1068 4695 Satanae.Tunc
1094 4641 1249 4696 enim
1283 4657 1418 4693 vera
1448 4655 1510 4694 se
1541 4639 1750 4709 probat
1779 4639 2111 4713 praedicare,
2143 4630 2174 4632 —
2221 4644 2880 4714 domesticos,poterunt
2907 4641 3070 4714 digni
3101 4641 3224 4696 fieri
3256 4639 3592 4708 sacerdotio,
3621 4638 3671 4690 et
3695 4630 3808 4686 ﬁdu-

463 4724 513 4778 si
540 4740 608 4779 ea
637 4732 880 4781 conetur
909 4733 965 4783 et
989 4744 1208 4800 gerere.
1231 4727 1441 4796 Magna
1473 4741 1610 4798 ergo
1640 4742 1779 4780 cura
1809 4725 2112 4799 eligendus
2220 4735 2373 4790 ciam
2404 4732 2618 4787 habere
2648 4732 2800 4802 apud
2833 4735 3036 4801 Deum,
3069 4734 3135 4785 ut
3163 4729 3354 4786 sciant
3383 4743 3445 4784 se
3475 4741 3635 4800 posse
3663 4723 3804 4789 impe-

2221 4828 2377 4878 trare
2407 4821 2561 4892 quod
2585 4819 3030 4892 postulantjam
3052 4819 3126 4875 de
3145 4823 3347 4875 caetero
3378 4833 3439 4874 se
3467 4815 3536 4870 ab
3559 4828 3658 4868 usu
3678 4803 3806 4862 femi-

2223 4927 2314 4966 nae
2360 4908 2718 4964 cohibentes.
2752 4907 3061 4964 Veteribus
3089 4908 3247 4963 enim
3277 4904 3490 4961 idcirco
3521 4904 3809 4958 concessum

2223 5003 2313 5055 est
2343 4997 2662 5062 levitis,aut
2681 4996 3086 5052 sacerdotibus
3107 5010 3316 5051 uxores
3337 4994 3408 5049 ad
3432 5006 3598 5047 usum
3619 4985 3809 5042 habere.

2224 5087 2365 5160 quia
2389 5085 2641 5142 multum
2663 5089 2899 5157 tempus
2919 5085 3038 5140 otio
3057 5083 3342 5139 vacabant
3361 5099 3394 5137 a
3421 5073 3716 5136 ministerio
3733 5063 3811 5124 aut

2225 5173 2891 5233 sacerdotio.Multitudo
2923 5173 3080 5229 enim
3111 5175 3233 5227 erat
3263 5169 3615 5226 sacerdotum
3643 5165 3692 5217 et
3716 5170 3810 5212 ma-

2224 5281 2341 5337 gna
2371 5265 2539 5336 capia
2566 5262 2956 5328 levitarum,et
2986 5259 3397 5332 unusquisque
3422 5260 3570 5313 certo
3597 5255 3812 5318 tempOI't3

2226 5353 2516 5408 serviebat
2545 5350 2758 5407 divinis
2787 5350 3146 5406 caeremoniis
3173 5347 3497 5405 secundum
3523 5339 3810 5428 institututn

2224 5439 2427 5495 David.
2461 5440 2562 5496 I-lic
2595 5455 2750 5496 enim
2781 5437 2983 5510 viginti
3017 5442 3076 5494 et
3097 5442 3353 5510 quatuor
3395 5433 3604 5490 classes
3629 5424 3810 5482 consti-

461 4817 552 4866 est
583 4813 679 4883 qui
714 4814 956 4869 domum
991 4816 1086 4870 Dei
1121 4814 1435 4886 regendam
1467 4813 1800 4885 accipiat.Si
1823 4815 1978 4869 enim
2003 4820 2114 4872 ter-

461 4902 738 4956 restrium
798 4919 991 4956 rerum
1056 4902 1491 4971 dispensatores
1559 4901 1749 4959 idonei
1817 4905 2113 4975 quaerendi

465 4996 623 5061 sunt,
641 4994 859 5061 quanto
891 4989 1076 5061 magis
1108 4988 1428 5043 cmlestium
1450 4990 1476 5044 ’ἶ

535 5080 793 5133 Disconos
839 5079 969 5146 pari
1012 5076 1174 5131 modo
1216 5077 1482 5149 publicos,
1511 5096 1621 5134 non
1653 5080 1948 5154 bilingues,
2004 5097 2115 5137 non

467 5169 597 5221 vino
624 5165 796 5218 multo
825 5164 1058 5228 deditos,
1089 5182 1199 5219 non
1226 5168 1481 5236 turpibus
1511 5169 1678 5224 lucris
1711 5175 1982 5236 vacantes,
2016 5170 2113 5224 ha-

469 5256 652 5308 bentes
680 5255 1002 5322 mysterium
1030 5254 1163 5325 ﬁdei
1193 5257 1251 5309 in
1283 5262 1617 5315 continentia
1644 5277 1786 5331 pura
1799 5278 1816 5320 ,·
1849 5266 1900 5314 et
1930 5262 1990 5315 hi
2014 5277 2115 5315 au-

469 5352 580 5396 tem
609 5341 903 5406 probentur
925 5345 1248 5414 primum,et
1275 5349 1353 5402 sic
1370 5350 1688 5404 ministrent
1716 5352 1833 5405 sine
1860 5351 2139 5404 crimme..

472 5429 578 5494 Qui
611 5433 774 5482 tanta
801 5446 942 5486 cura
988 5432 1264 5490 diaconos
1311 5435 1614 5508 eligendos
1658 5437 1940 5510 praecipit,
1969 5453 2117 5508 quos

543 5608 726 5682 (1303)
752 5608 921 5685 Vulg.
954 5614 1011 5669 et
1037 5612 1731 5688 Ambrosiast.!castitate.
