3978 6210
136 369 246 429 673

545 361 961 424 EXPOSITIO
1007 360 1084 421 IN
1131 360 1556 422 EPISTOLAS
1600 359 1854 421 PAULI.
1887 392 1964 403 —-
2005 360 2083 420 IN
2129 360 2376 422 EPIST.
2426 362 2444 420 l
2491 362 2593 420 AD
2638 360 3137 425 TIMOTHEUM.

3425 371 3543 428 674

135 501 247 557 tuit
266 496 663 562 sacerdotum,
685 498 751 549 ut
774 493 999 549 vicibus
1022 493 1398 548 deservirent.
1426 492 1587 547 Unde
1612 491 1787 546 Abias
1816 492 1869 558 Α
1899 491 2241 547 remissione
2274 497 2665 563 peccatorum,
2696 510 2870 565 quam
2906 494 2998 550 hic
3028 495 3086 551 in
3125 498 3392 567 praesenti
3428 498 3545 556 lar-

140 594 395 645 octavam
429 584 679 639 classem
711 582 945 648 habuit;
981 583 1150 652 cujus
1172 581 1295 636 vice
1320 581 1626 636 Zacharias
1660 581 1786 634 fun-

140 677 379 750 gebatur
399 671 746 738 sacerdotio,
772 672 923 725 sicut
953 670 1285 726 continetur
1314 670 1370 724 in
1396 669 1784 740 Paralipome-

142 784 251 823 non
283 766 352 832 ΙΙ,
375 779 518 819 x111:
544 762 627 817 ita
658 765 724 816 ut
754 766 1037 832 tempore,
1062 777 1176 831 quo
1202 776 1314 814 non
1347 758 1477 814 illos
1495 758 1788 828 continge-

142 857 235 911 bat
263 850 556 909 deservire
588 849 777 916 altari,
803 850 1109 904 domorum
1145 864 1388 902 suarum
1420 850 1658 917 agerent
1688 863 1786 901 cu-

144 960 278 1001 ram.
312 946 387 995 At
414 939 513 995 ubi
548 942 744 994 autem
790 942 1025 1008 tempus
1074 935 1421 991 imminebat
1452 934 1788 1002 ministerii,

144 1029 428 1107 purificati
460 1027 778 1099 aliquantis
797 1026 1005 1081 diebus
1028 1025 1383 1081 accedebant
1406 1024 1477 1079 ad
1502 1023 1788 1095 templum

147 1122 344 1178 offerre
403 1119 538 1173 Deo.
572 1115 738 1171 Nunc
795 1120 995 1170 autem
1054 1120 1274 1184 septem
1333 1114 1608 1169 diaconos
1659 1128 1787 1167 esse

146 1213 386 1281 oportet,
428 1204 760 1277 aliquantos
803 1203 1195 1275 presbyteros,
1231 1206 1293 1257 ut
1348 1201 1471 1257 bini
1522 1200 1639 1255 sint
1686 1215 1789 1271 per

148 1297 533 1361 Ecclesias,ut
552 1310 706 1348 unus
737 1292 795 1346 in
818 1292 1051 1347 civitate
1078 1291 1429 1361 Episcopus;
1456 1306 1520 1343 ac
1554 1306 1653 1360 per
1682 1288 1791 1343 hoc

152 1401 351 1443 omnes
378 1401 411 1438 a
441 1386 726 1437 conventu
778 1380 1008 1436 femina
1056 1379 1351 1435 abstinere
1397 1378 1623 1443 debere,
1659 1377 1795 1448 quia

150 1489 382 1531 necesse
408 1475 498 1528 est
518 1487 619 1526 eos
642 1469 900 1541 quotidie
923 1473 1132 1540 praesto
1153 1483 1280 1524 esse
1311 1467 1369 1522 in
1392 1466 1667 1534 Ecclesia,
1690 1481 1795 1520 nec

152 1564 359 1618 habere
385 1558 753 1624 dilationem,
780 1562 845 1613 ut
872 1562 1003 1629 post
1025 1560 1371 1612 conventum
1399 1554 1657 1626 legitime
1690 1572 1795 1627 pu-

154 1652 465 1717 riﬁcentur,
522 1648 677 1704 sicut
732 1651 975 1701 veteres.
1008 1644 1179 1700 Omni
1226 1644 1380 1699 enim
1433 1643 1797 1698 hebdomada

154 1739 509 1797 offerendum
561 1739 671 1800 est,
700 1734 928 1791 etiamsi
981 1750 1095 1788 non
1147 1732 1407 1803 quotidie
1452 1730 1796 1803 peregrinis,

152 1828 347 1884 incolis
372 1832 577 1883 tamen
599 1823 689 1880 vel
717 1824 808 1879 bis
839 1824 897 1878 in
932 1822 1327 1887 hebdomada;
1359 1825 1416 1875 et
1438 1837 1552 1875 non
1586 1822 1800 1875 desunt

154 1918 246 1990 qui
273 1932 449 1989 prope
471 1912 744 1986 quotidie
766 1912 1135 1983 baptizentur
1153 1910 1311 1983 aagri.
1336 1914 1481 1965 Nam
1504 1909 1797 1963 veteribus

155 2008 273 2061 ideo
302 2019 655 2061 concessum
687 2006 795 2066 est,
822 2000 956 2072 quia
992 1999 1178 2054 multo
1200 2003 1461 2070 tempore
1490 1998 1548 2052 in
1584 1996 1798 2068 templo

156 2110 261 2151 non
287 2092 665 2156 videbantur,
697 2090 796 2144 sed
841 2092 1007 2144 erant
1044 2092 1107 2142 ut
1139 2086 1365 2158 privati.
1396 2087 1455 2141 Si
1490 2086 1643 2142 enim
1678 2085 1798 2157 ple-

160 2184 242 2237 bis
270 2180 619 2237 hominibus
640 2176 919 2235 orationis
942 2193 1122 2231 causa
1142 2176 1211 2229 ad
1246 2181 1478 2247 tempus
1508 2174 1801 2230 abstinere

158 2288 215 2326 se
243 2269 527 2342 praecipit,
558 2273 624 2323 ut
651 2270 854 2322 vacent
876 2265 1125 2321 orationi
1152 2281 1163 2319 :
1192 2268 1412 2335 quanto
1443 2264 1633 2335 magis
1663 2263 1800 2318 levi-

154 2360 248 2426 tis,
280 2363 381 2413 aut
410 2356 818 2412 sacerdotibus
848 2358 1073 2426 oportet
1112 2353 1315 2408 orare?
1344 2353 1678 2407 Mundiores
1710 2369 1800 2407 er-

154 2463 224 2519 go
256 2462 384 2501 esse
410 2445 624 2499 debent
652 2444 898 2509 cieteris,
930 2444 1070 2515 quia
1101 2448 1325 2497 actores
1356 2443 1454 2497 Dei
1487 2445 1642 2496 sunt.

221 2554 343 2608 Haec
367 2554 473 2607 tibi
493 2552 692 2616 scribo,
722 2566 953 2621 sperans
994 2566 1080 2604 me
1128 2551 1236 2603 cito
1284 2551 1473 2605 venire
1519 2548 1589 2603 ad
1641 2557 1707 2602 te.
1742 2549 1804 2603 Si

155 2646 338 2698 autem
364 2640 675 2699 tardavero.
707 2644 768 2694 ut
808 2641 950 2694 scias
996 2638 1449 2709 quemadmodum
1478 2642 1720 2709 aperteat
1755 2646 1805 2693 te

159 2733 213 2785 in
240 2731 392 2785 domo
430 2730 538 2785 Dei
583 2730 917 2793 conversari,
948 2742 1077 2798 quae
1118 2732 1199 2782 est
1228 2727 1467 2782 Ecclesia
1514 2728 1611 2781 Dei
1664 2728 1800 2789 vivi,

164 2820 427 2886 columna,
477 2828 533 2875 et
580 2818 996 2887 ﬁrmamentum
1053 2816 1325 2871 veritatis.
1375 2816 1669 2879 Quantum
1731 2815 1801 2869 ad

165 2907 457 2963 scientiam
487 2906 626 2977 ejus
678 2904 1025 2976 pertinebat,
1057 2903 1166 2959 hoc
1212 2908 1331 2959 erat
1363 2904 1421 2957 in
1455 2920 1519 2957 eo
1546 2904 1698 2974 quod
1733 2903 1806 2957 ci-

163 2997 274 3051 tius
303 2996 466 3051 illum
518 2994 761 3050 visurus
790 2998 962 3049 esset.
995 2994 1105 3048 Sed
1153 2993 1291 3063 quia
1322 2992 1469 3048 solet
1503 2991 1658 3047 aliud
1690 2991 1804 3047 Deo

160 3086 395 3158 placere,
418 3086 601 3155 cujus
632 3082 993 3155 providentia
1028 3082 1138 3153 ipsi
1180 3080 1283 3136 soli
1317 3081 1549 3152 cognita
1577 3087 1685 3147 est,
1717 3081 1805 3135 id-

163 3174 307 3230 circo
337 3191 408 3229 ne
439 3175 620 3239 forte,
653 3171 867 3242 inquit,
900 3171 1148 3235 tardem,
1182 3171 1371 3225 scribo
1401 3169 1527 3239 tibi,
1560 3174 1624 3223 ut
1653 3170 1806 3225 scias

164 3265 442 3335 quomodo
464 3260 795 3317 Ecclesiam
828 3260 1081 3330 ordines,
1102 3276 1229 3329 quae
1259 3259 1577 3313 estdomus
1600 3258 1717 3325 Dei,
1742 3263 1808 3313 ut

165 3370 288 3408 cum
318 3357 479 3408 totus
512 3350 781 3405 mundus
829 3348 930 3404 Dei
961 3348 1040 3404 sit
1069 3348 1344 3413 Ecclesia,
1368 3353 1562 3402 tamen
1596 3348 1807 3402 domus

164 3441 279 3511 ejus
308 3438 748 3508 dicatur,cujus
769 3437 939 3493 hodie
965 3440 1156 3492 rector
1179 3440 1269 3491 est
1287 3436 1575 3491 Damasus
1602 3436 1805 3507 (1304).

163 3529 407 3585 Mundus
438 3528 609 3585 enim
640 3526 697 3581 in
732 3524 1201 3597 praevaricatione
1230 3530 1321 3580 est
1349 3525 1577 3580 diverso
1608 3526 1810 3579 turba-

162 3621 248 3674 tus
277 3635 492 3675 errore.
534 3616 671 3671 Ideo
718 3614 836 3670 illic
888 3630 1123 3670 necesse
1154 3618 1243 3669 est
1274 3613 1504 3669 dicatur
1549 3630 1678 3669 esse
1708 3614 1809 3668 do-

163 3723 286 3763 mus
305 3707 426 3776 Dei,
442 3711 501 3763 et
522 3703 762 3771 veritas,
782 3702 882 3759 ubi
909 3704 1235 3759 secundum
1255 3701 1617 3758 voluntatem
1642 3719 1810 3757 suam

164 3794 418 3866 timetur,
452 3795 572 3851 hoc
604 3792 1015 3864 proﬁtentibus
1046 3793 1118 3847 de
1166 3808 1231 3847 eo
1276 3790 1477 3856 servis,
1502 3792 1657 3862 quod
1686 3790 1813 3862 ipse

166 3885 434 3957 dignatus
456 3887 556 3940 est
573 3882 836 3938 edocere.
860 3881 943 3936 Ne
966 3882 1108 3936 forte
1137 3882 1313 3936 verba
1339 3881 1468 3951 ejus
1489 3896 1616 3936 esse
1637 3896 1811 3952 nega-

168 3978 380 4029 rentur.
411 3971 740 4028 virtutibus
772 3970 892 4025 hac
944 3969 1214 4041 signavit,
1248 3986 1375 4041 quis
1414 3986 1448 4025 a
1492 3968 1653 4025 nullo
1701 3968 1815 4024 alio

169 4062 285 4118 ﬁeri
328 4065 607 4135 possunt,
647 4064 712 4115 ut
755 4059 849 4115 his
898 4057 1214 4114 inﬁdelitas
1263 4062 1539 4114 accusata
1583 4059 1815 4114 inexcu-

170 4149 364 4207 sabilis
395 4153 621 4222 pereat.
660 4148 1125 4204 Firmamentum
1158 4146 1314 4203 enim
1343 4148 1602 4203 veritatis
1639 4146 1818 4219 hujus

171 4239 333 4310 signa
360 4244 505 4295 sunt
539 4242 596 4293 et
626 4236 911 4309 prodigia.

238 4328 302 4381 Et
330 4327 553 4399 quidem
585 4326 833 4381 omnium
875 4324 1217 4394 confessione
1257 4340 1520 4393 magnum
1548 4329 1626 4381 est
1657 4325 1821 4396 hujus

167 4417 389 4486 pietatis
420 4415 768 4486 mysterium.
798 4412 1036 4469 Nullum
1060 4411 1323 4468 ﬁdelium
1347 4413 1627 4467 admirari
1652 4418 1825 4485 negat

173 4509 609 4560 sacramentum
632 4501 896 4558 veritatis
918 4501 976 4556 in
1001 4501 1260 4557 Ecclesia
1283 4501 1626 4573 praedicatis,
1646 4519 1820 4572 quam

1898 580 2074 650 gitur.

1969 668 2116 735 Quot
2148 668 2482 724 declaratum
2512 676 2591 723 est
2640 687 2698 725 in
2746 688 2932 737 carne,
2958 676 3327 744 justiﬁcatum
3377 682 3457 733 est
3486 680 3546 733 in

1894 759 2120 827 spiritu,
2152 760 2327 812 visum
2357 766 2432 812 est
2477 760 2710 828 angelis,
2738 762 3103 831 praedicatum
3152 768 3227 818 est
3273 768 3546 831 gentibus.

1896 844 2159 900 creditum
2192 854 2269 901 est
2298 848 2357 900 in
2387 847 2483 901 hoc
2522 848 2743 912 mundo,
2776 861 3113 921 assumptum
3144 862 3223 907 est
3256 857 3315 907 in
3344 856 3545 923 gloria.

1898 935 2343 989 Sacramentum
2393 938 2651 1006 mysterii
2700 937 2821 1005 Dei,
2854 942 3004 1009 quod
3059 947 3146 996 est
3192 943 3457 999 Christus
3488 946 3545 1000 in

1900 1039 2094 1088 carne,
2129 1023 2269 1077 dicit
2310 1024 2748 1081 manifestatum
2782 1028 2935 1099 quod
2977 1030 3193 1085 latebat
3224 1032 3278 1085 in
3313 1034 3545 1103 spiritu.

1904 1111 2089 1167 Natus
2119 1112 2273 1166 enim
2325 1113 2499 1167 homo
2551 1114 2731 1169 Filius
2766 1118 2882 1182 Dei,
2919 1118 3016 1188 qui
3068 1120 3123 1173 in
3177 1127 3395 1175 secreto
3426 1127 3550 1177 erat

1904 1200 2058 1271 apud
2110 1206 2311 1266 Deum,
2358 1218 2549 1273 opere,
2583 1209 2638 1256 et
2688 1205 3096 1273 praedicatione
3144 1209 3458 1265 declaravit
3486 1228 3548 1267 se

1904 1293 2199 1343 creaturae.
2236 1291 2303 1343 Et
2350 1290 2457 1344 hoc
2498 1293 2997 1360 estjustilicatum
3033 1312 3159 1351 esse
3206 1297 3263 1351 in
3316 1300 3546 1370 spiritu,

1903 1377 2180 1447 operibus
2202 1382 2257 1432 et
2277 1378 2489 1432 virtute
2515 1378 2797 1434 claruisse
2820 1398 2975 1450 eum,
3002 1384 3102 1453 qui
3127 1391 3249 1439 erat
3274 1386 3331 1440 in
3354 1405 3547 1453 carne,

1904 1466 2037 1536 quis
2067 1470 2248 1532 esset;
2283 1467 2493 1521 deinde
2525 1470 2867 1538 apparuisse
2908 1472 3155 1541 angelis,
3196 1492 3307 1528 non
3332 1476 3458 1545 jam
3492 1476 3549 1530 in

1906 1554 2102 1609 formae
2135 1554 2486 1619 humilitate,
2521 1557 2619 1610 sed
2673 1557 2730 1610 in
2776 1563 3078 1628 potestate.
3113 1562 3340 1616 Tandiu
3395 1565 3550 1618 enim

1906 1648 2142 1713 aspectu
2178 1643 2417 1697 humilis
2449 1644 2608 1699 visus
2638 1651 2725 1701 est
2760 1663 2861 1717 per
2891 1664 3149 1713 carnem,
3175 1652 3433 1721 quandiu
3460 1653 3554 1706 de-

1904 1731 2058 1785 victa
2087 1737 2274 1787 morte
2320 1740 2647 1803 resurgeret
2680 1753 2711 1789 a
2742 1738 2992 1791 mortuis
3024 1743 3081 1791 et
3110 1739 3400 1795 videretur
3429 1758 3551 1796 ma-

1898 1820 2084 1890 jestas
2115 1821 2264 1889 ejus,
2290 1822 2388 1891 qui
2424 1826 2594 1876 natus
2629 1828 2691 1877 ut
2722 1824 2921 1894 homo,
2947 1843 3059 1880 non
3092 1833 3233 1895 erat,
3267 1833 3425 1883 totus
3457 1831 3556 1885 ho-

1908 1925 2040 1963 mo:
2076 1914 2137 1963 ut
2168 1916 2548 1980 agnoscentes
2580 1911 2769 1983 angeli
2808 1916 3176 1985 mysterium,
3203 1919 3355 1987 quod
3394 1922 3555 1989 prius

1908 1996 2473 2064 latuit,declaratum
2498 1998 2555 2052 in
2579 2016 2770 2063 carne,
2788 2017 2938 2071 genu
2968 2002 3049 2055 illi
3073 2004 3367 2059 flectentes
3388 2008 3557 2076 quasi

1908 2085 2025 2140 Deo
2052 2087 2271 2156 gratias
2314 2093 2509 2157 agant,
2534 2087 2672 2157 quia
2722 2090 3052 2144 didicerunt
3085 2093 3404 2157 veritatem,
3429 2112 3557 2165 quae

1909 2175 2183 2244 gentibus
2216 2175 2526 2246 praedicata
2556 2182 2664 2243 est,
2689 2182 2753 2231 ut
2791 2178 2863 2231 ab
2895 2194 3091 2235 errore
3135 2180 3553 2251 liberarentur;

1908 2262 1967 2317 in
2000 2280 2114 2334 quo
2162 2266 2417 2319 mundus
2477 2266 2723 2335 prolicit,
2772 2272 2835 2321 ut
2896 2286 3004 2323 non
3057 2270 3389 2326 damnetur.
3427 2273 3557 2327 Ideo

1910 2352 2065 2408 enim
2111 2353 2391 2407 creditum
2445 2359 2534 2408 est
2582 2356 2801 2410 mundo
2854 2357 2948 2411 Dei
3003 2364 3459 2427 sacramentum,
3494 2366 3559 2415 ut

1912 2440 2153 2512 perlidia
2179 2442 2305 2511 ejus
2337 2442 2563 2496 veniam
2597 2445 2809 2498 erroris
2845 2447 3053 2499 mereri
3088 2464 3200 2500 non
3236 2450 3448 2519 possit;
3483 2450 3559 2503 si-

1912 2534 2009 2583 cut
2041 2528 2181 2584 dicit
2212 2530 2494 2585 Dominus
2528 2532 2599 2585 de
2628 2531 2845 2586 JllllLBIS
2879 2551 2890 2588 :
2926 2534 2986 2587 Si
3034 2552 3137 2588 non
3191 2539 3475 2605 renissem,
3509 2546 3560 2593 et

1912 2619 2121 2674 locutus
2152 2621 2230 2673 eis
2258 2621 2506 2689 fuissem,
2527 2630 2803 2689 peccatum
2836 2638 2946 2677 non
2976 2624 3259 2678 haberent.
3284 2627 3437 2680 Nunc
3455 2644 3560 2682 au-

1912 2717 2022 2762 tem
2047 2710 2450 2763 excusationem
2472 2724 2579 2762 non
2604 2709 2805 2765 habent
2826 2710 2891 2766 de
2907 2718 3131 2782 peccato
3150 2730 3245 2768 suo
3266 2716 3440 2783 (Joan.
3466 2734 3559 2782 xv,

1910 2796 2001 2866 2'3)
2025 2814 2036 2850 :
2064 2796 2202 2866 quia
2224 2796 2375 2867 quod
2400 2796 2555 2851 velut
2579 2798 2876 2853 inﬁrmum
2901 2805 2956 2854 et
2981 2801 3237 2857 deforme
3259 2808 3557 2875 contemp-

1913 2890 2134 2953 serunt,
2161 2890 2531 2956 assumptum
2574 2891 2661 2941 est
2693 2888 2751 2941 in
2784 2887 2985 2959 gloria.
3013 2889 3146 2944 Post
3176 2908 3407 2946 crucem
3441 2910 3562 2949 ma-

1914 2974 2125 3028 nifesta
2156 2990 2400 3044 persona
2448 2979 2503 3029 et
2533 2975 2746 3030 virtute
2777 2994 2903 3043 sua,
2938 2977 3201 3033 Salvator
3248 2981 3441 3051 palam
3474 2983 3560 3037 la-

1915 3062 2276 3116 mulantihus
2310 3064 2565 3119 nubibus
2596 3066 2860 3120 ascendit
2888 3066 3176 3137 gloriosus
3208 3068 3264 3122 in
3302 3069 3494 3125 cmlos.

1983 3170 2137 3237 (ΟΑΡ.
2176 3168 2287 3238 IV.)
2319 3168 2561 3239 Spiritus
2604 3180 2787 3225 autem
2829 3174 3119 3241 manifeste
3149 3174 3305 3239 dicit,
3338 3177 3469 3244 quia
3500 3179 3557 3231 in

1914 3259 2222 3312 novissimis
2254 3258 2581 3328 temporibus
2624 3259 2873 3313 recedent
2917 3262 3139 3331 quidam
3172 3280 3205 3315 a
3234 3250 3358 3330 ﬁde,
3386 3268 3561 3319 atten-

1915 3346 2094 3400 dentes
2149 3347 2378 3415 spiritus
2433 3347 2675 3415 fallaces,
2726 3347 3000 3402 doctrinas
3050 3352 3451 3405 dzcmoniorum
3496 3355 3558 3407 in.

1917 3435 2270 3489 simulatione
2325 3434 2771 3504 falsiloquomm,
2814 3439 3194 3491 cauteritatam
3242 3438 3559 3496 habentium

1916 3524 2307 3579 conscientiam
2334 3538 2514 3587 suam,
2546 3523 2951 3591 prohibentium
2983 3526 3207 3592 nubere,
3231 3528 3498 3585 abstinere
3526 3548 3562 3585 a

1918 3613 2073 3679 cibis,
2096 3627 2226 3682 quos
2258 3613 2397 3666 Deus
2426 3614 2631 3667 creavit
2660 3613 2729 3667 ad
2766 3614 3178 3686 percipiendum
3206 3634 3329 3672 cum
3354 3621 3563 3689 gratia-

1921 3719 2048 3757 rum
2075 3703 2287 3756 actione
2333 3700 2601 3773 ﬁdelibus,
2632 3706 2685 3757 et
2715 3703 2799 3758 his
2828 3706 2925 3775 qui
2950 3710 3314 3776 cognoverunt
3358 3710 3563 3765 verita-

1922 3797 2031 3847 tem
2044 3807 2064 3852 ;
2093 3792 2225 3861 quia
2254 3793 2429 3847 omnis
2454 3801 2708 3847 creatura
2738 3796 2842 3848 Dei
2871 3794 3031 3863 bona,
3064 3804 3114 3850 et
3144 3798 3287 3852 nihil
3315 3798 3567 3869 rejicien-

1924 3880 2074 3950 dum,
2105 3880 2250 3951 quod
2277 3897 2401 3935 cum
2429 3884 2739 3951 gratiarum
2766 3885 2976 3939 actione
3002 3887 3319 3957 percipitur.
3353 3887 3572 3943 Sancti-

1925 3970 2124 4040 ﬁcatur
2151 3970 2295 4023 enim
2324 3986 2425 4040 per
2451 3972 2676 4025 verbum
2704 3972 2802 4027 Dei
2847 3976 2896 4027 et
2939 3976 3263 4029 orationem.
3298 3975 3430 4038 Quae
3462 3977 3574 4032 sibi

1924 4057 2174 4129 Spiritus
2200 4062 2438 4113 sanctus
2461 4060 2656 4113 futura
2682 4059 3015 4116 revelaverit
3035 4062 3106 4116 ad
3131 4063 3574 4119 instructionem

1927 4145 2319 4202 Ecclesiarum
2351 4150 2409 4200 et
2436 4145 2746 4212 cautelam,
2780 4165 2895 4202 non
2931 4154 3099 4217 tacet,
3123 4155 3189 4203 ut
3218 4151 3575 4220 praemonita:

1929 4234 2198 4290 Ecclesiae
2253 4232 2510 4287 sollicita:
2544 4234 2679 4303 sint,
2714 4252 2785 4289 ne
2835 4236 2905 4289 ab
2957 4236 3297 4306 hujusmodi
3346 4240 3577 4310 possint

1932 4322 2335 4380 circumveniri
2369 4322 2723 4377 hominibus.
2758 4324 2902 4386 Quid
2954 4324 3108 4378 enim
3157 4330 3278 4380 tam
3328 4326 3574 4396 clarum,

1931 4418 2171 4483 tamque
2202 4416 2467 4483 apertum
2502 4412 2571 4465 ad
2604 4412 2926 4477 evitandas,
2951 4418 3051 4467 aut
3083 4414 3269 4486 magis
3300 4418 3574 4471 condem-

1935 4503 2161 4558 nandos
2183 4502 2455 4556 doctrinae
2485 4500 2661 4571 hujus
2685 4501 2970 4572 pertilerie
2989 4502 3161 4568 viros,
3189 4504 3378 4574 potuit
3400 4506 3584 4559 mani-

173 4591 445 4663 pietatem
468 4590 746 4663 appellat.
766 4589 1246 4662 Magnanimitate
1267 4589 1424 4645 enim
1444 4594 1502 4644 et
1519 4589 1827 4646 clementia
1856 4594 1900 4659 D
1933 4592 2081 4647 festa
2108 4608 2249 4646 voce
2279 4590 2528 4662 praefari,
2552 4590 2661 4645 nisi
2712 4595 2776 4644 ut
2813 4592 3298 4647 asseverationem
3355 4608 3579 4663 eorum,

174 4696 281 4734 sua
312 4680 802 4750 cognoscentibus
833 4696 896 4735 se
925 4678 1120 4735 divina
1149 4679 1353 4735 tribuit
1385 4680 1557 4747 dona,
1584 4685 1823 4752 excepta

246 4894 623 4966 (1394)7Anno
653 4895 869 4951 Christi
900 4895 1005 4949 366
1035 4898 1265 4949 creatus
1296 4893 1407 4948 fuit
1438 4910 1588 4966 papa
1618 4893 1824 4950 Dama-

176 4981 297 5019 sus.
330 4964 688 5037 Obiitianno
736 4966 861 5020 384.
900 4968 1071 5021 Divus
1122 4964 1469 5020 Ambrosius
1516 4964 1826 5037 episcopus

179 5041 407 5091 creatus
442 5036 557 5090 fuit
593 5054 745 5092 anno
776 5039 900 5097 374,
926 5043 1191 5093 mortuus
1221 5054 1353 5091 vero
1395 5054 1549 5091 anno
1579 5036 1829 5092 397.Ήί-

180 5105 361 5179 larius
392 5107 681 5179 diaconus
704 5125 857 5163 anno
888 5110 1011 5164 362.
1039 5108 1287 5163 Luciferi
1310 5111 1435 5177 jam
1459 5107 1651 5162 socius
1680 5108 1830 5179 lega-

179 5178 353 5251 tionis
415 5179 489 5251 ad
544 5178 945 5251 Constantium
1002 5181 1413 5251 imperatorem
1477 5179 1830 5235 Luciieriauo

179 5248 754 5320 schismatiadhaesit
772 5267 955 5319 usque
975 5252 1045 5305 ad
1066 5248 1582 5320 rebaptizationem
1606 5267 1828 5317 eorum,

181 5320 277 5391 qui
304 5322 377 5375 ab
411 5318 648 5391 Arianis
692 5318 971 5391 baptisati
1002 5325 1185 5376 erant.
1211 5318 1377 5385 Quod
1410 5321 1668 5375 schisma
1699 5338 1832 5376 cum

180 5390 305 5470 ipso
338 5389 564 5444 Hilario
593 5391 705 5445 cito
738 5389 907 5515 pleriit
936 5396 1172 5447 auctore
1204 5392 1430 5447 Fleurio
1462 5392 1597 5446 hist.
1627 5392 1833 5447 eccles.

180 5458 283 5515 11b.
308 5477 403 5519 xv.
428 5475 601 5514 num.
631 5462 721 5514 29.
800 5463 849 5517 ic
880 5469 1073 5519 autem
1103 5466 1385 5519 tanquam
1417 5461 1614 5517 vivens
1646 5464 1833 5519 ponti-

205 5475 283 5515 ID.
308 5477 403 5518 XV.
428 5475 601 5514 num.
631 5475 721 5514 ΖΗ.
746 5475 849 5517 HIC
880 5475 1073 5518 autem
1103 5475 1385 5518 tanquam
1417 5478 1614 5517 VIVBDS
1646 5475 1833 5518 οοηῐι-

187 5480 283 5515 un.
308 5480 403 5527 xv,
428 5480 601 5541 num.
632 5480 721 5514 ω.
746 5480 849 5517 nnc
880 5480 1073 5519 autem
1103 5480 1385 5533 tanquam
1417 5480 1614 5517 Vivens
1646 5480 1833 5543 ponu-

187 5530 275 5585 fex
296 5536 604 5606 asseritur
630 5531 955 5606 Damasus.
982 5535 1277 5606 Frequens
1308 5533 1503 5606 citatio
1530 5533 1666 5606 _div1
1702 5534 1838 5587 Gre-

191 5601 357 5678 gorii,
380 5610 451 5678 et,
472 5601 706 5678 infinita
720 5604 839 5678 alia
858 5601 1224 5678 argumenta,
1249 5620 1376 5678 quis
1398 5602 1576 5678 nimis
1599 5604 1838 5678 longum

194 5672 369 5742 esset,
401 5676 463 5729 et
494 5672 604 5729 abs
634 5688 693 5729 re
720 5672 814 5731 hic
842 5672 1070 5746 reférre,
1092 5680 1150 5733 et
1171 5672 1300 5749 quas
1330 5672 1518 5730 fusius
1550 5674 1609 5730 in
1640 5672 1842 5746 praefa-

1934 4679 2192 4735 lallacem
2214 4696 2279 4734 ac
2297 4679 2634 4734 simulatam
2651 4680 2974 4735 doctrinam
2994 4680 3419 4737 daemoniorum
3437 4699 3584 4737 nun-

1936 4895 2113 4961 tione,
2151 4896 2395 4966 probant
2425 4900 2659 4950 cmteras
2705 4892 3001 4965 epistolas,
3038 4893 3196 4949 hisce
3227 4895 3297 4949 ad
3328 4895 3587 4951 Thessa-

1936 4966 2261 5022 lonicenses
2295 4967 2542 5031 duabus,
2578 4968 2922 5036 duabusque
2967 4966 3037 5019 ad
3084 4967 3454 5021 Timotheum
3489 4984 3583 5021 ex-

1939 5038 2143 5109 ceptis,
2178 5037 2346 5106 longe
2397 5042 2528 5109 post
2558 5037 2838 5091 Hilarium
2872 5042 2927 5090 et
2957 5037 3156 5109 divum
3206 5039 3583 5092 Ambrosium

1938 5108 2405 5180 expositas‘esse
2441 5124 2451 5158 :
2484 5108 2569 5180 in
2619 5108 2822 5180 primis
2874 5108 3096 5162 scilicet
3145 5109 3215 5162 ad
3272 5109 3585 5180 Romanos,

1941 5176 2025 5236 ad'
2046 5176 2394 5248 Corinthios,
2430 5178 2498 5229 ad
2543 5176 2797 5243 Galatas,
2832 5184 2965 5243 etc.,
3002 5196 3187 5248 usque
3219 5180 3288 5233 ad
3322 5179 3483 5233 illam
3517 5179 3589 5233 ad

1941 5248 2345 5319 Philippenses
2379 5246 2546 5319 longe
2594 5254 2683 5319 est
2731 5249 3014 5319 expositio
3067 5246 3184 5303 hanc
3217 5252 3287 5303 ab
3322 5250 3424 5304 illa
3452 5251 3588 5304 Am-

1945 5318 2321 5390 brosias_tri_:
2381 5318 2520 5385 quid
2581 5318 2847 5390 dicamus
2906 5321 2975 5372 de
3033 5319 3124 5373 his
3184 5320 3460 5390 Epistolis
3520 5321 3591 5375 ad

1945 5387 2495 5447 Thessalonicenses
2528 5391 2585 5439 et
2614 5389 3010 5453 Timotheum,
3044 5390 3208 5443 valde
3233 5387 3455 5446 'incerti
3491 5408 3591 5446 su-

1948 5478 2101 5523 mus,
2138 5457 2354 5511 mentio
2387 5455 2479 5509 hic
2513 5457 2582 5510 de
2612 5458 2865 5514 Damaso
2900 5476 3157 5514 coaevum
3192 5461 3428 5515 redolet.
3454 5466 3595 5517 Pos-

1948 5536 2037 5588 set
2063 5535 2259 5603 tamen
2292 5527 2424 5603 haec
2456 5541 2598 5603 esse
2631 5545 2699 5583 ex
2746 5529 2818 5603 iis
2866 5530 3440 5603 interpﬁolationibus,
3473 5549 3596 5602 quas

1949 5599 2273 5673 smpissime
2304 5595 2430 5675 fieri
2462 5597 2727 5657 solebant
2758 5602 2829 5658 ab
2872 5595 3321 5675 expositoribus.
3351 5595 3503 5660 Vide
3528 5603 3599 5664 de

1951 5667 2059 5731 hac
2090 5686 2150 5726 re
2181 5667 2602 5743 praefationem.
