3978 6210
426 384 545 444 675

1447 377 1786 439 ATTONIS
1832 374 2416 438 VERCELLENSIS
2464 376 2811 437 EPISCOPI

3707 382 3813 446 676

430 518 693 587 cuparot,
715 517 781 567 ut
809 527 941 567 cum
964 510 1141 581 hujus
1174 510 1621 565 asseverationis
1648 526 1944 565 sermones
1976 525 2073 563 au-
2102 510 2153 575 Α
2186 508 2243 561 ἱη
2277 508 2704 579 disputationes
2737 508 3098 578 hujusmodi.
3133 507 3337 565 Pietati
3368 514 3561 567 autem
3592 528 3812 584 operam

430 605 694 667 diuntur,
745 619 778 656 a
827 599 1057 654 diabolo
1103 599 1427 669 composita
1484 616 1611 654 esse
1660 599 1924 654 doctrina
1954 598 2076 651 haec

430 693 699 755 sciretur,
724 704 899 761 quam
932 688 1271 759 praadixerat
1289 687 1541 756 Spiritus
1573 692 1830 753 sanctus,
1857 704 1983 758 quae
2006 687 2075 739 de

428 778 826 836 incarnatione
872 774 1187 829 Salvatoris
1238 774 1449 829 asserit
1478 774 1640 839 falsa,
1670 793 1796 847 qum
1830 791 1983 828 nunc
2015 774 2073 827 in

432 866 813 930 Marcionitis,
836 863 1102 935 quamvis
1134 880 1280 933 pene
1324 863 1655 932 defecerint,
1680 863 1765 918 vel
1808 862 2073 918 Patritia-

431 958 524 1013 nis
546 956 748 1027 (1305),
781 956 881 1007 aut
902 951 1153 1006 maxime
1175 952 1231 1004 in
1258 951 1593 1005 Manichzeis
1624 950 1974 1005 denotatur?
2007 950 2074 1004 Hi

428 1046 585 1102 enim
616 1048 672 1098 et
700 1042 995 1096 Christum
1028 1044 1231 1093 natum
1262 1045 1500 1111 negant,
1532 1045 1589 1094 et
1619 1040 1853 1110 nuptias
1886 1039 2076 1110 prohi-

428 1134 586 1200 bent,
610 1134 667 1186 et
695 1128 1108 1185 abstinendum
1140 1145 1174 1182 a
1202 1128 1348 1183 cibis
1370 1128 1630 1182 tradunt.
1655 1131 1913 1191 Quorum
1939 1144 2071 1182 can-

427 1220 697 1277 teriatam
747 1216 890 1272 dicit
936 1215 1378 1281 conscientiam,
1410 1216 1519 1271 hoc
1567 1221 1653 1271 est
1701 1217 2075 1271 simulatione

427 1312 783 1380 corruptam,
808 1305 947 1376 quia
977 1304 1130 1359 sicut
1150 1304 1475 1358 cauterium
1502 1304 1721 1359 corium
1756 1303 2076 1375 corrumpit

429 1404 486 1454 et
514 1402 712 1453 notam
758 1393 988 1465 inﬂigit,
1021 1392 1101 1447 ita
1130 1398 1186 1447 et
1216 1391 1445 1447 fallacia
1475 1394 1913 1460 conscientiam,
1948 1410 2076 1465 quis

432 1485 565 1541 dolo
583 1481 1001 1539 malevolentiae
1029 1479 1185 1534 aliud
1210 1482 1339 1551 scit,
1362 1485 1419 1535 et
1444 1480 1602 1535 aliud
1627 1482 1949 1551 profitetur,
1976 1482 2072 1535 de-

432 1580 599 1630 notat
629 1572 700 1627 ad
734 1570 1137 1643 perditionem.
1162 1568 1291 1623 Jam
1323 1569 1478 1623 enim
1509 1569 1808 1623 immutari
1838 1570 1943 1624 hos
1974 1587 2073 1625 ne-

432 1666 550 1735 gat,
565 1666 630 1716 ut
644 1656 1106 1728 salventur,quia
1123 1657 1275 1711 sicut
1292 1657 1615 1712 cauterium
1638 1658 1936 1712 immutari
1960 1676 2073 1713 non

431 1754 647 1824 potest,
670 1748 752 1803 ita
778 1763 882 1801 nec
906 1761 1105 1801 eorum
1128 1746 1362 1800 animus
1383 1746 1711 1813 emendari;
1746 1746 1893 1801 nihil
1916 1747 2071 1802 enim

430 1840 600 1912 pejus
648 1835 1041 1893 simulatione.
1070 1834 1243 1939 ft‘ales
1289 1834 1445 1939 eninm
1490 1835 1549 1932 bi
1601 1840 1761 1901 sunt,
1787 1835 1989 1934 quales
2019 1841 2150 1939 etB

429 1926 615 1985 ,ἴυόωί
661 1925 764 1993 illi,
798 1923 898 1995 qui
945 1921 1338 1994 intelligentes
1368 1922 1665 1977 Christum
1716 1925 1812 1978 Dei
1865 1925 2074 1979 virtute

428 2014 677 2089 operari,
696 2015 753 2069 in
772 2011 1090 2068 Beelzebub
1114 2010 1235 2065 haec
1252 2013 1323 2065 ab
1344 2027 1410 2066 eo
1432 2012 1554 2076 fieri
1578 2012 2068 2083 dicebantUtlatth.

425 2122 518 2171 xx,
542 2103 640 2170 2/2;
662 2102 825 2157 Marc.
852 2118 934 2167 ιη,
958 2100 1055 2167 22;
1081 2103 1206 2155 Luc.
1231 2116 1309 2165 xx,
1338 2101 1445 2171 15).
1471 2100 1542 2155 Ut
1566 2102 1721 2155 enim
1748 2101 2073 2157 Fabricato-

426 2210 548 2251 rem
581 2189 837 2248 hominis
868 2188 1020 2243 male
1060 2192 1327 2255 tractent,
1363 2205 1495 2243 cum
1528 2193 1698 2243 natos
1730 2207 1791 2244 se
1822 2208 1936 2245 non
1969 2192 2069 2245 do-

423 2283 600 2348 leant,
633 2279 867 2351 nuptias
899 2282 1096 2332 tamen
1129 2276 1460 2347 prohibent,
1486 2284 1542 2332 et
1573 2280 1800 2333 Christo
1833 2295 2068 2335 carnem

424 2369 801 2435 subtrahunt,
834 2372 892 2421 et
920 2371 986 2420 ut
1017 2366 1089 2420 ad
1133 2366 1259 2435 ejus
1306 2364 1587 2435 injuriam
1638 2368 1963 2437 proﬁciant,
1999 2370 2069 2423 ab

423 2460 686 2529 bis,quts
718 2456 926 2511 usibus
957 2452 1174 2508 nostris
1217 2452 1494 2519 instituit,
1519 2454 1932 2509 abstinendum
1968 2457 2069 2510 do-

425 2551 580 2611 cent,
613 2550 679 2600 ut
723 2560 827 2616 per
882 2544 937 2597 id
998 2541 1152 2613 quod
1185 2542 1613 2612 despiciuntur,
1647 2544 1803 2597 mala
1859 2561 1986 2599 esse
2014 2550 2071 2599 et

427 2634 581 2691 malo
634 2637 870 2688 auctore
924 2630 1159 2683 inventa
1212 2628 1536 2683 videantur.
1572 2631 1717 2685 Hinc
1769 2639 1857 2685 est
1917 2634 2071 2689 unde

424 2721 742 2796 Apostolus
771 2718 970 2774 omnia
999 2733 1034 2772 a
1063 2722 1174 2771 Deo
1198 2717 1349 2771 bona
1381 2717 1534 2772 facta
1562 2734 1690 2772 esse
1721 2720 1992 2785 ostendit,
2019 2720 2069 2774 si

425 2818 622 2868 tamen
646 2825 779 2865 cum
803 2806 1126 2879 gratiarum
1150 2807 1375 2859 actione
1400 2809 1730 2859 sumantur.
1764 2808 2071 2864 Immunda

425 2900 582 2957 enim
613 2901 784 2953 erunt
814 2895 867 2950 ei
914 2894 1014 2965 qui
1066 2910 1178 2948 non
1212 2893 1412 2948 laudat
1463 2894 1522 2948 in
1573 2893 1664 2948 his
1717 2896 2065 2952 Creatorem.

424 2990 550 3045 Non
584 2987 740 3042 enim
770 2986 1019 3057 possunt
1065 2982 1211 3037 bene
1240 2980 1326 3035 illi
1367 2983 1664 3053 proﬁcere,
1696 2984 1796 3054 qui
1846 2985 1927 3039 sic
1972 2985 2069 3041 illa

424 3075 628 3141 sumit,
663 3079 729 3129 ut
764 3056 914 3128 male
940 3074 1147 3126 tractet
1176 3071 1486 3125 Auctorem
1516 3086 1738 3127 eorum.

497 3169 628 3221 Haec
652 3165 824 3234 igitur
851 3175 1158 3231 proponens
1176 3158 1466 3229 fratribus,
1493 3159 1661 3214 bonus
1680 3163 1787 3215 eris
1818 3162 2070 3217 minister

2186 598 2436 651 dandam
2464 597 2961 669 commonet,quia
2980 599 3262 668 grandem
3286 599 3459 654 habet
3483 601 3812 672 profectum.

2186 686 2291 751 Qui
2323 686 2479 740 enim
2522 685 2936 741 misericordiae
2983 687 3221 742 student
3264 687 3612 755 senioribus,
3643 691 3814 746 vicem

2186 774 2493 829 reddentes
2517 775 2881 846 parentibus,
2901 779 2957 829 et
2977 774 3035 829 in
3059 777 3330 846 praesenti
3352 775 3468 832 vita
3490 777 3706 834 auxilia
3723 780 3815 837 Dei

2186 879 2303 918 non
2338 864 2582 917 deerunt
2610 861 2749 928 illis,
2777 868 2835 917 et
2881 863 2940 917 in
2971 862 3163 919 futuro
3194 864 3697 922 immortalitatem
3726 868 3816 923 ha-

2184 950 2405 1005 bebunt
2435 968 2565 1005 cum
2601 951 2801 1022 gloria.
2828 952 3180 1007 Exercitium
3206 958 3404 1007 autem
3435 955 3727 1026 corporale
3755 958 3816 1013 ad

2186 1039 2482 1094 modicum
2517 1039 2656 1093 utile
2687 1039 2849 1093 dicit.
2881 1039 3156 1108 Jejunare
3186 1041 3364 1107 enim,
3394 1046 3451 1095 et
3480 1043 3764 1101 abstinere
3789 1064 3819 1101 a

2185 1127 2352 1192 cibis,
2387 1133 2658 1182 manente
2707 1128 3050 1183 auctoritate
3075 1129 3379 1196 Creatoris,
3416 1146 3533 1184 non
3582 1132 3814 1190 multum

2185 1216 2444 1286 prodest,
2471 1217 2582 1270 nisi
2616 1222 2679 1271 ut
2701 1217 2872 1270 detur
2902 1216 3039 1271 huic
3070 1216 3275 1288 pietas,
3299 1219 3469 1288 cujus
3492 1235 3666 1290 opera
3684 1222 3817 1277 mul-

2186 1306 2375 1358 torum
2412 1305 2681 1374 precibus
2712 1304 3027 1374 adjuvetur
3057 1306 3125 1359 ad
3154 1305 3470 1361 Dominum
3506 1323 3814 1379 promeren-

2185 1393 2346 1447 dum.
2394 1393 2651 1464 Denique
2710 1392 2861 1463 illos,
2896 1390 2993 1464 qui
3054 1392 3330 1449 fratribus
3379 1394 3528 1468 largi
3587 1403 3735 1469 sunt,
3763 1406 3813 1455 et

2181 1481 2359 1536 variis
2391 1481 2580 1536 titulis
2611 1482 3017 1552 obsequentes,
3052 1482 3111 1536 in
3141 1483 3319 1536 vitam
3353 1488 3629 1540 aeternam
3660 1488 3814 1559 profi-

2184 1585 2313 1624 cere
2343 1570 2722 1640 Evangelicus
2754 1587 2944 1625 sermo
2976 1574 3259 1637 testatur;
3294 1571 3701 1630 dissentientes
3729 1593 3812 1631 au-

2184 1661 2301 1711 tem
2336 1659 2405 1712 ab
2441 1658 2547 1713 hoc
2578 1675 2770 1730 opere,
2793 1658 2851 1713 in
2874 1663 3157 1714 aeternum
3184 1660 3402 1731 ignem.
3429 1660 3692 1731 Corporis
3720 1679 3811 1718 au-

2186 1752 2301 1800 tem
2334 1747 2672 1801 exercitium
2705 1746 2849 1802 nihil
2878 1747 3036 1802 aliud
3058 1762 3241 1819 quam
3264 1749 3461 1804 carnis
3482 1750 3639 1806 frena
3667 1757 3808 1806 sunt.

2184 1836 2242 1890 Si
2275 1838 2407 1906 quis
2439 1852 2593 1907 ergo,
2620 1835 2757 1906 quia
2808 1836 3208 1891 misericordia
3239 1853 3461 1909 magna
3491 1855 3579 1894 res
3608 1843 3707 1910 est,
3729 1839 3808 1893 lu-

2181 1923 2407 1978 bricum
2435 1928 2628 1978 tamen
2651 1925 2848 1979 carnis
2870 1924 3145 1995 patiatur,
3165 1924 3513 1996 hujusmodi
3534 1927 3665 1999 quid
3687 1928 3808 1984 ﬁet?

2182 2012 2317 2066 Sine
2351 2012 2527 2066 dubio
2552 2011 2867 2082 vapulabit,
2893 2013 3031 2084 quia
3062 2012 3205 2067 illud
3231 2019 3464 2085 oportet
3484 2015 3615 2086 fieri,
3636 2020 3688 2071 et
3706 2016 3804 2072 hoc

2182 2100 2424 2154 minime
2449 2100 2833 2171 praetermitti.
2861 2101 2921 2156 Si
2954 2107 3146 2156 autem
3191 2100 3383 2157 solum
3439 2103 3678 2177 corporis
3706 2103 3804 2159 ha-

2185 2188 2310 2241 buit
2340 2188 2701 2252 exercitium,
2732 2205 3017 2260 perennes
3048 2206 3249 2260 pmnas
3282 2190 3559 2262 patietur,
3589 2191 3729 2247 sicut
3755 2191 3806 2245 in

2181 2276 2490 2347 bz'angelio
2515 2276 2800 2332 Dominus
2824 2276 3396 2349 repromisit.0mnis
3422 2280 3576 2335 enim
3599 2295 3807 2335 summa

2180 2364 2503 2435 disciplinae
2537 2371 2750 2420 nostrze
2802 2366 2861 2420 in
2907 2366 3307 2423 misericordia
3352 2372 3413 2422 et
3467 2368 3666 2439 pietate
3708 2374 3803 2424 est.

2181 2452 2351 2507 Aliud
2386 2459 2577 2508 tamen
2612 2454 2952 2510 exercitium
2993 2456 3253 2526 corporis
3297 2455 3523 2512 habent
3549 2456 3801 2527 carnales,

2181 2546 2236 2596 et
2257 2541 2413 2597 aliud
2445 2542 2758 2613 spiritales.
2783 2542 3056 2599 Carnales
3080 2544 3237 2598 enim
3260 2544 3474 2616 sagina
3493 2551 3547 2601 et
3569 2546 3803 2617 pestibus

2181 2631 2450 2684 nutriunt
2490 2647 2732 2701 corpora
2764 2648 2892 2695 sua,
2926 2636 2991 2686 ut
3019 2631 3190 2686 celeri
3224 2637 3386 2687 motu
3422 2634 3716 2706 proficiant
3739 2634 3800 2689 ad

2179 2719 2561 2789 perditionem
2585 2744 2599 2786 ;
2623 2718 2913 2791 spiritales
2935 2726 3128 2774 autem
3148 2721 3375 2791 jejunis
3395 2727 3459 2777 et
3480 2721 3803 2777 abstinentia

2178 2812 2507 2877 temperant
2536 2824 2778 2879 corpora
2826 2825 2952 2879 sua,
2984 2816 3047 2863 ut
3079 2811 3243 2881 pigra
3292 2811 3451 2866 facta
3497 2812 3643 2866 circa
3666 2811 3798 2865 desi-

2178 2896 2358 2961 deria,
2378 2896 2620 2966 'possint
2648 2896 2825 2967 digna
2854 2912 2981 2951 esse
3011 2897 3207 2952 futura
3244 2899 3683 2955 resurrectione.
3717 2898 3805 2955 Hi6

2176 2984 2333 3039 enim
2367 2988 2602 3055 propter
2640 3000 2801 3056 spem
2855 2985 3110 3040 futuram
3157 2986 3404 3058 castigat
3459 3004 3688 3061 corpus;
3717 2984 3800 3041 ille

2177 3088 2308 3127 vero
2366 3076 2601 3143 propter
2660 3073 2839 3127 futuri
2899 3074 3362 3144 desperationem
3428 3077 3599 3145 fovet,
3617 3090 3794 3132 curam

2178 3163 2305 3227 ejus
2337 3177 2515 3233 agens
2548 3160 2615 3215 ad
2660 3166 2918 3232 tempus,
2949 3168 3014 3216 ut
3054 3167 3356 3218 moveatur
3383 3164 3561 3220 citius
3589 3166 3657 3220 ad
3690 3179 3801 3236 pec-

427 3254 633 3310 Christi
657 3257 808 3320 Jesu,
839 3252 1116 3306 enutritus
1144 3248 1326 3303 verbis
1352 3248 1501 3316 ﬁdei,
1524 3256 1579 3303 et
1597 3251 1753 3305 bonae
1781 3250 2066 3317 doctrinae,
2103 3239 2142 3303 C
2184 3251 2457 3305 candum.

422 3360 588 3415 quam
614 3344 891 3398 assecutus
918 3355 994 3394 es.
1020 3337 1168 3401 Quid
1210 3342 1330 3391 tam
1380 3354 1603 3401 verum,
1630 3338 1767 3408 quid
1802 3344 1920 3393 tam
1952 3340 2068 3393 cla-

424 3449 576 3499 rum,
605 3448 672 3486 ac
703 3428 1033 3502 providum,
1058 3425 1172 3481 nisi
1204 3431 1271 3479 ut
1296 3424 1608 3496 disciplina
1630 3426 1959 3483 Christiana
1987 3428 2071 3482 in-

423 3526 697 3591 corrupta
724 3519 1091 3584 tradatur,ut
1114 3516 1339 3569 fructus
1360 3516 1489 3583 ejus
1521 3514 1577 3567 in
1605 3531 1739 3569 area
1773 3517 2070 3571 Uominica

423 3609 630 3665 fertilis
661 3624 726 3663 ac
758 3608 966 3660 ﬁrmus
1015 3602 1414 3658 collaudetur?
1462 3606 1581 3657 Hoc
1619 3607 1728 3672 est,
1756 3610 1823 3658 ut
1872 3605 1928 3659 in
1977 3605 2071 3660 die

416 3696 628 3769 judicii
662 3713 775 3750 non
809 3694 1110 3764 reprobus,
1133 3696 1191 3745 et
1221 3691 1341 3762 igni
1370 3693 1805 3747 comburendus
1834 3710 2070 3748 censea-

424 3792 541 3842 tur.
574 3784 692 3839 Hoc
738 3781 874 3837 boni
914 3779 1171 3834 doctoris
1218 3783 1307 3833 est
1350 3784 1525 3849 atque
1573 3778 1765 3833 idonei
1816 3780 2070 3835 ministri

425 3871 658 3928 Domini
698 3871 840 3927 Jesu
872 3867 1107 3937 Christi,
1131 3867 1346 3938 quippe
1377 3883 1510 3922 cum
1541 3868 1863 3922 enutritum
1914 3869 2070 3924 hunc

425 3962 582 4019 dicat
609 3959 799 4016 verbis
843 3956 1000 4023 ﬁdei,
1032 3960 1090 4010 et
1118 3956 1282 4011 home
1330 3956 1627 4020 doctrinae,
1663 3973 1840 4027 quam
1874 3959 1947 4011 ab
1978 3958 2070 4012 in-

424 4049 609 4108 fantia
638 4054 976 4106 assecutum
1005 4044 1162 4099 hunc
1202 4044 1432 4098 asserit.
1466 4044 1573 4109 Qui
1623 4045 1781 4099 enim
1828 4045 2070 4114 integris

425 4140 701 4197 omnibus
731 4137 1104 4193 Hebraeorum
1150 4132 1316 4187 libris
1346 4133 1612 4187 imbutus
1659 4140 1803 4204 erat,
1836 4139 2071 4205 accepta

423 4230 539 4286 ﬁde
568 4228 886 4301 perfectum
921 4222 1053 4291 fecit
1077 4222 1393 4278 doctorem.

494 4319 768 4389 Profanos
797 4319 1003 4379 autem,
1034 4320 1086 4367 et
1112 4311 1290 4367 anites
1328 4310 1552 4381 fabulas
1581 4313 1780 4380 abnue,
1812 4326 2070 4367 exercens

420 4408 776 4475 temetipsum
802 4404 872 4459 ad
896 4404 1182 4474 pietatem.
1217 4399 1526 4470 Corporatis
1563 4401 1713 4453 enim
1749 4401 2070 4455 exercitatio

422 4497 493 4553 ad
521 4496 795 4551 modicum
820 4493 973 4547 utilis
1016 4498 1128 4551 est;
1157 4490 1338 4561 piatas
1385 4495 1570 4541 autem
1598 4486 1668 4540 ad
1695 4489 1883 4541 omnia
1912 4488 2070 4542 utilis

2247 3339 2447 3393 Fidelis
2486 3354 2664 3393 sermo
2710 3342 2761 3392 et
2804 3340 2955 3393 omni
2982 3342 3289 3411 acceptione
3337 3341 3558 3413 dignus.
3626 3343 3698 3398 Ad
3723 3342 3805 3396 hoc

2177 3430 2325 3482 enim
2359 3427 2696 3493 laboramus,
2720 3431 2770 3481 et
2796 3430 3202 3498 persecutiones
3231 3433 3518 3503 patimur,
3551 3433 3679 3504 quia
3703 3445 3803 3501 spe-

2178 3532 2364 3570 ramus
2395 3516 2455 3569 in
2484 3516 2654 3569 Deum
2684 3518 2891 3578 vivum,
2918 3518 3017 3586 qui
3046 3526 3125 3572 est
3153 3518 3434 3575 salutaris
3462 3523 3698 3575 omnium
3724 3518 3802 3572 ho-

2176 3607 2414 3673 minum,
2447 3606 2691 3658 maxime
2721 3605 2989 3674 ﬁdelium.
3027 3606 3269 3678 Dignum
3302 3613 3395 3663 est
3432 3609 3619 3680 plane,
3646 3613 3698 3664 et
3723 3621 3800 3662 ac-

2179 3698 2342 3764 cepto
2377 3693 2678 3746 ferendum
2714 3709 2817 3763 pro
2849 3709 3117 3764 spe,qua~.
3140 3698 3226 3750 est
3251 3695 3307 3749 in
3337 3700 3473 3760 Deo,
3497 3696 3610 3768 pati
3633 3709 3801 3768 perse-

2178 3784 2462 3846 cutiones,
2485 3780 2625 3851 quia
2653 3780 2713 3834 in
2749 3781 3019 3851 praesenti
3050 3782 3170 3836 vita
3210 3800 3345 3855 spes
3378 3786 3596 3841 caduca
3621 3789 3722 3851 est,
3748 3782 3798 3836 in

2178 3869 2568 3941 promissione
2617 3873 2813 3923 autem
2846 3869 2968 3935 Dei,
3004 3870 3173 3924 tlrma
3219 3876 3395 3944 atque
3428 3873 3669 3929 stabilis.
3690 3872 3798 3942 Ipso

2178 3963 2267 4013 est
2294 3957 2451 4012 enim
2482 3956 2644 4012 salus
2676 3957 2963 4020 omnium,
2983 3958 3121 4029 quia
3141 3975 3209 4014 ex
3239 3960 3386 4031 ipso,
3411 3967 3470 4017 et
3501 3979 3599 4034 per
3626 3961 3794 4034 ipsum

2176 4047 2396 4111 vivunt,
2417 4051 2704 4116 quantum
2736 4046 2806 4100 ad
2833 4051 3172 4117 praesentem
3193 4048 3371 4104 vitam
3403 4051 3666 4121 pertinet,
3687 4063 3797 4104 om-

2178 4151 2312 4197 nes;
2344 4138 2633 4204 quantum
2664 4151 2797 4189 vero
2820 4135 2891 4189 ad
2923 4135 3273 4207 promissam
3305 4138 3577 4206 salutem,
3598 4136 3793 4192 ﬁdeles.

2177 4223 2669 4295 Cognoscentibus
2728 4222 2885 4278 enim
2945 4240 3028 4290 se,
3072 4229 3204 4296 post
3254 4227 3407 4282 hanc
3464 4227 3656 4294 vitam,
3688 4238 3794 4296 qua

2180 4315 2364 4366 morte
2386 4311 2607 4378 ﬁnitur,
2622 4311 2798 4366 aliam
2820 4312 3092 4368 daturam
3119 4315 3406 4386 promisit,
3432 4333 3559 4387 quae
3588 4316 3795 4370 immor-

2178 4400 2399 4455 talitate
2428 4400 2661 4472 vigebit.
2696 4401 2828 4455 Ideo
2860 4415 2999 4473 ergo
3029 4402 3129 4469 ait,
3162 4406 3409 4460 maxime
3436 4405 3692 4476 ﬁdelium.

2249 4492 2497 4560 Precipe
2525 4488 2663 4555 haec,
2691 4496 2741 4543 et
2787 4488 2932 4544 doce.
2966 4491 3131 4545 Nemo
3150 4491 3497 4561 juventutem
3516 4497 3660 4548 tuam
3686 4503 3795 4545 con-

420 4590 521 4650 est,
554 4582 976 4655 promissionem
1019 4578 1223 4633 habens
1250 4579 1379 4630 vitae
1407 4574 1699 4645 praesentis
1745 4576 1796 4626 et
1841 4575 2067 4643 futura.
2100 4599 2147 4664 Ι)
2179 4580 2402 4644 temnat,
2431 4576 2525 4631 sed
2550 4580 2732 4646 forma
2759 4582 2870 4633 esto
2909 4577 3175 4648 ﬁdelium,
3212 4582 3271 4635 in
3299 4581 3481 4647 verba,
3513 4582 3573 4636 in
3600 4593 3796 4636 conver-

422 4672 669 4730 Profana
692 4671 885 4740 verba,
910 4668 1154 4724 adversa
1182 4662 1624 4732 intelliguntur;
1658 4660 1843 4716 aniles
1874 4668 2070 4719 autem

420 4760 656 4827 fabulaa,
687 4759 1071 4815 deliramenta
1110 4757 1248 4809 sunt
1278 4751 1567 4820 quadam.
1609 4749 1739 4804 Haec
1788 4766 2068 4820 quorum-

423 4851 558 4906 dam
583 4846 1075 4921 perstrepentium
1091 4839 1330 4897 vocibus
1347 4836 1538 4891 solent
1558 4837 1614 4892 in
1639 4839 2065 4898 contentionem

423 4938 657 5006 deduci,
672 4941 739 4992 ut
755 4935 926 5007 quasi
950 4932 1233 4986 tractatus
1255 4926 1538 4980 habeatur
1560 4926 1641 4981 rei
1663 4926 1879 4995 inanis,
1898 4932 2067 5000 cujus

423 5029 665 5085 effectus
696 5024 897 5080 nullus
929 5024 1037 5089 est,
1066 5016 1179 5072 nisi
1208 5013 1500 5069 vanitatis.
1523 5017 1607 5070 Ab
1640 5015 1730 5070 his
1756 5034 1912 5090 ergo,
1940 5036 2066 5091 quae

424 5114 716 5174 contraria
732 5115 890 5178 sunt,
934 5104 1351 5162 declinandum
1373 5108 1573 5158 monet
1588 5121 1600 5159 :
1618 5104 1797 5160 simili
1818 5108 1990 5163 modo
2010 5113 2069 5164 et

423 5206 497 5263 ab
527 5202 666 5267 illis,
690 5215 817 5271 quae
860 5195 1039 5250 anilia
1080 5198 1236 5261 sunt,
1260 5192 1517 5248 vanitate
1545 5194 1799 5266 quadam
1831 5212 2065 5268 compo-

425 5294 558 5351 sita.
584 5289 735 5345 Sunt
763 5285 920 5341 enim
952 5284 1155 5356 aliqui,
1176 5284 1275 5356 qui
1304 5281 1492 5339 calore
1522 5283 1705 5338 animi
1736 5284 1977 5340 mittunt
2005 5302 2067 5342 se

496 5430 679 5510 (130$)
725 5429 793 5510 _Hi
832 5431 998 5510 ultra
1046 5430 1347 5510 saeculum
1376 5428 1646 5510 quintum
1703 5444 1824 5510 non.
1866 5446 2066 5510 perve-

426 5501 582 5566 nere,
628 5504 774 5557 teste
832 5501 1154 5584 Phylastrio
1213 5508 1268 5583 et
1324 5501 1674 5578 Augustino,
1726 5501 1825 5625 qlilii
1889 5501 2066 5570 hujus

426 5581 595 5625 secta
644 5579 1026 5625 superstitum
1080 5579 1433 5625 mentionem
1479 5571 1721 5624 faciunt.
1804 5587 1882 5624 320
1931 5588 2065 5625 cum

424 5581 595 5646 sectas
644 5571 1026 5646 superstitum
1080 5573 1433 5646 mentionem
1479 5571 1721 5646 faciunt.
1752 5571 1882 5646 H_aec
1931 5588 2065 5646 cum

423 5645 554 5709 aliis
582 5639 1035 5731 quamplurimis
1065 5647 1316 5721 probant
1357 5643 1465 5700 has
1497 5644 1748 5716 quatuor
1778 5639 2067 5712 Epistola-

2178 4668 2413 4733 satione,
2441 4667 2499 4719 in
2531 4666 2779 4733 caritate,
2812 4667 2872 4720 in
2901 4666 3023 4736 ﬁde,
3056 4669 3114 4722 in
3144 4672 3407 4725 castitate.
3444 4669 3793 4728 Timotheus,

2179 4759 2465 4825 quantum
2497 4753 2568 4808 ad
2599 4758 2827 4808 aetatem
2878 4755 3145 4826 pertinet,
3169 4757 3406 4827 juvenis
3450 4763 3602 4825 erat;
3635 4770 3793 4829 quan-

2176 4849 2303 4898 tum
2337 4842 2408 4897 ad
2442 4858 2633 4897 mores
2663 4846 2721 4897 et
2749 4844 3269 4913 conversationem,
3299 4846 3494 4902 senior
3523 4851 3579 4902 et
3605 4842 3792 4918 gravis.

2176 4934 2356 4999 Quem
2388 4931 2515 4986 ideo
2545 4929 2628 4985 sic
2659 4936 2877 4996 monet,
2901 4934 3305 5003 utprofectus
3335 4937 3464 5005 ejus
3495 4951 3596 5005 per
3622 4930 3796 4989 omnia

2174 5020 2507 5092 exemplum
2559 5024 2714 5074 esset
2759 5020 3047 5075 bonorum
3095 5039 3357 5093 operum,
3410 5028 3475 5079 ut
3520 5024 3578 5076 in
3628 5017 3795 5076 adole-

2178 5114 2373 5165 scente
2404 5107 2691 5163 mirabilis
2726 5108 3018 5164 videretur
3064 5116 3121 5165 et
3168 5112 3359 5183 gravis
3390 5109 3711 5183 disciplina,
3741 5106 3796 5159 ut

2175 5204 2340 5254 actus
2363 5199 2492 5268 ejus
2512 5200 2854 5251 excusarent
2874 5202 3121 5266 aetatem,
3146 5205 3203 5253 et
3223 5216 3338 5254 non
3364 5198 3533 5270 quasi
3557 5193 3794 5269 juvenis.

2175 5288 2276 5344 sed
2308 5287 2475 5357 quasi
2499 5284 2695 5341 senior
2716 5284 3046 5354 haberetur,
3062 5292 3120 5342 et
3141 5289 3550 5344 erubescerent
3569 5284 3796 5356 majores

2175 5446 2305 5504 rum
2337 5428 2429 5504 _ad
2478 5424 3050 5504 Thessalonicenses,
3096 5436 3151 5484 et
3198 5431 3268 5504 ad
3319 5428 3688 5504 Timotheum
3709 5439 3795 5504 ex-

2179 5498 2494 5576 positiones
2523 5497 2609 5576 vel
2642 5498 2713 5552 ab
2745 5494 3178 5576 ambrosias‘tro
3220 5503 3579 5576 desumptas,
3609 5494 3794 5576 valuit}-

2176 5563 2663 5647 ierpolationibus
2685 5568 2926 5625 refertas
2948 5585 3018 5626 ex
3045 5570 3176 5628 aliis
3196 5563 3645 5647 antiquioribus.
3666 5563 3794 5623 Vide

2179 5639 2601 5714 praefationem.
