3978 6210
123 358 225 415 677

507 349 926 412 EXPOSITIO
971 349 1047 409 IN
1091 347 1522 410 EPISTOLAS
1571 346 1825 408 PAULI.
1859 378 1936 390 —
1977 347 2052 406 IN
2100 344 2347 407 EPlS'l‘.
2396 347 2417 406 Ι
2466 348 2566 406 ΑΙ)
2610 346 3106 409 TlMOTHEUM.

3392 351 3508 408 6'78

123 493 278 555 natu,
311 482 420 539 nisi
451 498 513 538 se
557 481 983 546 exhibuissent,
1030 480 1201 550 juxta
1252 479 1499 533 formam
1551 478 1748 547 hujus,
1782 480 1834 544 Α
1867 477 1976 532 nisi
2013 477 2158 531 forte
2197 478 2504 533 doctorum
2553 477 2797 544 desidia,
2843 482 2944 532 aut
2995 478 3182 548 magis
3213 478 3511 549 superbia,

124 572 552 632 conversatione
595 575 652 624 et
684 570 947 624 moribus
986 584 1220 639 graves;
1247 568 1538 638 junvenes
1568 571 1761 620 autem

125 677 368 719 coaavum
401 675 575 714 suum
610 658 891 712 haberent
922 656 1296 727 magistrum.
1325 654 1602 710 Mirabilis
1634 655 1766 708 ado-

125 754 340 809 lescens
372 747 784 803 sanctissimus
814 745 1180 811 Timotheus,
1208 745 1376 814 cujus
1398 743 1660 814 exemplo
1682 742 1765 796 in-

130 838 490 912 disciplinata
543 834 863 891 coercenda
908 835 1188 904 juventus
1238 837 1348 898 est,
1382 837 1437 887 et
1467 833 1763 886 seniorum

129 926 485 986 irreverentia
517 924 832 997 punienda.

192 1024 329 1074 Dum
363 1031 534 1080 vemo,
569 1012 793 1068 attende
839 1012 1143 1076 lectionem,
1199 1010 1664 1074 exhortationem,
1698 1026 1764 1064 ac

127 1107 439 1163 doctrinam.
493 1103 620 1158 Noli
671 1101 955 1172 negligere
1000 1100 1262 1170 gratiam,
1313 1113 1442 1169 quae
1471 1106 1547 1153 est
1592 1101 1651 1151 in
1696 1107 1766 1163 te,

129 1211 244 1268 quae
281 1193 408 1249 data
453 1191 667 1246 esttibi
707 1205 805 1260 per
845 1188 1198 1260 prophetiam
1246 1203 1370 1242 cum
1419 1187 1770 1256 impositione

129 1298 392 1338 manuum
419 1279 762 1352 presbyterii.
796 1277 1091 1332 lntentum
1115 1276 1270 1330 hunc
1293 1274 1421 1330 vult
1440 1291 1567 1329 esse
1591 1279 1648 1328 et
1670 1274 1768 1328 de-

131 1366 894 1432 ditumexercitiolectionis,
920 1372 986 1419 ut
1009 1365 1167 1419 omni
1188 1380 1329 1418 cura
1352 1362 1771 1434 diligentiaque

131 1461 232 1516 hoc
260 1457 536 1527 enitatur,
582 1461 648 1510 ut
676 1455 1016 1510 exhortatur
1061 1459 1118 1508 et
1167 1453 1390 1508 doceat.
1439 1451 1772 1506 Exhortatio

134 1551 232 1614 est,
264 1560 395 1600 cum
428 1543 561 1598 miti
593 1543 766 1597 verbo
794 1541 1025 1613 aliquos
1051 1557 1433 1612 provocamus
1456 1540 1527 1594 ad
1552 1540 1770 1594 bonum

135 1634 515 1705 opus.Docere
540 1649 696 1698 vero,
722 1631 958 1702 quando
980 1647 1048 1685 ea
1070 1647 1196 1701 qua!
1219 1629 1401 1684 latent
1429 1629 1772 1683 intimamus

135 1722 415 1778 mentibus
450 1720 842 1775 audientium.
873 1719 932 1774 Si
967 1719 1122 1774 enim
1157 1723 1343 1773 rector
1363 1717 1558 1789 pepuli
1586 1718 1656 1772 ab
1681 1716 1772 1771 his

136 1808 733 1881 dissimulat,negligit
751 1808 1001 1879 gratiam
1021 1808 1216 1862 datam
1248 1807 1473 1862 sibi.Ad
1492 1807 1598 1861 hoc
1614 1806 1770 1860 enim

136 1905 353 1956 creatur
381 1900 503 1954 dux
537 1895 752 1969 populo
785 1900 848 1950 ut
877 1896 1054 1967 hujus
1084 1896 1292 1950 salutis
1322 1894 1775 1950 sollicitudinem

136 1994 304 2061 gerat,
334 1987 684 2052 admodum,
716 1986 998 2054 docendo,
1054 1989 1118 2039 ut
1151 1986 1406 2039 fructum
1440 1984 1650 2039 habeat
1681 2001 1775 2038 or-

140 2077 339 2132 dinatio
358 2094 372 2144 ;
388 2092 568 2148 quem
594 2074 667 2129 ad
690 2074 799 2128 hoc
817 2073 1017 2144 utique
1038 2073 1190 2128 Deus
1213 2073 1541 2138 constituit,
1565 2078 1628 2126 ut
1651 2088 1780 2144 pro-

143 2167 284 2221 ﬁciat
311 2165 489 2220 saluti
527 2163 716 2236 plebis
739 2179 874 2216 suae.
896 2163 1003 2227 Qui
1035 2178 1171 2234 ergo
1201 2162 1259 2216 in
1293 2161 1398 2216 hac
1432 2161 1779 2216 auctoritate

141 2253 690 2326 positusindiligens
719 2252 915 2317 fuerit,
936 2251 1037 2305 Dei
1062 2256 1432 2322 contemptor
1445 2250 1778 2314 habebitur,

144 2345 418 2399 minimus
448 2344 508 2396 in
543 2357 720 2412 regno
750 2341 849 2396 Dei
872 2340 1354 2412 vocatus(Matth.
1379 2358 1433 2406 v,
1460 2340 1780 2410 19.)Neque

141 2433 296 2487 enim
329 2431 541 2503 pomrit
569 2432 770 2497 facere,
805 2430 905 2501 qui
939 2446 1043 2484 nec
1067 2431 1273 2485 docere
1308 2429 1604 2500 dignatur.
1639 2431 1776 2484 Gra-

137 2521 280 2576 tiam
315 2525 508 2576 tamen
542 2518 956 2586 dari,ordinari
977 2519 1269 2591 signiﬁcat
1289 2535 1390 2590 per
1415 2518 1780 2590 prophetiam

140 2615 191 2665 et
220 2625 503 2665 manuum
540 2607 994 2680 impositionem.
1048 2607 1355 2680 Prophetia
1385 2613 1491 2677 est,
1535 2624 1650 2679 qua
1679 2607 1781 2662 eli-

142 2699 289 2769 gitur
317 2697 486 2770 quasi
521 2697 723 2752 doctor
755 2697 988 2751 futurus
1009 2695 1276 2761 idoneus,
1311 2713 1522 2750 manus
1546 2696 1782 2768 imposi-

140 2787 315 2842 tiones
343 2803 500 2854 vero,
535 2785 715 2839 verba
745 2790 888 2839 sunt
938 2784 1204 2856 mystica,
1236 2785 1451 2854 quibus
1479 2785 1784 2840 conﬁrma-

139 2880 230 2930 tur
256 2877 322 2930 ad
351 2875 462 2930 hoc
513 2889 669 2945 opus
725 2872 962 2942 electus,
1014 2873 1306 2943 accipiens
1352 2874 1780 2939 auctoritatem,

140 2968 276 3019 teste
305 2962 676 3020 conscientia
706 2978 832 3029 sua,
867 2965 931 3015 ut
961 2962 1174 3016 audeat
1196 2962 1319 3016 vice
1350 2961 1581 3016 Domini
1605 2962 1780 3017 sacri-

141 3053 323 3109 ﬁcium
356 3053 473 3109 Deo
506 3051 740 3107 oﬂ'erre.

202 3144 325 3199 Haec
348 3141 644 3207 meditare,
684 3140 743 3194 in
770 3139 852 3194 his
891 3143 1019 3206 esto,
1051 3143 1112 3194 ut
1150 3142 1420 3211 profectus
1452 3144 1577 3194 tuus
1606 3140 1784 3194 mani-

1873 566 2010 620 dum
2047 566 2152 620 soli
2180 567 2381 622 volunt
2411 567 2631 637 aliquid
2664 566 2863 620 videri.
2897 567 3168 621 Juniores
3200 573 3367 638 quasi
3401 571 3514 624 fra.

1872 659 1990 709 tres
2021 663 2216 710 censet
2245 657 2646 710 admonendos
2668 671 2801 709 cum
2835 656 3040 710 affectu
3075 659 3426 727 dilectionis,
3454 666 3518 715 ut

1873 743 2134 798 videntes
2148 745 2364 799 amoris
2387 761 2561 800 causa
2583 761 2642 799 se
2661 747 3282 809 commoneri,facilius
3315 767 3373 803 se
3393 768 3515 805 cor-

1876 834 2105 904 rigant;
2142 835 2356 904 quippe
2382 850 2514 887 cum
2549 833 2778 887 videant
2823 851 2933 888 non
2979 836 3312 907 discrepare
3342 855 3520 910 opera

1876 923 2004 992 ejus
2037 938 2069 975 a
2098 923 2526 992 praedicatione.
2562 927 2726 976 Anus
2758 939 2890 977 vero
2915 925 3078 994 quasi
3118 933 3352 992 matres,
3387 943 3518 981 cum

1878 1010 2004 1063 miti
2030 1027 2298 1064 sermone
2321 1011 2510 1063 doceri
2537 1028 2595 1064 se
2617 1011 2956 1075 vident,non
2981 1029 3182 1082 aspere
3207 1015 3518 1085 accipiant,

1878 1099 2017 1170 quia
2057 1099 2370 1153 honoriﬁce
2413 1099 2744 1168 proﬁciunt.
2782 1104 3068 1170 Asperum
3105 1108 3193 1156 est
3240 1104 3392 1158 enim
3429 1121 3523 1159 se-

1879 1188 2076 1250 nibus,
2109 1204 2238 1242 cum
2265 1187 2707 1257 corripiuntura
2733 1188 3090 1258 junioribus,
3119 1192 3271 1261 quod
3305 1197 3523 1264 tempe-

1880 1281 2141 1330 ramento
2175 1276 2428 1345 quodam
2461 1275 2623 1329 leniri
2658 1276 2797 1341 vult,
2834 1282 2897 1330 ut
2932 1279 3222 1347 profectus
3253 1281 3327 1335 sit
3349 1288 3405 1336 et
3435 1282 3522 1335 di-

1879 1365 2053 1433 centi,
2087 1370 2142 1418 et
2163 1364 2441 1418 audienti.
2467 1364 2964 1430 Adolescentulas,
2993 1373 3056 1420 ut
3077 1384 3305 1424 sorores
3327 1373 3394 1424 ad
3409 1387 3524 1424 mo-

1882 1458 1980 1509 net
2009 1454 2354 1520 edocendas,
2385 1459 2448 1505 ut
2478 1460 2746 1524 prompte
2770 1455 2996 1524 possint
3020 1457 3180 1511 bona:
3215 1475 3521 1513 conversa-

1881 1542 2057 1596 tionis
2076 1542 2372 1612 suscipere
2393 1541 2787 1612 disciplinam.
2813 1544 3052 1605 Quando
3071 1545 3225 1599 enim
3251 1563 3362 1600 non
3387 1563 3522 1601 cum

1885 1631 2127 1701 imperio
2160 1631 2443 1685 insinuari
2479 1630 2591 1683 sibi
2623 1630 2796 1699 videt,
2831 1649 2958 1702 quas
2991 1634 3060 1686 ad
3099 1635 3308 1688 bonam
3344 1637 3523 1706 perti-

1883 1725 2023 1774 nent
2051 1720 2250 1782 vitam,
2280 1719 2587 1788 consentit,
2623 1719 2903 1774 humilem
2937 1737 2997 1774 se
3024 1723 3287 1792 praebens
3318 1725 3525 1779 admo-

1883 1809 2064 1864 neuti.
2100 1807 2404 1861 Blanditiis
2427 1808 2580 1861 enim
2604 1808 2792 1864 solent
2821 1809 3092 1873 obtineri,
3118 1827 3244 1882 quin
3275 1814 3524 1867 auctori-

1884 1902 2003 1953 tate
2034 1913 2147 1950 non
2181 1901 2450 1966 possunt.
2483 1895 2627 1949 Nam
2681 1896 2960 1951 animalia
2991 1900 3226 1969 quando
3259 1903 3526 1956 membra

1886 2003 1993 2040 sua
2022 1984 2300 2050 zelantur,
2345 1983 2643 2038 blanditiis
2674 1990 2866 2039 tamen
2900 1987 3131 2040 cedunt.

1963 2074 2171 2128 Viduas
2202 2073 2426 2138 honora,
2461 2088 2584 2142 qua’
2616 2075 2730 2127 vire
2762 2074 2934 2127 vidua?
2962 2079 3108 2128 sunt.
3165 2077 3278 2131 Has
3319 2078 3522 2134 viduas

1887 2163 2028 2216 dicit
2057 2161 2449 2228 honorandae,
2477 2178 2601 2231 qua:
2635 2163 2768 2215 data
2795 2179 2963 2233 Opera
2979 2164 3162 2218 viduae
3189 2171 3345 2220 sunt.
3371 2168 3528 2233 Qua},

1887 2268 2019 2305 cum
2054 2255 2292 2320 possent
2324 2251 2560 2317 nubere,
2621 2257 2681 2304 ut
2713 2251 2982 2306 meliores
3013 2260 3210 2308 essent
3241 2262 3298 2309 et
3339 2257 3528 2328 digna:

1891 2345 2021 2403 Deo,
2051 2339 2340 2393 secundas
2372 2338 2612 2408 nuptias
2657 2348 3024 2411 respuerunt,
3059 2345 3308 2399 scientes
3351 2346 3529 2400 semel

1885 2428 2144 2483 benedici
2168 2427 2531 2498 conjugium,
2563 2427 2784 2482 aemula:
2809 2431 3160 2484 sanctisimae
3179 2435 3421 2506 Annae,q
3439 2451 3522 2488 ua:

1881 2518 2126 2588 jejuniis
2155 2522 2211 2571 et
2240 2516 2740 2571 obsecrationibus
2769 2519 2877 2572 Deo
2901 2520 3188 2574 serviebat
3207 2529 3378 2576 noctu
3404 2524 3528 2576 die-

1889 2623 2023 2678 que,
2058 2607 2231 2660 unius
2259 2606 2365 2659 viri
2388 2609 2625 2676 experta
2644 2607 3016 2661 concubitum
3034 2610 3187 2674 (Luc.
3216 2628 3276 2676 ιι,
3295 2612 3386 2678 36,
3407 2613 3528 2682 37):

1961 2696 2019 2750 Si
2047 2713 2154 2767 qua
2185 2697 2361 2749 autem
2391 2695 2550 2749 viduo
2579 2695 2745 2764 ﬁlios,
2776 2696 2855 2749 vel
2887 2701 3103 2767 nepotes
3136 2699 3324 2760 habet.
3356 2700 3531 2756 discat

1884 2788 2129 2857 primum
2159 2783 2378 2838 domum
2405 2800 2563 2837 suam
2587 2786 2678 2855 pie
2705 2787 2960 2852 tractare,
3008 2801 3055 2840 et
3087 2793 3336 2842 mutuam
3365 2794 3534 2846 vicem

1887 2877 2196 2946 gratiarum
2221 2872 2442 2927 reddere
2468 2873 2809 2943 parentibus.
2835 2878 2950 2928 [Ioc
2979 2878 3126 2929 enim
3154 2888 3427 2948 acceptum
3449 2887 3532 2935 est

1888 2980 2088 3018 coram.
2121 2963 2247 3016 Deo.
2302 2961 2551 3015 Viduam
2586 2962 2748 3031 prius
2781 2962 2837 3015 in
2888 2963 2994 3017 hac
3041 2967 3157 3019 vita
3187 2971 3242 3020 et
3293 2984 3530 3024 conver-

1891 3052 2113 3107 satione
2145 3050 2285 3104 dicit
2316 3050 2698 3120 probandam,
2734 3055 2798 3105 ut
2827 3055 2965 3106 tunc
2986 3053 3223 3108 demum
3252 3055 3428 3126 digna
3457 3059 3535 3114 sit
3598 3085 3603 3090 υ

1889 3141 2065 3196 vidua
2098 3138 2361 3193 Ecclesiae
2387 3138 2732 3209 nuncupari,
2757 3156 2884 3209 qua:
2908 3157 3022 3194 non
3052 3148 3309 3212 quaestus
3331 3162 3530 3216 causa,

138 3234 295 3301 [estus
320 3234 389 3288 sit
418 3230 706 3287 omnibus.
755 3229 983 3284 Attende
1030 3229 1152 3294 tibi,
1200 3237 1252 3283 et
1298 3229 1603 3290 doctrinm;
1637 3230 1780 3283 insta
1811 3215 1854 3281 C
1894 3246 2070 3301 quam
2103 3225 2478 3292 defensionis,
2527 3227 2926 3281 ecclesiasticae
2971 3234 3317 3286 succumbat
3357 3233 3532 3288 disci-

142 3321 267 3375 illis.
299 3323 405 3377 Hoc
443 3321 606 3376 enim
651 3318 918 3390 faciendo,
947 3327 998 3372 te
1026 3319 1207 3388 ipsum
1237 3319 1453 3372 salvum
1497 3320 1686 3387 facies,
1736 3320 1785 3372 et

141 3424 221 3463 eos
246 3411 346 3482 qui
369 3414 421 3465 te
449 3408 725 3465 audiunt.
751 3407 822 3461 Ut
843 3407 1030 3461 forma
1059 3407 1135 3460 sit
1155 3406 1429 3460 omnibus
1462 3423 1574 3461 non
1595 3406 1785 3461 solum

142 3497 194 3550 in
221 3498 389 3554 bonis
420 3495 951 3570 operibus,verum
985 3494 1156 3550 etiam
1187 3494 1244 3547 in
1278 3493 1549 3548 doctrina:
1579 3495 1787 3549 exerci-

142 3585 213 3640 tio
240 3587 542 3641 admonet.
585 3587 874 3655 Apparere
904 3583 1059 3638 enim
1084 3583 1290 3638 debere
1315 3582 1607 3653 signiﬁcat
1627 3600 1785 3637 exer-

142 3673 248 3728 citii
280 3675 616 3747 profectum
652 3689 765 3727 non
794 3672 854 3726 in
887 3671 1152 3726 doctrina
1181 3672 1484 3737 duntaxat,
1515 3673 1613 3727 sed
1645 3677 1702 3727 et
1729 3673 1789 3727 in

142 3763 329 3834 gestis.
365 3769 530 3820 Bona
569 3760 723 3816 enim
750 3760 922 3815 arbor
950 3759 1136 3815 honos
1159 3759 1295 3814 facit
1317 3761 1542 3815 fructus
1564 3761 1787 3831 (Matth.

141 3868 233 3912 vn.
265 3854 351 3923 17)
378 3871 391 3908 :
427 3849 715 3907 similiter
742 3854 797 3903 et
828 3850 980 3904 bona
1000 3849 1265 3904 doctrina
1296 3847 1450 3904 mala
1479 3866 1654 3920 opera
1684 3850 1791 3904 ha-

143 3939 268 3995 bere
313 3959 429 3997 non
473 3944 696 4012 potest.
736 3939 802 3994 Ut
833 3954 966 3992 cum
1011 3937 1135 3992 visa
1167 3938 1383 3992 fuerint
1416 3937 1564 3994 bona
1594 3955 1790 4010 Opera,

146 4029 312 4084 divini
344 4027 683 4102 magisterii
710 4027 934 4082 fructus
955 4026 1517 4098 esseintelligantur,
1549 4032 1605 4082 et
1635 4027 1796 4082 audi-

146 4121 296 4174 tores
319 4119 558 4191 possint
581 4116 1052 4188 proﬁcere.Tunc
1070 4131 1203 4170 vera
1224 4117 1378 4169 enim
1403 4121 1460 4170 et
1481 4117 1797 4171 metuenda

147 4225 267 4263 esse
293 4207 671 4280 intelligunt,
705 4221 831 4275 quas
865 4204 1161 4271 dicuntur,
1205 4204 1439 4275 quando
1471 4206 1541 4259 ab
1573 4221 1638 4259 eo
1669 4205 1796 4277 ipso

147 4297 246 4366 qui
275 4297 465 4366 docet,
503 4311 725 4365 magna
760 4293 1129 4348 veneratione
1162 4293 1455 4348 observari
1487 4293 1796 4361 videntur;

146 4386 295 4456 quod
317 4384 532 4441 rectori
559 4383 748 4455 plebis
769 4383 998 4437 duobus
1013 4381 1240 4452 proﬁcit
1261 4383 1537 4447 modis,et
1557 4399 1794 4437 suorum

147 4473 297 4529 enim
329 4475 631 4529 bonorum
685 4487 948 4543 operum,
981 4476 1037 4525 et
1068 4471 1437 4525 audientium
1472 4471 1794 4525 mercedem

145 4562 424 4632 accipiet;
459 4561 779 4633 quomodo,
815 4559 862 4614 si
897 4558 1200 4631 negligens
1233 4559 1428 4624 fuerit,
1452 4563 1570 4614 tam
1605 4575 1705 4630 pro
1738 4575 1798 4614 se

145 4667 321 4721 quam
353 4667 459 4721 pro
493 4651 582 4704 eis
612 4649 949 4704 redditurus
981 4654 1070 4702 est
1102 4647 1429 4702 rationem?

213 4739 367 4809 (CAP.
402 4737 498 4807 V.)
528 4738 810 4793 Seniorem
840 4753 908 4791 ne
939 4737 1328 4807 increpaveris,
1361 4735 1454 4790 sed
1483 4735 1797 4805 exhortare,

143 4832 203 4881 ut
231 4833 500 4899 patrem;
542 4828 816 4897 juniores,
868 4835 928 4880 ut
953 4830 1191 4897 fratres;
1243 4841 1400 4894 anus,
1453 4835 1511 4880 at
1557 4831 1798 4888 matres;

145 4915 604 4984 adolescentulus,
635 4920 696 4970 ut
737 4931 946 4970 sorores
977 4917 1030 4969 in
1064 4917 1216 4970 omni
1242 4916 1512 4969 castitate.
1565 4913 1802 4986 Propter

148 5004 664 5061 honoriﬁcentiam
682 5004 889 5071 aetatis,
908 5006 1188 5074 majorem
1212 5007 1349 5057 natu
1375 5019 1508 5057 cum
1533 5019 1802 5057 mansue-

147 5093 348 5150 tudine
371 5095 445 5149 ad
466 5093 696 5147 bonum
721 5109 865 5163 opus
888 5093 1342 5163 provocandum,
1366 5096 1432 5145 ut
1455 5091 1683 5146 facilius
1710 5108 1803 5145 su-

147 5183 356 5254 scipiat
378 5181 876 5238 admonitionem.
893 5181 1084 5236 Potest
1103 5179 1256 5236 enim
1276 5180 1456 5234 vereri
1484 5179 1804 5234 commoni-

147 5273 259 5338 tus,
289 5288 363 5326 ne
394 5275 615 5343 postea
661 5268 1023 5338 corripiatur,
1060 5270 1212 5341 quod
1246 5273 1417 5338 turpe
1447 5273 1534 5323 est
1565 5268 1800 5322 seniori.

147 5358 286 5415 Nam
319 5360 485 5431 apud
521 5373 733 5412 omnes
755 5357 952 5428 utique
982 5363 1184 5430 gentes
1215 5355 1572 5410 honorabilis
1603 5359 1693 5410 est
1721 5371 1806 5410 se-

148 5453 370 5503 nectus.
405 5446 583 5503 Unde
611 5450 667 5500 et
716 5448 1036 5518 Synagoga,
1087 5450 1142 5501 et
1184 5448 1386 5515 postea
1428 5443 1686 5498 Ecclesia
1715 5460 1804 5497 se-

146 5537 336 5593 niores
367 5534 614 5599 habuit,
646 5549 896 5604 quorum
921 5535 1043 5589 sine
1073 5531 1318 5589 consilio
1350 5530 1497 5584 nihil
1528 5532 1808 5603 agebatur

144 5623 202 5680 in
227 5624 697 5692 Ecclesia.Quod
717 5638 831 5693 qua
844 5622 1193 5698 negligentia
1213 5618 1804 5689 obsoleverit,nescio,

1895 3319 2085 3390 plinze.
2118 3315 2322 3370 Praaire
2352 3313 2506 3369 enim
2538 3315 2752 3368 debent
2774 3316 3074 3385 merita,ut
3097 3321 3394 3375 accedenti
3434 3324 3535 3377 de-

1896 3408 2052 3462 bitus
2084 3405 2270 3458 honor
2290 3402 2466 3456 tribui
2488 3403 2772 3456 videatur.
2800 3408 2931 3469 Quin
2963 3406 3117 3461 enim
3141 3409 3375 3466 affectos
3397 3429 3537 3469 suos
3571 3411 3580 3421 ”

1897 3494 1987 3566 pie
2018 3491 2303 3555 tractavit,
2329 3490 2636 3544 etdomum
2668 3491 2813 3546 bene
2834 3493 3194 3564 gubernavit,
3230 3499 3324 3553 Dei
3349 3499 3535 3572 legem

1897 3581 2166 3646 servavit,
2202 3579 2379 3650 digna
2408 3578 2607 3634 effecta
2639 3583 3109 3639 renumeratione
3141 3588 3428 3646 Ecclesiae.

1970 3672 2105 3725 Nam
2161 3684 2281 3740 quae
2310 3684 2432 3723 vere
2471 3667 2633 3722 vidua
2662 3675 2760 3734 est,
2815 3674 2869 3724 et
2924 3674 3186 3742 desolata,
3238 3683 3420 3748 sperat
3479 3679 3540 3734 in

1899 3759 2024 3826 Deo,
2056 3761 2106 3811 et
2136 3757 2306 3811 instat
2335 3755 2670 3810 orationibus
2693 3759 3080 3830 nocludieque.
3107 3763 3353 3820 Viduam
3389 3766 3541 3823 ﬁlios

1901 3852 2001 3901 aut
2031 3850 2270 3917 nepotes
2300 3845 2610 3899 habentem
2648 3863 2761 3901 non
2813 3848 2977 3902 facile
3008 3851 3435 3910 admittendam
3468 3857 3540 3911 ad

1901 3934 2195 4007 stipendia
2223 3933 2512 4000 Ecclesiae,
2546 3935 2686 4004 quia
2733 3936 2779 3989 si
2815 3935 2905 4007 pie
2936 3941 2991 3990 et
3026 3939 3270 3997 sollicite
3301 3945 3541 4000 domum

1903 4040 2068 4081 suam
2085 4021 2449 4093 gubernavit,
2483 4038 2719 4076 necesse
2741 4031 2829 4078 est
2849 4027 3012 4080 reddi
3036 4027 3116 4081 illi
3154 4031 3336 4086 vicem
3360 4049 3393 4086 a
3416 4033 3545 4089 suis

1902 4114 2056 4168 sicut
2084 4115 2139 4165 et
2168 4109 2270 4164 illa
2300 4110 2929 4181 reddiditpropinquis.
2954 4115 3010 4167 Si
3043 4122 3260 4183 autem,
3297 4124 3362 4173 ut
3386 4137 3545 4175 asso-

1905 4201 2005 4266 let,
2038 4199 2309 4270 impietas
2341 4198 2516 4251 fuerit
2563 4204 2817 4268 operata,
2855 4207 2916 4254 ut
2946 4207 3485 4277 anus‘despiciatur
3514 4227 3548 4264 a

1906 4290 2206 4358 suis,quos
2238 4289 2332 4359 pia
2361 4285 2970 4358 tractaverit,dignum
2995 4308 3122 4347 esse
3155 4295 3304 4350 hanc
3327 4297 3545 4368 suscipi

1907 4381 1980 4434 ab
2012 4375 2438 4446 Ecclesia,quia
2460 4375 2516 4428 in
2545 4376 2769 4430 Domini
2795 4377 2918 4450 lege
2939 4379 3189 4437 ﬁdeliter
3209 4391 3550 4441 conversata

1907 4473 2014 4524 est.
2047 4466 2235 4520 Vidua
2265 4466 2444 4537 igitur
2500 4465 2783 4531 desolata,
2830 4474 2931 4522 aut
2961 4486 2995 4524 a
3041 4471 3163 4526 suis
3197 4478 3549 4544 contempta,

1830 4580 1877 4644 D
1909 4561 2102 4628 sperat
2130 4556 2188 4609 in
2222 4555 2358 4610 Deo.
2390 4553 2607 4608 Videris
2638 4555 2795 4610 enim
2826 4573 2895 4611 ex
2926 4557 3087 4613 nulla
3113 4566 3272 4631 parte
3291 4577 3351 4616 se
3373 4561 3548 4616 babe-

1911 4661 1970 4700 re
2003 4645 2368 4716 suffragium,
2404 4647 2523 4697 toto
2564 4644 2759 4700 animo
2791 4646 2996 4701 devota
3045 4655 3136 4704 est
3170 4651 3301 4717 Deo,
3335 4651 3405 4706 de
3436 4667 3552 4722 quo

1911 4734 2032 4790 solo
2063 4733 2343 4788 auxilium
2375 4733 2499 4787 vita:
2533 4732 2858 4806 salutisque
2891 4743 3176 4808 expectat.

1980 4824 2114 4878 Nam
2143 4837 2267 4893 quae
2299 4825 2358 4876 ia
2405 4822 2637 4891 deliciis,
2688 4833 2764 4878 est
2795 4825 2982 4880 vivens
3034 4839 3249 4884 mortua
3305 4833 3400 4884 est.
3457 4829 3555 4884 Vi-

1912 4915 2110 4976 duam,
2145 4917 2379 4982 propter
2410 4913 2563 4981 quod
2599 4912 2773 4966 vidua
2803 4915 3039 4982 dicitur,
3073 4917 3246 4973 talem
3295 4934 3422 4973 esse
3453 4919 3557 4972 de-

1913 5003 2046 5056 bere
2079 4999 2388 5071 signiﬁcat,
2424 5016 2457 5052 u
2493 5001 2562 5053 ad
2592 5000 2904 5057 Dominum
2940 5008 3390 5075 promerendum
3423 5023 3560 5060 ora-

1910 5089 2168 5144 tionibus
2197 5092 2376 5155 vacet,
2401 5086 2514 5141 Deo
2537 5087 2794 5143 serviens
2829 5096 3002 5147 noctu
3023 5094 3252 5166 dieque,
3278 5099 3340 5148 ut
3361 5100 3559 5149 osten-

1913 5179 2012 5232 dat
2041 5175 2256 5231 idcirco
2277 5190 2336 5228 se
2361 5175 2595 5242 nuptias
2627 5181 2914 5234 secundas
2930 5182 3374 5253 contempsisse,
3392 5189 3453 5236 ut
3477 5183 3562 5236 in-

1915 5271 2093 5320 staret
2120 5261 2460 5333 disciplince.
2493 5261 2550 5314 Si
2569 5263 2726 5316 enim
2749 5268 2857 5319 sub
2879 5269 3113 5324 nomine
3134 5270 3318 5323 viduae
3341 5270 3560 5325 deliciis

1912 5358 2094 5417 vacet,
2129 5357 2228 5405 aut
2248 5348 2512 5415 luxurias,
2535 5351 2731 5405 vivens
2754 5360 2982 5410 mortua
3000 5357 3271 5413 habenda
3291 5363 3401 5426 est,
3425 5360 3564 5431 quia

1914 5441 2254 5511 imposturai
2283 5452 2468 5508 genus
2490 5443 2578 5492 est
2607 5439 2763 5494 aliud
2797 5459 2985 5514 agere,
3010 5451 3068 5500 et
3098 5446 3257 5500 aliud
3284 5447 3560 5519 proﬁteri,

1916 5545 2032 5584 non
2064 5524 2346 5597 obsequia
2376 5527 2434 5576 et
2462 5525 2824 5585 devotionem
2871 5532 2992 5601 Dei,
3036 5536 3134 5589 sed
3167 5535 3447 5590 honorem
3476 5536 3560 5589 vi-

1916 5619 2043 5672 duae
2066 5616 2322 5672 volentes
2351 5611 2566 5670 habere
2600 5633 2761 5676 :cum
2787 5622 3042 5680 nominis
3061 5623 3250 5697 ipsius
3281 5623 3565 5696 professio
