  <div class='ocr_page' id='page_1' title='image "/cluster/home/n/w/nwhite01/storage/ocr_20150623/134-135/uva.x000829784/389.png"; bbox 0 0 3978 6210; ppageno 0'>
   <div class='ocr_carea' id='block_1_1' title="bbox 454 322 572 380">
    <p class='ocr_par' dir='ltr' id='par_1_1' title="bbox 454 322 572 380">
     <span class='ocr_line' id='line_1_1' title="bbox 454 322 572 380; baseline -0.017 0"><span class='ocrx_word' id='word_1_1' title='bbox 454 322 572 380; x_wconf 85' lang='grc'>679</span> 
     </span>
    </p>
   </div>
   <div class='ocr_carea' id='block_1_2' title="bbox 1470 312 2826 375">
    <p class='ocr_par' dir='ltr' id='par_1_2' title="bbox 1470 312 2826 375">
     <span class='ocr_line' id='line_1_2' title="bbox 1470 312 2826 375; baseline 0.001 -3"><span class='ocrx_word' id='word_1_2' title='bbox 1470 312 1806 375; x_wconf 85' lang='lat' dir='ltr'>ATTONIS</span> <span class='ocrx_word' id='word_1_3' title='bbox 1852 312 2431 375; x_wconf 82' lang='lat' dir='ltr'>VERCELLENSIS</span> <span class='ocrx_word' id='word_1_4' title='bbox 2476 312 2826 375; x_wconf 84' lang='lat' dir='ltr'>EPISCOPI</span> 
     </span>
    </p>
   </div>
   <div class='ocr_carea' id='block_1_3' title="bbox 3713 318 3821 383">
    <p class='ocr_par' dir='ltr' id='par_1_3' title="bbox 3713 318 3821 383">
     <span class='ocr_line' id='line_1_3' title="bbox 3713 318 3821 383; baseline 0.028 -3"><span class='ocrx_word' id='word_1_5' title='bbox 3713 318 3821 383; x_wconf 74' lang='lat'>680</span> 
     </span>
    </p>
   </div>
   <div class='ocr_carea' id='block_1_4' title="bbox 453 444 3816 536">
    <p class='ocr_par' dir='ltr' id='par_1_4' title="bbox 453 444 3816 536">
     <span class='ocr_line' id='line_1_4' title="bbox 453 444 3816 536; baseline 0 -28"><span class='ocrx_word' id='word_1_6' title='bbox 453 453 564 509; x_wconf 90' lang='lat' dir='ltr'>hoc</span> <span class='ocrx_word' id='word_1_7' title='bbox 595 450 818 536; x_wconf 53' lang='lat' dir='ltr'>i’ndicit,</span> <span class='ocrx_word' id='word_1_8' title='bbox 849 448 986 521; x_wconf 92' lang='lat' dir='ltr'>quia</span> <span class='ocrx_word' id='word_1_9' title='bbox 1015 450 1209 517; x_wconf 90' lang='lat' dir='ltr'>spreto</span> <span class='ocrx_word' id='word_1_10' title='bbox 1238 444 1360 500; x_wconf 89' lang='lat' dir='ltr'>viro</span> <span class='ocrx_word' id='word_1_11' title='bbox 1391 445 1574 500; x_wconf 90' lang='lat' dir='ltr'>Deum</span> <span class='ocrx_word' id='word_1_12' title='bbox 1604 445 1799 517; x_wconf 85' lang='lat' dir='ltr'>elegit,</span> <span class='ocrx_word' id='word_1_13' title='bbox 1841 445 1931 501; x_wconf 91' lang='lat' dir='ltr'>cui</span> <span class='ocrx_word' id='word_1_14' title='bbox 1965 462 2091 500; x_wconf 84' lang='lat' dir='ltr'>ser-</span> <span class='ocrx_word' id='word_1_15' title='bbox 2120 447 2175 512; x_wconf 77' lang='grc' dir='ltr'><strong>Α</strong></span> <span class='ocrx_word' id='word_1_16' title='bbox 2206 462 2308 499; x_wconf 85' lang='lat' dir='ltr'>nec</span> <span class='ocrx_word' id='word_1_17' title='bbox 2342 446 2411 500; x_wconf 84' lang='lat' dir='ltr'>ad</span> <span class='ocrx_word' id='word_1_18' title='bbox 2448 446 2672 500; x_wconf 78' lang='lat' dir='ltr'>veniam</span> <span class='ocrx_word' id='word_1_19' title='bbox 2706 445 2874 500; x_wconf 85' lang='lat' dir='ltr'>debet</span> <span class='ocrx_word' id='word_1_20' title='bbox 2902 444 3210 517; x_wconf 84' lang='lat' dir='ltr'>pertinere,</span> <span class='ocrx_word' id='word_1_21' title='bbox 3242 445 3382 517; x_wconf 84' lang='lat' dir='ltr'>quia</span> <span class='ocrx_word' id='word_1_22' title='bbox 3411 446 3714 519; x_wconf 89' lang='lat' dir='ltr'>primordio</span> <span class='ocrx_word' id='word_1_23' title='bbox 3742 452 3816 508; x_wconf 87' lang='lat' dir='ltr'>in-</span> 
     </span>
    </p>
   </div>
   <div class='ocr_carea' id='block_1_5' title="bbox 453 533 2095 608">
    <p class='ocr_par' dir='ltr' id='par_1_5' title="bbox 453 533 2095 608">
     <span class='ocr_line' id='line_1_5' title="bbox 453 533 2095 608; baseline -0.005 -11"><span class='ocrx_word' id='word_1_24' title='bbox 453 542 571 596; x_wconf 92' lang='lat' dir='ltr'>viat</span> <span class='ocrx_word' id='word_1_25' title='bbox 599 533 716 596; x_wconf 87' lang='lat' dir='ltr'>tota</span> <span class='ocrx_word' id='word_1_26' title='bbox 747 543 939 593; x_wconf 85' lang='lat' dir='ltr'>mente</span> <span class='ocrx_word' id='word_1_27' title='bbox 971 540 1207 608; x_wconf 81' lang='lat' dir='ltr'>propter</span> <span class='ocrx_word' id='word_1_28' title='bbox 1253 533 1427 589; x_wconf 87' lang='lat' dir='ltr'>vitam</span> <span class='ocrx_word' id='word_1_29' title='bbox 1462 534 1833 605; x_wconf 83' lang='lat' dir='ltr'>promissam.</span> <span class='ocrx_word' id='word_1_30' title='bbox 1875 536 1949 589; x_wconf 86' lang='lat' dir='ltr'>Et</span> <span class='ocrx_word' id='word_1_31' title='bbox 1977 534 2095 590; x_wconf 65' lang='lat' dir='ltr'>haec</span> 
     </span>
    </p>
   </div>
   <div class='ocr_carea' id='block_1_6' title="bbox 449 621 2091 702">
    <p class='ocr_par' dir='ltr' id='par_1_6' title="bbox 449 621 2091 702">
     <span class='ocr_line' id='line_1_6' title="bbox 449 621 2091 702; baseline -0.005 -17"><span class='ocrx_word' id='word_1_32' title='bbox 449 631 709 702; x_wconf 62' lang='lat' dir='ltr'>praecipe,</span> <span class='ocrx_word' id='word_1_33' title='bbox 723 631 781 682; x_wconf 90' lang='lat' dir='ltr'>ut</span> <span class='ocrx_word' id='word_1_34' title='bbox 799 623 1297 696; x_wconf 81' lang='lat' dir='ltr'>irreprehensibiles</span> <span class='ocrx_word' id='word_1_35' title='bbox 1316 623 1707 677; x_wconf 86' lang='lat' dir='ltr'>sint.Tantum</span> <span class='ocrx_word' id='word_1_36' title='bbox 1729 621 2091 694; x_wconf 83' lang='lat' dir='ltr'>diligentiam</span> 
     </span>
    </p>
   </div>
   <div class='ocr_carea' id='block_1_7' title="bbox 454 710 2080 781">
    <p class='ocr_par' dir='ltr' id='par_1_7' title="bbox 454 710 2080 781">
     <span class='ocr_line' id='line_1_7' title="bbox 454 710 2080 781; baseline -0.006 -7"><span class='ocrx_word' id='word_1_37' title='bbox 454 725 690 775; x_wconf 84' lang='lat' dir='ltr'>actuum</span> <span class='ocrx_word' id='word_1_38' title='bbox 719 733 785 771; x_wconf 89' lang='lat' dir='ltr'>ac</span> <span class='ocrx_word' id='word_1_39' title='bbox 836 730 1064 769; x_wconf 90' lang='lat' dir='ltr'>morum</span> <span class='ocrx_word' id='word_1_40' title='bbox 1097 711 1337 767; x_wconf 83' lang='lat' dir='ltr'>viduam</span> <span class='ocrx_word' id='word_1_41' title='bbox 1375 710 1497 765; x_wconf 83' lang='lat' dir='ltr'>vult</span> <span class='ocrx_word' id='word_1_42' title='bbox 1527 710 1761 779; x_wconf 83' lang='lat' dir='ltr'>habere,</span> <span class='ocrx_word' id='word_1_43' title='bbox 1790 717 1854 765; x_wconf 88' lang='lat' dir='ltr'>ut</span> <span class='ocrx_word' id='word_1_44' title='bbox 1885 726 2080 781; x_wconf 90' lang='lat' dir='ltr'>repre-</span> 
     </span>
    </p>
   </div>
   <div class='ocr_carea' id='block_1_8' title="bbox 453 798 2089 876">
    <p class='ocr_par' dir='ltr' id='par_1_8' title="bbox 453 798 2089 876">
     <span class='ocr_line' id='line_1_8' title="bbox 453 798 2089 876; baseline -0.006 -14"><span class='ocrx_word' id='word_1_45' title='bbox 453 806 625 863; x_wconf 89' lang='lat' dir='ltr'>hendi</span> <span class='ocrx_word' id='word_1_46' title='bbox 656 822 769 860; x_wconf 89' lang='lat' dir='ltr'>non</span> <span class='ocrx_word' id='word_1_47' title='bbox 798 805 1001 876; x_wconf 79' lang='lat' dir='ltr'>possit.</span> <span class='ocrx_word' id='word_1_48' title='bbox 1025 803 1233 855; x_wconf 85' lang='lat' dir='ltr'>Amota</span> <span class='ocrx_word' id='word_1_49' title='bbox 1253 798 1409 855; x_wconf 90' lang='lat' dir='ltr'>enim</span> <span class='ocrx_word' id='word_1_50' title='bbox 1433 816 1467 854; x_wconf 91' lang='lat' dir='ltr'>a</span> <span class='ocrx_word' id='word_1_51' title='bbox 1488 816 1589 869; x_wconf 87' lang='lat' dir='ltr'>spe</span> <span class='ocrx_word' id='word_1_52' title='bbox 1613 800 1920 853; x_wconf 66' lang='lat' dir='ltr'>mundanae</span> <span class='ocrx_word' id='word_1_53' title='bbox 1952 815 2089 853; x_wconf 90' lang='lat' dir='ltr'>con-</span> 
     </span>
    </p>
   </div>
   <div class='ocr_carea' id='block_1_9' title="bbox 449 887 2089 962">
    <p class='ocr_par' dir='ltr' id='par_1_9' title="bbox 449 887 2089 962">
     <span class='ocr_line' id='line_1_9' title="bbox 449 887 2089 962; baseline -0.005 -11"><span class='ocrx_word' id='word_1_54' title='bbox 449 894 816 959; x_wconf 84' lang='lat' dir='ltr'>versationis,</span> <span class='ocrx_word' id='word_1_55' title='bbox 850 896 906 948; x_wconf 89' lang='lat' dir='ltr'>et</span> <span class='ocrx_word' id='word_1_56' title='bbox 935 889 1193 962; x_wconf 89' lang='lat' dir='ltr'>corporis</span> <span class='ocrx_word' id='word_1_57' title='bbox 1222 889 1462 943; x_wconf 87' lang='lat' dir='ltr'>curandi</span> <span class='ocrx_word' id='word_1_58' title='bbox 1487 888 1700 953; x_wconf 88' lang='lat' dir='ltr'>ofﬁcio,</span> <span class='ocrx_word' id='word_1_59' title='bbox 1734 892 1966 959; x_wconf 82' lang='lat' dir='ltr'>propter</span> <span class='ocrx_word' id='word_1_60' title='bbox 1983 887 2089 942; x_wconf 93' lang='lat' dir='ltr'>hoc</span> 
     </span>
    </p>
   </div>
   <div class='ocr_carea' id='block_1_10' title="bbox 450 975 2085 1049">
    <p class='ocr_par' dir='ltr' id='par_1_10' title="bbox 450 975 2085 1049">
     <span class='ocr_line' id='line_1_10' title="bbox 450 975 2085 1049; baseline -0.006 -10"><span class='ocrx_word' id='word_1_61' title='bbox 450 999 513 1039; x_wconf 88' lang='lat' dir='ltr'>se</span> <span class='ocrx_word' id='word_1_62' title='bbox 543 983 611 1038; x_wconf 91' lang='lat' dir='ltr'>ad</span> <span class='ocrx_word' id='word_1_63' title='bbox 646 983 829 1038; x_wconf 90' lang='lat' dir='ltr'>Deum</span> <span class='ocrx_word' id='word_1_64' title='bbox 868 978 1136 1046; x_wconf 88' lang='lat' dir='ltr'>contulit,</span> <span class='ocrx_word' id='word_1_65' title='bbox 1197 983 1259 1032; x_wconf 90' lang='lat' dir='ltr'>ut</span> <span class='ocrx_word' id='word_1_66' title='bbox 1307 975 1666 1049; x_wconf 89' lang='lat' dir='ltr'>probabilem</span> <span class='ocrx_word' id='word_1_67' title='bbox 1699 981 1831 1047; x_wconf 84' lang='lat' dir='ltr'>agat</span> <span class='ocrx_word' id='word_1_68' title='bbox 1887 976 2085 1031; x_wconf 88' lang='lat' dir='ltr'>vitam.</span> 
     </span>
    </p>
   </div>
   <div class='ocr_carea' id='block_1_11' title="bbox 449 1064 2085 1137">
    <p class='ocr_par' dir='ltr' id='par_1_11' title="bbox 449 1064 2085 1137">
     <span class='ocr_line' id='line_1_11' title="bbox 449 1064 2085 1137; baseline -0.006 -10"><span class='ocrx_word' id='word_1_69' title='bbox 449 1070 707 1127; x_wconf 83' lang='lat' dir='ltr'>Sublatis</span> <span class='ocrx_word' id='word_1_70' title='bbox 736 1069 891 1126; x_wconf 91' lang='lat' dir='ltr'>enim</span> <span class='ocrx_word' id='word_1_71' title='bbox 924 1067 1349 1133; x_wconf 80' lang='lat' dir='ltr'>occasionibus,</span> <span class='ocrx_word' id='word_1_72' title='bbox 1374 1083 1501 1137; x_wconf 64' lang='lat' dir='ltr'>qum</span> <span class='ocrx_word' id='word_1_73' title='bbox 1520 1066 1713 1121; x_wconf 88' lang='lat' dir='ltr'>aditus</span> <span class='ocrx_word' id='word_1_74' title='bbox 1743 1064 1932 1120; x_wconf 89' lang='lat' dir='ltr'>solent</span> <span class='ocrx_word' id='word_1_75' title='bbox 1952 1082 2085 1136; x_wconf 86' lang='lat' dir='ltr'>ape-</span> 
     </span>
    </p>
   </div>
   <div class='ocr_carea' id='block_1_12' title="bbox 447 1152 2087 1232">
    <p class='ocr_par' dir='ltr' id='par_1_12' title="bbox 447 1152 2087 1232">
     <span class='ocr_line' id='line_1_12' title="bbox 447 1152 2087 1232; baseline -0.005 -16"><span class='ocrx_word' id='word_1_76' title='bbox 447 1160 562 1216; x_wconf 90' lang='lat' dir='ltr'>riro</span> <span class='ocrx_word' id='word_1_77' title='bbox 599 1158 871 1232; x_wconf 85' lang='lat' dir='ltr'>peccatis,</span> <span class='ocrx_word' id='word_1_78' title='bbox 904 1161 1093 1229; x_wconf 85' lang='lat' dir='ltr'>potest</span> <span class='ocrx_word' id='word_1_79' title='bbox 1148 1157 1298 1213; x_wconf 88' lang='lat' dir='ltr'>bona</span> <span class='ocrx_word' id='word_1_80' title='bbox 1355 1154 1718 1210; x_wconf 88' lang='lat' dir='ltr'>conversatio</span> <span class='ocrx_word' id='word_1_81' title='bbox 1774 1152 2087 1209; x_wconf 88' lang='lat' dir='ltr'>incolumis</span> 
     </span>
    </p>
   </div>
   <div class='ocr_carea' id='block_1_13' title="bbox 444 1263 807 1321">
    <p class='ocr_par' dir='ltr' id='par_1_13' title="bbox 444 1263 807 1321">
     <span class='ocr_line' id='line_1_13' title="bbox 444 1263 807 1321; baseline -0.006 -18"><span class='ocrx_word' id='word_1_82' title='bbox 444 1263 807 1321; x_wconf 88' lang='lat' dir='ltr'>permanere.</span> 
     </span>
    </p>
   </div>
   <div class='ocr_carea' id='block_1_14' title="bbox 518 1329 2087 1407">
    <p class='ocr_par' dir='ltr' id='par_1_14' title="bbox 518 1329 2087 1407">
     <span class='ocr_line' id='line_1_14' title="bbox 518 1329 2087 1407; baseline -0.005 -16"><span class='ocrx_word' id='word_1_83' title='bbox 518 1337 578 1392; x_wconf 99' lang='lat' dir='ltr'>Si</span> <span class='ocrx_word' id='word_1_84' title='bbox 599 1337 720 1407; x_wconf 82' lang='lat' dir='ltr'>quis</span> <span class='ocrx_word' id='word_1_85' title='bbox 747 1338 930 1390; x_wconf 87' lang='lat' dir='ltr'>autem</span> <span class='ocrx_word' id='word_1_86' title='bbox 948 1348 1173 1387; x_wconf 74' lang='lat' dir='ltr'>suorum</span> <span class='ocrx_word' id='word_1_87' title='bbox 1199 1339 1249 1386; x_wconf 88' lang='lat' dir='ltr'>et</span> <span class='ocrx_word' id='word_1_88' title='bbox 1272 1332 1523 1387; x_wconf 74' lang='lat' dir='ltr'>maxime</span> <span class='ocrx_word' id='word_1_89' title='bbox 1550 1329 1963 1384; x_wconf 80' lang='lat' dir='ltr'>domesticorum</span> <span class='ocrx_word' id='word_1_90' title='bbox 1991 1345 2087 1383; x_wconf 85' lang='lat' dir='ltr'>cu-</span> 
     </span>
    </p>
   </div>
   <div class='ocr_carea' id='block_1_15' title="bbox 444 1417 2083 1492">
    <p class='ocr_par' dir='ltr' id='par_1_15' title="bbox 444 1417 2083 1492">
     <span class='ocr_line' id='line_1_15' title="bbox 444 1417 2083 1492; baseline -0.005 -12"><span class='ocrx_word' id='word_1_91' title='bbox 444 1443 569 1481; x_wconf 88' lang='lat' dir='ltr'>ram</span> <span class='ocrx_word' id='word_1_92' title='bbox 595 1441 703 1480; x_wconf 86' lang='lat' dir='ltr'>non</span> <span class='ocrx_word' id='word_1_93' title='bbox 736 1423 914 1490; x_wconf 80' lang='lat' dir='ltr'>habet,</span> <span class='ocrx_word' id='word_1_94' title='bbox 936 1423 1107 1492; x_wconf 83' lang='lat' dir='ltr'>ﬁdem</span> <span class='ocrx_word' id='word_1_95' title='bbox 1134 1421 1374 1488; x_wconf 83' lang='lat' dir='ltr'>negavit,</span> <span class='ocrx_word' id='word_1_96' title='bbox 1400 1423 1451 1474; x_wconf 88' lang='lat' dir='ltr'>ct</span> <span class='ocrx_word' id='word_1_97' title='bbox 1480 1427 1553 1473; x_wconf 84' lang='lat' dir='ltr'>est</span> <span class='ocrx_word' id='word_1_98' title='bbox 1582 1418 1795 1487; x_wconf 85' lang='lat' dir='ltr'>inﬁdeli</span> <span class='ocrx_word' id='word_1_99' title='bbox 1822 1417 2083 1473; x_wconf 77' lang='lat' dir='ltr'>deterior.</span> 
     </span>
    </p>
   </div>
   <div class='ocr_carea' id='block_1_16' title="bbox 445 1506 2084 1581">
    <p class='ocr_par' dir='ltr' id='par_1_16' title="bbox 445 1506 2084 1581">
     <span class='ocr_line' id='line_1_16' title="bbox 445 1506 2084 1581; baseline -0.005 -13"><span class='ocrx_word' id='word_1_100' title='bbox 445 1512 605 1568; x_wconf 91' lang='lat' dir='ltr'>Hanc</span> <span class='ocrx_word' id='word_1_101' title='bbox 636 1512 1026 1581; x_wconf 68' lang='lat' dir='ltr'>viduam,qute</span> <span class='ocrx_word' id='word_1_102' title='bbox 1051 1506 1350 1580; x_wconf 84' lang='lat' dir='ltr'>negligens</span> <span class='ocrx_word' id='word_1_103' title='bbox 1369 1507 1478 1561; x_wconf 88' lang='lat' dir='ltr'>fuit</span> <span class='ocrx_word' id='word_1_104' title='bbox 1498 1506 1651 1562; x_wconf 86' lang='lat' dir='ltr'>circa</span> <span class='ocrx_word' id='word_1_105' title='bbox 1671 1522 1809 1560; x_wconf 92' lang='lat' dir='ltr'>suos</span> <span class='ocrx_word' id='word_1_106' title='bbox 1827 1506 2084 1570; x_wconf 77' lang='lat' dir='ltr'>affectos,</span> 
     </span>
    </p>
   </div>
   <div class='ocr_carea' id='block_1_17' title="bbox 447 1594 2084 1668">
    <p class='ocr_par' dir='ltr' id='par_1_17' title="bbox 447 1594 2084 1668">
     <span class='ocr_line' id='line_1_17' title="bbox 447 1594 2084 1668; baseline -0.004 -12"><span class='ocrx_word' id='word_1_107' title='bbox 447 1605 514 1656; x_wconf 94' lang='lat' dir='ltr'>ut</span> <span class='ocrx_word' id='word_1_108' title='bbox 542 1601 816 1656; x_wconf 78' lang='lat' dir='ltr'>educeret</span> <span class='ocrx_word' id='word_1_109' title='bbox 852 1615 950 1655; x_wconf 90' lang='lat' dir='ltr'>eos</span> <span class='ocrx_word' id='word_1_110' title='bbox 972 1599 1030 1653; x_wconf 91' lang='lat' dir='ltr'>in</span> <span class='ocrx_word' id='word_1_111' title='bbox 1062 1596 1433 1668; x_wconf 88' lang='lat' dir='ltr'>disciplinam</span> <span class='ocrx_word' id='word_1_112' title='bbox 1456 1600 1512 1650; x_wconf 92' lang='lat' dir='ltr'>et</span> <span class='ocrx_word' id='word_1_113' title='bbox 1527 1594 1948 1666; x_wconf 86' lang='lat' dir='ltr'>correptionem</span> <span class='ocrx_word' id='word_1_114' title='bbox 1975 1594 2084 1649; x_wconf 68' lang='lat' dir='ltr'>Do«</span> 
     </span>
    </p>
   </div>
   <div class='ocr_carea' id='block_1_18' title="bbox 446 1683 2081 1757">
    <p class='ocr_par' dir='ltr' id='par_1_18' title="bbox 446 1683 2081 1757">
     <span class='ocr_line' id='line_1_18' title="bbox 446 1683 2081 1757; baseline -0.004 -13"><span class='ocrx_word' id='word_1_115' title='bbox 446 1687 1093 1756; x_wconf 89' lang='lat' dir='ltr'>mini,inhonorandam</span> <span class='ocrx_word' id='word_1_116' title='bbox 1117 1686 1299 1757; x_wconf 79' lang='grc'>(1306)</span> <span class='ocrx_word' id='word_1_117' title='bbox 1320 1685 1478 1751; x_wconf 91' lang='lat' dir='ltr'>dicit,</span> <span class='ocrx_word' id='word_1_118' title='bbox 1513 1684 1651 1755; x_wconf 85' lang='lat' dir='ltr'>quia</span> <span class='ocrx_word' id='word_1_119' title='bbox 1672 1684 1824 1738; x_wconf 90' lang='lat' dir='ltr'>sicut</span> <span class='ocrx_word' id='word_1_120' title='bbox 1854 1683 2081 1754; x_wconf 91' lang='lat' dir='ltr'>perﬁdi,</span> 
     </span>
    </p>
   </div>
   <div class='ocr_carea' id='block_1_19' title="bbox 442 1772 2164 1880">
    <p class='ocr_par' dir='ltr' id='par_1_19' title="bbox 442 1772 2164 1880">
     <span class='ocr_line' id='line_1_19' title="bbox 442 1772 2164 1880; baseline -0.004 -47"><span class='ocrx_word' id='word_1_121' title='bbox 442 1778 553 1851; x_wconf 86' lang='lat' dir='ltr'>legi</span> <span class='ocrx_word' id='word_1_122' title='bbox 585 1779 681 1877; x_wconf 80' lang='lat' dir='ltr'>Dei</span> <span class='ocrx_word' id='word_1_123' title='bbox 712 1794 827 1832; x_wconf 89' lang='lat' dir='ltr'>non</span> <span class='ocrx_word' id='word_1_124' title='bbox 868 1775 1153 1880; x_wconf 38' lang='lat' dir='ltr'>‘obedivit:</span> <span class='ocrx_word' id='word_1_125' title='bbox 1198 1774 1268 1829; x_wconf 89' lang='lat' dir='ltr'>Ut</span> <span class='ocrx_word' id='word_1_126' title='bbox 1299 1774 1470 1880; x_wconf 43' lang='lat' dir='ltr'>pejor.</span> <span class='ocrx_word' id='word_1_127' title='bbox 1513 1772 1799 1827; x_wconf 88' lang='lat' dir='ltr'>habeatur</span> <span class='ocrx_word' id='word_1_128' title='bbox 1846 1787 2084 1827; x_wconf 88' lang='lat' dir='ltr'>necesse</span> <span class='ocrx_word' id='word_1_129' title='bbox 2117 1816 2164 1880; x_wconf 80' lang='grc' dir='ltr'><strong>Β</strong></span> 
     </span>
    </p>
   </div>
   <div class='ocr_carea' id='block_1_20' title="bbox 443 1861 2088 1939">
    <p class='ocr_par' dir='ltr' id='par_1_20' title="bbox 443 1861 2088 1939">
     <span class='ocr_line' id='line_1_20' title="bbox 443 1861 2088 1939; baseline -0.005 -16"><span class='ocrx_word' id='word_1_130' title='bbox 443 1871 552 1934; x_wconf 87' lang='lat' dir='ltr'>est,</span> <span class='ocrx_word' id='word_1_131' title='bbox 584 1866 683 1939; x_wconf 92' lang='lat' dir='ltr'>qui</span> <span class='ocrx_word' id='word_1_132' title='bbox 725 1866 837 1921; x_wconf 88' lang='lat' dir='ltr'>sub</span> <span class='ocrx_word' id='word_1_133' title='bbox 868 1864 991 1935; x_wconf 84' lang='lat' dir='ltr'>lege</span> <span class='ocrx_word' id='word_1_134' title='bbox 1016 1868 1072 1919; x_wconf 91' lang='lat' dir='ltr'>et</span> <span class='ocrx_word' id='word_1_135' title='bbox 1117 1863 1324 1918; x_wconf 88' lang='lat' dir='ltr'>timore</span> <span class='ocrx_word' id='word_1_136' title='bbox 1374 1861 1474 1917; x_wconf 87' lang='lat' dir='ltr'>Dei</span> <span class='ocrx_word' id='word_1_137' title='bbox 1504 1876 1685 1933; x_wconf 87' lang='lat' dir='ltr'>agens</span> <span class='ocrx_word' id='word_1_138' title='bbox 1718 1864 2088 1932; x_wconf 82' lang='lat' dir='ltr'>contemptor</span> 
     </span>
    </p>
   </div>
   <div class='ocr_carea' id='block_1_21' title="bbox 441 1949 2083 2027">
    <p class='ocr_par' dir='ltr' id='par_1_21' title="bbox 441 1949 2083 2027">
     <span class='ocr_line' id='line_1_21' title="bbox 441 1949 2083 2027; baseline -0.005 -15"><span class='ocrx_word' id='word_1_139' title='bbox 441 1961 550 2023; x_wconf 90' lang='lat' dir='ltr'>est,</span> <span class='ocrx_word' id='word_1_140' title='bbox 584 1971 760 2027; x_wconf 87' lang='lat' dir='ltr'>quam</span> <span class='ocrx_word' id='word_1_141' title='bbox 779 1953 878 2025; x_wconf 88' lang='lat' dir='ltr'>qui</span> <span class='ocrx_word' id='word_1_142' title='bbox 910 1969 1023 2008; x_wconf 89' lang='lat' dir='ltr'>non</span> <span class='ocrx_word' id='word_1_143' title='bbox 1047 1952 1348 2022; x_wconf 83' lang='lat' dir='ltr'>subjectus</span> <span class='ocrx_word' id='word_1_144' title='bbox 1369 1954 1459 2006; x_wconf 86' lang='lat' dir='ltr'>est</span> <span class='ocrx_word' id='word_1_145' title='bbox 1480 1949 1616 2021; x_wconf 86' lang='lat' dir='ltr'>legi.</span> <span class='ocrx_word' id='word_1_146' title='bbox 1640 1949 1745 2004; x_wconf 89' lang='lat' dir='ltr'>llic</span> <span class='ocrx_word' id='word_1_147' title='bbox 1766 1949 1921 2004; x_wconf 91' lang='lat' dir='ltr'>enim</span> <span class='ocrx_word' id='word_1_148' title='bbox 1955 1965 2083 2004; x_wconf 89' lang='lat' dir='ltr'>nes-</span> 
     </span>
    </p>
   </div>
   <div class='ocr_carea' id='block_1_22' title="bbox 441 2039 1280 2113">
    <p class='ocr_par' dir='ltr' id='par_1_22' title="bbox 441 2039 1280 2113">
     <span class='ocr_line' id='line_1_22' title="bbox 441 2039 1280 2113; baseline -0.007 -13"><span class='ocrx_word' id='word_1_149' title='bbox 441 2044 557 2113; x_wconf 89' lang='lat' dir='ltr'>cit;</span> <span class='ocrx_word' id='word_1_150' title='bbox 590 2043 688 2099; x_wconf 90' lang='lat' dir='ltr'>ille</span> <span class='ocrx_word' id='word_1_151' title='bbox 717 2047 911 2098; x_wconf 91' lang='lat' dir='ltr'>autem</span> <span class='ocrx_word' id='word_1_152' title='bbox 941 2039 1280 2097; x_wconf 89' lang='lat' dir='ltr'>contemnit.</span> 
     </span>
    </p>
   </div>
   <div class='ocr_carea' id='block_1_23' title="bbox 516 2127 2084 2202">
    <p class='ocr_par' dir='ltr' id='par_1_23' title="bbox 516 2127 2084 2202">
     <span class='ocr_line' id='line_1_23' title="bbox 516 2127 2084 2202; baseline -0.006 -14"><span class='ocrx_word' id='word_1_153' title='bbox 516 2132 685 2189; x_wconf 85' lang='lat' dir='ltr'>Vidua</span> <span class='ocrx_word' id='word_1_154' title='bbox 742 2131 988 2202; x_wconf 76' lang='lat' dir='ltr'>eligatur</span> <span class='ocrx_word' id='word_1_155' title='bbox 1045 2145 1316 2185; x_wconf 86' lang='lat' dir='ltr'>annorum</span> <span class='ocrx_word' id='word_1_156' title='bbox 1364 2142 1475 2183; x_wconf 86' lang='lat' dir='ltr'>non</span> <span class='ocrx_word' id='word_1_157' title='bbox 1530 2129 1717 2181; x_wconf 88' lang='lat' dir='ltr'>minus</span> <span class='ocrx_word' id='word_1_158' title='bbox 1771 2127 2084 2194; x_wconf 71' lang='lat' dir='ltr'>sexaginta,</span> 
     </span>
    </p>
   </div>
   <div class='ocr_carea' id='block_1_24' title="bbox 435 2216 2080 2291">
    <p class='ocr_par' dir='ltr' id='par_1_24' title="bbox 435 2216 2080 2291">
     <span class='ocr_line' id='line_1_24' title="bbox 435 2216 2080 2291; baseline -0.006 -12"><span class='ocrx_word' id='word_1_159' title='bbox 435 2224 607 2279; x_wconf 82' lang='lat' dir='ltr'>unius</span> <span class='ocrx_word' id='word_1_160' title='bbox 655 2223 765 2277; x_wconf 87' lang='lat' dir='ltr'>viri</span> <span class='ocrx_word' id='word_1_161' title='bbox 810 2236 952 2276; x_wconf 72' lang='lat' dir='ltr'>uxor</span> <span class='ocrx_word' id='word_1_162' title='bbox 998 2218 1202 2291; x_wconf 75' lang='lat'>(1307),</span> <span class='ocrx_word' id='word_1_163' title='bbox 1237 2220 1296 2273; x_wconf 85' lang='lat' dir='ltr'>in</span> <span class='ocrx_word' id='word_1_164' title='bbox 1351 2216 1605 2287; x_wconf 83' lang='lat' dir='ltr'>aperibns</span> <span class='ocrx_word' id='word_1_165' title='bbox 1638 2216 1787 2270; x_wconf 75' lang='lat' dir='ltr'>benis</span> <span class='ocrx_word' id='word_1_166' title='bbox 1838 2218 2080 2270; x_wconf 83' lang='lat' dir='ltr'>testimo-</span> 
     </span>
    </p>
   </div>
   <div class='ocr_carea' id='block_1_25' title="bbox 434 2304 2080 2377">
    <p class='ocr_par' dir='ltr' id='par_1_25' title="bbox 434 2304 2080 2377">
     <span class='ocr_line' id='line_1_25' title="bbox 434 2304 2080 2377; baseline -0.005 -10"><span class='ocrx_word' id='word_1_167' title='bbox 434 2314 597 2368; x_wconf 84' lang='lat' dir='ltr'>nium</span> <span class='ocrx_word' id='word_1_168' title='bbox 624 2310 847 2375; x_wconf 80' lang='lat' dir='ltr'>habens,</span> <span class='ocrx_word' id='word_1_169' title='bbox 880 2310 932 2364; x_wconf 67' lang='grc' dir='ltr'>εἰ</span> <span class='ocrx_word' id='word_1_170' title='bbox 980 2307 1128 2377; x_wconf 81' lang='lat' dir='ltr'>ﬁlios</span> <span class='ocrx_word' id='word_1_171' title='bbox 1182 2307 1470 2371; x_wconf 84' lang='lat' dir='ltr'>enutrivit,</span> <span class='ocrx_word' id='word_1_172' title='bbox 1502 2306 1553 2359; x_wconf 92' lang='lat' dir='ltr'>si</span> <span class='ocrx_word' id='word_1_173' title='bbox 1601 2305 1833 2376; x_wconf 87' lang='lat' dir='ltr'>hospitio</span> <span class='ocrx_word' id='word_1_174' title='bbox 1864 2304 2080 2374; x_wconf 81' lang='lat' dir='ltr'>recepit,</span> 
     </span>
    </p>
   </div>
   <div class='ocr_carea' id='block_1_26' title="bbox 433 2393 2083 2468">
    <p class='ocr_par' dir='ltr' id='par_1_26' title="bbox 433 2393 2083 2468">
     <span class='ocr_line' id='line_1_26' title="bbox 433 2393 2083 2468; baseline -0.006 -12"><span class='ocrx_word' id='word_1_175' title='bbox 433 2402 487 2456; x_wconf 92' lang='lat' dir='ltr'>si</span> <span class='ocrx_word' id='word_1_176' title='bbox 531 2407 846 2455; x_wconf 85' lang='lat' dir='ltr'>sanctorum</span> <span class='ocrx_word' id='word_1_177' title='bbox 868 2396 1027 2468; x_wconf 84' lang='lat' dir='ltr'>pedes</span> <span class='ocrx_word' id='word_1_178' title='bbox 1077 2396 1229 2462; x_wconf 83' lang='lat' dir='ltr'>tavit,</span> <span class='ocrx_word' id='word_1_179' title='bbox 1295 2395 1347 2449; x_wconf 86' lang='lat' dir='ltr'>si</span> <span class='ocrx_word' id='word_1_180' title='bbox 1390 2409 1709 2465; x_wconf 82' lang='lat' dir='ltr'>pressuram</span> <span class='ocrx_word' id='word_1_181' title='bbox 1751 2393 2083 2464; x_wconf 81' lang='lat' dir='ltr'>patientibus</span> 
     </span>
    </p>
   </div>
   <div class='ocr_carea' id='block_1_27' title="bbox 437 2480 2080 2553">
    <p class='ocr_par' dir='ltr' id='par_1_27' title="bbox 437 2480 2080 2553">
     <span class='ocr_line' id='line_1_27' title="bbox 437 2480 2080 2553; baseline -0.005 -10"><span class='ocrx_word' id='word_1_182' title='bbox 437 2487 897 2552; x_wconf 80' lang='lat' dir='ltr'>subministravit,</span> <span class='ocrx_word' id='word_1_183' title='bbox 929 2486 979 2539; x_wconf 91' lang='lat' dir='ltr'>si</span> <span class='ocrx_word' id='word_1_184' title='bbox 1006 2500 1165 2539; x_wconf 86' lang='lat' dir='ltr'>omne</span> <span class='ocrx_word' id='word_1_185' title='bbox 1193 2498 1323 2553; x_wconf 81' lang='lat' dir='ltr'>opus</span> <span class='ocrx_word' id='word_1_186' title='bbox 1357 2483 1554 2537; x_wconf 89' lang='lat' dir='ltr'>bonum</span> <span class='ocrx_word' id='word_1_187' title='bbox 1582 2482 1865 2536; x_wconf 82' lang='lat' dir='ltr'>subsecuta</span> <span class='ocrx_word' id='word_1_188' title='bbox 1894 2486 1990 2536; x_wconf 83' lang='lat' dir='ltr'>cst.</span> <span class='ocrx_word' id='word_1_189' title='bbox 2021 2480 2080 2536; x_wconf 89' lang='lat' dir='ltr'>Si</span> 
     </span>
    </p>
   </div>
   <div class='ocr_carea' id='block_1_28' title="bbox 437 2570 2080 2650">
    <p class='ocr_par' dir='ltr' id='par_1_28' title="bbox 437 2570 2080 2650">
     <span class='ocr_line' id='line_1_28' title="bbox 437 2570 2080 2650; baseline -0.006 -18"><span class='ocrx_word' id='word_1_190' title='bbox 437 2574 817 2650; x_wconf 66' lang='lat' dir='ltr'>prterogativa</span> <span class='ocrx_word' id='word_1_191' title='bbox 847 2572 1267 2645; x_wconf 64' lang='lat' dir='ltr'>praleritorum</span> <span class='ocrx_word' id='word_1_192' title='bbox 1298 2587 1539 2641; x_wconf 89' lang='lat' dir='ltr'>operum</span> <span class='ocrx_word' id='word_1_193' title='bbox 1582 2570 1756 2625; x_wconf 90' lang='lat' dir='ltr'>vidua</span> <span class='ocrx_word' id='word_1_194' title='bbox 1785 2584 2080 2624; x_wconf 87' lang='lat' dir='ltr'>commen-</span> 
     </span>
    </p>
   </div>
   <div class='ocr_carea' id='block_1_29' title="bbox 437 2657 2079 2735">
    <p class='ocr_par' dir='ltr' id='par_1_29' title="bbox 437 2657 2079 2735">
     <span class='ocr_line' id='line_1_29' title="bbox 437 2657 2079 2735; baseline -0.007 -14"><span class='ocrx_word' id='word_1_195' title='bbox 437 2667 629 2732; x_wconf 89' lang='lat' dir='ltr'>datur,</span> <span class='ocrx_word' id='word_1_196' title='bbox 663 2662 989 2735; x_wconf 86' lang='lat' dir='ltr'>eligendam</span> <span class='ocrx_word' id='word_1_197' title='bbox 1021 2660 1171 2716; x_wconf 89' lang='lat' dir='ltr'>hanc</span> <span class='ocrx_word' id='word_1_198' title='bbox 1200 2660 1385 2715; x_wconf 88' lang='lat' dir='ltr'>docet-</span> <span class='ocrx_word' id='word_1_199' title='bbox 1412 2657 1644 2713; x_wconf 89' lang='lat' dir='ltr'>Domini</span> <span class='ocrx_word' id='word_1_200' title='bbox 1687 2657 1841 2712; x_wconf 90' lang='lat' dir='ltr'>enim</span> <span class='ocrx_word' id='word_1_201' title='bbox 1864 2657 2079 2729; x_wconf 91' lang='lat' dir='ltr'>judici-</span> 
     </span>
    </p>
   </div>
   <div class='ocr_carea' id='block_1_30' title="bbox 437 2745 2080 2819">
    <p class='ocr_par' dir='ltr' id='par_1_30' title="bbox 437 2745 2080 2819">
     <span class='ocr_line' id='line_1_30' title="bbox 437 2745 2080 2819; baseline -0.006 -9"><span class='ocrx_word' id='word_1_202' title='bbox 437 2755 525 2810; x_wconf 92' lang='lat' dir='ltr'>cio</span> <span class='ocrx_word' id='word_1_203' title='bbox 578 2751 890 2810; x_wconf 89' lang='lat' dir='ltr'>ascribitur</span> <span class='ocrx_word' id='word_1_204' title='bbox 937 2766 1148 2805; x_wconf 89' lang='lat' dir='ltr'>nomen</span> <span class='ocrx_word' id='word_1_205' title='bbox 1225 2749 1354 2819; x_wconf 87' lang='lat' dir='ltr'>ejus</span> <span class='ocrx_word' id='word_1_206' title='bbox 1412 2745 1823 2803; x_wconf 87' lang='lat' dir='ltr'>ecclesiasticis</span> <span class='ocrx_word' id='word_1_207' title='bbox 1873 2762 2080 2801; x_wconf 90' lang='lat' dir='ltr'>monu-</span> 
     </span>
    </p>
   </div>
   <div class='ocr_carea' id='block_1_31' title="bbox 439 2835 2081 2911">
    <p class='ocr_par' dir='ltr' id='par_1_31' title="bbox 439 2835 2081 2911">
     <span class='ocr_line' id='line_1_31' title="bbox 439 2835 2081 2911; baseline -0.005 -14"><span class='ocrx_word' id='word_1_208' title='bbox 439 2841 675 2911; x_wconf 87' lang='lat' dir='ltr'>mentis,</span> <span class='ocrx_word' id='word_1_209' title='bbox 707 2856 882 2911; x_wconf 92' lang='lat' dir='ltr'>quam</span> <span class='ocrx_word' id='word_1_210' title='bbox 927 2838 1167 2910; x_wconf 87' lang='lat' dir='ltr'>dignam</span> <span class='ocrx_word' id='word_1_211' title='bbox 1195 2842 1362 2892; x_wconf 89' lang='lat' dir='ltr'>vetus</span> <span class='ocrx_word' id='word_1_212' title='bbox 1396 2835 1513 2892; x_wconf 89' lang='lat' dir='ltr'>vita</span> <span class='ocrx_word' id='word_1_213' title='bbox 1542 2835 1816 2891; x_wconf 88' lang='lat' dir='ltr'>declarat.</span> <span class='ocrx_word' id='word_1_214' title='bbox 1853 2836 2081 2889; x_wconf 89' lang='lat' dir='ltr'>Imbuta</span> 
     </span>
    </p>
   </div>
   <div class='ocr_carea' id='block_1_32' title="bbox 438 2925 2079 2998">
    <p class='ocr_par' dir='ltr' id='par_1_32' title="bbox 438 2925 2079 2998">
     <span class='ocr_line' id='line_1_32' title="bbox 438 2925 2079 2998; baseline -0.004 -11"><span class='ocrx_word' id='word_1_215' title='bbox 438 2931 594 2987; x_wconf 90' lang='lat' dir='ltr'>enim</span> <span class='ocrx_word' id='word_1_216' title='bbox 625 2928 837 2985; x_wconf 89' lang='lat' dir='ltr'>divinis</span> <span class='ocrx_word' id='word_1_217' title='bbox 875 2926 1173 2998; x_wconf 89' lang='lat' dir='ltr'>obsequiis</span> <span class='ocrx_word' id='word_1_218' title='bbox 1222 2930 1278 2981; x_wconf 93' lang='lat' dir='ltr'>et</span> <span class='ocrx_word' id='word_1_219' title='bbox 1307 2925 1367 2980; x_wconf 91' lang='lat' dir='ltr'>in</span> <span class='ocrx_word' id='word_1_220' title='bbox 1414 2925 1590 2979; x_wconf 89' lang='lat' dir='ltr'>vitam</span> <span class='ocrx_word' id='word_1_221' title='bbox 1636 2930 1910 2991; x_wconf 87' lang='lat' dir='ltr'>atterens,</span> <span class='ocrx_word' id='word_1_222' title='bbox 1942 2941 2079 2980; x_wconf 89' lang='lat' dir='ltr'>sus-</span> 
     </span>
    </p>
   </div>
   <div class='ocr_carea' id='block_1_33' title="bbox 438 3012 2077 3092">
    <p class='ocr_par' dir='ltr' id='par_1_33' title="bbox 438 3012 2077 3092">
     <span class='ocr_line' id='line_1_33' title="bbox 438 3012 2077 3092; baseline -0.006 -16"><span class='ocrx_word' id='word_1_223' title='bbox 438 3019 707 3092; x_wconf 90' lang='lat' dir='ltr'>cipienda</span> <span class='ocrx_word' id='word_1_224' title='bbox 735 3022 824 3074; x_wconf 89' lang='lat' dir='ltr'>est</span> <span class='ocrx_word' id='word_1_225' title='bbox 853 3018 911 3072; x_wconf 89' lang='lat' dir='ltr'>in</span> <span class='ocrx_word' id='word_1_226' title='bbox 944 3016 1078 3073; x_wconf 89' lang='lat' dir='ltr'>sinu</span> <span class='ocrx_word' id='word_1_227' title='bbox 1112 3013 1373 3071; x_wconf 74' lang='lat' dir='ltr'>Ecclesia:</span> <span class='ocrx_word' id='word_1_228' title='bbox 1404 3014 1503 3086; x_wconf 86' lang='lat' dir='ltr'>qui</span> <span class='ocrx_word' id='word_1_229' title='bbox 1536 3012 1675 3069; x_wconf 91' lang='lat' dir='ltr'>olim</span> <span class='ocrx_word' id='word_1_230' title='bbox 1725 3030 1787 3068; x_wconf 89' lang='lat' dir='ltr'>se</span> <span class='ocrx_word' id='word_1_231' title='bbox 1817 3013 1969 3068; x_wconf 87' lang='lat' dir='ltr'>vovit</span> <span class='ocrx_word' id='word_1_232' title='bbox 1998 3012 2077 3067; x_wconf 78' lang='lat' dir='ltr'>le-</span> 
     </span>
    </p>
   </div>
   <div class='ocr_carea' id='block_1_34' title="bbox 436 3105 965 3182">
    <p class='ocr_par' dir='ltr' id='par_1_34' title="bbox 436 3105 965 3182">
     <span class='ocr_line' id='line_1_34' title="bbox 436 3105 965 3182; baseline -0.009 -18"><span class='ocrx_word' id='word_1_233' title='bbox 436 3108 661 3182; x_wconf 89' lang='lat' dir='ltr'>gitimis</span> <span class='ocrx_word' id='word_1_234' title='bbox 692 3105 965 3163; x_wconf 90' lang='lat' dir='ltr'>servitiis.</span> 
     </span>
    </p>
   </div>
   <div class='ocr_carea' id='block_1_35' title="bbox 501 3177 2149 3254">
    <p class='ocr_par' dir='ltr' id='par_1_35' title="bbox 501 3177 2149 3254">
     <span class='ocr_line' id='line_1_35' title="bbox 501 3177 2149 3254; baseline -0.006 -1"><span class='ocrx_word' id='word_1_235' title='bbox 501 3198 758 3254; x_wconf 75' lang='lat' dir='ltr'>Iuniores</span> <span class='ocrx_word' id='word_1_236' title='bbox 804 3199 999 3251; x_wconf 82' lang='lat' dir='ltr'>autem</span> <span class='ocrx_word' id='word_1_237' title='bbox 1045 3192 1237 3248; x_wconf 87' lang='lat' dir='ltr'>viduas</span> <span class='ocrx_word' id='word_1_238' title='bbox 1273 3191 1470 3247; x_wconf 85' lang='lat' dir='ltr'>devita.</span> <span class='ocrx_word' id='word_1_239' title='bbox 1528 3190 1661 3246; x_wconf 89' lang='lat' dir='ltr'>Cum</span> <span class='ocrx_word' id='word_1_240' title='bbox 1692 3192 1840 3245; x_wconf 88' lang='lat' dir='ltr'>enim</span> <span class='ocrx_word' id='word_1_241' title='bbox 1869 3191 1929 3245; x_wconf 86' lang='lat' dir='ltr'>in</span> <span class='ocrx_word' id='word_1_242' title='bbox 1979 3189 2076 3245; x_wconf 87' lang='lat' dir='ltr'>de-</span> <span class='ocrx_word' id='word_1_243' title='bbox 2107 3177 2149 3243; x_wconf 87' lang='lat' dir='ltr'>C</span> 
     </span>
    </p>
   </div>
   <div class='ocr_carea' id='block_1_36' title="bbox 432 3279 2075 3358">
    <p class='ocr_par' dir='ltr' id='par_1_36' title="bbox 432 3279 2075 3358">
     <span class='ocr_line' id='line_1_36' title="bbox 432 3279 2075 3358; baseline -0.005 -16"><span class='ocrx_word' id='word_1_244' title='bbox 432 3287 579 3342; x_wconf 85' lang='lat' dir='ltr'>liciis</span> <span class='ocrx_word' id='word_1_245' title='bbox 624 3287 856 3358; x_wconf 83' lang='lat' dir='ltr'>egerint,</span> <span class='ocrx_word' id='word_1_246' title='bbox 918 3286 977 3339; x_wconf 89' lang='lat' dir='ltr'>in</span> <span class='ocrx_word' id='word_1_247' title='bbox 1035 3281 1245 3338; x_wconf 81' lang='lat' dir='ltr'>Christo</span> <span class='ocrx_word' id='word_1_248' title='bbox 1301 3281 1504 3336; x_wconf 84' lang='lat' dir='ltr'>nubere</span> <span class='ocrx_word' id='word_1_249' title='bbox 1550 3281 1758 3336; x_wconf 82' lang='lat' dir='ltr'>volunt.</span> <span class='ocrx_word' id='word_1_250' title='bbox 1805 3279 2075 3337; x_wconf 86' lang='lat' dir='ltr'>Prohibet</span> 
     </span>
    </p>
   </div>
   <div class='ocr_carea' id='block_1_37' title="bbox 416 3368 2073 3441">
    <p class='ocr_par' dir='ltr' id='par_1_37' title="bbox 416 3368 2073 3441">
     <span class='ocr_line' id='line_1_37' title="bbox 416 3368 2073 3441; baseline -0.006 -10"><span class='ocrx_word' id='word_1_251' title='bbox 416 3373 893 3432; x_wconf 71' lang='lat' dir='ltr'>adulescentulas</span> <span class='ocrx_word' id='word_1_252' title='bbox 944 3372 1152 3428; x_wconf 90' lang='lat' dir='ltr'>viduas</span> <span class='ocrx_word' id='word_1_253' title='bbox 1184 3371 1244 3426; x_wconf 90' lang='lat' dir='ltr'>in</span> <span class='ocrx_word' id='word_1_254' title='bbox 1286 3369 1392 3426; x_wconf 91' lang='lat' dir='ltr'>hac</span> <span class='ocrx_word' id='word_1_255' title='bbox 1441 3369 1661 3440; x_wconf 88' lang='lat' dir='ltr'>suscipi</span> <span class='ocrx_word' id='word_1_256' title='bbox 1692 3368 2073 3441; x_wconf 78' lang='lat' dir='ltr'>professione.</span> 
     </span>
    </p>
   </div>
   <div class='ocr_carea' id='block_1_38' title="bbox 432 3456 2071 3526">
    <p class='ocr_par' dir='ltr' id='par_1_38' title="bbox 432 3456 2071 3526">
     <span class='ocr_line' id='line_1_38' title="bbox 432 3456 2071 3526; baseline -0.007 -5"><span class='ocrx_word' id='word_1_257' title='bbox 432 3464 690 3521; x_wconf 62' lang='lat' dir='ltr'>Lubrica</span> <span class='ocrx_word' id='word_1_258' title='bbox 729 3464 886 3519; x_wconf 89' lang='lat' dir='ltr'>enim</span> <span class='ocrx_word' id='word_1_259' title='bbox 935 3462 1085 3516; x_wconf 64' lang='lat' dir='ltr'>aetati</span> <span class='ocrx_word' id='word_1_260' title='bbox 1121 3461 1265 3515; x_wconf 88' lang='lat' dir='ltr'>ﬁdes</span> <span class='ocrx_word' id='word_1_261' title='bbox 1297 3458 1463 3514; x_wconf 71' lang='lat' dir='ltr'>facile</span> <span class='ocrx_word' id='word_1_262' title='bbox 1505 3457 1704 3512; x_wconf 86' lang='lat' dir='ltr'>haberi</span> <span class='ocrx_word' id='word_1_263' title='bbox 1735 3474 1849 3512; x_wconf 90' lang='lat' dir='ltr'>non</span> <span class='ocrx_word' id='word_1_264' title='bbox 1880 3456 2071 3526; x_wconf 83' lang='lat' dir='ltr'>debet,</span> 
     </span>
    </p>
   </div>
   <div class='ocr_carea' id='block_1_39' title="bbox 430 3546 2071 3625">
    <p class='ocr_par' dir='ltr' id='par_1_39' title="bbox 430 3546 2071 3625">
     <span class='ocr_line' id='line_1_39' title="bbox 430 3546 2071 3625; baseline -0.005 -18"><span class='ocrx_word' id='word_1_265' title='bbox 430 3552 645 3625; x_wconf 90' lang='lat' dir='ltr'>quippe</span> <span class='ocrx_word' id='word_1_266' title='bbox 676 3568 808 3607; x_wconf 90' lang='lat' dir='ltr'>cum</span> <span class='ocrx_word' id='word_1_267' title='bbox 842 3549 1229 3621; x_wconf 91' lang='lat' dir='ltr'>quarumdam</span> <span class='ocrx_word' id='word_1_268' title='bbox 1269 3546 1535 3619; x_wconf 87' lang='lat' dir='ltr'>exempla</span> <span class='ocrx_word' id='word_1_269' title='bbox 1564 3546 1912 3618; x_wconf 67' lang='lat' dir='ltr'>praecedant,</span> <span class='ocrx_word' id='word_1_270' title='bbox 1944 3561 2071 3615; x_wconf 73' lang='lat' dir='ltr'>quae</span> 
     </span>
    </p>
   </div>
   <div class='ocr_carea' id='block_1_40' title="bbox 429 3632 2070 3713">
    <p class='ocr_par' dir='ltr' id='par_1_40' title="bbox 429 3632 2070 3713">
     <span class='ocr_line' id='line_1_40' title="bbox 429 3632 2070 3713; baseline -0.006 -16"><span class='ocrx_word' id='word_1_271' title='bbox 429 3644 564 3713; x_wconf 90' lang='lat' dir='ltr'>post</span> <span class='ocrx_word' id='word_1_272' title='bbox 610 3638 1031 3711; x_wconf 88' lang='lat' dir='ltr'>professionem</span> <span class='ocrx_word' id='word_1_273' title='bbox 1076 3637 1227 3702; x_wconf 79' lang='lat' dir='ltr'>vitae,</span> <span class='ocrx_word' id='word_1_274' title='bbox 1273 3635 1616 3690; x_wconf 88' lang='lat' dir='ltr'>deliciarum</span> <span class='ocrx_word' id='word_1_275' title='bbox 1667 3632 2070 3700; x_wconf 86' lang='lat' dir='ltr'>oblectatione,</span> 
     </span>
    </p>
   </div>
   <div class='ocr_carea' id='block_1_41' title="bbox 431 3723 2071 3798">
    <p class='ocr_par' dir='ltr' id='par_1_41' title="bbox 431 3723 2071 3798">
     <span class='ocr_line' id='line_1_41' title="bbox 431 3723 2071 3798; baseline -0.005 -13"><span class='ocrx_word' id='word_1_276' title='bbox 431 3744 666 3797; x_wconf 85' lang='lat' dir='ltr'>nomen,</span> <span class='ocrx_word' id='word_1_277' title='bbox 697 3745 813 3783; x_wconf 88' lang='lat' dir='ltr'>non</span> <span class='ocrx_word' id='word_1_278' title='bbox 864 3743 1039 3798; x_wconf 87' lang='lat' dir='ltr'>opera</span> <span class='ocrx_word' id='word_1_279' title='bbox 1067 3724 1369 3781; x_wconf 88' lang='lat' dir='ltr'>viduitatis</span> <span class='ocrx_word' id='word_1_280' title='bbox 1408 3723 1644 3791; x_wconf 90' lang='lat' dir='ltr'>habent,</span> <span class='ocrx_word' id='word_1_281' title='bbox 1677 3726 1733 3778; x_wconf 90' lang='lat' dir='ltr'>et</span> <span class='ocrx_word' id='word_1_282' title='bbox 1785 3738 2071 3777; x_wconf 66' lang='lat' dir='ltr'>conversa)</span> 
     </span>
    </p>
   </div>
   <div class='ocr_carea' id='block_1_42' title="bbox 430 3810 2072 3890">
    <p class='ocr_par' dir='ltr' id='par_1_42' title="bbox 430 3810 2072 3890">
     <span class='ocr_line' id='line_1_42' title="bbox 430 3810 2072 3890; baseline -0.004 -18"><span class='ocrx_word' id='word_1_283' title='bbox 430 3816 652 3890; x_wconf 88' lang='lat' dir='ltr'>nuptiis</span> <span class='ocrx_word' id='word_1_284' title='bbox 684 3815 1095 3873; x_wconf 85' lang='lat' dir='ltr'>sollicitantur.</span> <span class='ocrx_word' id='word_1_285' title='bbox 1129 3813 1238 3879; x_wconf 87' lang='lat' dir='ltr'>Qui</span> <span class='ocrx_word' id='word_1_286' title='bbox 1266 3812 1423 3868; x_wconf 90' lang='lat' dir='ltr'>enim</span> <span class='ocrx_word' id='word_1_287' title='bbox 1454 3816 1621 3884; x_wconf 90' lang='lat' dir='ltr'>putat</span> <span class='ocrx_word' id='word_1_288' title='bbox 1663 3826 1725 3866; x_wconf 91' lang='lat' dir='ltr'>se</span> <span class='ocrx_word' id='word_1_289' title='bbox 1754 3811 1814 3865; x_wconf 88' lang='lat' dir='ltr'>in</span> <span class='ocrx_word' id='word_1_290' title='bbox 1844 3810 2072 3866; x_wconf 87' lang='lat' dir='ltr'>Christo</span> 
     </span>
    </p>
   </div>
   <div class='ocr_carea' id='block_1_43' title="bbox 429 3902 2067 3978">
    <p class='ocr_par' dir='ltr' id='par_1_43' title="bbox 429 3902 2067 3978">
     <span class='ocr_line' id='line_1_43' title="bbox 429 3902 2067 3978; baseline -0.004 -16"><span class='ocrx_word' id='word_1_291' title='bbox 429 3905 652 3963; x_wconf 90' lang='lat' dir='ltr'>deliciis</span> <span class='ocrx_word' id='word_1_292' title='bbox 671 3907 853 3963; x_wconf 91' lang='lat' dir='ltr'>vitam</span> <span class='ocrx_word' id='word_1_293' title='bbox 885 3921 1073 3978; x_wconf 89' lang='lat' dir='ltr'>agere,</span> <span class='ocrx_word' id='word_1_294' title='bbox 1129 3902 1371 3959; x_wconf 89' lang='lat' dir='ltr'>minime</span> <span class='ocrx_word' id='word_1_295' title='bbox 1410 3902 1690 3957; x_wconf 89' lang='lat' dir='ltr'>innocens</span> <span class='ocrx_word' id='word_1_296' title='bbox 1721 3902 2067 3972; x_wconf 87' lang='lat' dir='ltr'>perseverat.</span> 
     </span>
    </p>
   </div>
   <div class='ocr_carea' id='block_1_44' title="bbox 427 3987 2073 4053">
    <p class='ocr_par' dir='ltr' id='par_1_44' title="bbox 427 3987 2073 4053">
     <span class='ocr_line' id='line_1_44' title="bbox 427 3987 2073 4053; baseline -0.006 -2"><span class='ocrx_word' id='word_1_297' title='bbox 427 3996 679 4052; x_wconf 87' lang='lat' dir='ltr'>Luxuria</span> <span class='ocrx_word' id='word_1_298' title='bbox 707 3995 863 4052; x_wconf 90' lang='lat' dir='ltr'>enim</span> <span class='ocrx_word' id='word_1_299' title='bbox 887 3993 1069 4050; x_wconf 88' lang='lat' dir='ltr'>trahit</span> <span class='ocrx_word' id='word_1_300' title='bbox 1098 3992 1265 4048; x_wconf 92' lang='lat' dir='ltr'>illum</span> <span class='ocrx_word' id='word_1_301' title='bbox 1297 3992 1369 4047; x_wconf 92' lang='lat' dir='ltr'>ad</span> <span class='ocrx_word' id='word_1_302' title='bbox 1403 4007 1513 4046; x_wconf 88' lang='lat' dir='ltr'>sua</span> <span class='ocrx_word' id='word_1_303' title='bbox 1534 3989 1819 4053; x_wconf 87' lang='lat' dir='ltr'>membra,</span> <span class='ocrx_word' id='word_1_304' title='bbox 1845 3992 1907 4042; x_wconf 92' lang='lat' dir='ltr'>ut</span> <span class='ocrx_word' id='word_1_305' title='bbox 1938 3987 2073 4042; x_wconf 84' lang='lat' dir='ltr'>sub-</span> 
     </span>
    </p>
   </div>
   <div class='ocr_carea' id='block_1_45' title="bbox 417 4076 2069 4158">
    <p class='ocr_par' dir='ltr' id='par_1_45' title="bbox 417 4076 2069 4158">
     <span class='ocr_line' id='line_1_45' title="bbox 417 4076 2069 4158; baseline -0.005 -17"><span class='ocrx_word' id='word_1_306' title='bbox 417 4085 660 4158; x_wconf 91' lang='lat' dir='ltr'>jiciatur</span> <span class='ocrx_word' id='word_1_307' title='bbox 690 4087 941 4158; x_wconf 87' lang='lat' dir='ltr'>peccato.</span> <span class='ocrx_word' id='word_1_308' title='bbox 972 4082 1200 4139; x_wconf 67' lang='lat' dir='ltr'>Deliciae</span> <span class='ocrx_word' id='word_1_309' title='bbox 1229 4080 1385 4137; x_wconf 91' lang='lat' dir='ltr'>enim</span> <span class='ocrx_word' id='word_1_310' title='bbox 1426 4081 1612 4151; x_wconf 87' lang='lat' dir='ltr'>janua</span> <span class='ocrx_word' id='word_1_311' title='bbox 1659 4082 1799 4133; x_wconf 90' lang='lat' dir='ltr'>sunt</span> <span class='ocrx_word' id='word_1_312' title='bbox 1828 4076 2069 4148; x_wconf 90' lang='lat' dir='ltr'>peccati.</span> 
     </span>
    </p>
   </div>
   <div class='ocr_carea' id='block_1_46' title="bbox 422 4165 2073 4245">
    <p class='ocr_par' dir='ltr' id='par_1_46' title="bbox 422 4165 2073 4245">
     <span class='ocr_line' id='line_1_46' title="bbox 422 4165 2073 4245; baseline -0.007 -15"><span class='ocrx_word' id='word_1_313' title='bbox 422 4178 553 4230; x_wconf 84' lang='lat' dir='ltr'>Non</span> <span class='ocrx_word' id='word_1_314' title='bbox 584 4173 742 4230; x_wconf 89' lang='lat' dir='ltr'>enim</span> <span class='ocrx_word' id='word_1_315' title='bbox 770 4188 883 4245; x_wconf 92' lang='lat' dir='ltr'>quo</span> <span class='ocrx_word' id='word_1_316' title='bbox 913 4173 1115 4228; x_wconf 86' lang='lat' dir='ltr'>tendat</span> <span class='ocrx_word' id='word_1_317' title='bbox 1154 4172 1479 4244; x_wconf 85' lang='lat' dir='ltr'>ignoratur,</span> <span class='ocrx_word' id='word_1_318' title='bbox 1512 4172 1613 4239; x_wconf 91' lang='lat' dir='ltr'>qui</span> <span class='ocrx_word' id='word_1_319' title='bbox 1642 4165 1883 4221; x_wconf 89' lang='lat' dir='ltr'>ﬂuidam</span> <span class='ocrx_word' id='word_1_320' title='bbox 1914 4169 2073 4220; x_wconf 88' lang='lat' dir='ltr'>amat</span> 
     </span>
    </p>
   </div>
   <div class='ocr_carea' id='block_1_47' title="bbox 423 4263 625 4319">
    <p class='ocr_par' dir='ltr' id='par_1_47' title="bbox 423 4263 625 4319">
     <span class='ocr_line' id='line_1_47' title="bbox 423 4263 625 4319; baseline 0.005 -1"><span class='ocrx_word' id='word_1_321' title='bbox 423 4263 625 4319; x_wconf 81' lang='lat' dir='ltr'>vitam.</span> 
     </span>
    </p>
   </div>
   <div class='ocr_carea' id='block_1_48' title="bbox 497 4343 2070 4420">
    <p class='ocr_par' dir='ltr' id='par_1_48' title="bbox 497 4343 2070 4420">
     <span class='ocr_line' id='line_1_48' title="bbox 497 4343 2070 4420; baseline -0.007 -14"><span class='ocrx_word' id='word_1_322' title='bbox 497 4353 776 4408; x_wconf 76' lang='lat' dir='ltr'>Habentes</span> <span class='ocrx_word' id='word_1_323' title='bbox 806 4351 1242 4420; x_wconf 85' lang='lat' dir='ltr'>damnationem,</span> <span class='ocrx_word' id='word_1_324' title='bbox 1276 4350 1409 4419; x_wconf 84' lang='lat' dir='ltr'>quia</span> <span class='ocrx_word' id='word_1_325' title='bbox 1443 4348 1685 4417; x_wconf 79' lang='lat' dir='ltr'>primam</span> <span class='ocrx_word' id='word_1_326' title='bbox 1713 4344 1887 4412; x_wconf 78' lang='lat' dir='ltr'>fidem</span> <span class='ocrx_word' id='word_1_327' title='bbox 1936 4343 2070 4395; x_wconf 86' lang='lat' dir='ltr'>irri-</span> 
     </span>
    </p>
   </div>
   <div class='ocr_carea' id='block_1_49' title="bbox 422 4431 2071 4511">
    <p class='ocr_par' dir='ltr' id='par_1_49' title="bbox 422 4431 2071 4511">
     <span class='ocr_line' id='line_1_49' title="bbox 422 4431 2071 4511; baseline -0.007 -16"><span class='ocrx_word' id='word_1_328' title='bbox 422 4443 536 4495; x_wconf 90' lang='lat' dir='ltr'>tam</span> <span class='ocrx_word' id='word_1_329' title='bbox 561 4446 829 4511; x_wconf 82' lang='lat' dir='ltr'>[ecerunt.</span> <span class='ocrx_word' id='word_1_330' title='bbox 897 4440 1043 4506; x_wconf 89' lang='lat' dir='ltr'>Quid</span> <span class='ocrx_word' id='word_1_331' title='bbox 1082 4441 1317 4494; x_wconf 87' lang='lat' dir='ltr'>maneat</span> <span class='ocrx_word' id='word_1_332' title='bbox 1354 4435 1521 4499; x_wconf 86' lang='lat' dir='ltr'>tales,</span> <span class='ocrx_word' id='word_1_333' title='bbox 1556 4431 1829 4498; x_wconf 90' lang='lat' dir='ltr'>ostendit,</span> <span class='ocrx_word' id='word_1_334' title='bbox 1889 4445 1960 4484; x_wconf 90' lang='lat' dir='ltr'>ne</span> <span class='ocrx_word' id='word_1_335' title='bbox 1994 4431 2071 4484; x_wconf 83' lang='lat' dir='ltr'>fa-</span> 
     </span>
    </p>
   </div>
   <div class='ocr_carea' id='block_1_50' title="bbox 2205 533 2838 589">
    <p class='ocr_par' dir='ltr' id='par_1_50' title="bbox 2205 533 2838 589">
     <span class='ocr_line' id='line_1_50' title="bbox 2205 533 2838 589; baseline 0 -2"><span class='ocrx_word' id='word_1_336' title='bbox 2205 533 2392 589; x_wconf 87' lang='lat' dir='ltr'>lidelis</span> <span class='ocrx_word' id='word_1_337' title='bbox 2425 534 2698 589; x_wconf 79' lang='lat' dir='ltr'>inventus</span> <span class='ocrx_word' id='word_1_338' title='bbox 2729 539 2838 589; x_wconf 83' lang='lat' dir='ltr'>est.</span> 
     </span>
    </p>
   </div>
   <div class='ocr_carea' id='block_1_51' title="bbox 2272 607 3811 695">
    <p class='ocr_par' dir='ltr' id='par_1_51' title="bbox 2272 607 3811 695">
     <span class='ocr_line' id='line_1_51' title="bbox 2272 607 3811 695; baseline 0.003 -18"><span class='ocrx_word' id='word_1_339' title='bbox 2272 623 2451 677; x_wconf 70' lang='lat' dir='ltr'>Simui</span> <span class='ocrx_word' id='word_1_340' title='bbox 2496 632 2677 679; x_wconf 89' lang='lat' dir='ltr'>autem</span> <span class='ocrx_word' id='word_1_341' title='bbox 2728 624 2934 694; x_wconf 77' lang='lat' dir='ltr'>(i308),</span> <span class='ocrx_word' id='word_1_342' title='bbox 2986 628 3037 677; x_wconf 92' lang='lat' dir='ltr'>et</span> <span class='ocrx_word' id='word_1_343' title='bbox 3084 623 3292 695; x_wconf 71' lang='lat' dir='ltr'>otiosae,</span> <span class='ocrx_word' id='word_1_344' title='bbox 3341 607 3571 681; x_wconf 32' lang='lat' dir='ltr'>discunt.</span> <span class='ocrx_word' id='word_1_345' title='bbox 3597 629 3811 686; x_wconf 85' lang='lat' dir='ltr'>cireum-</span> 
     </span>
    </p>
   </div>
   <div class='ocr_carea' id='block_1_52' title="bbox 2202 712 3811 781">
    <p class='ocr_par' dir='ltr' id='par_1_52' title="bbox 2202 712 3811 781">
     <span class='ocr_line' id='line_1_52' title="bbox 2202 712 3811 781; baseline 0.005 -16"><span class='ocrx_word' id='word_1_346' title='bbox 2202 715 2283 766; x_wconf 89' lang='lat' dir='ltr'>ire</span> <span class='ocrx_word' id='word_1_347' title='bbox 2328 712 2529 779; x_wconf 86' lang='lat' dir='ltr'>domos,</span> <span class='ocrx_word' id='word_1_348' title='bbox 2590 728 2697 767; x_wconf 86' lang='lat' dir='ltr'>non</span> <span class='ocrx_word' id='word_1_349' title='bbox 2754 713 2930 766; x_wconf 87' lang='lat' dir='ltr'>solum</span> <span class='ocrx_word' id='word_1_350' title='bbox 2975 716 3163 766; x_wconf 87' lang='lat' dir='ltr'>autem</span> <span class='ocrx_word' id='word_1_351' title='bbox 3217 714 3418 781; x_wconf 73' lang='lat' dir='ltr'>otiosae,</span> <span class='ocrx_word' id='word_1_352' title='bbox 3471 715 3562 770; x_wconf 84' lang='lat' dir='ltr'>sed</span> <span class='ocrx_word' id='word_1_353' title='bbox 3611 722 3661 773; x_wconf 86' lang='lat' dir='ltr'>et</span> <span class='ocrx_word' id='word_1_354' title='bbox 3710 736 3811 775; x_wconf 86' lang='lat' dir='ltr'>ver-</span> 
     </span>
    </p>
   </div>
   <div class='ocr_carea' id='block_1_53' title="bbox 2202 801 3812 873">
    <p class='ocr_par' dir='ltr' id='par_1_53' title="bbox 2202 801 3812 873">
     <span class='ocr_line' id='line_1_53' title="bbox 2202 801 3812 873; baseline 0.006 -19"><span class='ocrx_word' id='word_1_355' title='bbox 2202 801 2340 856; x_wconf 66' lang='lat' dir='ltr'>bosas</span> <span class='ocrx_word' id='word_1_356' title='bbox 2363 809 2413 856; x_wconf 92' lang='lat' dir='ltr'>et</span> <span class='ocrx_word' id='word_1_357' title='bbox 2440 802 2696 868; x_wconf 62' lang='lat' dir='ltr'>curiosas,</span> <span class='ocrx_word' id='word_1_358' title='bbox 2749 802 3025 871; x_wconf 81' lang='lat' dir='ltr'>loquentes</span> <span class='ocrx_word' id='word_1_359' title='bbox 3079 817 3198 873; x_wconf 60' lang='lat' dir='ltr'>qum</span> <span class='ocrx_word' id='word_1_360' title='bbox 3250 817 3363 857; x_wconf 87' lang='lat' dir='ltr'>non</span> <span class='ocrx_word' id='word_1_361' title='bbox 3424 812 3638 873; x_wconf 81' lang='lat' dir='ltr'>oportet.</span> <span class='ocrx_word' id='word_1_362' title='bbox 3695 809 3812 873; x_wconf 69' lang='lat' dir='ltr'>Quis</span> 
     </span>
    </p>
   </div>
   <div class='ocr_carea' id='block_1_54' title="bbox 2199 889 3810 963">
    <p class='ocr_par' dir='ltr' id='par_1_54' title="bbox 2199 889 3810 963">
     <span class='ocr_line' id='line_1_54' title="bbox 2199 889 3810 963; baseline 0.006 -20"><span class='ocrx_word' id='word_1_363' title='bbox 2199 889 2332 943; x_wconf 90' lang='lat' dir='ltr'>dam</span> <span class='ocrx_word' id='word_1_364' title='bbox 2365 889 2619 959; x_wconf 88' lang='lat' dir='ltr'>virgines</span> <span class='ocrx_word' id='word_1_365' title='bbox 2650 896 2706 944; x_wconf 90' lang='lat' dir='ltr'>et</span> <span class='ocrx_word' id='word_1_366' title='bbox 2744 889 2950 956; x_wconf 75' lang='lat' dir='ltr'>viduae,</span> <span class='ocrx_word' id='word_1_367' title='bbox 3004 890 3448 946; x_wconf 87' lang='lat' dir='ltr'>commendante</span> <span class='ocrx_word' id='word_1_368' title='bbox 3480 894 3810 963; x_wconf 82' lang='lat' dir='ltr'>professione</span> 
     </span>
    </p>
   </div>
   <div class='ocr_carea' id='block_1_55' title="bbox 2197 977 3813 1056">
    <p class='ocr_par' dir='ltr' id='par_1_55' title="bbox 2197 977 3813 1056">
     <span class='ocr_line' id='line_1_55' title="bbox 2197 977 3813 1056; baseline 0.006 -25"><span class='ocrx_word' id='word_1_369' title='bbox 2197 977 2541 1049; x_wconf 89' lang='lat' dir='ltr'>(gloriosum</span> <span class='ocrx_word' id='word_1_370' title='bbox 2573 983 2661 1032; x_wconf 88' lang='lat' dir='ltr'>est</span> <span class='ocrx_word' id='word_1_371' title='bbox 2690 978 2845 1033; x_wconf 91' lang='lat' dir='ltr'>enim</span> <span class='ocrx_word' id='word_1_372' title='bbox 2878 978 3056 1049; x_wconf 89' lang='lat' dir='ltr'>hujus</span> <span class='ocrx_word' id='word_1_373' title='bbox 3087 978 3167 1033; x_wconf 89' lang='lat' dir='ltr'>rei</span> <span class='ocrx_word' id='word_1_374' title='bbox 3197 979 3813 1056; x_wconf 83' lang='lat' dir='ltr'>vocabulum)accepta-</span> 
     </span>
    </p>
   </div>
   <div class='ocr_carea' id='block_1_56' title="bbox 2198 1065 3809 1145">
    <p class='ocr_par' dir='ltr' id='par_1_56' title="bbox 2198 1065 3809 1145">
     <span class='ocr_line' id='line_1_56' title="bbox 2198 1065 3809 1145; baseline 0.004 -24"><span class='ocrx_word' id='word_1_375' title='bbox 2198 1065 2345 1121; x_wconf 87' lang='lat' dir='ltr'>biles</span> <span class='ocrx_word' id='word_1_376' title='bbox 2371 1071 2510 1121; x_wconf 89' lang='lat' dir='ltr'>sunt</span> <span class='ocrx_word' id='word_1_377' title='bbox 2537 1066 2811 1122; x_wconf 88' lang='lat' dir='ltr'>domibus</span> <span class='ocrx_word' id='word_1_378' title='bbox 2843 1066 3120 1134; x_wconf 87' lang='lat' dir='ltr'>divitum;</span> <span class='ocrx_word' id='word_1_379' title='bbox 3152 1083 3279 1138; x_wconf 79' lang='lat' dir='ltr'>quas</span> <span class='ocrx_word' id='word_1_380' title='bbox 3322 1069 3382 1123; x_wconf 91' lang='lat' dir='ltr'>id</span> <span class='ocrx_word' id='word_1_381' title='bbox 3414 1075 3611 1141; x_wconf 89' lang='lat' dir='ltr'>agunt,</span> <span class='ocrx_word' id='word_1_382' title='bbox 3642 1075 3702 1127; x_wconf 91' lang='lat' dir='ltr'>ut</span> <span class='ocrx_word' id='word_1_383' title='bbox 3724 1089 3809 1145; x_wconf 86' lang='lat' dir='ltr'>pa-</span> 
     </span>
    </p>
   </div>
   <div class='ocr_carea' id='block_1_57' title="bbox 2197 1153 3810 1231">
    <p class='ocr_par' dir='ltr' id='par_1_57' title="bbox 2197 1153 3810 1231">
     <span class='ocr_line' id='line_1_57' title="bbox 2197 1153 3810 1231; baseline 0.006 -23"><span class='ocrx_word' id='word_1_384' title='bbox 2197 1159 2362 1211; x_wconf 91' lang='lat' dir='ltr'>reant</span> <span class='ocrx_word' id='word_1_385' title='bbox 2391 1153 2782 1210; x_wconf 86' lang='lat' dir='ltr'>voluntatibus</span> <span class='ocrx_word' id='word_1_386' title='bbox 2810 1171 2996 1220; x_wconf 87' lang='lat' dir='ltr'>erum,</span> <span class='ocrx_word' id='word_1_387' title='bbox 3028 1155 3401 1213; x_wconf 89' lang='lat' dir='ltr'>ambulantes</span> <span class='ocrx_word' id='word_1_388' title='bbox 3428 1162 3483 1213; x_wconf 91' lang='lat' dir='ltr'>et</span> <span class='ocrx_word' id='word_1_389' title='bbox 3511 1168 3810 1231; x_wconf 61' lang='lat' dir='ltr'>quaerentes</span> 
     </span>
    </p>
   </div>
   <div class='ocr_carea' id='block_1_58' title="bbox 2197 1242 3809 1317">
    <p class='ocr_par' dir='ltr' id='par_1_58' title="bbox 2197 1242 3809 1317">
     <span class='ocr_line' id='line_1_58' title="bbox 2197 1242 3809 1317; baseline 0.005 -20"><span class='ocrx_word' id='word_1_390' title='bbox 2197 1260 2323 1315; x_wconf 63' lang='lat' dir='ltr'>quae</span> <span class='ocrx_word' id='word_1_391' title='bbox 2357 1245 2648 1315; x_wconf 80' lang='lat' dir='ltr'>perferant</span> <span class='ocrx_word' id='word_1_392' title='bbox 2667 1243 2739 1298; x_wconf 90' lang='lat' dir='ltr'>ad</span> <span class='ocrx_word' id='word_1_393' title='bbox 2769 1242 3144 1315; x_wconf 90' lang='lat' dir='ltr'>illos,quibus</span> <span class='ocrx_word' id='word_1_394' title='bbox 3164 1243 3542 1317; x_wconf 89' lang='lat' dir='ltr'>delectentur,</span> <span class='ocrx_word' id='word_1_395' title='bbox 3565 1256 3622 1303; x_wconf 89' lang='lat' dir='ltr'>ul</span> <span class='ocrx_word' id='word_1_396' title='bbox 3638 1249 3809 1306; x_wconf 69' lang='lat' dir='ltr'>otiosae</span> 
     </span>
    </p>
   </div>
   <div class='ocr_carea' id='block_1_59' title="bbox 2197 1331 3812 1408">
    <p class='ocr_par' dir='ltr' id='par_1_59' title="bbox 2197 1331 3812 1408">
     <span class='ocr_line' id='line_1_59' title="bbox 2197 1331 3812 1408; baseline 0.004 -21"><span class='ocrx_word' id='word_1_397' title='bbox 2197 1332 2540 1388; x_wconf 87' lang='lat' dir='ltr'>muneribus</span> <span class='ocrx_word' id='word_1_398' title='bbox 2562 1331 2912 1402; x_wconf 87' lang='lat' dir='ltr'>afﬁciantur,</span> <span class='ocrx_word' id='word_1_399' title='bbox 2945 1336 3002 1387; x_wconf 90' lang='lat' dir='ltr'>et</span> <span class='ocrx_word' id='word_1_400' title='bbox 3030 1333 3185 1388; x_wconf 87' lang='lat' dir='ltr'>malo</span> <span class='ocrx_word' id='word_1_401' title='bbox 3216 1349 3377 1391; x_wconf 91' lang='lat' dir='ltr'>more</span> <span class='ocrx_word' id='word_1_402' title='bbox 3410 1335 3545 1405; x_wconf 89' lang='lat' dir='ltr'>plus</span> <span class='ocrx_word' id='word_1_403' title='bbox 3575 1342 3812 1408; x_wconf 75' lang='lat' dir='ltr'>quaerant</span> 
     </span>
    </p>
   </div>
   <div class='ocr_carea' id='block_1_60' title="bbox 2196 1420 3807 1493">
    <p class='ocr_par' dir='ltr' id='par_1_60' title="bbox 2196 1420 3807 1493">
     <span class='ocr_line' id='line_1_60' title="bbox 2196 1420 3807 1493; baseline 0.005 -19"><span class='ocrx_word' id='word_1_404' title='bbox 2196 1420 2412 1477; x_wconf 89' lang='lat' dir='ltr'>fabulis</span> <span class='ocrx_word' id='word_1_405' title='bbox 2443 1438 2617 1492; x_wconf 91' lang='lat' dir='ltr'>quam</span> <span class='ocrx_word' id='word_1_406' title='bbox 2651 1438 2776 1493; x_wconf 68' lang='lat' dir='ltr'>quae</span> <span class='ocrx_word' id='word_1_407' title='bbox 2836 1426 3151 1492; x_wconf 86' lang='lat' dir='ltr'>operantur</span> <span class='ocrx_word' id='word_1_408' title='bbox 3209 1423 3507 1493; x_wconf 89' lang='lat' dir='ltr'>manibus,</span> <span class='ocrx_word' id='word_1_409' title='bbox 3564 1430 3627 1480; x_wconf 91' lang='lat' dir='ltr'>ut</span> <span class='ocrx_word' id='word_1_410' title='bbox 3668 1425 3807 1482; x_wconf 67' lang='lat' dir='ltr'>elata</span> 
     </span>
    </p>
   </div>
   <div class='ocr_carea' id='block_1_61' title="bbox 2194 1510 3808 1582">
    <p class='ocr_par' dir='ltr' id='par_1_61' title="bbox 2194 1510 3808 1582">
     <span class='ocr_line' id='line_1_61' title="bbox 2194 1510 3808 1582; baseline 0.004 -19"><span class='ocrx_word' id='word_1_411' title='bbox 2194 1510 2512 1579; x_wconf 89' lang='lat' dir='ltr'>procedant</span> <span class='ocrx_word' id='word_1_412' title='bbox 2532 1514 2591 1565; x_wconf 92' lang='lat' dir='ltr'>et</span> <span class='ocrx_word' id='word_1_413' title='bbox 2610 1510 2969 1581; x_wconf 67' lang='lat' dir='ltr'>compositae,</span> <span class='ocrx_word' id='word_1_414' title='bbox 2994 1514 3197 1565; x_wconf 88' lang='lat' dir='ltr'>contra</span> <span class='ocrx_word' id='word_1_415' title='bbox 3218 1512 3640 1582; x_wconf 86' lang='lat' dir='ltr'>professionem</span> <span class='ocrx_word' id='word_1_416' title='bbox 3660 1530 3808 1570; x_wconf 87' lang='lat' dir='ltr'>suam</span> 
     </span>
    </p>
   </div>
   <div class='ocr_carea' id='block_1_62' title="bbox 2194 1598 3810 1670">
    <p class='ocr_par' dir='ltr' id='par_1_62' title="bbox 2194 1598 3810 1670">
     <span class='ocr_line' id='line_1_62' title="bbox 2194 1598 3810 1670; baseline 0.004 -17"><span class='ocrx_word' id='word_1_417' title='bbox 2194 1602 2451 1670; x_wconf 85' lang='lat' dir='ltr'>agentes.</span> <span class='ocrx_word' id='word_1_418' title='bbox 2513 1599 2770 1661; x_wconf 79' lang='lat' dir='ltr'>Quaeres</span> <span class='ocrx_word' id='word_1_419' title='bbox 2829 1598 3017 1654; x_wconf 90' lang='lat' dir='ltr'>solent</span> <span class='ocrx_word' id='word_1_420' title='bbox 3073 1598 3190 1653; x_wconf 91' lang='lat' dir='ltr'>illis</span> <span class='ocrx_word' id='word_1_421' title='bbox 3250 1600 3432 1657; x_wconf 88' lang='lat' dir='ltr'>etiam</span> <span class='ocrx_word' id='word_1_422' title='bbox 3484 1600 3541 1654; x_wconf 91' lang='lat' dir='ltr'>in</span> <span class='ocrx_word' id='word_1_423' title='bbox 3582 1602 3684 1657; x_wconf 81' lang='lat' dir='ltr'>hac</span> <span class='ocrx_word' id='word_1_424' title='bbox 3709 1602 3810 1659; x_wconf 80' lang='lat' dir='ltr'>vita</span> 
     </span>
    </p>
   </div>
   <div class='ocr_carea' id='block_1_63' title="bbox 2194 1686 3809 1764">
    <p class='ocr_par' dir='ltr' id='par_1_63' title="bbox 2194 1686 3809 1764">
     <span class='ocr_line' id='line_1_63' title="bbox 2194 1686 3809 1764; baseline 0.002 -22"><span class='ocrx_word' id='word_1_425' title='bbox 2194 1704 2321 1743; x_wconf 88' lang='lat' dir='ltr'>esse</span> <span class='ocrx_word' id='word_1_426' title='bbox 2370 1687 2692 1742; x_wconf 69' lang='lat' dir='ltr'>contrariae.</span> <span class='ocrx_word' id='word_1_427' title='bbox 2753 1686 3062 1742; x_wconf 83' lang='lat' dir='ltr'>Revelatur</span> <span class='ocrx_word' id='word_1_428' title='bbox 3111 1687 3270 1743; x_wconf 90' lang='lat' dir='ltr'>enim</span> <span class='ocrx_word' id='word_1_429' title='bbox 3330 1689 3388 1744; x_wconf 91' lang='lat' dir='ltr'>id</span> <span class='ocrx_word' id='word_1_430' title='bbox 3422 1691 3577 1762; x_wconf 91' lang='lat' dir='ltr'>quod</span> <span class='ocrx_word' id='word_1_431' title='bbox 3605 1705 3809 1764; x_wconf 87' lang='lat' dir='ltr'>semper</span> 
     </span>
    </p>
   </div>
   <div class='ocr_carea' id='block_1_64' title="bbox 2196 1772 3806 1851">
    <p class='ocr_par' dir='ltr' id='par_1_64' title="bbox 2196 1772 3806 1851">
     <span class='ocr_line' id='line_1_64' title="bbox 2196 1772 3806 1851; baseline 0.001 -20"><span class='ocrx_word' id='word_1_432' title='bbox 2196 1776 2491 1831; x_wconf 90' lang='lat' dir='ltr'>occultum</span> <span class='ocrx_word' id='word_1_433' title='bbox 2523 1778 2750 1847; x_wconf 90' lang='lat' dir='ltr'>putant.</span> <span class='ocrx_word' id='word_1_434' title='bbox 2780 1774 2927 1839; x_wconf 90' lang='lat' dir='ltr'>Quid</span> <span class='ocrx_word' id='word_1_435' title='bbox 2975 1780 3065 1831; x_wconf 88' lang='lat' dir='ltr'>est</span> <span class='ocrx_word' id='word_1_436' title='bbox 3094 1772 3273 1847; x_wconf 89' lang='lat' dir='ltr'>enim,</span> <span class='ocrx_word' id='word_1_437' title='bbox 3305 1781 3371 1832; x_wconf 90' lang='lat' dir='ltr'>ut</span> <span class='ocrx_word' id='word_1_438' title='bbox 3428 1794 3500 1834; x_wconf 84' lang='lat' dir='ltr'>ea</span> <span class='ocrx_word' id='word_1_439' title='bbox 3525 1777 3806 1851; x_wconf 83' lang='lat' dir='ltr'>loquantur</span> 
     </span>
    </p>
   </div>
   <div class='ocr_carea' id='block_1_65' title="bbox 2196 1863 3803 1939">
    <p class='ocr_par' dir='ltr' id='par_1_65' title="bbox 2196 1863 3803 1939">
     <span class='ocr_line' id='line_1_65' title="bbox 2196 1863 3803 1939; baseline 0.002 -20"><span class='ocrx_word' id='word_1_440' title='bbox 2196 1880 2327 1936; x_wconf 65' lang='lat' dir='ltr'>qua:</span> <span class='ocrx_word' id='word_1_441' title='bbox 2358 1881 2471 1920; x_wconf 91' lang='lat' dir='ltr'>non</span> <span class='ocrx_word' id='word_1_442' title='bbox 2503 1863 2766 1935; x_wconf 83' lang='lat' dir='ltr'>Oportet!</span> <span class='ocrx_word' id='word_1_443' title='bbox 2803 1863 3150 1935; x_wconf 88' lang='lat' dir='ltr'>Nuptiarum</span> <span class='ocrx_word' id='word_1_444' title='bbox 3182 1864 3339 1920; x_wconf 91' lang='lat' dir='ltr'>enim</span> <span class='ocrx_word' id='word_1_445' title='bbox 3372 1870 3516 1921; x_wconf 89' lang='lat' dir='ltr'>sunt</span> <span class='ocrx_word' id='word_1_446' title='bbox 3538 1867 3803 1939; x_wconf 78' lang='lat' dir='ltr'>proximae,</span> 
     </span>
    </p>
   </div>
   <div class='ocr_carea' id='block_1_66' title="bbox 2196 1952 3805 2024">
    <p class='ocr_par' dir='ltr' id='par_1_66' title="bbox 2196 1952 3805 2024">
     <span class='ocr_line' id='line_1_66' title="bbox 2196 1952 3805 2024; baseline 0.002 -16"><span class='ocrx_word' id='word_1_447' title='bbox 2196 1954 2514 2008; x_wconf 89' lang='lat' dir='ltr'>multorum</span> <span class='ocrx_word' id='word_1_448' title='bbox 2547 1956 2899 2008; x_wconf 87' lang='lat' dir='ltr'>secretorum</span> <span class='ocrx_word' id='word_1_449' title='bbox 2931 1952 3263 2024; x_wconf 82' lang='lat' dir='ltr'>participes,</span> <span class='ocrx_word' id='word_1_450' title='bbox 3304 1954 3666 2022; x_wconf 81' lang='lat' dir='ltr'>adulatrices,</span> <span class='ocrx_word' id='word_1_451' title='bbox 3696 1971 3805 2011; x_wconf 90' lang='lat' dir='ltr'>ser-</span> 
     </span>
    </p>
   </div>
   <div class='ocr_carea' id='block_1_67' title="bbox 2198 2040 2713 2113">
    <p class='ocr_par' dir='ltr' id='par_1_67' title="bbox 2198 2040 2713 2113">
     <span class='ocr_line' id='line_1_67' title="bbox 2198 2040 2713 2113; baseline 0.002 -19"><span class='ocrx_word' id='word_1_452' title='bbox 2198 2058 2400 2097; x_wconf 89' lang='lat' dir='ltr'>vorum</span> <span class='ocrx_word' id='word_1_453' title='bbox 2434 2040 2713 2113; x_wconf 73' lang='lat' dir='ltr'>querulae.</span> 
     </span>
    </p>
   </div>
   <div class='ocr_carea' id='block_1_68' title="bbox 2269 2129 3805 2205">
    <p class='ocr_par' dir='ltr' id='par_1_68' title="bbox 2269 2129 3805 2205">
     <span class='ocr_line' id='line_1_68' title="bbox 2269 2129 3805 2205; baseline 0.003 -20"><span class='ocrx_word' id='word_1_454' title='bbox 2269 2131 2397 2186; x_wconf 86' lang='lat' dir='ltr'>Volo</span> <span class='ocrx_word' id='word_1_455' title='bbox 2428 2132 2616 2201; x_wconf 84' lang='lat' dir='ltr'>itaque</span> <span class='ocrx_word' id='word_1_456' title='bbox 2636 2129 2890 2201; x_wconf 84' lang='lat' dir='ltr'>juniores</span> <span class='ocrx_word' id='word_1_457' title='bbox 2918 2130 3136 2201; x_wconf 86' lang='lat' dir='ltr'>nubere,</span> <span class='ocrx_word' id='word_1_458' title='bbox 3168 2131 3312 2201; x_wconf 82' lang='lat' dir='ltr'>ﬁlios</span> <span class='ocrx_word' id='word_1_459' title='bbox 3357 2149 3665 2205; x_wconf 84' lang='lat' dir='ltr'>procreare,</span> <span class='ocrx_word' id='word_1_460' title='bbox 3706 2149 3805 2199; x_wconf 84' lang='lat' dir='ltr'>ma-</span> 
     </span>
    </p>
   </div>
   <div class='ocr_carea' id='block_1_69' title="bbox 2193 2219 3807 2294">
    <p class='ocr_par' dir='ltr' id='par_1_69' title="bbox 2193 2219 3807 2294">
     <span class='ocr_line' id='line_1_69' title="bbox 2193 2219 3807 2294; baseline 0.001 -20"><span class='ocrx_word' id='word_1_461' title='bbox 2193 2220 2551 2290; x_wconf 47' lang='lat' dir='ltr'>tresfamilias</span> <span class='ocrx_word' id='word_1_462' title='bbox 2571 2235 2699 2275; x_wconf 86' lang='lat' dir='ltr'>esse.</span> <span class='ocrx_word' id='word_1_463' title='bbox 2714 2219 2831 2273; x_wconf 85' lang='lat' dir='ltr'>Hoc</span> <span class='ocrx_word' id='word_1_464' title='bbox 2854 2223 2943 2275; x_wconf 91' lang='lat' dir='ltr'>est</span> <span class='ocrx_word' id='word_1_465' title='bbox 2962 2219 3120 2274; x_wconf 87' lang='lat' dir='ltr'>enim</span> <span class='ocrx_word' id='word_1_466' title='bbox 3140 2235 3338 2292; x_wconf 88' lang='lat' dir='ltr'>regere</span> <span class='ocrx_word' id='word_1_467' title='bbox 3357 2221 3601 2278; x_wconf 90' lang='lat' dir='ltr'>domum</span> <span class='ocrx_word' id='word_1_468' title='bbox 3621 2221 3807 2294; x_wconf 81' lang='grc'>(1309),</span> 
     </span>
    </p>
   </div>
   <div class='ocr_carea' id='block_1_70' title="bbox 2190 2307 3806 2382">
    <p class='ocr_par' dir='ltr' id='par_1_70' title="bbox 2190 2307 3806 2382">
     <span class='ocr_line' id='line_1_70' title="bbox 2190 2307 3806 2382; baseline -0.001 -17"><span class='ocrx_word' id='word_1_469' title='bbox 2190 2309 2415 2365; x_wconf 81' lang='lat' dir='ltr'>Nullam</span> <span class='ocrx_word' id='word_1_470' title='bbox 2463 2312 2799 2364; x_wconf 87' lang='lat' dir='ltr'>occasionem</span> <span class='ocrx_word' id='word_1_471' title='bbox 2811 2307 2948 2363; x_wconf 81' lang='lat' dir='ltr'>dare</span> <span class='ocrx_word' id='word_1_472' title='bbox 2973 2308 3288 2365; x_wconf 84' lang='lat' dir='ltr'>adversario</span> <span class='ocrx_word' id='word_1_473' title='bbox 3316 2311 3604 2367; x_wconf 84' lang='lat' dir='ltr'>maledicti</span> <span class='ocrx_word' id='word_1_474' title='bbox 3627 2312 3806 2382; x_wconf 82' lang='lat' dir='ltr'>gratia.</span> 
     </span>
    </p>
   </div>
   <div class='ocr_carea' id='block_1_71' title="bbox 2188 2396 3808 2472">
    <p class='ocr_par' dir='ltr' id='par_1_71' title="bbox 2188 2396 3808 2472">
     <span class='ocr_line' id='line_1_71' title="bbox 2188 2396 3808 2472; baseline 0 -19"><span class='ocrx_word' id='word_1_475' title='bbox 2188 2399 2311 2454; x_wconf 88' lang='lat' dir='ltr'>Jam</span> <span class='ocrx_word' id='word_1_476' title='bbox 2340 2399 2488 2452; x_wconf 88' lang='lat' dir='ltr'>enim</span> <span class='ocrx_word' id='word_1_477' title='bbox 2512 2396 2759 2468; x_wconf 67' lang='lat' dir='ltr'>quaedam</span> <span class='ocrx_word' id='word_1_478' title='bbox 2786 2396 3175 2453; x_wconf 81' lang='lat' dir='ltr'>deerraverunt</span> <span class='ocrx_word' id='word_1_479' title='bbox 3195 2406 3319 2472; x_wconf 88' lang='lat' dir='ltr'>post</span> <span class='ocrx_word' id='word_1_480' title='bbox 3348 2400 3649 2456; x_wconf 78' lang='lat' dir='ltr'>Satanam:</span> <span class='ocrx_word' id='word_1_481' title='bbox 3677 2402 3808 2466; x_wconf 89' lang='lat' dir='ltr'>Quo-</span> 
     </span>
    </p>
   </div>
   <div class='ocr_carea' id='block_1_72' title="bbox 2191 2485 3809 2559">
    <p class='ocr_par' dir='ltr' id='par_1_72' title="bbox 2191 2485 3809 2559">
     <span class='ocr_line' id='line_1_72' title="bbox 2191 2485 3809 2559; baseline -0.001 -17"><span class='ocrx_word' id='word_1_482' title='bbox 2191 2488 2371 2557; x_wconf 83' lang='lat' dir='ltr'>niam,</span> <span class='ocrx_word' id='word_1_483' title='bbox 2405 2504 2531 2558; x_wconf 69' lang='lat' dir='ltr'>quze</span> <span class='ocrx_word' id='word_1_484' title='bbox 2558 2503 2737 2558; x_wconf 88' lang='lat' dir='ltr'>supra</span> <span class='ocrx_word' id='word_1_485' title='bbox 2766 2485 2911 2540; x_wconf 84' lang='lat' dir='ltr'>dixit</span> <span class='ocrx_word' id='word_1_486' title='bbox 2958 2486 3030 2542; x_wconf 90' lang='lat' dir='ltr'>de</span> <span class='ocrx_word' id='word_1_487' title='bbox 3060 2487 3435 2559; x_wconf 86' lang='lat' dir='ltr'>hujusmodi,</span> <span class='ocrx_word' id='word_1_488' title='bbox 3468 2489 3738 2545; x_wconf 84' lang='lat' dir='ltr'>contraria</span> <span class='ocrx_word' id='word_1_489' title='bbox 3761 2492 3809 2545; x_wconf 90' lang='lat' dir='ltr'>et</span> 
     </span>
    </p>
   </div>
   <div class='ocr_carea' id='block_1_73' title="bbox 2190 2576 3809 2647">
    <p class='ocr_par' dir='ltr' id='par_1_73' title="bbox 2190 2576 3809 2647">
     <span class='ocr_line' id='line_1_73' title="bbox 2190 2576 3809 2647; baseline 0.001 -17"><span class='ocrx_word' id='word_1_490' title='bbox 2190 2576 2394 2631; x_wconf 89' lang='lat' dir='ltr'>illicita</span> <span class='ocrx_word' id='word_1_491' title='bbox 2409 2580 2566 2641; x_wconf 91' lang='lat' dir='ltr'>sunt,</span> <span class='ocrx_word' id='word_1_492' title='bbox 2602 2576 2920 2647; x_wconf 90' lang='lat' dir='ltr'>perducent</span> <span class='ocrx_word' id='word_1_493' title='bbox 2938 2591 3035 2630; x_wconf 91' lang='lat' dir='ltr'>eas</span> <span class='ocrx_word' id='word_1_494' title='bbox 3059 2577 3130 2631; x_wconf 94' lang='lat' dir='ltr'>ad</span> <span class='ocrx_word' id='word_1_495' title='bbox 3164 2580 3411 2633; x_wconf 88' lang='lat' dir='ltr'>mortem</span> <span class='ocrx_word' id='word_1_496' title='bbox 3431 2621 3443 2633; x_wconf 92' lang='lat'>.</span> <span class='ocrx_word' id='word_1_497' title='bbox 3472 2578 3677 2635; x_wconf 91' lang='lat' dir='ltr'>Idcirco</span> <span class='ocrx_word' id='word_1_498' title='bbox 3697 2594 3809 2634; x_wconf 88' lang='lat' dir='ltr'>con-</span> 
     </span>
    </p>
   </div>
   <div class='ocr_carea' id='block_1_74' title="bbox 2190 2663 3810 2737">
    <p class='ocr_par' dir='ltr' id='par_1_74' title="bbox 2190 2663 3810 2737">
     <span class='ocr_line' id='line_1_74' title="bbox 2190 2663 3810 2737; baseline 0.001 -17"><span class='ocrx_word' id='word_1_499' title='bbox 2190 2665 2389 2721; x_wconf 90' lang='lat' dir='ltr'>silium</span> <span class='ocrx_word' id='word_1_500' title='bbox 2415 2665 2516 2720; x_wconf 86' lang='lat' dir='ltr'>dat</span> <span class='ocrx_word' id='word_1_501' title='bbox 2537 2669 2592 2719; x_wconf 93' lang='lat' dir='ltr'>et</span> <span class='ocrx_word' id='word_1_502' title='bbox 2613 2663 2872 2736; x_wconf 71' lang='lat' dir='ltr'>praecipit</span> <span class='ocrx_word' id='word_1_503' title='bbox 2893 2680 2961 2719; x_wconf 90' lang='lat' dir='ltr'>ea</span> <span class='ocrx_word' id='word_1_504' title='bbox 2974 2664 3097 2720; x_wconf 90' lang='lat' dir='ltr'>ﬁeri</span> <span class='ocrx_word' id='word_1_505' title='bbox 3118 2681 3245 2737; x_wconf 72' lang='lat' dir='ltr'>quae</span> <span class='ocrx_word' id='word_1_506' title='bbox 3268 2665 3436 2722; x_wconf 86' lang='lat' dir='ltr'>licita</span> <span class='ocrx_word' id='word_1_507' title='bbox 3456 2672 3608 2724; x_wconf 90' lang='lat' dir='ltr'>sunt.</span> <span class='ocrx_word' id='word_1_508' title='bbox 3626 2665 3810 2735; x_wconf 75' lang='lat' dir='ltr'>Melius</span> 
     </span>
    </p>
   </div>
   <div class='ocr_carea' id='block_1_75' title="bbox 2188 2752 3808 2826">
    <p class='ocr_par' dir='ltr' id='par_1_75' title="bbox 2188 2752 3808 2826">
     <span class='ocr_line' id='line_1_75' title="bbox 2188 2752 3808 2826; baseline 0 -17"><span class='ocrx_word' id='word_1_509' title='bbox 2188 2758 2277 2809; x_wconf 90' lang='lat' dir='ltr'>est</span> <span class='ocrx_word' id='word_1_510' title='bbox 2306 2752 2461 2808; x_wconf 90' lang='lat' dir='ltr'>enim</span> <span class='ocrx_word' id='word_1_511' title='bbox 2493 2753 2704 2808; x_wconf 89' lang='lat' dir='ltr'>domus</span> <span class='ocrx_word' id='word_1_512' title='bbox 2735 2769 2852 2807; x_wconf 71' lang='lat' dir='ltr'>suae</span> <span class='ocrx_word' id='word_1_513' title='bbox 2893 2769 3092 2808; x_wconf 89' lang='lat' dir='ltr'>curam</span> <span class='ocrx_word' id='word_1_514' title='bbox 3132 2769 3330 2825; x_wconf 88' lang='lat' dir='ltr'>gerere</span> <span class='ocrx_word' id='word_1_515' title='bbox 3350 2771 3536 2826; x_wconf 84' lang='lat' dir='ltr'>quam</span> <span class='ocrx_word' id='word_1_516' title='bbox 3558 2755 3613 2813; x_wconf 90' lang='lat' dir='ltr'>in</span> <span class='ocrx_word' id='word_1_517' title='bbox 3643 2754 3808 2810; x_wconf 84' lang='lat' dir='ltr'>aliena</span> 
     </span>
    </p>
   </div>
   <div class='ocr_carea' id='block_1_76' title="bbox 2188 2841 3806 2917">
    <p class='ocr_par' dir='ltr' id='par_1_76' title="bbox 2188 2841 3806 2917">
     <span class='ocr_line' id='line_1_76' title="bbox 2188 2841 3806 2917; baseline -0.001 -18"><span class='ocrx_word' id='word_1_518' title='bbox 2188 2844 2361 2899; x_wconf 91' lang='lat' dir='ltr'>domo</span> <span class='ocrx_word' id='word_1_519' title='bbox 2383 2841 2628 2898; x_wconf 89' lang='lat' dir='ltr'>adulari.</span> <span class='ocrx_word' id='word_1_520' title='bbox 2662 2842 2728 2896; x_wconf 89' lang='lat' dir='ltr'>Et</span> <span class='ocrx_word' id='word_1_521' title='bbox 2753 2841 3003 2896; x_wconf 89' lang='lat' dir='ltr'>multum</span> <span class='ocrx_word' id='word_1_522' title='bbox 3031 2842 3262 2914; x_wconf 80' lang='lat' dir='ltr'>expedit</span> <span class='ocrx_word' id='word_1_523' title='bbox 3281 2844 3505 2900; x_wconf 90' lang='lat' dir='ltr'>nubere</span> <span class='ocrx_word' id='word_1_524' title='bbox 3524 2861 3691 2917; x_wconf 89' lang='lat' dir='ltr'>quam</span> <span class='ocrx_word' id='word_1_525' title='bbox 3710 2842 3806 2899; x_wconf 86' lang='lat' dir='ltr'>sub</span> 
     </span>
    </p>
   </div>
   <div class='ocr_carea' id='block_1_77' title="bbox 2186 2929 3806 3003">
    <p class='ocr_par' dir='ltr' id='par_1_77' title="bbox 2186 2929 3806 3003">
     <span class='ocr_line' id='line_1_77' title="bbox 2186 2929 3806 3003; baseline 0 -16"><span class='ocrx_word' id='word_1_526' title='bbox 2186 2934 2340 2988; x_wconf 87' lang='lat' dir='ltr'>bona</span> <span class='ocrx_word' id='word_1_527' title='bbox 2383 2936 2439 2986; x_wconf 92' lang='lat' dir='ltr'>et</span> <span class='ocrx_word' id='word_1_528' title='bbox 2467 2931 2562 3002; x_wconf 91' lang='lat' dir='ltr'>pia</span> <span class='ocrx_word' id='word_1_529' title='bbox 2602 2929 2960 3003; x_wconf 83' lang='lat' dir='ltr'>professione</span> <span class='ocrx_word' id='word_1_530' title='bbox 3016 2929 3289 2986; x_wconf 89' lang='lat' dir='ltr'>nobiliter</span> <span class='ocrx_word' id='word_1_531' title='bbox 3346 2933 3634 2990; x_wconf 86' lang='lat' dir='ltr'>incedere.</span> <span class='ocrx_word' id='word_1_532' title='bbox 3687 2932 3806 2988; x_wconf 86' lang='lat' dir='ltr'>Plus</span> 
     </span>
    </p>
   </div>
   <div class='ocr_carea' id='block_1_78' title="bbox 2188 3017 3807 3092">
    <p class='ocr_par' dir='ltr' id='par_1_78' title="bbox 2188 3017 3807 3092">
     <span class='ocr_line' id='line_1_78' title="bbox 2188 3017 3807 3092; baseline 0.001 -19"><span class='ocrx_word' id='word_1_533' title='bbox 2188 3022 2380 3074; x_wconf 88' lang='lat' dir='ltr'>autem</span> <span class='ocrx_word' id='word_1_534' title='bbox 2413 3022 2501 3073; x_wconf 83' lang='lat' dir='ltr'>est</span> <span class='ocrx_word' id='word_1_535' title='bbox 2548 3033 2683 3071; x_wconf 87' lang='lat' dir='ltr'>cum</span> <span class='ocrx_word' id='word_1_536' title='bbox 2736 3017 2955 3088; x_wconf 92' lang='lat' dir='ltr'>pudore</span> <span class='ocrx_word' id='word_1_537' title='bbox 2997 3017 3272 3073; x_wconf 87' lang='lat' dir='ltr'>manibus</span> <span class='ocrx_word' id='word_1_538' title='bbox 3302 3018 3525 3077; x_wconf 88' lang='lat' dir='ltr'>victum</span> <span class='ocrx_word' id='word_1_539' title='bbox 3573 3035 3807 3092; x_wconf 78' lang='lat' dir='ltr'>quaerere</span> 
     </span>
    </p>
   </div>
   <div class='ocr_carea' id='block_1_79' title="bbox 2188 3105 3809 3179">
    <p class='ocr_par' dir='ltr' id='par_1_79' title="bbox 2188 3105 3809 3179">
     <span class='ocr_line' id='line_1_79' title="bbox 2188 3105 3809 3179; baseline 0.001 -17"><span class='ocrx_word' id='word_1_540' title='bbox 2188 3124 2363 3179; x_wconf 88' lang='lat' dir='ltr'>quam</span> <span class='ocrx_word' id='word_1_541' title='bbox 2424 3106 2812 3161; x_wconf 89' lang='lat' dir='ltr'>inverecunde</span> <span class='ocrx_word' id='word_1_542' title='bbox 2842 3122 2975 3161; x_wconf 89' lang='lat' dir='ltr'>cum</span> <span class='ocrx_word' id='word_1_543' title='bbox 3007 3105 3122 3162; x_wconf 87' lang='lat' dir='ltr'>otio</span> <span class='ocrx_word' id='word_1_544' title='bbox 3172 3105 3364 3163; x_wconf 89' lang='lat' dir='ltr'>aliena</span> <span class='ocrx_word' id='word_1_545' title='bbox 3424 3109 3689 3166; x_wconf 88' lang='lat' dir='ltr'>utensilia</span> <span class='ocrx_word' id='word_1_546' title='bbox 3732 3125 3809 3165; x_wconf 85' lang='lat' dir='ltr'>ex-</span> 
     </span>
    </p>
   </div>
   <div class='ocr_carea' id='block_1_80' title="bbox 2188 3195 3805 3271">
    <p class='ocr_par' dir='ltr' id='par_1_80' title="bbox 2188 3195 3805 3271">
     <span class='ocr_line' id='line_1_80' title="bbox 2188 3195 3805 3271; baseline 0.001 -20"><span class='ocrx_word' id='word_1_547' title='bbox 2188 3201 2469 3268; x_wconf 90' lang='lat' dir='ltr'>spectare.</span> <span class='ocrx_word' id='word_1_548' title='bbox 2502 3195 2593 3250; x_wconf 86' lang='lat' dir='ltr'>Sic</span> <span class='ocrx_word' id='word_1_549' title='bbox 2615 3196 2770 3250; x_wconf 91' lang='lat' dir='ltr'>enim</span> <span class='ocrx_word' id='word_1_550' title='bbox 2794 3195 3012 3251; x_wconf 89' lang='lat' dir='ltr'>invenit</span> <span class='ocrx_word' id='word_1_551' title='bbox 3031 3197 3397 3254; x_wconf 85' lang='lat' dir='ltr'>occasionem</span> <span class='ocrx_word' id='word_1_552' title='bbox 3419 3199 3657 3256; x_wconf 85' lang='lat' dir='ltr'>Satanas</span> <span class='ocrx_word' id='word_1_553' title='bbox 3677 3214 3805 3271; x_wconf 86' lang='lat' dir='ltr'>quo-</span> 
     </span>
    </p>
   </div>
   <div class='ocr_carea' id='block_1_81' title="bbox 2186 3285 3804 3359">
    <p class='ocr_par' dir='ltr' id='par_1_81' title="bbox 2186 3285 3804 3359">
     <span class='ocr_line' id='line_1_81' title="bbox 2186 3285 3804 3359; baseline 0.001 -19"><span class='ocrx_word' id='word_1_554' title='bbox 2186 3287 2357 3340; x_wconf 89' lang='lat' dir='ltr'>modo</span> <span class='ocrx_word' id='word_1_555' title='bbox 2397 3285 2696 3340; x_wconf 80' lang='lat' dir='ltr'>subvertet</span> <span class='ocrx_word' id='word_1_556' title='bbox 2729 3286 2957 3340; x_wconf 89' lang='lat' dir='ltr'>animas</span> <span class='ocrx_word' id='word_1_557' title='bbox 2988 3285 3375 3358; x_wconf 85' lang='lat' dir='ltr'>inconsultas,</span> <span class='ocrx_word' id='word_1_558' title='bbox 3409 3305 3544 3344; x_wconf 87' lang='lat' dir='ltr'>eum</span> <span class='ocrx_word' id='word_1_559' title='bbox 3576 3288 3664 3359; x_wconf 85' lang='lat' dir='ltr'>pia</span> <span class='ocrx_word' id='word_1_560' title='bbox 3690 3303 3804 3359; x_wconf 51' lang='lat' dir='ltr'>pro-</span> 
     </span>
    </p>
   </div>
   <div class='ocr_carea' id='block_1_82' title="bbox 2132 3372 3803 3448">
    <p class='ocr_par' dir='ltr' id='par_1_82' title="bbox 2132 3372 3803 3448">
     <span class='ocr_line' id='line_1_82' title="bbox 2132 3372 3803 3448; baseline 0.001 -20"><span class='ocrx_word' id='word_1_561' title='bbox 2132 3442 2137 3447; x_wconf 22' lang='lat'><strong><em>1</em></strong></span> <span class='ocrx_word' id='word_1_562' title='bbox 2185 3375 2415 3429; x_wconf 87' lang='lat' dir='ltr'>ﬁtentes</span> <span class='ocrx_word' id='word_1_563' title='bbox 2447 3373 2664 3443; x_wconf 89' lang='lat' dir='ltr'>injuste</span> <span class='ocrx_word' id='word_1_564' title='bbox 2690 3379 3016 3428; x_wconf 85' lang='lat' dir='ltr'>versantur.</span> <span class='ocrx_word' id='word_1_565' title='bbox 3050 3372 3207 3429; x_wconf 91' lang='lat' dir='ltr'>Nihil</span> <span class='ocrx_word' id='word_1_566' title='bbox 3240 3375 3401 3432; x_wconf 88' lang='lat' dir='ltr'>enim</span> <span class='ocrx_word' id='word_1_567' title='bbox 3454 3381 3573 3433; x_wconf 90' lang='lat' dir='ltr'>tam</span> <span class='ocrx_word' id='word_1_568' title='bbox 3604 3376 3803 3448; x_wconf 87' lang='lat' dir='ltr'>pericu-</span> 
     </span>
    </p>
   </div>
   <div class='ocr_carea' id='block_1_83' title="bbox 2181 3461 3803 3538">
    <p class='ocr_par' dir='ltr' id='par_1_83' title="bbox 2181 3461 3803 3538">
     <span class='ocr_line' id='line_1_83' title="bbox 2181 3461 3803 3538; baseline 0 -22"><span class='ocrx_word' id='word_1_569' title='bbox 2181 3461 2374 3517; x_wconf 90' lang='lat' dir='ltr'>losum</span> <span class='ocrx_word' id='word_1_570' title='bbox 2434 3467 2521 3516; x_wconf 88' lang='lat' dir='ltr'>est</span> <span class='ocrx_word' id='word_1_571' title='bbox 2576 3477 2750 3532; x_wconf 80' lang='lat' dir='ltr'>quam</span> <span class='ocrx_word' id='word_1_572' title='bbox 2798 3461 2847 3516; x_wconf 92' lang='lat' dir='ltr'>si</span> <span class='ocrx_word' id='word_1_573' title='bbox 2899 3462 3247 3532; x_wconf 87' lang='lat' dir='ltr'>professioni</span> <span class='ocrx_word' id='word_1_574' title='bbox 3281 3468 3453 3535; x_wconf 89' lang='lat' dir='ltr'>gesta</span> <span class='ocrx_word' id='word_1_575' title='bbox 3484 3467 3803 3538; x_wconf 86' lang='lat' dir='ltr'>repugnent.</span> 
     </span>
    </p>
   </div>
   <div class='ocr_carea' id='block_1_84' title="bbox 2182 3549 3805 3625">
    <p class='ocr_par' dir='ltr' id='par_1_84' title="bbox 2182 3549 3805 3625">
     <span class='ocr_line' id='line_1_84' title="bbox 2182 3549 3805 3625; baseline 0.001 -22"><span class='ocrx_word' id='word_1_576' title='bbox 2182 3555 2462 3622; x_wconf 86' lang='lat' dir='ltr'>Apertum</span> <span class='ocrx_word' id='word_1_577' title='bbox 2494 3549 2650 3605; x_wconf 89' lang='lat' dir='ltr'>enim</span> <span class='ocrx_word' id='word_1_578' title='bbox 2701 3554 2924 3605; x_wconf 90' lang='lat' dir='ltr'>motum</span> <span class='ocrx_word' id='word_1_579' title='bbox 2959 3567 3075 3605; x_wconf 89' lang='lat' dir='ltr'>non</span> <span class='ocrx_word' id='word_1_580' title='bbox 3122 3550 3349 3607; x_wconf 88' lang='lat' dir='ltr'>zelatur</span> <span class='ocrx_word' id='word_1_581' title='bbox 3391 3555 3657 3621; x_wconf 81' lang='lat' dir='ltr'>Satanas,</span> <span class='ocrx_word' id='word_1_582' title='bbox 3688 3550 3805 3625; x_wconf 82' lang='lat' dir='ltr'>quia</span> 
     </span>
    </p>
   </div>
   <div class='ocr_carea' id='block_1_85' title="bbox 2181 3636 3803 3712">
    <p class='ocr_par' dir='ltr' id='par_1_85' title="bbox 2181 3636 3803 3712">
     <span class='ocr_line' id='line_1_85' title="bbox 2181 3636 3803 3712; baseline -0.001 -18"><span class='ocrx_word' id='word_1_583' title='bbox 2181 3639 2396 3712; x_wconf 87' lang='lat' dir='ltr'>gaudet</span> <span class='ocrx_word' id='word_1_584' title='bbox 2425 3638 2484 3693; x_wconf 89' lang='lat' dir='ltr'>in</span> <span class='ocrx_word' id='word_1_585' title='bbox 2535 3636 2632 3692; x_wconf 90' lang='lat' dir='ltr'>illo</span> <span class='ocrx_word' id='word_1_586' title='bbox 2659 3655 2671 3705; x_wconf 90' lang='lat'>;</span> <span class='ocrx_word' id='word_1_587' title='bbox 2703 3636 2883 3692; x_wconf 92' lang='lat' dir='ltr'>istum</span> <span class='ocrx_word' id='word_1_588' title='bbox 2914 3654 3069 3703; x_wconf 90' lang='lat' dir='ltr'>vero,</span> <span class='ocrx_word' id='word_1_589' title='bbox 3120 3654 3294 3711; x_wconf 88' lang='lat' dir='ltr'>quem</span> <span class='ocrx_word' id='word_1_590' title='bbox 3327 3639 3486 3697; x_wconf 88' lang='lat' dir='ltr'>videt</span> <span class='ocrx_word' id='word_1_591' title='bbox 3524 3640 3729 3710; x_wconf 83' lang='lat' dir='ltr'>fallere,</span> <span class='ocrx_word' id='word_1_592' title='bbox 3754 3637 3803 3693; x_wconf 91' lang='lat' dir='ltr'>id</span> 
     </span>
    </p>
   </div>
   <div class='ocr_carea' id='block_1_86' title="bbox 2181 3724 3800 3799">
    <p class='ocr_par' dir='ltr' id='par_1_86' title="bbox 2181 3724 3800 3799">
     <span class='ocr_line' id='line_1_86' title="bbox 2181 3724 3800 3799; baseline -0.001 -16"><span class='ocrx_word' id='word_1_593' title='bbox 2181 3731 2315 3799; x_wconf 89' lang='lat' dir='ltr'>aget</span> <span class='ocrx_word' id='word_1_594' title='bbox 2345 3732 2408 3781; x_wconf 91' lang='lat' dir='ltr'>ut</span> <span class='ocrx_word' id='word_1_595' title='bbox 2457 3725 2789 3781; x_wconf 77' lang='lat' dir='ltr'>manifestat</span> <span class='ocrx_word' id='word_1_596' title='bbox 2830 3724 2998 3781; x_wconf 92' lang='lat' dir='ltr'>illum</span> <span class='ocrx_word' id='word_1_597' title='bbox 3029 3742 3205 3781; x_wconf 89' lang='lat' dir='ltr'>suum</span> <span class='ocrx_word' id='word_1_598' title='bbox 3262 3726 3453 3784; x_wconf 88' lang='lat' dir='ltr'>ﬁlium</span> <span class='ocrx_word' id='word_1_599' title='bbox 3508 3745 3652 3797; x_wconf 85' lang='lat' dir='ltr'>esse,</span> <span class='ocrx_word' id='word_1_600' title='bbox 3701 3742 3800 3783; x_wconf 90' lang='lat' dir='ltr'>non</span> 
     </span>
    </p>
   </div>
   <div class='ocr_carea' id='block_1_87' title="bbox 2181 3814 3365 3888">
    <p class='ocr_par' dir='ltr' id='par_1_87' title="bbox 2181 3814 3365 3888">
     <span class='ocr_line' id='line_1_87' title="bbox 2181 3814 3365 3888; baseline -0.001 -16"><span class='ocrx_word' id='word_1_601' title='bbox 2181 3816 2311 3884; x_wconf 91' lang='lat' dir='ltr'>Dei;</span> <span class='ocrx_word' id='word_1_602' title='bbox 2346 3816 2500 3888; x_wconf 92' lang='lat' dir='ltr'>quod</span> <span class='ocrx_word' id='word_1_603' title='bbox 2534 3815 2751 3870; x_wconf 87' lang='lat' dir='ltr'>factum</span> <span class='ocrx_word' id='word_1_604' title='bbox 2779 3831 2894 3870; x_wconf 90' lang='lat' dir='ltr'>non</span> <span class='ocrx_word' id='word_1_605' title='bbox 2926 3814 3197 3886; x_wconf 89' lang='lat' dir='ltr'>displicet</span> <span class='ocrx_word' id='word_1_606' title='bbox 3227 3820 3365 3873; x_wconf 91' lang='lat' dir='ltr'>Deo.</span> 
     </span>
    </p>
   </div>
   <div class='ocr_carea' id='block_1_88' title="bbox 2251 3902 3797 3978">
    <p class='ocr_par' dir='ltr' id='par_1_88' title="bbox 2251 3902 3797 3978">
     <span class='ocr_line' id='line_1_88' title="bbox 2251 3902 3797 3978; baseline -0.001 -17"><span class='ocrx_word' id='word_1_607' title='bbox 2251 3906 2312 3961; x_wconf 89' lang='lat' dir='ltr'>Si</span> <span class='ocrx_word' id='word_1_608' title='bbox 2349 3906 2470 3978; x_wconf 84' lang='lat' dir='ltr'>quis</span> <span class='ocrx_word' id='word_1_609' title='bbox 2517 3904 2720 3974; x_wconf 81' lang='lat' dir='ltr'>ﬁdelis,</span> <span class='ocrx_word' id='word_1_610' title='bbox 2779 3902 2869 3959; x_wconf 84' lang='lat' dir='ltr'>vel</span> <span class='ocrx_word' id='word_1_611' title='bbox 2895 3907 2946 3959; x_wconf 91' lang='lat' dir='ltr'>si</span> <span class='ocrx_word' id='word_1_612' title='bbox 2991 3921 3100 3976; x_wconf 88' lang='lat' dir='ltr'>qua</span> <span class='ocrx_word' id='word_1_613' title='bbox 3149 3905 3332 3975; x_wconf 77' lang='lat' dir='ltr'>ﬁdelis</span> <span class='ocrx_word' id='word_1_614' title='bbox 3394 3907 3556 3964; x_wconf 84' lang='lat' dir='ltr'>habet</span> <span class='ocrx_word' id='word_1_615' title='bbox 3608 3906 3797 3971; x_wconf 82' lang='lat' dir='ltr'>viduas,</span> 
     </span>
    </p>
   </div>
   <div class='ocr_carea' id='block_1_89' title="bbox 2180 3994 3799 4065">
    <p class='ocr_par' dir='ltr' id='par_1_89' title="bbox 2180 3994 3799 4065">
     <span class='ocr_line' id='line_1_89' title="bbox 2180 3994 3799 4065; baseline 0 -17"><span class='ocrx_word' id='word_1_616' title='bbox 2180 3995 2513 4065; x_wconf 71' lang='lat' dir='ltr'>sufﬁcimzter</span> <span class='ocrx_word' id='word_1_617' title='bbox 2540 3994 2915 4049; x_wconf 78' lang='lat' dir='ltr'>subministret</span> <span class='ocrx_word' id='word_1_618' title='bbox 2958 3994 3095 4060; x_wconf 76' lang='lat' dir='ltr'>illis,</span> <span class='ocrx_word' id='word_1_619' title='bbox 3127 3998 3187 4049; x_wconf 88' lang='lat' dir='ltr'>ut</span> <span class='ocrx_word' id='word_1_620' title='bbox 3215 4012 3327 4050; x_wconf 84' lang='lat' dir='ltr'>non</span> <span class='ocrx_word' id='word_1_621' title='bbox 3357 4005 3619 4065; x_wconf 86' lang='lat' dir='ltr'>gravetur</span> <span class='ocrx_word' id='word_1_622' title='bbox 3642 3994 3799 4051; x_wconf 80' lang='lat' dir='ltr'>Eccle-</span> 
     </span>
    </p>
   </div>
   <div class='ocr_carea' id='block_1_90' title="bbox 2178 4081 3795 4157">
    <p class='ocr_par' dir='ltr' id='par_1_90' title="bbox 2178 4081 3795 4157">
     <span class='ocr_line' id='line_1_90' title="bbox 2178 4081 3795 4157; baseline -0.002 -18"><span class='ocrx_word' id='word_1_623' title='bbox 2178 4084 2283 4150; x_wconf 84' lang='lat' dir='ltr'>sia,</span> <span class='ocrx_word' id='word_1_624' title='bbox 2318 4086 2376 4136; x_wconf 91' lang='lat' dir='ltr'>ut</span> <span class='ocrx_word' id='word_1_625' title='bbox 2405 4083 2547 4137; x_wconf 85' lang='lat' dir='ltr'>veris</span> <span class='ocrx_word' id='word_1_626' title='bbox 2577 4081 2759 4137; x_wconf 86' lang='lat' dir='ltr'>viduis</span> <span class='ocrx_word' id='word_1_627' title='bbox 2788 4082 3049 4154; x_wconf 80' lang='lat' dir='ltr'>sufﬁciat.</span> <span class='ocrx_word' id='word_1_628' title='bbox 3072 4083 3221 4147; x_wconf 87' lang='lat' dir='ltr'>Quid</span> <span class='ocrx_word' id='word_1_629' title='bbox 3255 4084 3478 4141; x_wconf 89' lang='lat' dir='ltr'>mirum</span> <span class='ocrx_word' id='word_1_630' title='bbox 3509 4086 3559 4141; x_wconf 92' lang='lat' dir='ltr'>si</span> <span class='ocrx_word' id='word_1_631' title='bbox 3590 4086 3795 4157; x_wconf 83' lang='lat' dir='ltr'>aposto—</span> 
     </span>
    </p>
   </div>
   <div class='ocr_carea' id='block_1_91' title="bbox 2181 4170 3804 4245">
    <p class='ocr_par' dir='ltr' id='par_1_91' title="bbox 2181 4170 3804 4245">
     <span class='ocr_line' id='line_1_91' title="bbox 2181 4170 3804 4245; baseline -0.001 -21"><span class='ocrx_word' id='word_1_632' title='bbox 2181 4170 2296 4225; x_wconf 90' lang='lat' dir='ltr'>lica</span> <span class='ocrx_word' id='word_1_633' title='bbox 2322 4174 2576 4241; x_wconf 86' lang='lat' dir='ltr'>potestas</span> <span class='ocrx_word' id='word_1_634' title='bbox 2606 4170 2805 4226; x_wconf 87' lang='lat' dir='ltr'>futura</span> <span class='ocrx_word' id='word_1_635' title='bbox 2827 4171 3016 4242; x_wconf 90' lang='lat' dir='ltr'>potuit</span> <span class='ocrx_word' id='word_1_636' title='bbox 3034 4171 3347 4243; x_wconf 75' lang='lat' dir='ltr'>praevidere</span> <span class='ocrx_word' id='word_1_637' title='bbox 3366 4174 3395 4228; x_wconf 85' lang='lat'><strong><em>?</em></strong></span> <span class='ocrx_word' id='word_1_638' title='bbox 3424 4178 3571 4230; x_wconf 87' lang='lat' dir='ltr'>Nam</span> <span class='ocrx_word' id='word_1_639' title='bbox 3588 4172 3804 4245; x_wconf 85' lang='lat' dir='ltr'>apparet</span> 
     </span>
    </p>
   </div>
   <div class='ocr_carea' id='block_1_92' title="bbox 2181 4258 3801 4333">
    <p class='ocr_par' dir='ltr' id='par_1_92' title="bbox 2181 4258 3801 4333">
     <span class='ocr_line' id='line_1_92' title="bbox 2181 4258 3801 4333; baseline 0 -20"><span class='ocrx_word' id='word_1_640' title='bbox 2181 4259 2337 4330; x_wconf 92' lang='lat' dir='ltr'>quod</span> <span class='ocrx_word' id='word_1_641' title='bbox 2368 4259 2532 4327; x_wconf 83' lang='lat' dir='ltr'>dixit,</span> <span class='ocrx_word' id='word_1_642' title='bbox 2566 4260 2706 4331; x_wconf 91' lang='lat' dir='ltr'>quia</span> <span class='ocrx_word' id='word_1_643' title='bbox 2736 4258 2997 4315; x_wconf 84' lang='lat' dir='ltr'>fidelium</span> <span class='ocrx_word' id='word_1_644' title='bbox 3024 4260 3212 4316; x_wconf 72' lang='lat' dir='ltr'>viduae</span> <span class='ocrx_word' id='word_1_645' title='bbox 3236 4278 3396 4318; x_wconf 88' lang='lat' dir='ltr'>nunc</span> <span class='ocrx_word' id='word_1_646' title='bbox 3410 4262 3664 4318; x_wconf 88' lang='lat' dir='ltr'>multum</span> <span class='ocrx_word' id='word_1_647' title='bbox 3688 4275 3801 4333; x_wconf 80' lang='lat' dir='ltr'>gra-</span> 
     </span>
    </p>
   </div>
   <div class='ocr_carea' id='block_1_93' title="bbox 2181 4347 3803 4422">
    <p class='ocr_par' dir='ltr' id='par_1_93' title="bbox 2181 4347 3803 4422">
     <span class='ocr_line' id='line_1_93' title="bbox 2181 4347 3803 4422; baseline 0 -22"><span class='ocrx_word' id='word_1_648' title='bbox 2181 4351 2319 4402; x_wconf 87' lang='lat' dir='ltr'>vant</span> <span class='ocrx_word' id='word_1_649' title='bbox 2350 4347 2688 4418; x_wconf 88' lang='lat' dir='ltr'>Ecelesiam,</span> <span class='ocrx_word' id='word_1_650' title='bbox 2720 4352 2778 4402; x_wconf 91' lang='lat' dir='ltr'>et</span> <span class='ocrx_word' id='word_1_651' title='bbox 2805 4363 3030 4415; x_wconf 91' lang='lat' dir='ltr'>eorum,</span> <span class='ocrx_word' id='word_1_652' title='bbox 3068 4350 3170 4420; x_wconf 92' lang='lat' dir='ltr'>qui</span> <span class='ocrx_word' id='word_1_653' title='bbox 3202 4348 3528 4422; x_wconf 86' lang='lat' dir='ltr'>locupletes</span> <span class='ocrx_word' id='word_1_654' title='bbox 3557 4350 3803 4406; x_wconf 86' lang='lat' dir='ltr'>videntur</span> 
     </span>
    </p>
   </div>
   <div class='ocr_carea' id='block_1_94' title="bbox 2180 4436 3801 4507">
    <p class='ocr_par' dir='ltr' id='par_1_94' title="bbox 2180 4436 3801 4507">
     <span class='ocr_line' id='line_1_94' title="bbox 2180 4436 3801 4507; baseline -0.001 -17"><span class='ocrx_word' id='word_1_655' title='bbox 2180 4436 2405 4504; x_wconf 86' lang='lat' dir='ltr'>mundi,</span> <span class='ocrx_word' id='word_1_656' title='bbox 2440 4441 2496 4490; x_wconf 92' lang='lat' dir='ltr'>et</span> <span class='ocrx_word' id='word_1_657' title='bbox 2523 4451 2625 4507; x_wconf 89' lang='lat' dir='ltr'>per</span> <span class='ocrx_word' id='word_1_658' title='bbox 2681 4437 2997 4491; x_wconf 86' lang='lat' dir='ltr'>senectutis</span> <span class='ocrx_word' id='word_1_659' title='bbox 3044 4453 3283 4492; x_wconf 90' lang='lat' dir='ltr'>causam</span> <span class='ocrx_word' id='word_1_660' title='bbox 3328 4437 3677 4495; x_wconf 86' lang='lat' dir='ltr'>desistentes</span> <span class='ocrx_word' id='word_1_661' title='bbox 3717 4448 3801 4491; x_wconf 83' lang='lat' dir='ltr'>eas</span> 
     </span>
    </p>
   </div>
   <div class='ocr_carea' id='block_1_95' title="bbox 423 4517 3805 4603">
    <p class='ocr_par' dir='ltr' id='par_1_95' title="bbox 423 4517 3805 4603">
     <span class='ocr_line' id='line_1_95' title="bbox 423 4517 3805 4603; baseline -0.003 -19"><span class='ocrx_word' id='word_1_662' title='bbox 423 4529 534 4585; x_wconf 87' lang='lat' dir='ltr'>cile</span> <span class='ocrx_word' id='word_1_663' title='bbox 590 4531 864 4597; x_wconf 88' lang='lat' dir='ltr'>audeant,</span> <span class='ocrx_word' id='word_1_664' title='bbox 908 4527 1063 4599; x_wconf 93' lang='lat' dir='ltr'>quod</span> <span class='ocrx_word' id='word_1_665' title='bbox 1114 4524 1359 4597; x_wconf 91' lang='lat' dir='ltr'>implere</span> <span class='ocrx_word' id='word_1_666' title='bbox 1407 4519 1643 4576; x_wconf 86' lang='lat' dir='ltr'>difﬁcile</span> <span class='ocrx_word' id='word_1_667' title='bbox 1698 4521 1805 4586; x_wconf 88' lang='lat' dir='ltr'>est,</span> <span class='ocrx_word' id='word_1_668' title='bbox 1865 4521 1966 4572; x_wconf 86' lang='lat' dir='ltr'>aut</span> <span class='ocrx_word' id='word_1_669' title='bbox 2022 4517 2069 4579; x_wconf 79' lang='lat' dir='ltr'>si</span> <span class='ocrx_word' id='word_1_670' title='bbox 2104 4539 2146 4603; x_wconf 74' lang='grc' dir='ltr'>ι)</span> <span class='ocrx_word' id='word_1_671' title='bbox 2179 4524 2252 4578; x_wconf 90' lang='lat' dir='ltr'>ab</span> <span class='ocrx_word' id='word_1_672' title='bbox 2282 4540 2455 4596; x_wconf 90' lang='lat' dir='ltr'>opere</span> <span class='ocrx_word' id='word_1_673' title='bbox 2480 4522 2739 4589; x_wconf 89' lang='lat' dir='ltr'>laniﬁcii,</span> <span class='ocrx_word' id='word_1_674' title='bbox 2774 4523 3080 4578; x_wconf 87' lang='lat' dir='ltr'>retrahunt</span> <span class='ocrx_word' id='word_1_675' title='bbox 3106 4524 3189 4580; x_wconf 91' lang='lat' dir='ltr'>eis</span> <span class='ocrx_word' id='word_1_676' title='bbox 3220 4529 3278 4581; x_wconf 90' lang='lat' dir='ltr'>et</span> <span class='ocrx_word' id='word_1_677' title='bbox 3315 4528 3729 4583; x_wconf 87' lang='lat' dir='ltr'>vestimentum</span> <span class='ocrx_word' id='word_1_678' title='bbox 3755 4524 3805 4576; x_wconf 89' lang='lat' dir='ltr'>et</span> 
     </span>
    </p>
   </div>
   <div class='ocr_carea' id='block_1_96' title="bbox 425 4605 2065 4678">
    <p class='ocr_par' dir='ltr' id='par_1_96' title="bbox 425 4605 2065 4678">
     <span class='ocr_line' id='line_1_96' title="bbox 425 4605 2065 4678; baseline -0.008 -4"><span class='ocrx_word' id='word_1_679' title='bbox 425 4618 659 4674; x_wconf 91' lang='lat' dir='ltr'>animus</span> <span class='ocrx_word' id='word_1_680' title='bbox 689 4623 777 4674; x_wconf 89' lang='lat' dir='ltr'>est</span> <span class='ocrx_word' id='word_1_681' title='bbox 823 4616 960 4672; x_wconf 89' lang='lat' dir='ltr'>huic</span> <span class='ocrx_word' id='word_1_682' title='bbox 1007 4612 1296 4671; x_wconf 91' lang='lat' dir='ltr'>devotioni</span> <span class='ocrx_word' id='word_1_683' title='bbox 1343 4609 1578 4664; x_wconf 89' lang='lat' dir='ltr'>deditus</span> <span class='ocrx_word' id='word_1_684' title='bbox 1627 4606 1782 4678; x_wconf 88' lang='lat' dir='ltr'>apud</span> <span class='ocrx_word' id='word_1_685' title='bbox 1823 4622 1882 4661; x_wconf 92' lang='lat' dir='ltr'>se</span> <span class='ocrx_word' id='word_1_686' title='bbox 1914 4605 2065 4661; x_wconf 89' lang='lat' dir='ltr'>inte-</span> 
     </span>
    </p>
   </div>
   <div class='ocr_carea' id='block_1_97' title="bbox 424 4694 2063 4777">
    <p class='ocr_par' dir='ltr' id='par_1_97' title="bbox 424 4694 2063 4777">
     <span class='ocr_line' id='line_1_97' title="bbox 424 4694 2063 4777; baseline -0.009 -14"><span class='ocrx_word' id='word_1_687' title='bbox 424 4708 536 4762; x_wconf 90' lang='lat' dir='ltr'>rim</span> <span class='ocrx_word' id='word_1_688' title='bbox 570 4711 782 4777; x_wconf 88' lang='lat' dir='ltr'>teneat,</span> <span class='ocrx_word' id='word_1_689' title='bbox 812 4704 952 4776; x_wconf 88' lang='lat' dir='ltr'>quia</span> <span class='ocrx_word' id='word_1_690' title='bbox 980 4701 1184 4758; x_wconf 90' lang='lat' dir='ltr'>didicit</span> <span class='ocrx_word' id='word_1_691' title='bbox 1214 4696 1594 4753; x_wconf 88' lang='lat' dir='ltr'>temerarium</span> <span class='ocrx_word' id='word_1_692' title='bbox 1625 4710 1755 4749; x_wconf 89' lang='lat' dir='ltr'>esse</span> <span class='ocrx_word' id='word_1_693' title='bbox 1786 4694 2063 4765; x_wconf 83' lang='lat' dir='ltr'>profiteri,</span> 
     </span>
    </p>
   </div>
   <div class='ocr_carea' id='block_1_98' title="bbox 424 4781 2063 4868">
    <p class='ocr_par' dir='ltr' id='par_1_98' title="bbox 424 4781 2063 4868">
     <span class='ocr_line' id='line_1_98' title="bbox 424 4781 2063 4868; baseline -0.01 -16"><span class='ocrx_word' id='word_1_694' title='bbox 424 4796 579 4868; x_wconf 92' lang='lat' dir='ltr'>quod</span> <span class='ocrx_word' id='word_1_695' title='bbox 611 4795 802 4850; x_wconf 90' lang='lat' dir='ltr'>adhuc</span> <span class='ocrx_word' id='word_1_696' title='bbox 846 4789 1089 4864; x_wconf 87' lang='lat' dir='ltr'>juvenili</span> <span class='ocrx_word' id='word_1_697' title='bbox 1120 4785 1275 4841; x_wconf 81' lang='lat' dir='ltr'>aetati</span> <span class='ocrx_word' id='word_1_698' title='bbox 1299 4782 1455 4838; x_wconf 90' lang='lat' dir='ltr'>credi</span> <span class='ocrx_word' id='word_1_699' title='bbox 1504 4799 1617 4837; x_wconf 87' lang='lat' dir='ltr'>non</span> <span class='ocrx_word' id='word_1_700' title='bbox 1650 4781 1837 4837; x_wconf 89' lang='lat' dir='ltr'>debet.</span> <span class='ocrx_word' id='word_1_701' title='bbox 1890 4786 2063 4838; x_wconf 89' lang='lat' dir='ltr'>Dam-</span> 
     </span>
    </p>
   </div>
   <div class='ocr_carea' id='block_1_99' title="bbox 426 4870 2062 4943">
    <p class='ocr_par' dir='ltr' id='par_1_99' title="bbox 426 4870 2062 4943">
     <span class='ocr_line' id='line_1_99' title="bbox 426 4870 2062 4943; baseline -0.007 -5"><span class='ocrx_word' id='word_1_702' title='bbox 426 4882 646 4939; x_wconf 85' lang='lat' dir='ltr'>nationi</span> <span class='ocrx_word' id='word_1_703' title='bbox 703 4881 859 4937; x_wconf 90' lang='lat' dir='ltr'>enim</span> <span class='ocrx_word' id='word_1_704' title='bbox 920 4880 986 4931; x_wconf 88' lang='lat' dir='ltr'>ﬁt</span> <span class='ocrx_word' id='word_1_705' title='bbox 1015 4872 1321 4941; x_wconf 88' lang='lat' dir='ltr'>obnoxius,</span> <span class='ocrx_word' id='word_1_706' title='bbox 1373 4871 1472 4943; x_wconf 91' lang='lat' dir='ltr'>qui</span> <span class='ocrx_word' id='word_1_707' title='bbox 1530 4871 1601 4925; x_wconf 91' lang='lat' dir='ltr'>ab</span> <span class='ocrx_word' id='word_1_708' title='bbox 1634 4870 1739 4925; x_wconf 92' lang='lat' dir='ltr'>hoc</span> <span class='ocrx_word' id='word_1_709' title='bbox 1789 4871 2062 4937; x_wconf 89' lang='lat' dir='ltr'>declinat,</span> 
     </span>
    </p>
   </div>
   <div class='ocr_carea' id='block_1_100' title="bbox 425 4960 2061 5044">
    <p class='ocr_par' dir='ltr' id='par_1_100' title="bbox 425 4960 2061 5044">
     <span class='ocr_line' id='line_1_100' title="bbox 425 4960 2061 5044; baseline -0.007 -17"><span class='ocrx_word' id='word_1_710' title='bbox 425 4973 581 5044; x_wconf 90' lang='lat' dir='ltr'>quod</span> <span class='ocrx_word' id='word_1_711' title='bbox 610 4974 763 5026; x_wconf 89' lang='lat' dir='ltr'>recte</span> <span class='ocrx_word' id='word_1_712' title='bbox 792 4968 1027 5022; x_wconf 85' lang='lat' dir='ltr'>fecerat.</span> <span class='ocrx_word' id='word_1_713' title='bbox 1061 4962 1353 5024; x_wconf 89' lang='lat' dir='ltr'>Quantum</span> <span class='ocrx_word' id='word_1_714' title='bbox 1413 4960 1566 5016; x_wconf 89' lang='lat' dir='ltr'>enim</span> <span class='ocrx_word' id='word_1_715' title='bbox 1618 4960 1907 5016; x_wconf 90' lang='lat' dir='ltr'>laudabile</span> <span class='ocrx_word' id='word_1_716' title='bbox 1955 4966 2061 5031; x_wconf 89' lang='lat' dir='ltr'>est,</span> 
     </span>
    </p>
   </div>
   <div class='ocr_carea' id='block_1_101' title="bbox 425 5048 2064 5129">
    <p class='ocr_par' dir='ltr' id='par_1_101' title="bbox 425 5048 2064 5129">
     <span class='ocr_line' id='line_1_101' title="bbox 425 5048 2064 5129; baseline -0.006 -15"><span class='ocrx_word' id='word_1_717' title='bbox 425 5060 475 5114; x_wconf 88' lang='lat' dir='ltr'>si</span> <span class='ocrx_word' id='word_1_718' title='bbox 505 5058 747 5129; x_wconf 90' lang='lat' dir='ltr'>impleat</span> <span class='ocrx_word' id='word_1_719' title='bbox 785 5052 941 5125; x_wconf 92' lang='lat' dir='ltr'>quod</span> <span class='ocrx_word' id='word_1_720' title='bbox 996 5048 1149 5105; x_wconf 88' lang='lat' dir='ltr'>ultra</span> <span class='ocrx_word' id='word_1_721' title='bbox 1204 5049 1354 5106; x_wconf 89' lang='lat' dir='ltr'>vires</span> <span class='ocrx_word' id='word_1_722' title='bbox 1406 5052 1535 5121; x_wconf 85' lang='lat' dir='ltr'>ejus</span> <span class='ocrx_word' id='word_1_723' title='bbox 1584 5050 1861 5121; x_wconf 84' lang='lat' dir='ltr'>creditur,</span> <span class='ocrx_word' id='word_1_724' title='bbox 1906 5053 2064 5105; x_wconf 89' lang='lat' dir='ltr'>tanto</span> 
     </span>
    </p>
   </div>
   <div class='ocr_carea' id='block_1_102' title="bbox 426 5139 2064 5219">
    <p class='ocr_par' dir='ltr' id='par_1_102' title="bbox 426 5139 2064 5219">
     <span class='ocr_line' id='line_1_102' title="bbox 426 5139 2064 5219; baseline -0.006 -16"><span class='ocrx_word' id='word_1_725' title='bbox 426 5147 615 5219; x_wconf 88' lang='lat' dir='ltr'>magis</span> <span class='ocrx_word' id='word_1_726' title='bbox 647 5140 981 5217; x_wconf 90' lang='lat' dir='ltr'>puniendus</span> <span class='ocrx_word' id='word_1_727' title='bbox 1007 5139 1141 5208; x_wconf 90' lang='lat' dir='ltr'>erit,</span> <span class='ocrx_word' id='word_1_728' title='bbox 1175 5139 1224 5195; x_wconf 91' lang='lat' dir='ltr'>si</span> <span class='ocrx_word' id='word_1_729' title='bbox 1255 5139 1364 5195; x_wconf 91' lang='lat' dir='ltr'>hoc</span> <span class='ocrx_word' id='word_1_730' title='bbox 1387 5140 1599 5196; x_wconf 88' lang='lat' dir='ltr'>audeat</span> <span class='ocrx_word' id='word_1_731' title='bbox 1621 5139 1734 5197; x_wconf 91' lang='lat' dir='ltr'>sibi</span> <span class='ocrx_word' id='word_1_732' title='bbox 1766 5139 2064 5211; x_wconf 91' lang='lat' dir='ltr'>imponere</span> 
     </span>
    </p>
   </div>
   <div class='ocr_carea' id='block_1_103' title="bbox 425 5226 2064 5308">
    <p class='ocr_par' dir='ltr' id='par_1_103' title="bbox 425 5226 2064 5308">
     <span class='ocr_line' id='line_1_103' title="bbox 425 5226 2064 5308; baseline -0.005 -17"><span class='ocrx_word' id='word_1_733' title='bbox 425 5232 878 5308; x_wconf 60' lang='lat' dir='ltr'>praesumptione</span> <span class='ocrx_word' id='word_1_734' title='bbox 906 5228 1273 5296; x_wconf 89' lang='lat' dir='ltr'>temeritatis,</span> <span class='ocrx_word' id='word_1_735' title='bbox 1309 5230 1465 5301; x_wconf 91' lang='lat' dir='ltr'>quod</span> <span class='ocrx_word' id='word_1_736' title='bbox 1513 5230 1661 5286; x_wconf 88' lang='lat' dir='ltr'>ferre</span> <span class='ocrx_word' id='word_1_737' title='bbox 1691 5245 1805 5284; x_wconf 89' lang='lat' dir='ltr'>non</span> <span class='ocrx_word' id='word_1_738' title='bbox 1857 5226 2064 5300; x_wconf 90' lang='lat' dir='ltr'>possit,</span> 
     </span>
    </p>
   </div>
   <div class='ocr_carea' id='block_1_104' title="bbox 501 5369 2065 5444">
    <p class='ocr_par' dir='ltr' id='par_1_104' title="bbox 501 5369 2065 5444">
     <span class='ocr_line' id='line_1_104' title="bbox 501 5369 2065 5444; baseline -0.002 -17"><span class='ocrx_word' id='word_1_739' title='bbox 501 5372 701 5443; x_wconf 78' lang='lat'>(1306).</span> <span class='ocrx_word' id='word_1_740' title='bbox 733 5370 988 5425; x_wconf 90' lang='lat' dir='ltr'>Verbum</span> <span class='ocrx_word' id='word_1_741' title='bbox 1011 5371 1160 5438; x_wconf 88' lang='lat' dir='ltr'>dicit,</span> <span class='ocrx_word' id='word_1_742' title='bbox 1187 5373 1340 5444; x_wconf 90' lang='lat' dir='ltr'>quod</span> <span class='ocrx_word' id='word_1_743' title='bbox 1366 5373 1424 5427; x_wconf 90' lang='lat' dir='ltr'>in</span> <span class='ocrx_word' id='word_1_744' title='bbox 1447 5373 1644 5428; x_wconf 89' lang='lat' dir='ltr'>codice</span> <span class='ocrx_word' id='word_1_745' title='bbox 1676 5369 2065 5444; x_wconf 76' lang='lat' dir='ltr'>desideratur,</span> 
     </span>
    </p>
   </div>
   <div class='ocr_carea' id='block_1_105' title="bbox 427 5440 2067 5500">
    <p class='ocr_par' dir='ltr' id='par_1_105' title="bbox 427 5440 2067 5500">
     <span class='ocr_line' id='line_1_105' title="bbox 427 5440 2067 5500; baseline -0.001 -2"><span class='ocrx_word' id='word_1_746' title='bbox 427 5440 763 5499; x_wconf 85' lang='lat' dir='ltr'>addendum</span> <span class='ocrx_word' id='word_1_747' title='bbox 795 5458 1004 5497; x_wconf 89' lang='lat' dir='ltr'>sensus</span> <span class='ocrx_word' id='word_1_748' title='bbox 1036 5448 1091 5498; x_wconf 89' lang='lat' dir='ltr'>et</span> <span class='ocrx_word' id='word_1_749' title='bbox 1119 5440 1533 5500; x_wconf 80' lang='lat' dir='ltr'>Ambrosiastri</span> <span class='ocrx_word' id='word_1_750' title='bbox 1581 5443 1848 5497; x_wconf 88' lang='lat' dir='ltr'>Maurina</span> <span class='ocrx_word' id='word_1_751' title='bbox 1889 5440 2067 5496; x_wconf 89' lang='lat' dir='ltr'>editio</span> 
     </span>
    </p>
   </div>
   <div class='ocr_carea' id='block_1_106' title="bbox 464 5529 1818 5665">
    <p class='ocr_par' dir='ltr' id='par_1_106' title="bbox 464 5529 1818 5665">
     <span class='ocr_line' id='line_1_106' title="bbox 464 5529 1818 5665; baseline -0.006 -20"><span class='ocrx_word' id='word_1_752' title='bbox 464 5529 688 5665; x_wconf 46' lang='grc' dir='ltr'>αδεέῗξ).</span> <span class='ocrx_word' id='word_1_753' title='bbox 711 5582 1073 5644; x_wconf 88' lang='lat' dir='ltr'>Subauditur</span> <span class='ocrx_word' id='word_1_754' title='bbox 1104 5589 1165 5643; x_wconf 91' lang='lat' dir='ltr'>ut</span> <span class='ocrx_word' id='word_1_755' title='bbox 1189 5586 1249 5642; x_wconf 91' lang='lat' dir='ltr'>in</span> <span class='ocrx_word' id='word_1_756' title='bbox 1279 5586 1450 5658; x_wconf 85' lang='lat' dir='ltr'>Vulg.</span> <span class='ocrx_word' id='word_1_757' title='bbox 1480 5598 1604 5658; x_wconf 73' lang='lat' dir='ltr'>qua:</span> <span class='ocrx_word' id='word_1_758' title='bbox 1631 5584 1818 5655; x_wconf 83' lang='lat' dir='ltr'>fuerit.</span> 
     </span>
    </p>
   </div>
   <div class='ocr_carea' id='block_1_107' title="bbox 2176 4612 3805 4686">
    <p class='ocr_par' dir='ltr' id='par_1_107' title="bbox 2176 4612 3805 4686">
     <span class='ocr_line' id='line_1_107' title="bbox 2176 4612 3805 4686; baseline -0.002 -19"><span class='ocrx_word' id='word_1_759' title='bbox 2176 4613 2415 4676; x_wconf 90' lang='lat' dir='ltr'>victum,</span> <span class='ocrx_word' id='word_1_760' title='bbox 2461 4628 2575 4666; x_wconf 88' lang='lat' dir='ltr'>non</span> <span class='ocrx_word' id='word_1_761' title='bbox 2630 4616 2818 4666; x_wconf 91' lang='lat' dir='ltr'>totum</span> <span class='ocrx_word' id='word_1_762' title='bbox 2864 4618 3060 4668; x_wconf 88' lang='lat' dir='ltr'>tamen</span> <span class='ocrx_word' id='word_1_763' title='bbox 3108 4630 3177 4668; x_wconf 84' lang='lat' dir='ltr'>ex</span> <span class='ocrx_word' id='word_1_764' title='bbox 3205 4619 3391 4686; x_wconf 84' lang='lat' dir='ltr'>parte,</span> <span class='ocrx_word' id='word_1_765' title='bbox 3444 4620 3511 4670; x_wconf 89' lang='lat' dir='ltr'>ut</span> <span class='ocrx_word' id='word_1_766' title='bbox 3557 4614 3663 4671; x_wconf 67' lang='lat' dir='ltr'>illa:</span> <span class='ocrx_word' id='word_1_767' title='bbox 3694 4612 3805 4683; x_wconf 88' lang='lat' dir='ltr'>ipsa</span> 
     </span>
    </p>
   </div>
   <div class='ocr_carea' id='block_1_108' title="bbox 2175 4698 3803 4772">
    <p class='ocr_par' dir='ltr' id='par_1_108' title="bbox 2175 4698 3803 4772">
     <span class='ocr_line' id='line_1_108' title="bbox 2175 4698 3803 4772; baseline -0.003 -16"><span class='ocrx_word' id='word_1_768' title='bbox 2175 4701 2373 4772; x_wconf 90' lang='lat' dir='ltr'>inopia</span> <span class='ocrx_word' id='word_1_769' title='bbox 2402 4700 2475 4754; x_wconf 90' lang='lat' dir='ltr'>ad</span> <span class='ocrx_word' id='word_1_770' title='bbox 2505 4698 2825 4755; x_wconf 89' lang='lat' dir='ltr'>Eeclesiam</span> <span class='ocrx_word' id='word_1_771' title='bbox 2865 4706 3281 4757; x_wconf 88' lang='lat' dir='ltr'>convertantur</span> <span class='ocrx_word' id='word_1_772' title='bbox 3312 4707 3379 4758; x_wconf 90' lang='lat' dir='ltr'>ut</span> <span class='ocrx_word' id='word_1_773' title='bbox 3416 4704 3637 4759; x_wconf 88' lang='lat' dir='ltr'>vivant.</span> <span class='ocrx_word' id='word_1_774' title='bbox 3669 4700 3803 4764; x_wconf 85' lang='lat' dir='ltr'>Quos</span> 
     </span>
    </p>
   </div>
   <div class='ocr_carea' id='block_1_109' title="bbox 2173 4788 3804 4865">
    <p class='ocr_par' dir='ltr' id='par_1_109' title="bbox 2173 4788 3804 4865">
     <span class='ocr_line' id='line_1_109' title="bbox 2173 4788 3804 4865; baseline -0.003 -20"><span class='ocrx_word' id='word_1_775' title='bbox 2173 4788 2478 4862; x_wconf 91' lang='lat' dir='ltr'>oportebat</span> <span class='ocrx_word' id='word_1_776' title='bbox 2492 4805 2610 4853; x_wconf 86' lang='lat' dir='ltr'>non</span> <span class='ocrx_word' id='word_1_777' title='bbox 2625 4788 2814 4844; x_wconf 90' lang='lat' dir='ltr'>solum</span> <span class='ocrx_word' id='word_1_778' title='bbox 2840 4788 3376 4861; x_wconf 90' lang='lat' dir='ltr'>suisindigentibus</span> <span class='ocrx_word' id='word_1_779' title='bbox 3396 4792 3804 4865; x_wconf 84' lang='lat' dir='ltr'>largiri,verum</span> 
     </span>
    </p>
   </div>
   <div class='ocr_carea' id='block_1_110' title="bbox 2173 4873 3806 4953">
    <p class='ocr_par' dir='ltr' id='par_1_110' title="bbox 2173 4873 3806 4953">
     <span class='ocr_line' id='line_1_110' title="bbox 2173 4873 3806 4953; baseline -0.002 -20"><span class='ocrx_word' id='word_1_780' title='bbox 2173 4878 2347 4933; x_wconf 89' lang='lat' dir='ltr'>etiam</span> <span class='ocrx_word' id='word_1_781' title='bbox 2381 4875 2524 4932; x_wconf 90' lang='lat' dir='ltr'>alias</span> <span class='ocrx_word' id='word_1_782' title='bbox 2555 4877 2755 4949; x_wconf 85' lang='lat' dir='ltr'>inopes</span> <span class='ocrx_word' id='word_1_783' title='bbox 2779 4894 3013 4949; x_wconf 88' lang='lat' dir='ltr'>pascere</span> <span class='ocrx_word' id='word_1_784' title='bbox 3035 4883 3090 4933; x_wconf 89' lang='lat' dir='ltr'>et</span> <span class='ocrx_word' id='word_1_785' title='bbox 3109 4884 3421 4950; x_wconf 87' lang='lat' dir='ltr'>contegere</span> <span class='ocrx_word' id='word_1_786' title='bbox 3452 4906 3466 4949; x_wconf 73' lang='grc' dir='ltr'>ς</span> <span class='ocrx_word' id='word_1_787' title='bbox 3496 4880 3654 4953; x_wconf 92' lang='lat' dir='ltr'>quod</span> <span class='ocrx_word' id='word_1_788' title='bbox 3678 4873 3806 4932; x_wconf 89' lang='lat' dir='ltr'>mul-</span> 
     </span>
    </p>
   </div>
   <div class='ocr_carea' id='block_1_111' title="bbox 2171 4966 3808 5035">
    <p class='ocr_par' dir='ltr' id='par_1_111' title="bbox 2171 4966 3808 5035">
     <span class='ocr_line' id='line_1_111' title="bbox 2171 4966 3808 5035; baseline -0.001 -13"><span class='ocrx_word' id='word_1_789' title='bbox 2171 4972 2299 5022; x_wconf 89' lang='lat' dir='ltr'>tum</span> <span class='ocrx_word' id='word_1_790' title='bbox 2330 4967 2512 5022; x_wconf 89' lang='lat' dir='ltr'>obest.</span> <span class='ocrx_word' id='word_1_791' title='bbox 2545 4968 2690 5022; x_wconf 83' lang='lat' dir='ltr'>Cum</span> <span class='ocrx_word' id='word_1_792' title='bbox 2721 4966 2876 5022; x_wconf 90' lang='lat' dir='ltr'>enim</span> <span class='ocrx_word' id='word_1_793' title='bbox 2909 4966 3001 5022; x_wconf 88' lang='lat' dir='ltr'>his</span> <span class='ocrx_word' id='word_1_794' title='bbox 3032 4967 3222 5035; x_wconf 76' lang='lat' dir='ltr'>datur,</span> <span class='ocrx_word' id='word_1_795' title='bbox 3248 4969 3478 5024; x_wconf 73' lang='lat' dir='ltr'>caeteris</span> <span class='ocrx_word' id='word_1_796' title='bbox 3511 4974 3611 5025; x_wconf 89' lang='lat' dir='ltr'>aut</span> <span class='ocrx_word' id='word_1_797' title='bbox 3631 4968 3808 5025; x_wconf 81' lang='lat' dir='ltr'>minus</span> 
     </span>
    </p>
   </div>
   <div class='ocr_carea' id='block_1_112' title="bbox 2174 5055 3807 5129">
    <p class='ocr_par' dir='ltr' id='par_1_112' title="bbox 2174 5055 3807 5129">
     <span class='ocr_line' id='line_1_112' title="bbox 2174 5055 3807 5129; baseline -0.003 -17"><span class='ocrx_word' id='word_1_798' title='bbox 2174 5061 2274 5112; x_wconf 90' lang='lat' dir='ltr'>aut</span> <span class='ocrx_word' id='word_1_799' title='bbox 2323 5073 2437 5111; x_wconf 90' lang='lat' dir='ltr'>non</span> <span class='ocrx_word' id='word_1_800' title='bbox 2495 5055 2685 5125; x_wconf 90' lang='lat' dir='ltr'>datur,</span> <span class='ocrx_word' id='word_1_801' title='bbox 2718 5055 2935 5127; x_wconf 90' lang='lat' dir='ltr'>quibus</span> <span class='ocrx_word' id='word_1_802' title='bbox 2995 5056 3184 5129; x_wconf 89' lang='lat' dir='ltr'>magis</span> <span class='ocrx_word' id='word_1_803' title='bbox 3246 5058 3513 5114; x_wconf 87' lang='lat' dir='ltr'>dandum</span> <span class='ocrx_word' id='word_1_804' title='bbox 3558 5062 3664 5124; x_wconf 86' lang='lat' dir='ltr'>est,</span> <span class='ocrx_word' id='word_1_805' title='bbox 3695 5068 3807 5127; x_wconf 61' lang='lat' dir='ltr'>quae</span> 
     </span>
    </p>
   </div>
   <div class='ocr_carea' id='block_1_113' title="bbox 2174 5143 3809 5217">
    <p class='ocr_par' dir='ltr' id='par_1_113' title="bbox 2174 5143 3809 5217">
     <span class='ocr_line' id='line_1_113' title="bbox 2174 5143 3809 5217; baseline -0.002 -17"><span class='ocrx_word' id='word_1_806' title='bbox 2174 5145 2363 5217; x_wconf 65' lang='lat' dir='ltr'>dignae</span> <span class='ocrx_word' id='word_1_807' title='bbox 2395 5149 2533 5199; x_wconf 90' lang='lat' dir='ltr'>sunt</span> <span class='ocrx_word' id='word_1_808' title='bbox 2553 5143 2820 5199; x_wconf 68' lang='lat' dir='ltr'>Ecclesia:</span> <span class='ocrx_word' id='word_1_809' title='bbox 2851 5146 3189 5216; x_wconf 90' lang='lat' dir='ltr'>sumptibus</span> <span class='ocrx_word' id='word_1_810' title='bbox 3219 5145 3572 5203; x_wconf 88' lang='lat' dir='ltr'>ministrari.</span> <span class='ocrx_word' id='word_1_811' title='bbox 3606 5147 3696 5202; x_wconf 87' lang='lat' dir='ltr'>Sic</span> <span class='ocrx_word' id='word_1_812' title='bbox 3723 5158 3809 5199; x_wconf 88' lang='lat' dir='ltr'>au-</span> 
     </span>
    </p>
   </div>
   <div class='ocr_carea' id='block_1_114' title="bbox 2174 5233 3808 5305">
    <p class='ocr_par' dir='ltr' id='par_1_114' title="bbox 2174 5233 3808 5305">
     <span class='ocr_line' id='line_1_114' title="bbox 2174 5233 3808 5305; baseline -0.002 -16"><span class='ocrx_word' id='word_1_813' title='bbox 2174 5238 2292 5289; x_wconf 91' lang='lat' dir='ltr'>tem</span> <span class='ocrx_word' id='word_1_814' title='bbox 2325 5237 2620 5305; x_wconf 88' lang='lat' dir='ltr'>gravatur,</span> <span class='ocrx_word' id='word_1_815' title='bbox 2680 5249 2815 5287; x_wconf 92' lang='lat' dir='ltr'>cum</span> <span class='ocrx_word' id='word_1_816' title='bbox 2846 5233 3075 5305; x_wconf 88' lang='lat' dir='ltr'>cogitur</span> <span class='ocrx_word' id='word_1_817' title='bbox 3126 5235 3336 5290; x_wconf 89' lang='lat' dir='ltr'>vestire</span> <span class='ocrx_word' id='word_1_818' title='bbox 3398 5236 3640 5305; x_wconf 85' lang='lat' dir='ltr'>multos,</span> <span class='ocrx_word' id='word_1_819' title='bbox 3695 5246 3808 5305; x_wconf 71' lang='lat' dir='ltr'>quis</span> 
     </span>
    </p>
   </div>
   <div class='ocr_carea' id='block_1_115' title="bbox 2177 5361 3810 5492">
    <p class='ocr_par' dir='ltr' id='par_1_115' title="bbox 2177 5361 3810 5492">
     <span class='ocr_line' id='line_1_115' title="bbox 2177 5361 3810 5492; baseline -0.004 -70"><span class='ocrx_word' id='word_1_820' title='bbox 2177 5367 2273 5492; x_wconf 48' lang='grc' dir='ltr'>(ωε</span> <span class='ocrx_word' id='word_1_821' title='bbox 2274 5367 2447 5491; x_wconf 44' lang='lat'>181,328).</span> <span class='ocrx_word' id='word_1_822' title='bbox 2484 5367 2545 5421; x_wconf 90' lang='lat' dir='ltr'>In</span> <span class='ocrx_word' id='word_1_823' title='bbox 2580 5367 2707 5422; x_wconf 87' lang='lat' dir='ltr'>cod.</span> <span class='ocrx_word' id='word_1_824' title='bbox 2740 5367 3050 5433; x_wconf 62' lang='lat' dir='ltr'>Simulata},</span> <span class='ocrx_word' id='word_1_825' title='bbox 3076 5367 3174 5422; x_wconf 90' lang='lat' dir='ltr'>ubi</span> <span class='ocrx_word' id='word_1_826' title='bbox 3209 5384 3314 5424; x_wconf 90' lang='lat' dir='ltr'>nos</span> <span class='ocrx_word' id='word_1_827' title='bbox 3345 5366 3627 5442; x_wconf 74' lang='lat' dir='ltr'>legimus,</span> <span class='ocrx_word' id='word_1_828' title='bbox 3656 5361 3810 5423; x_wconf 75' lang='lat' dir='ltr'>simul</span> 
     </span>
    </p>
   </div>
   <div class='ocr_carea' id='block_1_116' title="bbox 2210 5478 3810 5590">
    <p class='ocr_par' dir='ltr' id='par_1_116' title="bbox 2210 5478 3810 5590">
     <span class='ocr_line' id='line_1_116' title="bbox 2210 5478 3810 5590; baseline -0.002 -24"><span class='ocrx_word' id='word_1_829' title='bbox 2461 5507 2668 5590; x_wconf 70' lang='lat' dir='ltr'>Verba,</span> <span class='ocrx_word' id='word_1_830' title='bbox 2703 5507 2799 5590; x_wconf 81' lang='lat' dir='ltr'>hoc</span> <span class='ocrx_word' id='word_1_831' title='bbox 2816 5511 3070 5565; x_wconf 80' lang='lat' dir='ltr'>estenim</span> <span class='ocrx_word' id='word_1_832' title='bbox 3096 5526 3281 5583; x_wconf 84' lang='lat' dir='ltr'>regere</span> <span class='ocrx_word' id='word_1_833' title='bbox 3305 5509 3558 5582; x_wconf 86' lang='lat' dir='ltr'>domum,</span> <span class='ocrx_word' id='word_1_834' title='bbox 3585 5507 3810 5568; x_wconf 67' lang='lat' dir='ltr'>Ambiv-</span> 
     </span>
    </p>
   </div>
   <div class='ocr_carea' id='block_1_117' title="bbox 2178 5578 2747 5636">
    <p class='ocr_par' dir='ltr' id='par_1_117' title="bbox 2178 5578 2747 5636">
     <span class='ocr_line' id='line_1_117' title="bbox 2178 5578 2747 5636; baseline 0 -1"><span class='ocrx_word' id='word_1_835' title='bbox 2178 5578 2389 5635; x_wconf 87' lang='lat' dir='ltr'>siaster</span> <span class='ocrx_word' id='word_1_836' title='bbox 2412 5578 2532 5636; x_wconf 84' lang='lat' dir='ltr'>non</span> <span class='ocrx_word' id='word_1_837' title='bbox 2554 5578 2747 5636; x_wconf 89' lang='lat' dir='ltr'>habet.</span> 
     </span>
    </p>
   </div>
  </div>
