3978 6210
110 336 226 393 681

537 330 956 401 EXPOSITIO
1003 330 1077 390 IN
1125 331 1552 395 EPISTOLAS
1600 335 1852 396 PAULI.
1883 371 1958 381 —
2000 339 2075 397 IN
2123 340 2367 401 EPIST.
2416 342 2437 400 l
2486 342 2587 399 AD
2632 340 3131 402 TIMOTHEUM.

3417 346 3534 403 (582

112 466 367 521 deberet
394 461 611 519 vestire
654 478 891 534 paucos,
938 465 994 517 et
1047 461 1231 533 plebs,
1278 480 1404 533 quin
1451 464 1697 520 libenter
1726 470 1782 520 et
1814 471 1865 534 Α
1897 469 2133 523 dinatur
2162 471 2314 526 vitiis
2344 475 2400 525 et
2428 470 2653 525 delictis
2703 472 2849 540 ejus.
2902 472 2959 527 Si
3012 489 3147 543 ergo
3180 475 3417 529 omnino
3450 474 3535 529 la-

112 555 468 625 frequenter
500 550 687 622 possit
718 550 1049 605 ministrare
1082 552 1305 621 paucis,
1336 553 1562 623 cogitur
1592 552 1785 623 plures

114 642 446 705 dimittere,
482 644 548 693 ut
591 643 695 693 aut
743 644 1070 694 murmurat
1115 644 1215 694 aut
1243 640 1469 695 tardius
1499 647 1782 697 occurrat.

114 731 273 785 Nam
302 746 437 785 cum
462 727 765 799 praecipiat
788 727 963 782 unius
984 727 1089 782 viri
1116 745 1350 784 uxorem
1369 728 1503 800 eligi
1527 730 1785 794 viduam,

118 835 289 875 nunc
322 816 707 873 inveniuntur
737 815 890 870 inter
916 832 1013 871 eas
1045 833 1159 871 non
1192 817 1416 871 tanium
1451 819 1654 885 duum,
1689 824 1790 873 aut

121 908 313 963 trium
348 906 703 961 maritorum
753 920 983 971 uxores,
1017 905 1116 959 sed
1166 910 1223 960 et
1270 923 1395 975 qua:
1445 906 1675 977 turpius
1706 907 1786 960 vi-

118 996 341 1052 xerint.
358 996 521 1060 Quod
542 992 861 1063 aliquando
876 1010 977 1064 per
989 992 1403 1065 negligentiam
1420 998 1504 1059 lit,
1521 995 1788 1067 aliquan-

121 1087 199 1141 do
237 1088 530 1157 potestate
558 1081 916 1137 insinuante.

201 1175 317 1243 Qui
366 1173 498 1227 bene
540 1173 789 1243 praesunt
839 1168 1165 1241 presbyteri,
1208 1170 1415 1241 duplici
1463 1178 1663 1228 honore
1692 1174 1790 1227 ha-

126 1266 385 1320 beantur
438 1261 612 1330 digni,
644 1261 885 1315 maxime
943 1260 1037 1329 qui
1101 1259 1359 1314 laborant
1426 1262 1483 1314 in
1538 1261 1692 1316 verbo
1739 1266 1790 1316 et

127 1354 422 1409 doctrina.
467 1348 604 1404 Boni
636 1348 1072 1420 dispensatores
1101 1365 1167 1403 ac
1199 1347 1419 1419 fideles,
1452 1366 1565 1405 non
1599 1349 1790 1405 solum

126 1440 365 1496 honore
395 1437 632 1494 sublimi
660 1438 817 1505 digni
871 1437 1083 1493 debent
1125 1438 1403 1508 judicari,
1456 1439 1555 1493 sed
1589 1444 1645 1494 et
1677 1444 1792 1493 ter-

128 1539 302 1591 reno,
339 1531 404 1582 ut
439 1544 552 1581 non
604 1525 1025 1580 contristentur
1072 1525 1392 1598 indigentia
1421 1531 1792 1597 sumptuum,

130 1616 235 1673 sed
274 1616 466 1687 magis
505 1615 802 1687 gaudeant
833 1615 945 1668 tide
992 1633 1098 1669 sua
1153 1619 1209 1669 et
1250 1615 1530 1670 doctrina.
1568 1617 1795 1671 Instan-

136 1704 250 1759 tior
281 1702 440 1759 enim
475 1702 561 1770 ﬁt,
595 1700 642 1757 si
698 1719 811 1757 non
863 1702 1209 1757 humilietur
1257 1704 1472 1774 inopia,
1505 1708 1561 1759 et
1591 1704 1797 1759 crescit

132 1794 194 1847 in
232 1791 335 1846 illo
369 1790 713 1857 auctoritas,
755 1806 887 1844 cum
922 1790 1077 1845 videt
1123 1809 1184 1846 se
1216 1791 1388 1846 etiam
1431 1790 1489 1845 in
1523 1792 1792 1862 praesenti

134 1879 361 1934 laboris
394 1878 486 1932 sui
525 1877 779 1932 fructum
802 1878 1119 1948 percipere,
1154 1894 1267 1932 non
1301 1882 1365 1932 ut
1389 1878 1665 1943 abundet,
1690 1880 1790 1933 sed

138 1972 203 2021 ut
236 1984 353 2022 non
387 1965 640 2022 deficiat.

213 2057 360 2111 Dicit
391 2056 539 2110 enim
569 2053 893 2124 Scriptura:
948 2070 1057 2108 non
1105 2055 1432 2124 infremubis
1480 2056 1663 2111 bovem
1691 2057 1792 2109 tri-

138 2152 421 2199 turantem
476 2144 653 2215 (Deut.
716 2160 842 2207 xxv,
868 2143 935 2196 li:
1000 2144 1022 2197 1
1053 2143 1171 2197 Cor.
1227 2162 1301 2209 1x,
1334 2148 1429 2214 tl);
1474 2147 1685 2215 Dignus
1716 2149 1796 2199 est

139 2235 432 2303 operarius
488 2231 735 2287 mercede
792 2247 891 2285 sua
948 2231 1163 2302 (Matth.
1209 2250 1264 2303 x,
1318 2232 1420 2301 10;
1470 2234 1599 2288 Luc.
1630 2251 1685 2303 x,
1716 2234 1792 2299 7).

136 2321 333 2377 Tanta
354 2337 574 2375 merces
594 2320 763 2374 debet
783 2336 912 2375 esse
932 2320 1385 2392 evangelizantis
1408 2337 1651 2393 regnum
1677 2322 1794 2391 Dei,

138 2427 266 2483 qua
302 2424 494 2481 neque
524 2409 897 2463 contristetur
928 2424 1113 2481 neque
1142 2409 1472 2465 extollatur.

218 2500 525 2554 Adversum
553 2498 929 2569 presbyterum
977 2500 1378 2554 accusationem
1406 2516 1473 2555 ne
1510 2501 1794 2571 receperis.

142 2588 441 2654 Quoniam
472 2585 644 2657 hujus
675 2587 892 2641 ordinis
919 2586 1192 2641 sublimis
1216 2586 1400 2641 honor
1431 2594 1556 2654 eet;
1589 2587 1795 2657 hujus-

145 2676 305 2732 modi
339 2676 496 2730 enim
531 2674 727 2729 vicarii
760 2674 971 2729 Christi
1015 2680 1152 2729 sunt
1184 2692 1197 2729 :
1234 2675 1446 2730 idcirco
1481 2693 1592 2731 non
1634 2676 1797 2731 facile

145 2766 217 2820 de
268 2765 376 2819 hac
423 2780 670 2835 persona
718 2764 1009 2819 accusatio
1057 2764 1227 2819 debet
1258 2764 1508 2820 admitti.
1546 2764 1795 2819 Incredi-

145 2854 265 2908 bile
294 2852 449 2907 enim
484 2853 656 2907 debet
684 2852 865 2906 videri
898 2852 1099 2919 istum,
1134 2853 1235 2925 qui
1278 2853 1378 2908 Dei
1410 2854 1654 2909 antistes
1685 2859 1794 2923 est,

144 2942 445 2997 scenicum
478 2956 606 2996 esse
637 2941 1048 3011 turpissimum
1079 2942 1282 3013 (1310).

216 3031 604 3101 Detinquentes
642 3035 821 3084 autem
850 3045 1035 3084 coram
1081 3032 1337 3085 omnibus
1381 3047 1573 3100 argue,
1601 3040 1661 3085 ut
1690 3046 1795 3087 cce-

144 3121 251 3176 teri
278 3129 486 3173 metum
519 3119 771 3173 habeant.
800 3118 1097 3181 Quomodo
1121 3135 1236 3173 non
1265 3118 1428 3173 facile
1450 3120 1605 3174 credi
1628 3120 1799 3175 debet

1898 562 2077 612 tentia
2110 568 2241 613 sunt
2278 561 2505 630 delicta,
2542 562 2823 614 immunis
2855 562 2963 615 erit
2997 570 3198 631 rector,
3234 564 3370 634 quia
3402 582 3536 617 con-

1897 648 2140 703 scientia
2179 651 2304 719 ejus
2365 649 2544 704 libera
2588 656 2693 704 est.
2746 651 3008 721 Suspicio
3055 650 3208 705 enim
3242 653 3536 722 trepidum

1898 736 2051 789 facit.
2086 738 2283 792 Peccat
2313 739 2491 801 enim,
2524 738 2571 792 si
2624 756 2738 793 non
2789 741 3012 810 probat,
3066 746 3123 794 et
3171 741 3253 794 sic
3286 741 3535 795 ordinat.

1900 823 2102 879 Melior
2133 825 2287 880 enim
2320 828 2544 881 caeteris
2578 827 2749 881 debet
2782 828 3012 899 probari
3044 830 3143 899 qui
3176 830 3539 884 ordinandus

1900 919 2006 967 est.
2040 914 2163 968 Non
2209 915 2361 969 enim
2420 916 2639 970 sufficit
2695 917 2741 969 si
2799 918 2923 971 sine
2981 918 3223 972 crimine
3274 919 3370 983 sit,
3405 920 3543 989 quia

1902 1002 2110 1056 merita
2138 1004 2263 1072 ejus
2296 1004 2507 1058 debent
2538 1005 2740 1074 praeire
2773 1006 3055 1060 bonorum
3088 1023 3329 1078 operum
3363 1012 3427 1061 ut
3452 1008 3541 1061 di-

1900 1105 2053 1160 gnus
2084 1090 2368 1145 habeatur
2398 1092 2467 1145 ad
2501 1093 2945 1147 ordinationem.
2973 1094 3095 1147 Haec
3119 1094 3427 1165 episcopus
3450 1112 3545 1149 cu-

1900 1179 2184 1248 stodiens,
2217 1185 2445 1233 castum
2498 1197 2560 1234 se
2607 1181 2903 1235 exhibebit
2945 1183 3228 1253 religioni,
3260 1185 3431 1254 cujus
3465 1183 3544 1238 rei

1902 1266 1960 1319 in
1994 1266 2193 1321 futuro
2234 1269 2538 1338 priemium
2568 1274 2975 1340 consequatur.

1971 1396 2105 1447 Jam
2152 1392 2270 1445 noli
2328 1392 2511 1446 bibere
2564 1410 2782 1462 aquam,
2843 1394 2934 1447 sed
2982 1400 3104 1449 vino
3164 1396 3367 1449 modico
3400 1401 3548 1449 utere

1901 1485 2118 1550 prejiter
2142 1482 2501 1547 stomachum,
2530 1487 2581 1535 et
2604 1484 2817 1537 crebras
2841 1489 2967 1536 tuas
2990 1483 3359 1552 infirmitates.
3385 1484 3548 1537 Nunc

1904 1568 2155 1639 speciale
2186 1570 2495 1623 consilium
2543 1570 2662 1635 dat,
2715 1576 2778 1623 ut
2826 1572 3086 1642 scipsum
3135 1571 3352 1625 salubri
3390 1578 3550 1641 regat

1907 1656 2189 1711 doctrina.
2216 1658 2535 1712 Prudenter
2557 1658 2709 1712 enim
2735 1659 2886 1715 Deus
2910 1660 3019 1713 sibi
3046 1660 3243 1713 serviri
3268 1659 3409 1723 vult,
3436 1676 3548 1713 non

1907 1749 1971 1799 ut
1992 1745 2289 1799 nimietate
2312 1763 2419 1800 sua
2440 1746 2660 1800 debiles
2684 1747 2845 1809 fiant,
2870 1753 2924 1801 et
2963 1754 3163 1818 postea
3191 1748 3550 1802 medicorum

1830 1840 1876 1903 Β
1908 1832 2185 1903 suffragia
2214 1833 2530 1903 requirant.
2568 1836 3037 1905 Temperandum
3083 1841 3171 1889 est
3202 1836 3377 1904 enim,
3415 1840 3477 1889 ut
3504 1836 3551 1889 si

1907 1922 2027 1976 fieri
2061 1926 2271 1993 potest,
2306 1927 2557 1991 emptum
2593 1923 2939 1993 obsequium
2963 1924 3252 1994 gradatim
3281 1922 3555 1994 proveha-

1906 2017 2019 2074 tur,
2042 2026 2216 2080 quam
2241 2026 2339 2079 per
2357 2009 2907 2065 inconsiderantiam
2928 2012 3248 2066 minuatur.
3268 2013 3555 2081 Intempe-

1908 2098 2096 2151 rantia
2120 2098 2275 2152 enim
2302 2098 2487 2169 ipsam
2513 2098 2769 2152 animam
2797 2099 3116 2169 inquietam
3150 2099 3303 2162 facit,
3333 2104 3396 2151 ut
3418 2114 3549 2151 cum

1908 2186 1978 2239 de
1999 2186 2338 2241 infirmitate
2360 2186 2610 2241 sollicita
2631 2192 2738 2249 est,
2766 2204 2877 2241 non
2908 2192 3138 2241 tantum
3166 2186 3359 2241 dedita
3382 2187 3457 2240 sit
3476 2185 3555 2239 di-

1908 2274 2057 2329 vinis
2087 2274 2357 2329 servitiis.
2394 2275 2688 2329 Damnum
2724 2291 2857 2345 ergo
2892 2277 3059 2331 affert
3084 2276 3546 2347 improvidentia.

1909 2362 2122 2417 Anima
2156 2362 2307 2417 enim
2341 2363 2398 2417 in
2426 2363 2849 2433 tranquillitate
2881 2364 3087 2435 posita,
3118 2368 3305 2418 totum
3338 2380 3436 2419 cor
3456 2380 3549 2417 ex-

1910 2450 2062 2505 tollit
2092 2451 2161 2505 ad
2195 2451 2401 2515 Deum,
2438 2451 2660 2524 integro
2693 2450 2932 2507 consilio
2965 2453 3277 2507 obsecrans
3302 2468 3424 2522 qua:
3454 2467 3547 2522 pe.

1908 2540 2085 2595 tenda
2116 2545 2273 2594 sunt.

1980 2655 2357 2725 Quorumdam
2387 2656 2670 2709 hominum
2698 2665 2926 2726 peccatu
2956 2659 3251 2727 manifesta
3270 2658 3393 2709 sunt
3414 2672 3555 2725 prie-

1906 2745 2153 2799 cedentia
2186 2745 2244 2797 in
2267 2744 2567 2813 judicium,
2600 2745 2856 2814 quosdam
2890 2762 3011 2800 vero
3054 2754 3104 2799 et
3130 2746 3555 2815 subsequuntur.

1908 2835 2043 2887 Pari
2088 2834 2247 2888 modo
2293 2842 2343 2887 et
2400 2850 2563 2903 opera
2612 2834 2749 2888 bona
2808 2836 3101 2904 mani/esid
3157 2836 3323 2893 sunt;
3354 2842 3403 2888 et
3434 2846 3560 2903 qua?

1908 2922 2071 2976 aliter
2097 2937 2158 2976 se
2186 2920 2402 2990 habent,
2436 2921 2691 2975 abscondi
2722 2938 2831 2976 non
2858 2930 3096 2993 possunt.
3127 2922 3361 2976 Nullam
3393 2940 3566 2977 excu-

1909 3010 2193 3064 sationem
2220 3008 2345 3063 vult
2366 3008 2609 3080 intelligi
2635 3011 2751 3064 fore
2766 3027 2988 3073 eorum,
3009 3012 3105 3081 qui
3129 3010 3220 3065 his
3238 3010 3555 3075 adhaerent,

1910 3115 2159 3168 quorum
2192 3102 2425 3169 peccata
2464 3098 2761 3169 propalam
2812 3104 2969 3163 sunt,
3020 3104 3084 3152 ut
3134 3116 3268 3152 cum
3300 3100 3557 3156 evitandi

144 3209 215 3263 de
246 3208 582 3279 presbytere
622 3206 864 3274 crimen,
916 3206 964 3261 si
1013 3208 1290 3278 probetur
1338 3212 1554 3274 tamen,
1590 3212 1688 3263 aut
1720 3209 1798 3263 sit
1827 3204 1871 3270 C
1909 3186 2050 3279 gini.
2078 3186 2265 3279 {magis
2292 3186 2497 3241 honori
2522 3187 2656 3241 Sint-
2679 3187 2799 3279 H09
2818 3186 3268 3279 er89_5ignilicat
3294 3186 3554 3279 "3119“)?

146 3297 563 3359 manifestum,
611 3296 755 3367 quia
799 3296 1181 3351 irreverenter
1232 3300 1495 3352 versatus
1535 3302 1642 3361 est,
1694 3313 1797 3367 pu-

149 3386 299 3441 blice
354 3384 619 3455 praecipit
670 3385 1057 3455 urguendum,
1118 3391 1181 3439 ut
1210 3385 1396 3440 eceteri
1446 3390 1795 3439 terreantur.

149 3475 313 3538 Quod
348 3490 465 3529 non
521 3473 716 3528 solum
771 3472 1054 3528 ordinatis
1113 3474 1359 3544 proﬁcit,
1405 3474 1505 3528 sed
1536 3480 1592 3528 et
1623 3472 1795 3545 plebi.

150 3564 395 3629 Quando
417 3562 575 3618 enim
593 3562 794 3615 vident
809 3562 1169 3633 dignitosum
1188 3562 1374 3617 virum
1394 3562 1605 3616 erroris
1622 3579 1800 3616 causa

148 3650 385 3723 corripi,
420 3666 657 3705 necesse
688 3654 776 3704 est
804 3655 868 3704 ut
897 3650 1006 3705 sibi
1038 3656 1295 3706 caveant.

220 3742 404 3796 Testor
432 3755 618 3795 coram
667 3739 791 3801 Deo,
849 3744 903 3794 et
964 3740 1173 3794 Christo
1220 3742 1365 3806 Jesu,
1398 3744 1446 3795 et
1486 3741 1667 3795 electis
1698 3756 1796 3793 an-

146 3831 308 3899 gelis,
342 3837 405 3884 ut
456 3828 573 3885 haec
625 3828 897 3883 custodias
954 3831 1075 3884 sine
1125 3830 1479 3900 preejudicio,
1540 3828 1685 3884 nihil
1711 3831 1796 3899 fa-

145 3922 292 3975 ciens
319 3921 381 3973 in
410 3921 631 3985 partem
659 3919 834 3973 aliam
861 3918 1164 3974 declinans.
1213 3919 1399 3974 Manus
1428 3920 1541 3974 cito
1588 3920 1801 3974 nemini

151 4009 503 4079 imposueris,
551 4022 726 4078 neque
770 4010 1258 4063 communicaveris
1299 4011 1529 4079 peccatis
1578 4009 1793 4063 alienis.

152 4098 516 4166 Tcmctipsum
543 4102 755 4150 castum
795 4095 1022 4150 custodi.
1072 4097 1561 4151 Contestationem
1596 4097 1799 4169 depro-

152 4185 263 4240 mit
292 4184 448 4256 apud
484 4184 663 4239 Deum
693 4184 945 4250 Patrem,
976 4188 1033 4239 et
1070 4184 1363 4240 Christum
1411 4184 1618 4239 Filium
1649 4187 1798 4256 ejus,

150 4278 208 4328 et
234 4272 448 4329 electos
481 4271 741 4344 angelos,
775 4288 924 4344 quos
944 4272 1227 4328 Dominus
1258 4273 1317 4327 in
1342 4274 1651 4345 Evangelio
1674 4291 1801 4330 san-

152 4366 277 4417 ctos
307 4360 586 4433 appellat.
638 4360 707 4415 Hi
751 4378 886 4432 ergo
936 4360 1101 4417 electi
1150 4367 1307 4428 sunt,
1352 4362 1491 4432 quia
1538 4367 1677 4417 sunt
1703 4361 1799 4417 alii

154 4450 407 4521 reprobi,
439 4450 542 4521 qui
573 4454 712 4505 sunt
747 4466 859 4505 non
900 4450 1001 4505 Dei
1031 4449 1243 4521 angeli,
1289 4451 1389 4505 sed
1440 4450 1676 4517 diaboli,
1710 4466 1800 4504 as-

156 4540 479 4629 sentientes
508 4538 815 4629 apostasia:
844 4540 989 4629 ejus.
1028 4539 1160 4629 ASqu
1206 4539 1515 4629 testatione
1547 4554 1683 4609 ergo
1712 4554 1799 4629 ea,
1838 4566 1883 4629 υ

158 4646 287 4700 qua:
320 4628 393 4681 ad
444 4628 870 4682 ordinationem
915 4626 1178 4682 Ecclesia:
1228 4628 1468 4682 mandat
1498 4627 1803 4696 custodiri,

159 4716 428 4789 praecipit
457 4716 599 4771 nihil
659 4717 782 4772 ﬁeri
834 4716 959 4771 sine
1011 4716 1371 4787 priejudicio,
1405 4733 1476 4772 ne
1507 4716 1671 4771 facile
1703 4717 1804 4772 ali-

156 4806 295 4878 quis
329 4804 573 4875 accipiat
598 4805 1052 4861 ecclesiasticam
1086 4804 1452 4876 dignitatem,
1495 4806 1605 4860 nisi
1643 4807 1806 4877 prius

156 4897 229 4951 de
258 4894 379 4949 vita
410 4894 538 4963 ejus
576 4899 632 4949 et
678 4895 942 4949 moribus
984 4894 1157 4949 fuerit
1203 4894 1590 4965 disputatum,
1626 4901 1689 4949 ut
1718 4896 1804 4949 di-

159 5000 311 5056 gnus
341 4982 704 5054 approbatus
736 4983 1022 5053 minister,
1056 4990 1157 5037 aut
1186 4984 1456 5038 sacerdos
1488 4984 1806 5039 constitua-

160 5078 277 5142 tur,
314 5078 380 5126 ut
434 5088 551 5127 non
612 5076 834 5143 postea,
896 5072 945 5127 si
1000 5071 1474 5143 reprehensibilis
1523 5074 1808 5139 videatur,

161 5162 436 5233 pccniteat
489 5162 635 5217 forte
676 5160 998 5232 principem
1033 5160 1228 5232 populi
1263 5177 1376 5214 non
1410 5162 1482 5215 ad
1514 5160 1808 5232 liquidum

162 5250 579 5322 prejudicasse
610 5249 752 5320 quid
785 5255 1125 5316 mereretur,
1150 5265 1325 5321 quem
1350 5249 1815 5321 improbabiliter

163 5338 488 5406 ordinavit;
524 5353 631 5393 nec
663 5337 853 5403 illum,
901 5340 1069 5409 cujus
1131 5342 1366 5410 peccata
1412 5338 1483 5391 ad
1528 5339 1813 5409 suspicio-

163 5445 294 5485 nem
344 5428 591 5483 veniunt
642 5426 1054 5495 ordinandum,
1109 5443 1182 5481 ne
1232 5426 1695 5482 commaculetur
1723 5445 1813 5482 or-

230 5536 419 5611 (13101
470 5538 533 5611 ln
590 5533 1205 5611 A.mbrosias_tri_oper.
1264 5530 1536 5611 impress.
1590 5511 1722 5611 post
1752 5550 1820 5587 ea

430 5607 485 5662 ei
512 5605 747 5660 antistes
775 5611 870 5670 est,
927 5603 1160 5677 legitur,
1193 5603 1493 5660 criminose
1522 5607 1818 5675 versatnm,

159 5610 354 5677 verba,

443 5732 717 5795 ΡΑτειοι..
764 5728 1065 5793 CXXXlV.

1910 3275 2007 3330 Dei
2042 3276 2112 3329 ab
2145 3275 2236 3329 his
2264 3280 2619 3343 secernatur,
2652 3276 2901 3329 maxime
2928 3276 3296 3345 dispensator
3317 3274 3552 3329 Christi.

1910 3364 2009 3435 qui
2043 3364 2217 3419 etiam
2252 3363 2599 3433 corripiendi
2628 3380 2725 3417 eos
2760 3364 2931 3418 habet
2962 3363 3362 3418 auctoritatem
3390 3380 3403 3428 ;
3430 3363 3554 3433 qui,

1910 3454 1956 3507 si
1992 3471 2052 3506 se
2084 3452 2394 3505 emendare
2446 3452 2814 3521 promittunt,
2864 3452 3151 3506 retinendi
3203 3456 3359 3504 sunt.
3393 3451 3555 3507 Alios

1911 3559 2041 3596 vero
2074 3541 2351 3610 subsequi
2405 3539 2557 3594 mala
2606 3556 2781 3611 opera
2831 3540 3063 3595 illorum
3109 3540 3384 3609 ostendit,
3420 3542 3558 3611 quia

1910 3648 2041 3685 cum
2076 3630 2333 3683 viventes
2366 3630 2731 3684 instituantur
2763 3630 2917 3695 boni,
2944 3632 3154 3685 mortui
3181 3632 3555 3701 deteguntnr,

1910 3720 2087 3791 utqui
2110 3720 2271 3790 prius
2290 3718 2675 3773 ostendebant
2698 3736 2757 3773 se
2782 3720 3038 3784 idoneos,
3066 3720 3438 3791 postmodum
3464 3720 3557 3773 de-

1909 3809 2207 3864 clarentur
2226 3807 2592 3879 impostores.
2620 3808 2925 3879 Superiora
2945 3810 3185 3873 ratione,
3208 3808 3356 3863 sicut
3380 3808 3554 3870 mala,

1909 3899 1989 3953 ita
2010 3902 2066 3952 et
2094 3898 2243 3952 facta
2267 3898 2417 3952 bona
2441 3898 2751 3952 manifesta
2785 3902 2943 3951 sunt.
2986 3896 3143 3952 Bona
3182 3899 3337 3952 enim
3362 3899 3479 3952 vita
3500 3905 3556 3953 et

1909 3992 2077 4042 actus
2110 3986 2355 4041 modesti
2389 3987 2667 4041 abscondi
2702 4003 2815 4040 non
2856 3993 3104 4057 possunt
3141 3987 3401 4039 adhibita
3434 3986 3551 4056 pic-

1908 4081 2027 4130 tate
2060 4074 2280 4129 faciunt
2311 4075 2617 4144 perfectos.
2654 4074 2764 4127 Sed
2796 4073 2948 4127 sicut
2978 4074 3243 4143 quaedam
3280 4072 3434 4127 mala
3466 4091 3553 4128 oc-

1910 4163 2069 4219 culta
2100 4163 2169 4217 ad
2197 4178 2453 4233 praesens
2477 4168 2636 4229 sunt,
2662 4161 2741 4214 ita
2764 4164 2819 4214 et
2841 4161 3011 4215 bona.
3038 4162 3216 4215 Nemo
3252 4161 3405 4215 enim
3429 4178 3552 4215 om-

1912 4251 2008 4306 nia
2038 4250 2095 4304 in
2132 4249 2469 4304 hominibus
2502 4254 2691 4319 potest
2721 4248 2907 4315 scire;
2943 4249 3042 4303 sed
3076 4265 3143 4302 ex
3172 4248 3286 4315 his,
3319 4266 3445 4318 quae
3474 4250 3554 4302 vi-

1912 4341 2007 4395 det
2038 4344 2093 4393 et
2126 4338 2310 4403 audit,
2344 4338 2551 4409 probat
2581 4342 2636 4391 et
2670 4337 2918 4407 judicat.
2953 4338 3262 4407 Pcrpendit
3292 4337 3448 4391 enim
3482 4356 3556 4393 an

1913 4446 1980 4484 ea
2002 4444 2129 4499 quae
2154 4427 2433 4482 dicuntur
2456 4427 2802 4481 conveniant
2824 4426 2875 4481 ei
2896 4427 2965 4480 dc
2988 4442 3100 4496 quo
3123 4425 3416 4490 dicuntur,
3442 4427 3560 4483 sive

1914 4518 2088 4587 bona,
2115 4516 2236 4571 sive
2264 4515 2433 4571 mala.
2462 4518 2593 4581 Qua)
2621 4520 2811 4569 autem
2861 4515 3087 4569 occulta
3126 4514 3341 4568 fuerint
3373 4515 3559 4569 homi-

1915 4606 2113 4672 nibus,
2138 4606 2193 4659 in
2218 4606 2310 4661 die
2345 4605 2552 4675 judicii
2596 4603 2787 4675 palam
2815 4604 2975 4657 ﬁent.
3022 4603 3257 4673 Propter
3289 4602 3393 4656 hoc
3426 4620 3561 4673 ergo

1919 4694 2074 4749 dicta
2096 4700 2253 4759 sunt,
2279 4701 2341 4747 ut
2356 4692 2895 4761 scianthujusmodi
2912 4691 3233 4762 graviorem
3252 4708 3561 4745 secausam

1920 4780 2131 4835 habere
2158 4798 2272 4851 pra:
2296 4781 2526 4836 cateris.
2557 4780 2723 4849 Pejor
2755 4785 2842 4834 est
2879 4778 3035 4834 enim
3061 4780 3157 4850 qui
3201 4796 3281 4847 se,
3309 4794 3441 4833 cum
3488 4780 3563 4834 sit

1918 4868 2131 4934 malus,
2165 4870 2382 4923 bonum
2437 4869 2724 4934 ostendat,
2770 4884 2945 4939 quam
2992 4867 3087 4922 ille
3120 4868 3218 4938 qui
3250 4872 3445 4939 aperte
3476 4874 3563 4923 est

1917 4956 2129 5012 malus.

1990 5074 2146 5144 (CAP.
2180 5072 2300 5141 Vl.)
2357 5076 2627 5141 Quotquot
2684 5073 2865 5143 (1311)
2920 5078 3049 5127 sunt
3106 5075 3204 5127 sub
3234 5076 3367 5143 jugo
3396 5076 3560 5139 servi,

1923 5161 2168 5216 dominos
2216 5175 2339 5213 suos
2396 5162 2549 5213 omni
2606 5161 2805 5215 honore
2851 5162 3046 5230 dignos
3100 5163 3464 5226 arbitrentur,
3496 5177 3566 5215 ne

1921 5265 2118 5305 nomen
2148 5248 2368 5303 Domini
2396 5250 2448 5299 et
2499 5246 2745 5301 doctrina
2796 5248 3221 5319 btasphemetur.
3256 5252 3567 5304 Servorum

1924 5336 2223 5406 obsequiis
2254 5332 2525 5387 dominos
2566 5332 2681 5387 Deo
2734 5335 2954 5405 gratias
3006 5336 3128 5390 vult
3161 5340 3390 5393 referre.
3424 5338 3569 5392 Cum

1927 5424 2083 5479 enim
2119 5441 2218 5493 per
2247 5420 2348 5477 Dei
2382 5418 2753 5488 disciplinam
2811 5424 3005 5478 ﬁdelia
3055 5424 3175 5479 illis
3204 5425 3575 5482 exhibuerint

1926 5532 2072 5585 sicut
2097 5527 2355 5584 credibile
2382 5527 2460 5578 est
2490 5525 2780 5595 scenicum,
2814 5533 2922 5583 etc.

2004 5600 2185 5678 (1311)
2216 5598 2389 5667 Vulg.
2430 5595 2758 5673 quicunque.

3220 5730 3297 5787 22
