3978 6210
376 353 493 411 683

1392 351 1727 411 A'l‘TONIS
1778 350 2355 409 VERCELLENSIS
2404 351 2753 412 EPISCOPI

3660 352 3777 413 684

375 486 628 551 servitia,
684 486 829 541 forte
880 484 1055 539 etiam
1115 482 1224 553 ipsi
1283 481 1418 536 huic
1475 500 1535 537 se
1583 483 1899 552 subjiciunt
1927 484 2011 537 di-
2044 486 2094 549 Α
2129 482 2319 552 qualis
2340 484 2511 538 venit.
2540 485 2699 549 Quod
2723 483 2896 539 etiam
2934 484 3171 556 scripsit
3193 483 3324 550 Job,
3346 483 3479 539 etin
3508 502 3619 540 sua
3642 501 3780 557 pas-

374 575 653 632 scinlinaa.

444 592 455 630 ι
503 592 653 629 linis.

444 592 550 733 ὁ)πί
578 678 700 719 vero
741 661 923 732 ﬁdeles
970 661 1176 714 habent
1217 659 1483 730 dominos,
1514 675 1622 715 non
1644 662 2014 728 contemnant,

367 756 499 827 quia
520 755 722 823 fratres
750 758 878 806 sunt
898 776 913 819 ;
936 751 1025 806 sed
1042 751 1225 818 magis
1248 750 1513 817 serviant,
1538 751 1668 820 quia
1688 749 1870 818 fideles
1891 750 2019 802 sunt

367 852 419 898 et
445 842 633 898 dilecti
660 842 758 913 qui
787 840 1106 909 beneﬁcium
1136 839 1428 909 recipiunt.
1464 838 1522 892 Si
1547 837 1807 909 profanis
1833 836 2019 891 domi-

366 932 459 987 nis
492 929 862 986 serviendum
890 932 1014 983 tota
1064 926 1462 983 sollicitudine
1493 926 1765 997 imperat,
1796 928 2016 996 quanto

365 1018 555 1091 magis
589 1017 859 1073 ﬁdelibus
884 1016 912 1071 ?
939 1017 1103 1071 Tunc
1137 1015 1293 1071 enim
1327 1016 1534 1087 probat
1582 1030 1645 1069 se
1690 1012 1887 1068 timori
1919 1013 2015 1068 Dei

368 1108 717 1178 subjectum,
742 1106 791 1160 si
818 1104 976 1161 ﬁdeli
1000 1108 1057 1160 et
1079 1101 1388 1175 temporali
1414 1102 1652 1158 domino
1673 1106 1794 1157 toto
1817 1102 2014 1157 animo

365 1196 539 1251 fuerit
566 1195 906 1251 obsecutus.
951 1194 1066 1249 Nec
1118 1192 1609 1247 contemnendum
1657 1195 1841 1261 putet,
1875 1191 2015 1261 quia

365 1283 802 1345 frateradicitur
852 1298 1032 1337 causa
1079 1280 1412 1337 communis
1458 1279 1592 1333 ﬁdei
1643 1279 1782 1349 quia
1825 1280 2015 1349 magis

366 1373 771 1446 corripiendus
792 1372 901 1426 erit
923 1371 1022 1441 qui
1047 1368 1275 1424 ﬁdelem
1304 1368 2012 1436 Dominumﬁcontemnen-

365 1465 507 1518 dum
539 1459 846 1534 putaverit.

437 1552 565 1607 Haec
597 1549 747 1617 doce,
792 1556 842 1602 et
890 1547 1198 1602 exhortare.
1258 1546 1589 1601 Doctrinam
1648 1545 2011 1600 Dominicam

368 1637 731 1695 manifestari
779 1635 923 1702 vult,
968 1639 1032 1690 ut
1081 1636 1497 1690 obtrectatores
1545 1634 1840 1700 studeant,
1873 1634 2011 1705 quia

362 1744 482 1784 non
513 1731 604 1784 est
632 1725 787 1798 quod
819 1723 1279 1797 reprehendatur
1323 1722 1381 1777 in
1431 1738 1518 1789 ea,
1571 1722 2011 1778 considerantes

365 1815 583 1888 pariter
612 1830 739 1886 qua:
771 1814 830 1868 in
860 1811 1043 1869 sacris
1075 1827 1277 1868 eorum
1308 1810 1427 1866 sint
1458 1809 1686 1866 occulta
1718 1810 1932 1881 turpia,
1955 1815 2010 1866 et

366 1905 716 1962 erubescant
745 1917 847 1974 per
876 1901 1029 1972 quod
1062 1897 1487 1955 inexcusabiles
1518 1904 1712 1954 erunt.

438 1993 503 2049 Si
520 1993 642 2065 quis
660 1992 838 2047 aliter
855 1989 1005 2045 docet
1024 2005 1134 2044 non
1165 1990 1459 2059 acquiescit
1497 1989 1649 2044 sanis
1671 1990 2014 2043 sermonibus

366 2082 594 2138 Domini
621 2080 795 2135 nostri
838 2080 960 2134 Iesu
1005 2077 1232 2144 Christi,
1290 2082 1342 2132 et
1382 2077 1531 2144 huic,
1562 2092 1687 2146 qua:
1716 2076 2014 2132 secundum

366 2172 627 2243 pietatem
650 2173 747 2237 est,
769 2168 1050 2232 doctrinae,
1080 2168 1328 2238 superbit
1348 2175 1552 2236 autem,
1575 2168 1627 2221 et
1647 2166 1796 2221 nihil
1816 2168 2012 2230 sciens,

366 2259 467 2315 sed
483 2259 752 2327 languens
774 2258 933 2312 circa
953 2258 1284 2328 quaestiones
1304 2264 1355 2311 et
1372 2271 1587 2327 pugnas
1606 2255 1915 2322 verborum,
1945 2270 2015 2310 ex

370 2348 565 2419 quib-us
592 2347 656 2417 fit
695 2346 935 2415 invidia,
976 2346 1373 2411 contentiones,
1418 2343 1794 2414 blasphemia},
1824 2345 2015 2416 suspi-

366 2437 551 2492 ciones
599 2434 789 2501 malae,
828 2433 1197 2502 conﬂictiones
1252 2432 1555 2498 hominum,
1615 2434 1712 2503 qui
1765 2434 2016 2503 corrupti

366 2528 501 2581 sunt
527 2529 710 2578 mente
743 2530 794 2577 et
828 2523 1058 2576 veritate
1090 2524 1412 2587 caruerunt,
1452 2522 1832 2576 existimantes
1869 2536 2015 2593 qua?-

367 2620 513 2669 stum
542 2627 654 2667 esse
690 2612 953 2681 pietatem
997 2611 1048 2664 et
1092 2611 1198 2664 Dei
1233 2610 1546 2664 culturam:
1578 2609 1787 2664 discede
1814 2610 1881 2664 ab
1913 2610 2013 2664 hu-

360 2701 635 2773 jusmodi.
669 2698 1078 2770 Discrepantes
1108 2715 1143 2752 a
1189 2696 1503 2769 disciplina
1533 2697 1817 2753 catholica
1848 2714 2015 2770 sper-

368 2789 593 2845 nendos
640 2786 918 2859 praacipit,
942 2786 1192 2842 maxime
1209 2786 1309 2858 qui
1330 2786 1573 2842 convicti
1592 2787 1909 2859 etcorrepti
1926 2804 2017 2843 ac-

370 2877 672 2950 quiescere
711 2874 920 2931 nolunt
960 2875 1396 2947 perturbatione
1429 2875 1642 2931 mentis
1672 2893 1878 2947 pravae,
1912 2876 2012 2947 qui

369 2964 846 3023 contentionibus
859 2964 1290 3019 delectanturet
1301 2963 1848 3036 pascuntur.Elatus
1860 2966 2014 3020 enim

368 3056 523 3111 vinci
552 3071 615 3111 se
644 3070 760 3110 non
792 3053 1045 3126 patitur:
1081 3053 1297 3125 quippe
1327 3070 1459 3108 cum
1494 3054 1564 3108 ad
1591 3053 1843 3109 favorem
1866 3070 2016 3124 quae-

371 3144 621 3202 rendum
637 3143 696 3199 in
711 3142 1047 3199 conﬂictum
1060 3146 1405 3214 prorumpat
1421 3160 1433 3211 ;
1451 3143 1603 3213 quod
1622 3159 1655 3197 a
1669 3143 2011 3212 mansuetis,

371 3238 428 3289 et
455 3232 626 3289 bonis
654 3231 795 3288 viris
824 3232 1127 3287 vitandum
1168 3236 1275 3286 est.
1326 3230 1632 3287 Contentio
1672 3230 1831 3286 enim
1862 3249 2011 3287 nun-
2043 3218 2086 3284 C

373 3338 551 3395 quam
573 3325 662 3378 est
681 3320 807 3377 sine
827 3319 949 3387 lite,
977 3324 1033 3375 et
1055 3336 1263 3392 parum
1287 3324 1460 3387 esset,
1499 3320 1546 3374 si
1594 3318 1666 3374 lis
1690 3318 1815 3374 sola
1837 3321 2014 3376 orire-

370 3415 488 3483 tur,
516 3411 616 3468 sed
642 3408 1019 3482 blasphemia;
1041 3412 1098 3463 et
1118 3408 1470 3475 inimicitiae;
1496 3409 1650 3480 quod
1669 3425 1702 3463 a
1720 3409 1812 3463 Dei
1832 3409 2015 3465 servis

373 3500 631 3559 alienum
655 3505 764 3555 est.
790 3499 875 3553 Ab
896 3498 989 3553 his
1012 3503 1206 3553 autem
1245 3498 1364 3569 qui,
1404 3497 1659 3569 corrupti
1700 3503 1891 3553 mente
1920 3514 2013 3554 ve-

374 3591 544 3646 ritate
566 3587 776 3660 privati
802 3592 959 3653 sunt,
994 3585 1136 3642 utile
1158 3586 1480 3657 judicatur.
1514 3585 1615 3641 Dei
1646 3586 1801 3641 enim
1826 3587 2013 3643 cultu-

370 3696 497 3734 ram
520 3683 578 3734 et
597 3678 869 3750 pietatem
897 3680 1184 3748 quaestum
1211 3674 1567 3744 existimant,
1591 3693 1707 3732 non
1730 3677 1801 3731 de
1820 3678 2014 3734 futuro

367 3766 591 3840 aliquid
613 3770 935 3838 sperantes,
959 3765 1061 3820 sed
1088 3766 1382 3835 quomodo
1399 3765 1457 3819 in
1479 3765 1746 3836 praesenti
1769 3782 1831 3820 se
1853 3770 2011 3822 tran-

366 3857 563 3929 sigant
592 3854 961 3928 providentes
1001 3854 1154 3909 sicut
1204 3857 1260 3908 et
1308 3853 1615 3908 mundanae
1647 3858 1835 3920 sectae,
1867 3871 2014 3925 quas

363 3949 593 4002 constat
621 3949 861 4017 propter
890 3941 1197 4015 praesentia
1234 3941 1396 3997 lucra
1438 3941 1724 3998 inventas.
1754 3941 1881 3997 Non
1913 3959 2011 3999 ne-

359 4035 464 4091 scii
496 4035 785 4107 quosdam
812 4032 922 4088 hoc
952 4031 1203 4087 libenter
1230 4032 1453 4100 audire,
1487 4031 1640 4103 quod
1674 4032 1733 4085 in
1758 4030 1866 4086 hac
1894 4032 2012 4087 vita

358 4124 689 4181 ﬁorendum
721 4122 834 4190 sit;
869 4121 996 4177 ideo
1027 4119 1429 4176 desistendum
1464 4120 1536 4174 ab
1566 4120 1931 4191 hujusmodi.

426 4214 520 4269 Est
545 4217 736 4269 autem
764 4214 998 4284 quaestus
1026 4226 1275 4281 magnus,
1306 4211 1485 4282 pietas
1505 4226 1626 4263 cum
1646 4208 2005 4280 sufficientia.

350 4300 595 4375 Magnas
619 4300 874 4367 divitias,
898 4304 953 4355 et
983 4299 1434 4371 acquisitinnem
1458 4298 1517 4352 in
1541 4314 1607 4352 eo
1629 4297 1772 4352 dicit
1791 4297 1840 4352 si
1872 4298 2005 4370 quis

350 4389 543 4446 ﬁdelis
574 4407 682 4446 suo
714 4392 1027 4445 contentus
1059 4388 1155 4444 sit.
1181 4388 1317 4444 Pius
1339 4387 1495 4442 enim
1522 4386 1580 4440 in
1608 4386 1925 4456 semetipso
1949 4389 2008 4440 et

350 4479 572 4536 caeteris
604 4484 715 4547 est,
749 4479 847 4551 qui
883 4477 1346 4534 misericordium
1381 4475 1482 4530 Dei
1515 4473 1911 4543 acquisiturus
1931 4475 2002 4528 ad

348 4568 607 4625 futuram
631 4567 831 4638 vitam,
859 4568 929 4621 ad
956 4583 1211 4638 praesens
1234 4562 1635 4650 sufﬁceresibi
1659 4565 1827 4650 putat
1847 4564 2001 4631 quod
2032 4585 2078 4650 Β

348 4657 544 4725 habet,
572 4674 688 4712 non
716 4655 994 4712 dubitans
1026 4671 1096 4709 ex
1117 4671 1183 4709 eo
1208 4655 1333 4725 ipso
1375 4649 1595 4722 largiri.
1620 4649 1823 4704 Omnis
1846 4650 1999 4707 enim

348 4762 560 4801 avarus
592 4746 811 4816 impius
847 4748 955 4811 est,
990 4746 1047 4797 et
1077 4741 1186 4797 sibi
1218 4746 1274 4795 et
1298 4738 1516 4793 caeteris
1549 4753 1783 4794 nocens.

416 4833 572 4889 Nihil
601 4835 753 4888 enim
808 4832 1108 4888 intulimus
1164 4831 1221 4883 in
1273 4828 1415 4881 hunc
1468 4826 1755 4882 mundum.
1796 4834 1999 4886 Verum

343 4923 477 4994 quia
506 4937 606 4977 nec
629 4924 856 4992 auferre
904 4933 1193 4991 possumus
1238 4915 1551 4989 quidquam.
1603 4918 1864 4974 Habentes
1895 4937 1994 4975 au-

345 5015 454 5068 tem
483 5011 836 5080 alimentum,
859 5010 944 5062 his
963 5008 1205 5061 contenti
1222 5022 1434 5061 sumus.
1461 5006 1699 5061 Frustra
1721 5008 1994 5065 mortales

344 5099 616 5157 homines
637 5098 814 5169 copias
839 5095 1083 5151 illudere
1103 5090 1487 5167 stlocupletes
1500 5094 1623 5150 ﬁeri
1638 5095 1780 5152 velle
1796 5102 1996 5170 aperta

344 5204 482 5245 voce
503 5184 781 5255 declarat,
823 5199 958 5241 cum
993 5182 1180 5240 sciant
1202 5183 1347 5239 nihil
1370 5200 1432 5239 se
1455 5184 1755 5257 proprium
1778 5185 1994 5242 habere

343 5277 405 5333 in
435 5273 677 5331 mundo.
710 5273 815 5329 Cui
843 5273 925 5329 rei
957 5273 1185 5345 proﬁcit
1232 5273 1491 5329 humana
1529 5274 1842 5346 cupiditas,
1876 5276 1991 5331 nisi

344 5365 485 5438 quia
513 5360 644 5432 ipsa
674 5362 786 5418 sibi
820 5361 1062 5419 inimica
1111 5362 1352 5420 existit?
1400 5361 1557 5418 Nihil
1604 5362 1762 5418 enim
1792 5363 1993 5420 intulit

341 5450 607 5517 mundo;
639 5449 783 5508 nihil
815 5450 1046 5510 auferre
1074 5451 1306 5524 poterit.
1330 5451 1437 5519 Qui
1461 5451 1573 5507 sibi
1597 5451 1807 5507 incutit
1827 5452 1989 5509 solli-

2128 572 2289 626 sione
2325 573 2557 637 fatetur,
2590 574 2815 628 dicens:
2864 573 3047 628 Nudus
3103 575 3246 628 evivi
3283 573 3348 627 de
3391 577 3545 629 utero
3574 576 3783 630 matris

2126 677 2278 728 meae,
2311 661 2495 715 nudus
2520 665 2727 732 oportet
2758 668 2819 717 ut
2843 678 2964 716 eam
2994 663 3052 716 in
3087 666 3311 718 terram.
3343 662 3427 717 Sit
3453 677 3656 719 nomen
3685 665 3787 719 Do-

2126 751 2270 803 mini
2299 750 2636 805 benedictum
2666 750 2782 821 (Job
2813 767 2852 817 1,
2882 750 2993 821 21).
3025 750 3188 814 Quod
3232 751 3281 806 si
3309 751 3465 806 avari
3498 767 3616 807 non
3648 752 3791 808 reti-

2128 843 2331 893 nerent
2360 840 2419 893 in
2457 839 2772 910 perniciem
2816 855 3010 907 suam,
3062 839 3235 911 pauci
3280 840 3599 896 conderent
3627 842 3791 913 quod

2128 925 2397 997 pluribus
2426 932 2621 999 posset
2654 928 2924 984 sufﬁcere
2953 944 3088 983 cum
3111 945 3313 984 eorum
3334 928 3602 1001 ipsorum
3628 946 3795 987 emo-

2124 1013 2410 1071 lumento.

2194 1126 2338 1178 Nam
2367 1124 2464 1193 qui
2492 1123 2686 1179 volunt
2709 1124 2901 1178 divites
2951 1124 3094 1194 fieri,
3128 1124 3394 1180 incidunt
3425 1126 3486 1181 in
3517 1129 3791 1183 tentatio-

2123 1227 2269 1276 nem,
2290 1214 2341 1265 et
2360 1212 2632 1281 laqueum.
2657 1216 2709 1267 et
2726 1213 3006 1268 desideria
3026 1215 3223 1279 multa,
3246 1218 3299 1270 et
3321 1216 3572 1283 inutilia,
3595 1220 3649 1271 et
3690 1232 3790 1271 no-

2122 1301 2242 1352 civa
2264 1316 2382 1368 quae
2402 1299 2723 1368 demergunt
2746 1300 3000 1355 homines
3028 1302 3087 1354 in
3122 1301 3361 1356 exitium
3389 1309 3440 1357 et
3460 1303 3784 1357 interitum.

2126 1388 2303 1442 Itadia:
2322 1391 2473 1442 enim
2487 1391 2724 1445 simium
2744 1392 3016 1445 malorum
3032 1399 3109 1445 est
3124 1392 3387 1462 avaritia,
3407 1400 3457 1447 et
3471 1408 3640 1463 quam
3652 1394 3784 1463 qui—

2122 1476 2247 1530 dam
2265 1480 2570 1549 appetentes
2590 1489 2912 1534 erraverunt
2933 1496 2968 1533 a
2987 1480 3116 1550 ﬁde,
3158 1482 3208 1534 et
3230 1482 3581 1536 inseruerunt
3601 1497 3659 1536 se
3678 1484 3782 1538 do-

2121 1565 2332 1619 loribus
2350 1568 2556 1621 multis.
2584 1566 2739 1623 Nihil
2764 1571 2880 1623 tam
2902 1584 3199 1640 asperum,
3224 1574 3464 1642 tamque
3482 1570 3777 1643 pernicio-

2121 1670 2253 1708 sum
2277 1660 2365 1709 est
2388 1672 2564 1726 quam
2589 1656 2637 1710 si
2660 1655 3089 1713 ecclesiasticus
3109 1658 3362 1714 maxime
3380 1659 3482 1731 qui
3500 1659 3783 1716 sublimis

2120 1742 2228 1797 loci
2251 1748 2359 1806 est,
2385 1742 2599 1800 divitiis
2620 1743 2801 1816 hujus
2814 1744 3010 1801 saeculi
3026 1746 3276 1815 studeat,
3293 1748 3434 1821 quia
3447 1764 3561 1804 non
3579 1748 3781 1805 solum

2044 1853 2091 1916 Β
2120 1831 2233 1886 sibi
2257 1831 2391 1903 ipsi,
2427 1833 2526 1888 sed
2548 1837 2605 1888 et
2627 1833 2848 1889 caeteris
2871 1834 3055 1891 obest.
3078 1835 3440 1899 Contrariam
3462 1839 3621 1894 enim
3649 1838 3780 1894 for-

2123 1937 2280 1974 mam
2304 1921 2404 1975 dat
2428 1921 2767 1978 hominibus
2791 1940 2805 1990 ;
2834 1940 3067 1980 necesse
3092 1929 3182 1980 est
3211 1925 3369 1981 enim
3394 1925 3612 1983 multos
3634 1927 3781 1982 imi-

2120 2014 2338 2063 tutores
2364 2012 2491 2080 ejus
2531 2010 2772 2066 existere
2809 2012 2878 2066 ad
2905 2012 3313 2084 perditionem.
3353 2015 3574 2080 Quanto
3608 2016 3778 2071 enim

2123 2097 2596 2154 honoriﬁcentior
2634 2100 2835 2155 ordine
2856 2105 2964 2166 est,
2990 2105 3148 2157 tanto
3172 2103 3359 2174 magis
3387 2104 3591 2159 suadet
3624 2104 3771 2158 imi-

2123 2188 2367 2242 tandum
2400 2204 2482 2253 se,
2516 2189 2767 2244 maxime
2798 2189 2856 2244 in
2889 2189 2997 2245 hac
3027 2207 3107 2261 re,
3133 2207 3263 2263 qua:
3281 2191 3340 2246 in
3362 2191 3477 2247 ista
3494 2191 3615 2247 vita
3637 2210 3777 2265 pro-

2122 2275 2283 2331 clivis
2306 2281 2412 2331 est.
2436 2276 2689 2332 Avaritia
2708 2277 2861 2332 enim
2887 2278 3085 2334 omnia
3104 2279 3259 2335 mala
3282 2284 3474 2353 potest
3494 2280 3780 2339 admitte-

2123 2380 2202 2419 re.
2238 2364 2371 2419 Ideo
2398 2364 2560 2420 radix
2591 2364 2853 2420 omnium
2887 2366 3175 2422 malorum
3206 2371 3315 2434 est,
3348 2368 3506 2440 quia,
3534 2374 3601 2426 ut
3617 2370 3778 2427 desi-

2124 2452 2283 2508 deria
2312 2470 2419 2508 sua
2447 2453 2691 2526 expleat,
2724 2455 2878 2527 quod
2913 2456 3279 2527 impossibile
3307 2462 3415 2523 est,
3457 2464 3515 2513 et
3540 2457 3779 2515 maleﬁ-

2122 2542 2232 2606 cia,
2263 2546 2320 2597 et
2348 2542 2685 2608 homicidia,
2708 2546 2765 2599 et
2786 2543 3231 2611 obscenitatem,
3253 2550 3310 2601 et
3331 2546 3622 2619 quidquid
3647 2565 3781 2604 sce-

2121 2629 2257 2686 leris
2307 2636 2396 2687 est
2427 2636 2737 2703 perpetrat,
2797 2649 2902 2688 nec
2951 2633 3021 2689 ad
3073 2651 3326 2706 prmsens
3367 2652 3594 2706 secura,
3636 2638 3785 2709 quia

2124 2737 2353 2791 semper
2383 2720 2594 2793 cupida
2621 2726 2677 2777 et
2705 2718 2765 2776 in
2797 2722 2991 2778 futuro
3023 2723 3323 2779 damnata.

2196 2838 2267 2892 Tu
2292 2841 2497 2903 autem,
2527 2836 2688 2893 homo
2724 2839 2848 2905 Dei,
2881 2838 2999 2895 lucc
3024 2840 3175 2910 fuge.
3207 2840 3563 2898 Abscindere
3584 2857 3649 2897 se
3670 2841 3785 2899 ho-

2125 2927 2343 2981 minem
2377 2925 2475 2981 Dei
2521 2927 2591 2980 ab
2641 2924 2749 2981 hac
2788 2924 3058 2982 hortatur
3085 2932 3144 2983 et
3174 2929 3460 3001 praecipit,
3495 2934 3562 2986 ut
3588 2936 3651 2987 et
3681 2930 3789 2989 hic

2124 3031 2366 3071 securus
2405 3014 2481 3070 sit
2511 3018 2567 3070 et
2603 3014 2662 3070 in
2691 3014 2889 3071 futuro
2914 3016 3171 3087 praemiis
3192 3023 3603 3075 remuneretur
3625 3020 3786 3076 divi-

2125 3104 2235 3159 nis.
2270 3104 2394 3160 Non
2425 3103 2582 3160 enim
2615 3103 2907 3159 immerito
2956 3107 3327 3163 coronandus
3369 3111 3459 3163 est
3487 3107 3591 3180 qui
3621 3108 3787 3167 hanc

2124 3192 2349 3266 spernit
2379 3210 2505 3265 quae
2538 3192 2739 3248 multis
2770 3194 2997 3250 suadet.

2196 3302 2427 3373 Sequere
2446 3308 2638 3357 autem
2656 3301 2959 3371 justitiam,
2988 3304 3264 3372 pietatem,
3311 3302 3496 3375 ﬁdem,
3527 3306 3786 3365 charita-

2124 3396 2250 3461 tem,
2276 3391 2638 3462 patientiam,
2673 3389 3136 3462 tranquillitatem
3165 3392 3361 3447 animi.
3391 3392 3549 3448 Certa
3570 3394 3787 3452 bonum

2123 3484 2401 3537 certamen
2422 3479 2571 3549 fidei,
2603 3478 2949 3550 adprehende
2985 3481 3159 3536 vitam
3205 3485 3469 3538 mternam
3495 3484 3577 3539 ad
3604 3499 3784 3554 quam

2124 3578 2339 3625 vocatus
2368 3584 2443 3635 es,
2473 3576 2525 3623 et
2547 3569 2819 3637 confessus
2850 3585 2904 3624 es
2932 3568 3133 3625 bonam
3160 3569 3559 3642 confessionem
3584 3588 3785 3631 coram

2122 3659 2312 3714 multis
2366 3658 2614 3713 testibus.
2660 3657 2947 3720 Quoniam
2997 3657 3239 3715 avaritia
3288 3676 3382 3716 res
3421 3659 3630 3733 iniqua
3657 3669 3782 3730 est,

2125 3746 2419 3802 hominem
2445 3746 2543 3801 Dei
2565 3749 2631 3801 ut
2651 3746 2722 3801 ab
2759 3745 2868 3802 hac
2907 3746 3238 3814 dissentiat,
3271 3749 3570 3819 justitiam
3601 3751 3784 3823 sequi

2114 3836 2308 3906 jubet,
2340 3841 2515 3906 atque
2558 3834 2830 3906 pietatem
2866 3842 2923 3891 et
2967 3835 3083 3892 alia
3125 3854 3254 3909 quas
3303 3843 3610 3894 memorat.
3644 3840 3780 3897 Non

2123 3924 2279 3980 enim
2310 3924 2524 3996 poterit
2554 3924 2705 3979 hanc
2741 3925 2977 3991 evitare,
3015 3925 3128 3980 nisi
3172 3925 3266 3982 his
3305 3926 3617 3984 adhaeserit
3644 3944 3781 4000 quas

2121 4012 2374 4069 avaritia:
2398 4012 2641 4068 adversa
2663 4016 2820 4068 sunt.
2846 4012 2951 4077 Qui
2984 4013 3142 4068 enim
3164 4013 3289 4070 ﬁeri
3316 4018 3529 4087 potest,
3557 4021 3623 4072 ut
3646 4032 3783 4073 ava-

2120 4117 2223 4155 rus
2254 4099 2442 4155 ﬁdelis
2473 4100 2568 4170 sit,
2602 4100 2703 4171 qui
2732 4101 3008 4173 operibus
3038 4106 3233 4174 negat,
3265 4103 3422 4174 quod
3453 4104 3649 4160 verbis
3678 4106 3779 4161 fa-

2118 4188 2226 4244 teri
2248 4188 2687 4245 videtur?Unde
2707 4195 2903 4246 autem
2926 4194 3155 4246 amator
3174 4191 3581 4264 fraternitatis,
3597 4195 3774 4266 cujus

2120 4293 2331 4332 manus
2351 4280 2492 4333 sunt
2512 4278 2723 4333 aridae?
2743 4278 3044 4342 Quomodo
3063 4295 3197 4334 vero
3223 4279 3475 4352 patiens,
3493 4282 3598 4353 qui
3620 4298 3775 4339 sem-

2118 4381 2219 4436 per
2237 4366 2310 4421 ad
2334 4365 2524 4421 aliena
2544 4383 2607 4422 se
2626 4368 2814 4423 tendit
2835 4367 2861 4422 ‘I
2881 4370 2997 4423 Aut
3019 4373 3311 4439 quatenus
3341 4369 3600 4441 quietem
3641 4371 3772 4426 ani-

2116 4446 2195 4500 mi
2220 4447 2407 4518 possit
2427 4446 2657 4512 habere,
2680 4449 2781 4517 qui
2804 4447 2897 4502 die
2920 4454 3213 4520 noctuque
3233 4448 3510 4505 aviditate
3531 4451 3773 4522 cupidi-

2114 4536 2249 4590 tatis
2270 4536 2601 4591 incenditur
2619 4536 2647 4590 ?
2670 4536 2779 4593 Sed
2805 4536 2944 4607 quia
2966 4537 3039 4592 ab
3060 4536 3298 4594 homine
3322 4537 3426 4594 Dei
3457 4539 3771 4597 Timotheo

2110 4624 2389 4696 iniquitas
2411 4624 2531 4678 haec
2552 4624 2742 4681 aliena
2761 4629 2907 4694 erat,
2931 4626 3149 4681 bonum
3185 4631 3481 4683 certamen
3506 4628 3644 4684 ﬁdei
3664 4645 3769 4702 ag-

2108 4715 2269 4784 gredi
2303 4714 2557 4782 jubetur.
2594 4713 2752 4769 Fidei
2784 4714 2940 4769 enim
2965 4715 3208 4771 victoria
3238 4720 3350 4782 est,
3393 4733 3533 4772 cum
3562 4718 3772 4774 omnia

2109 4802 2264 4869 vitia,
2297 4807 2353 4858 et
2400 4802 2649 4857 crimina
2700 4803 3111 4875 subjugantur,
3164 4811 3232 4860 ut
3260 4804 3333 4860 ad
3372 4810 3608 4864 aeterne
3635 4806 3768 4863 vitae

2108 4891 2347 4965 praemia
2376 4890 2663 4961 veniatur,
2697 4893 2869 4962 cujus
2916 4892 3215 4949 confessio
3262 4894 3413 4950 inter
3443 4895 3579 4967 ipsa
3609 4895 3795 4952 rudi-7

2107 4985 2304 5036 menta
2354 4980 2488 5036 ﬁdei
2537 4985 2679 5036 teste
2728 4980 3127 5053 interrogante
3177 4982 3385 5054 (1312),
3431 4988 3492 5039 et
3522 5000 3766 5058 respon-

2105 5071 2277 5126 dente
2306 5069 2707 5126 monumentis
2740 5068 3150 5126 ecclesiasticis
3190 5071 3545 5129 continetur.

2173 5187 2442 5256 Praecipio
2470 5185 2575 5240 tibi
2602 5186 2663 5239 in
2692 5190 2982 5256 conspectu
3011 5187 3135 5254 Dei,
3157 5186 3256 5259 qui
3276 5186 3529 5257 viviﬁcat
3549 5187 3765 5255 omnia,

2100 5282 2154 5328 et
2194 5274 2408 5330 Christo
2434 5276 2582 5345 Jesu,
2616 5276 2715 5345 qui
2766 5278 2993 5330 testatus
3050 5279 3133 5332 est
3186 5276 3286 5330 sub
3333 5278 3542 5332 Pontio
3572 5277 3764 5333 Pilato

2101 5364 2298 5419 bonam
2332 5365 2740 5436 confessionem,
2792 5368 2855 5419 ut
2901 5379 3081 5420 serves
3125 5365 3452 5421 mandatum
3484 5368 3765 5421 immacu-

2100 5452 2294 5519 latum,
2325 5450 2803 5523 irreprehensibile
2847 5468 3018 5523 usque
3067 5454 3129 5508 in
3176 5451 3473 5510 adventum
3522 5453 3769 5510 Domini

338 5536 662 5596 citudinem
713 5544 770 5597 et
825 5538 1036 5615 quaerit
1085 5556 1456 5614 congregare,
1503 5538 1641 5596 talis
1670 5538 1807 5597 hinc
1836 5543 1990 5600 exiet
2098 5539 2278 5594 nostri
2305 5539 2451 5595 Jesu
2511 5538 2735 5604 Christi,
2794 5555 2955 5610 quem
3002 5543 3120 5597 suis
3149 5541 3493 5614 temporibus
3554 5540 3777 5604 ostendo

402 5641 591 5737 (1312)
616 5645 663 5704 Α
690 5648 917 5711 ceteris
950 5646 1138 5722 codic,
1160 5645 1564 5721 supplevimus
1583 5644 1823 5705 verbum
1845 5648 1976 5724 hoc,
2019 5649 2419 5717 interrogante,
2452 5646 2608 5729 quod
2638 5644 2699 5703 in
2729 5647 2857 5705 cod.
2892 5650 3092 5706 nostro
3124 5647 3519 5711 desideratur.
