3978 6210
179 285 295 347 693

751 279 1164 343 EXPOSITIO
1208 281 1286 343 IN
1332 280 1758 343 EPISTOLAS
1805 280 2161 343 PAULL—
2194 282 2272 342 IN
2316 281 2565 343 EPIST.
2612 282 2664 343 II
2710 284 2813 343 AD
2858 280 3023 344 TlM.

3479 282 3597 343 694

182 416 583 490 promissione
612 416 762 488 ejus.
791 415 1170 488 Signaculum
1203 415 1398 488 itaque
1429 415 1835 488 promissionis
1864 424 1918 479 Α
1948 412 2204 482 clesiam,
2241 414 2296 470 in
2356 434 2471 488 qua
2527 424 2759 489 omnes,
2790 418 2899 473 sub
2957 417 3134 473 unius
3191 416 3424 474 Domini
3459 422 3599 475 sunt

183 508 281 564 Dei
316 508 460 562 ﬁdes
493 510 702 561 nostra
732 511 839 571 est,
886 523 1013 577 qua:
1048 506 1244 560 ﬁrmat
1298 509 1390 560 Dei
1424 508 1618 561 verba.
1656 508 1713 560 In
1747 504 1839 558 die

176 596 389 669 judicii
423 600 737 667 cognoscet
786 599 935 649 Deus
986 594 1085 665 qui
1135 594 1353 650 habent
1405 596 1638 664 signum
1690 595 1835 662 ejus,

181 686 607 742 dissentientes
638 702 670 739 a
704 685 1085 756 perﬁdorum,
1115 689 1170 737 et
1190 683 1592 738 haereticorum
1623 682 1839 753 iniqui-

183 782 324 843 tate,
359 792 487 845 quas
544 774 642 829 Dei
694 774 1147 843 promissionem
1208 773 1506 827 inﬁrmare
1561 789 1620 827 se
1654 776 1837 842 putat.

180 864 341 921 Nihil
371 864 533 919 enim
562 868 686 918 tam
708 862 1003 933 iniquum,
1039 878 1216 933 quam
1244 862 1343 917 Dei
1369 861 1501 916 ﬁdei
1531 860 1838 916 contraire.

185 956 276 1009 Sic
308 957 365 1008 et
421 952 670 1018 Dathan,
729 956 787 1005 et
845 950 1063 1005 Abiron
1115 956 1172 1005 et
1229 950 1413 1005 Chore
1446 951 1668 1005 dictum
1692 954 1778 1003 est
1810 966 1841 1002 a

187 1045 407 1115 Moyse,
473 1058 607 1095 cum
629 1043 832 1094 contra
846 1039 941 1093 Dei
964 1044 1316 1110 praeceptum
1333 1040 1537 1093 offerre
1559 1038 1844 1092 sacriﬁcia

187 1134 637 1205 prmsumerent.
672 1128 957 1199 Cognovit
1016 1128 1215 1197 itaque
1263 1127 1547 1182 Dominus
1580 1126 1676 1197 qui
1706 1131 1845 1181 sunt

188 1221 347 1291 ejus.
377 1220 500 1282 Quo
522 1218 668 1272 dicto
692 1215 1101 1287 ostenditque:
1131 1216 1415 1287 pernicies
1440 1220 1699 1269 maneret
1722 1232 1840 1278 eos,

188 1310 297 1380 qui
334 1308 432 1363 Dei
467 1308 629 1361 verba
660 1307 1030 1361 inverterent.

263 1422 294 1446 ‹‹
332 1400 396 1452 In
432 1413 641 1464 magna
690 1398 885 1449 autem
929 1395 1099 1449 domo
1152 1412 1265 1449 non
1316 1394 1504 1448 solum
1539 1399 1677 1448 sunt
1708 1410 1845 1447 vasa

189 1504 370 1544 aurea
402 1490 460 1540 et
488 1489 783 1555 argentea,
818 1484 916 1538 sed
947 1488 1003 1537 et
1029 1483 1222 1553 lignea
1261 1487 1315 1538 et
1349 1482 1567 1551 ﬁctilia,
1601 1487 1655 1535 et
1689 1498 1845 1552 quae-

192 1578 329 1631 dam
354 1576 413 1629 in
438 1573 1019 1643 honorem,qua2dam
1040 1577 1232 1628 autem
1263 1572 1319 1625 in
1345 1570 1779 1626 contumeliam.
1820 1606 1837 1625 η

193 1666 313 1721 Hoc
332 1664 485 1718 dicto
509 1661 859 1734 signiﬁcavit
882 1661 938 1716 in
962 1660 1215 1716 Ecclesia
1238 1661 1494 1715 diversos
1515 1677 1643 1715 esse
1666 1660 1848 1713 homi-

197 1770 303 1809 nes
328 1772 339 1821 ;
364 1751 654 1823 quosdam
679 1750 863 1804 bonos
885 1753 943 1804 et
965 1766 1228 1804 summos
1251 1749 1426 1812 viros,
1444 1766 1592 1819 quos
1620 1748 1676 1802 in
1701 1764 1840 1801 auro
1879 1781 1924 1844 Β

195 1840 447 1912 intelligi
479 1838 644 1904 vult;
679 1840 963 1909 quosdam
989 1838 1170 1893 bonos
1203 1842 1451 1899 tantum,
1478 1854 1624 1908 quos
1664 1835 1723 1889 in
1755 1853 1843 1890 ar-

195 1934 367 2004 gento
398 1928 711 2001 designat;
746 1926 891 1982 alios
947 1943 1079 1981 vero
1130 1944 1243 1980 non
1290 1926 1493 1996 bonos,
1530 1942 1677 1996 quos
1709 1941 1847 1978 vasa

199 2020 391 2090 lignea
404 2023 462 2072 et
477 2016 677 2072 ﬁctilia
691 2014 944 2087 appellat
962 2034 973 2083 ;
995 2016 1148 2086 quod
1164 2014 1667 2085 nulliambiguum
1684 2019 1843 2085 puto.

197 2108 341 2163 Nam
375 2108 436 2161 in
468 2106 906 2161 Corinthiorum
932 2104 1038 2158 hoc
1063 2103 1317 2159 Ecclesia
1340 2105 1547 2171 probat
1576 2104 1846 2173 frequens

195 2213 390 2253 sermo
415 2194 786 2267 objurgantis
805 2192 1083 2264 Apostoli.
1113 2193 1277 2249 Nunc
1296 2198 1489 2247 autem
1514 2194 1567 2246 in
1593 2191 1847 2246 Ecclesia

192 2292 400 2342 nostra
431 2284 623 2355 palam
654 2287 743 2338 est
769 2300 781 2349 ;
804 2288 859 2337 et
885 2282 941 2336 in
966 2280 1605 2352 temploJerosolymis,
1640 2280 1695 2333 in
1731 2296 1845 2351 quo

194 2380 380 2447 typus
414 2377 540 2427 erat
566 2370 844 2439 Ecclesiae,
901 2368 1226 2425 manifestis
1258 2368 1606 2425 lectionibus
1637 2386 1844 2441 appro-

191 2464 397 2518 batur.
430 2465 606 2515 Erant
635 2459 784 2513 enim
816 2458 899 2512 illi
927 2457 1247 2522 Sadducaei,
1272 2474 1339 2512 ex
1368 2475 1620 2530 quorum
1654 2458 1845 2512 radice

192 2556 364 2609 erant
396 2550 740 2622 Hymenaeus
795 2552 851 2603 et
900 2546 1197 2619 Phyletus.
1250 2547 1329 2602 De
1376 2565 1625 2619 quorum
1674 2565 1848 2619 prava

196 2640 514 2705 sententia,
549 2654 683 2692 cum
716 2636 1030 2708 Apostolus
1061 2640 1217 2691 esset
1243 2636 1492 2706 locutus,
1516 2637 1713 2691 statim
1742 2637 1848 2693 hoc

196 2728 477 2799 subjecit,
514 2731 577 2781 ut
607 2742 720 2780 non
773 2730 926 2780 esset
976 2724 1241 2781 mirabile
1281 2726 1339 2779 in
1385 2726 1641 2780 Ecclesia
1668 2726 1848 2781 videri

198 2816 474 2874 homines
505 2800 940 2870 dissentientes.
992 2814 1138 2869 Nam
1182 2815 1237 2868 in
1289 2814 1717 2870 Corinthiorum
1746 2817 1849 2870 Ec-

194 2907 434 2971 eelesia,
459 2905 532 2959 de
554 2920 671 2975 qua
690 2903 828 2973 dixi,
850 2903 1087 2974 quidam
1114 2907 1298 2970 erant,
1321 2904 1418 2975 qui
1438 2904 1851 2960 dissentientes

194 2994 687 3052 resurrectionem
708 2992 1280 3064 negabant.Insanus
1298 2993 1852 3049 tamenNovatianus

192 3090 256 3141 ut
290 3082 479 3140 errori
513 3099 619 3137 suo
654 3081 1009 3151 blandiatur,
1061 3080 1231 3137 aliter
1260 3082 1368 3136 hoc
1406 3081 1851 3153 intelligendum

1949 521 2207 559 nomine.

2023 618 2049 644 ‹‹
2084 597 2139 651 Si
2173 598 2305 667 quis
2336 613 2471 667 ergo
2500 597 2830 668 purgaverit
2858 598 3239 669 semetipsum
3270 598 3340 652 ab
3372 596 3601 667 his,erit

1949 704 2048 741 vas
2083 687 2139 740 in
2173 687 2392 741 honore
2424 685 3022 753 sanctiﬁcatum,utile
3054 686 3400 751 Domino,ad
3426 702 3599 741 omne

1950 793 2097 847 opus
2130 778 2345 829 bonum
2376 779 2783 845 prmparatum.
2810 774 2973 829 Nunc
2999 773 3111 828 alia
3136 774 3373 828 haeresis
3397 774 3601 829 fraude

1952 883 2056 921 sua
2074 864 2453 927 convincitur,
2470 881 2595 934 quae
2616 864 2823 917 asserit
2840 862 3067 918 animas
3084 864 3369 934 quasdam
3390 867 3600 917 natura

1953 971 2078 1009 esse
2112 955 2318 1015 malas,
2352 970 2479 1023 quae
2513 953 2581 1006 ad
2612 953 2828 1006 bonum
2862 953 2986 1022 cogi
3021 968 3134 1005 non
3168 952 3427 1021 possint:
3462 968 3597 1006 cum

1953 1043 2046 1097 hic
2065 1043 2219 1097 dicat
2243 1058 2409 1112 posse
2438 1041 2622 1095 malos
2647 1041 2945 1095 immutari
2970 1042 3029 1095 in
3048 1042 3229 1095 bonos
3251 1046 3307 1096 et
3332 1041 3596 1096 sordidos

1954 1131 2269 1204 puriﬁcari.
2326 1132 2593 1185 Poterant
2641 1132 2794 1184 enim
2838 1131 3202 1202 Hymenaeus,
3238 1136 3292 1185 et
3326 1129 3597 1202 Phyletns

1954 1224 2237 1277 mundare
2268 1237 2505 1275 sensum
2540 1220 2791 1289 suum,si
2823 1220 3234 1286 voluissent,ut
3266 1220 3468 1275 ﬁerent
3495 1237 3597 1276 vas

1954 1311 2403 1374 sanctiﬁcatum,
2437 1315 2823 1380 praeparatum
2858 1310 2913 1361 in
2946 1308 3245 1363 honorem.

2027 1423 2053 1448 ‹‹
2077 1399 2369 1455 Juvenilia
2392 1404 2584 1453 autem
2610 1397 2899 1452 desideria
2918 1398 3068 1469 fuge.
3093 1420 3119 1445 ››
3140 1398 3429 1452 Juvenilia
3451 1398 3600 1452 desi-

1955 1490 2115 1544 deria
2137 1490 2377 1544 adversa
2399 1493 2555 1541 sunt.
2575 1491 2718 1541 Sunt
2742 1486 2894 1541 enim
2919 1486 3243 1557 voluptates
3266 1486 3596 1551 mundanae,

1956 1596 2077 1648 quae
2107 1578 2379 1632 omnibus
2404 1576 2692 1631 illecebris
2715 1575 3053 1647 mancipata:
3080 1579 3239 1641 sunt,
3268 1592 3333 1629 ac
3363 1591 3463 1646 per
3490 1575 3601 1629 hoc

1956 1668 2053 1723 Dei
2090 1682 2253 1721 servo
2284 1666 2569 1737 fugiendae
2603 1672 2759 1720 sunt.

2029 1778 2055 1805 ‹‹
2090 1756 2319 1810 Sectare
2348 1772 2481 1809 vero
2506 1755 2821 1825 justitiam,
2858 1754 3051 1817 ﬁdem,
3091 1753 3458 1820 charitatem,
3494 1770 3601 1824 pa-

1958 1861 2081 1899 cem
2116 1862 2247 1899 cum
2282 1844 2372 1899 bis
2404 1844 2501 1913 qui
2552 1844 2824 1897 invocant
2859 1844 3035 1897 Deum
3070 1843 3140 1896 de
3172 1842 3338 1897 corde
3369 1858 3535 1913 puro.
3572 1862 3599 1889 ››

1956 1938 2087 1988 Haec
2119 1934 2395 1988 sectanda
2414 1931 2998 2002 jubet,qua3juvenili
3024 1931 3175 1985 aetati
3206 1930 3369 1985 devia
3398 1930 3601 1984 viden-

1956 2028 2053 2075 tur
2082 2028 2137 2076 et
2171 2037 2394 2091 aspera.
2430 2021 2532 2085 Qui
2579 2020 2733 2073 enim
2780 2020 3071 2089 justitiam
3121 2018 3312 2089 elegit,
3370 2019 3419 2073 ei
3453 2016 3599 2072 nihil

1957 2112 2092 2165 facit
2123 2110 2479 2164 contrarium
2510 2138 2521 2175 ,
2556 2115 2609 2162 et
2630 2109 2727 2178 qui
2762 2110 2932 2163 ﬁdem
2958 2108 3147 2177 diligit
3177 2113 3409 2163 servant
3434 2124 3597 2162 man-

1957 2201 2111 2254 data.
2172 2201 2277 2265 Qui
2329 2205 2521 2253 autem
2584 2198 2927 2253 charitatem
2983 2197 3269 2267 sequitur,
3322 2197 3598 2251 omnibus

1956 2288 2201 2343 humilis
2231 2294 2337 2343 est.
2372 2287 2535 2342 Pacis
2579 2304 2710 2341 vero
2756 2290 2952 2341 custos
2982 2284 3212 2341 nullum
3262 2283 3496 2340 lacessit
3526 2285 3599 2340 ad

1947 2378 2233 2448 jurgium.

2030 2489 2057 2515 ‹‹
2090 2466 2313 2520 Stultas
2345 2470 2562 2529 autem,
2590 2470 2643 2519 et
2668 2463 2990 2518 ineruditas
3014 2462 3363 2533 questiones
3395 2461 3607 2529 devita,

1960 2555 2149 2611 sciens
2181 2554 2317 2624 quia
2348 2558 2627 2625 generant
2656 2552 2809 2606 lites.
2848 2574 2873 2599 ››
2908 2553 3218 2607 Ιηεθηεαὶω
3255 2549 3608 2620 quaestiones

1962 2644 2173 2716 partim
2190 2642 2751 2713 inﬁdelium,partim
2769 2640 3170 2695 hereticorum
3192 2638 3610 2705 sunt,a1iorum

1960 2750 2027 2788 ex
2046 2738 2207 2803 parte
2222 2731 2775 2801 indeﬁdelium,quae
2797 2730 3092 2784 modestos
3109 2728 3378 2784 homines
3397 2732 3616 2800 cogunt

1962 2823 2032 2877 ad
2060 2822 2216 2876 litem
2231 2865 2239 2875 .
2252 2822 2647 2874 Immutantur
2663 2819 2817 2874 enim
2833 2818 3014 2873 nimia
3031 2818 3488 2873 contradictione
3511 2818 3619 2871 im-

1964 2911 2194 2981 pietatis
2226 2914 2509 2978 eorum,et
2533 2909 2661 2962 irati
2690 2908 2893 2962 dicunt
2926 2907 3148 2978 aliquid
3170 2912 3375 2963 contra
3404 2923 3615 2979 propo-

1964 3002 2143 3055 situm
2176 3016 2373 3055 suum.
2406 2998 2551 3053 Nam
2586 2996 2773 3052 solent
2804 2996 3043 3067 quidam
3075 2996 3477 3051 haereticorum
3511 3011 3613 3066 pa-

1968 3089 2230 3144 tientiam
2267 3090 2480 3159 ﬁngere
2528 3085 2795 3158 quamvis
2845 3102 2878 3139 a
2925 3083 3207 3139 catholico
3239 3100 3351 3138 non
3387 3082 3614 3153 possint

188 3174 397 3239 tradit,
434 3176 499 3227 ut
534 3172 747 3226 domus
796 3149 1012 3242 magna
1054 3174 1213 3225 totus
1244 3170 1502 3225 mundus
1534 3149 1851 3243 signiﬁcari
1883 3149 1925 3215 (ἶ
1967 3179 2168 3233 audire
2200 3149 2419 3247 aliquid
2454 3149 2748 3247 asperum,
2780 3179 2846 3228 ut
2876 3174 3288 3229 commendent
3311 3149 3486 3243 prava
3505 3188 3615 3227 sua

190 3264 496 3330 credatur,
531 3260 671 3331 quia
700 3259 878 3314 habet
916 3258 1223 3313 hominum
1269 3259 1686 3328 diversitatem,
1720 3278 1850 3315 cum

190 3355 425 3408 constet
455 3349 805 3421 Apostolum
837 3347 1101 3420 exemplo
1125 3365 1297 3402 usum
1330 3349 1541 3403 domus
1573 3349 1767 3405 divitis
1798 3355 1854 3406 et

189 3440 519 3514 opulentis,
553 3456 679 3510 quae
713 3437 982 3509 quamvis
1033 3439 1265 3509 copiosa
1299 3437 1394 3503 sit,
1426 3439 1609 3509 (1332)
1642 3439 1852 3494 habeat

191 3538 398 3586 tamen
426 3534 482 3583 et
502 3527 742 3582 vitiosos
770 3532 827 3581 et
850 3543 1025 3597 prava
1045 3526 1382 3591 sentientes,
1409 3526 1560 3580 sicut
1581 3529 1851 3598 superius

194 3616 544 3675 memoravi.
577 3617 733 3680 Quos
765 3615 1118 3670 contumelia
1170 3615 1380 3686 dignos
1428 3617 1701 3681 ostendit,
1738 3634 1849 3671 non

195 3716 403 3764 tamen
437 3706 754 3778 perituros,
803 3704 902 3759 sed
938 3702 1274 3775 purgandos
1318 3720 1420 3774 per
1466 3704 1681 3775 ignem,
1717 3704 1853 3776 quia

196 3796 408 3853 domui
441 3812 508 3851 ex
540 3794 737 3864 aliqua
767 3798 929 3865 parte
962 3792 1287 3846 necessaria
1308 3795 1465 3846 sunt.
1498 3793 1851 3849 Novatianus

195 3892 401 3942 autem
434 3883 622 3939 elatus
655 3882 944 3954 superbia,
980 3885 1043 3935 ut
1072 3880 1340 3935 Ecclesia}
1377 3899 1495 3935 sua:
1526 3883 1848 3951 veritatem,

195 3981 253 4031 et
275 3977 653 4031 sanctitatem
687 3970 1017 4043 generalem
1042 3970 1393 4039 defenderet,
1417 3970 1526 4025 hoc
1560 3973 1731 4026 modo
1763 3972 1849 4026 in-

194 4063 585 4136 telligendum
624 4059 897 4130 decrevit,
947 4059 1113 4131 quasi
1164 4059 1416 4113 Ecclesia
1449 4076 1626 4130 penes
1659 4060 1848 4131 ipsum

192 4155 296 4221 sit,
332 4157 391 4207 et
421 4154 665 4206 cunctos
698 4149 910 4203 habeat
932 4148 1270 4219 puriﬁcatos
1297 4154 1532 4219 propter
1562 4148 1693 4205 illas
1715 4168 1851 4205 can-

194 4260 320 4307 sas,
354 4239 569 4311 quibus
602 4254 707 4293 nos
738 4238 1077 4292 innocentes
1108 4241 1359 4291 accusat.
1387 4237 1495 4291 Sed
1529 4238 1666 4308 quid
1704 4255 1851 4310 opus

196 4335 332 4388 erat
354 4330 462 4385 hoc
492 4330 619 4384 loco
650 4328 722 4382 de
758 4327 976 4381 mundo
1009 4326 1231 4397 aliquid
1263 4326 1588 4396 dicere,aut
1618 4333 1679 4382 ut
1710 4330 1847 4399 quid

197 4420 527 4476 afﬁrmaret
560 4417 847 4471 mundum
882 4418 1118 4470 domum
1174 4432 1446 4487 magnam
1481 4416 1852 4485 significare?

1964 3266 2299 3337 colloquia;
2331 3265 2459 3319 ideo
2491 3262 2991 3317 dissimulandum
3023 3262 3094 3315 ab
3126 3261 3220 3315 his
3251 3265 3359 3315 est.

2041 3359 2327 3410 «Servum
2356 3358 2549 3408 autem
2581 3351 2807 3407 Domini
2842 3367 2956 3405 non
2990 3354 3211 3421 oportet
3238 3348 3486 3419 litigare,
3509 3350 3610 3405 sed

1964 3446 2165 3499 mitem
2199 3460 2325 3498 esse
2351 3443 2419 3497 ad
2444 3458 2669 3508 omnes,
2694 3439 3027 3505 docibilem,
3053 3439 3389 3509 patientem,
3411 3437 3608 3492 mode-

1964 3540 2122 3588 stum
2154 3551 2166 3600 ;
2200 3533 2582 3603 corrigentem
2643 3546 2761 3596 eos,
2812 3529 2908 3599 qui
2968 3528 3196 3583 diversa
3222 3526 3503 3592 sentiunt,
3538 3544 3610 3582 ne

1964 3624 2197 3695 quando
2229 3622 2325 3676 det
2352 3620 2468 3676 illis
2500 3620 2649 3675 Deus
2691 3620 2878 3688 (1323)
2912 3616 3311 3689 pcenitentiam
3342 3618 3411 3671 ad
3444 3616 3606 3687 agni-

1960 3712 2176 3766 tionem
2230 3708 2507 3775 veritatis,
2557 3712 2613 3763 et
2665 3707 3009 3779 resipiscant
3056 3724 3090 3762 a
3136 3705 3349 3761 diaboli
3379 3704 3606 3778 laqueis

1964 3802 2115 3872 capti
2149 3800 2219 3854 ab
2253 3815 2317 3854 eo
2343 3800 2412 3853 ad
2449 3798 2635 3869 ipsius
2666 3796 3043 3851 voluntatem.
3074 3818 3093 3843 ι
3124 3797 3249 3850 lltee
3271 3794 3434 3850 nulla
3464 3796 3611 3850 indi-

1963 3894 2101 3961 gent
2120 3886 2623 3959 interpretatione:
2650 3890 2790 3940 sunt
2807 3885 2959 3939 enim
2986 3884 3611 3954 manifesta,quantum

1962 3982 2158 4032 tamen
2191 3976 2376 4045 prosit
2404 3975 2707 4040 modestia,
2750 3972 3085 4027 declaravit.
3121 3972 3179 4027 Si
3224 3973 3381 4027 enim
3413 3979 3520 4027 hoc
3552 3972 3611 4029 in

1963 4066 2316 4137 quibusdam
2348 4063 2633 4117 haereticis
2667 4060 2943 4132 placitum
2979 4061 3233 4131 est,quia
3259 4060 3513 4115 humiles
3535 4062 3613 4115 vi-

1961 4156 2192 4221 dentur,
2226 4156 2443 4222 quanto
2478 4150 2662 4221 magis
2688 4148 2999 4217 laudabile,
3019 4153 3073 4203 et
3105 4150 3469 4203 fructuosum
3498 4150 3610 4206 erit

1964 4244 2020 4297 in
2055 4239 2413 4308 catholico,si
2446 4240 2621 4293 fuerit
2654 4237 2831 4303 mitis,
2863 4236 2920 4290 in
2954 4253 3069 4307 quo
3100 4240 3155 4291 et
3180 4252 3389 4292 sensus
3422 4236 3605 4306 utilis,

1961 4337 2015 4387 et
2047 4331 2268 4402 gravita
2298 4328 2584 4384 imitanda
2616 4325 3009 4398 perspicitur?

2034 4423 2187 4491 (CAP.
2216 4420 2334 4490 ΙΙΙ.)
2356 4441 2380 4471 α
2396 4419 2507 4473 Hoc
2523 4423 2715 4472 autem
2731 4414 2898 4482 scito,
2913 4414 3119 4485 quiain
3136 4414 3469 4469 novissimis
3491 4416 3585 4471 die

196 4510 353 4563 Nam
372 4507 514 4561 dicit
533 4506 817 4561 Dominus
837 4504 1112 4577 apostolis
1137 4522 1149 4559 :
1172 4528 1197 4554 »
1223 4506 1345 4559 Non
1364 4506 1505 4559 estis
1522 4507 1591 4559 de
1616 4508 1854 4566 mundo.
1890 4519 1932 4582 ι)
1966 4515 2078 4567 bus
2112 4511 2417 4565 instabunt
2458 4514 2717 4579 tempora
2742 4504 3062 4576 periculosa
3096 4522 3107 4557 :
3143 4504 3605 4561 erunthomines

199 4598 326 4669 Ego
361 4598 557 4650 autem
579 4595 725 4666 elegi
746 4611 847 4648 vos
878 4595 1054 4664 (Joan.
1086 4611 1177 4660 xv,
1205 4596 1311 4665 19).
1349 4619 1370 4645 ι
1400 4596 1698 4657 Quomodo
1720 4613 1855 4669 ergo

198 4686 372 4740 intra
399 4682 683 4737 mundum
715 4681 1100 4739 concludendi
1145 4688 1302 4750 sunt,
1336 4684 1435 4754 qui
1470 4689 1757 4755 negantur
1786 4685 1857 4740 de

201 4771 439 4829 mundo
468 4774 637 4826 esse?
689 4771 760 4826 Et
801 4771 930 4826 ideo
978 4770 1331 4841 Apostolus:
1389 4793 1416 4819 «
1464 4770 1611 4834 Quid
1646 4772 1853 4843 inquit,

203 4861 354 4918 mihi
391 4860 591 4928 dehis,
617 4860 717 4931 qui
740 4860 880 4915 foris
901 4864 1057 4924 sunt,
1075 4858 1385 4929 judicare?
1406 4860 1453 4929 (I
1475 4859 1593 4915 Cor.
1614 4878 1664 4931 v,
1691 4862 1801 4931 12.)
1827 4884 1854 4910 ››

196 4950 351 5007 Nam
381 4950 444 5004 in
477 4965 596 5005 una
615 4951 788 5004 domo
810 4964 1013 5003 omnes
1036 4948 1146 5003 sub
1174 4964 1290 5002 uno
1313 4954 1452 5003 sunt
1472 4950 1857 5005 nomine.Uno

196 5041 358 5094 enim
388 5038 625 5093 Domini
658 5038 749 5092 sui
772 5035 1007 5091 nomine
1029 5040 1343 5091 censentur
1370 5038 1856 5094 omnes.Mundus

198 5133 401 5184 autem
435 5127 677 5183 diversa
707 5125 1087 5198 protessionis
1119 5127 1375 5180 continet
1396 5125 1769 5192 homines,ita
1795 5132 1856 5181 ut

200 5218 470 5288 dispares
499 5217 888 5288 proﬁteantur
936 5230 997 5268 se
1045 5214 1257 5269 habere
1309 5214 1446 5269 deos
1479 5219 1533 5269 et
1564 5216 1852 5270 dominos.

198 5306 325 5363 Non
358 5322 497 5379 ergo
530 5306 775 5361 domum
810 5318 1081 5373 magnam
1106 5304 1392 5357 mundum
1428 5303 1590 5372 dixit,
1624 5305 1723 5359 sed
1758 5305 1856 5358 Ee-

274 5432 322 5557 ΣΙ
336 5432 462 5502 322)
484 5430 545 5486 In
569 5430 698 5486 cod.
751 5425 1056 5496 impressis
1095 5427 1253 5496 post!
1270 5425 1509 5479 verbum
1533 5430 1623 5495 sit,
1646 5426 1857 5497 legitur

306 5511 397 5557 eat
422 5513 608 5557 tamen
656 5515 795 5555 vasa
857 5498 1037 5557 lignea
1091 5507 1141 5552 et
1190 5498 1407 5557 ﬁctilia.
1468 5498 1570 5551 Hoc
1614 5500 1777 5552 modo
1807 5499 1856 5549 rt

198 5498 397 5559 habeat
422 5498 608 5561 tamen
656 5515 795 5555 vasa
857 5498 1037 5566 lignea
1091 5507 1141 5552 et
1189 5498 1407 5565 ﬁctilia.
1468 5498 1570 5551 Hoc
1614 5500 1777 5552 modo
1807 5499 1856 5549 rt

198 5575 450 5647 Ecclesia,
511 5587 805 5649 quaquam
852 5572 1041 5624 sancta
1097 5568 1337 5633 dicatur,
1378 5566 1535 5621 habet
1564 5572 1769 5634 tamen,
1801 5571 1857 5621 et

1967 4600 2057 4656 sui
2086 4606 2315 4655 tantum
2349 4593 3451 4665 amatores,avari,insolentes,superbi,
3482 4594 3607 4650 bla-

1967 4686 2562 4760 sphemi,parentibus
2584 4702 2699 4740 non
2722 4685 3129 4755 obsequentes,
3154 4681 3385 4753 ingrati,
3419 4682 3607 4755 impii,

1966 4778 2091 4832 sine
2110 4774 2714 4843 ﬁde,sinedilectione,
2730 4770 3610 4838 criminatores,incontinentes,

1964 4866 2241 4935 immites,
2264 4866 2551 4919 bonorum
2578 4863 2819 4931 inimici,
2843 4861 3188 4933 proditores,
3216 4860 3487 4931 protervi,
3519 4863 3613 4914 tu-

1966 4953 2130 5019 midi,
2164 4954 2526 5023 voluptatum
2549 4955 2838 5006 amatores
2862 4949 3050 5022 magis
3071 4966 3248 5020 quam
3267 4947 3617 5014 Dei,haben-

1964 5044 2053 5095 tes
2084 5042 2328 5095 formam
2364 5036 2617 5108 pietatis,
2651 5039 2922 5092 virtutem
2979 5038 3107 5107 ejus
3138 5036 3513 5107 abnegantes.
3547 5037 3614 5092 Et

1965 5129 2073 5183 hos
2105 5129 2314 5182 devita.
2354 5150 2373 5173 ι»
2410 5123 2717 5191 PrOphetia
2745 5130 2832 5179 est
2862 5124 2981 5178 haec
3028 5124 3213 5178 sancti
3238 5122 3518 5194 Apostoli,
3551 5123 3610 5177 in

1966 5234 2080 5287 qua
2093 5215 2352 5286 pravidit
2366 5215 2587 5281 quanta
2600 5212 2752 5266 mala
2768 5214 2965 5266 futura
2978 5216 3171 5265 essent
3187 5211 3611 5276 haereticorum,

1966 5308 2163 5357 essent
2193 5308 2249 5357 et
2275 5299 2635 5356 Judzeorum.
2671 5306 2738 5355 1n
2783 5299 2873 5355 his
2904 5299 3060 5354 enim
3092 5299 3290 5353 omnia
3319 5299 3456 5365 ista,
3489 5316 3613 5372 qua:

1966 5423 2209 5491 reliqua,
2242 5439 2370 5493 qua:
2394 5427 2755 5493 sequuntur.

2037 5490 2218 5565 (1323)
2243 5490 2632 5565 Pmnt’teatiam
2659 5492 2876 5549 habent
2894 5508 3096 5547 omnes
3117 5490 3416 5563 lectiones,
3432 5493 3532 5549 sed
3554 5491 3613 5545 in

1966 5569 2162 5619 nostro
2193 5561 2320 5623 cod.
2354 5561 2689 5633 patientiam
2717 5567 2944 5639 legitur.
