3978 6210
276 317 397 378 697

853 316 1267 382 EXPOSITIO
1310 320 1390 380 ΙΝ
1436 314 1863 380 EPISTOLAS
1908 311 2168 376 PAULI.
2202 344 2281 358 -
2313 313 2388 374 ΙΝ
2435 314 2684 378 EPIST.
2731 315 2783 375 ll
2829 314 2929 375 AD
2973 312 3139 376 TIM.

3580 316 3697 378 698

280 452 632 522 opportune,
695 449 1031 522 importune
1062 453 1267 523 (1327),
1312 469 1510 525 argue,
1562 452 1813 517 hortare,
1846 449 1937 505 in-
1968 446 2025 512 Α
2050 447 2335 514 coronari,
2360 449 2497 519 quia
2527 449 2681 507 Deus
2703 450 2906 521 justus
2930 449 3111 519 judex
3137 447 3300 504 dabit
3327 448 3697 520 amplissima

278 555 477 610 crepa,
510 540 572 594 in
604 540 767 594 omni
820 540 1305 612 magnanimitate
1336 548 1392 597 et
1423 543 1709 597 doctrina.
1736 564 1765 592 »
1796 540 1937 595 Tam

276 626 533 684 sollicite
550 629 796 683 mandat
817 629 1088 685 inviolate
1112 632 1547 701 prazdicandnm
1576 631 1672 685 Dei
1694 630 1936 697 donum,

277 724 349 773 ut
376 735 515 773 cum
546 720 866 774 testatione
897 720 996 775 Dei
1045 720 1255 783 Patris,
1287 724 1343 775 et
1372 720 1581 775 Christi
1631 718 1758 774 Filii
1787 718 1935 787 ejus,

277 806 395 861 hoc
426 813 666 863 moneat
695 809 1044 875 curandum,
1067 809 1526 880 instandnmque
1555 809 1614 863 in
1642 824 1730 877 eo,
1755 812 1818 861 ut
1843 823 1935 861 as-

276 895 458 951 sidua
518 896 951 969 praedicatione,
995 902 1051 952 et
1097 899 1301 953 crebra
1348 897 1751 968 objurgatione
1799 912 1933 950 cum

276 986 726 1056 opportunitate
752 992 1025 1058 provocet
1055 988 1126 1042 ad
1159 987 1459 1042 meliorem
1492 988 1835 1057 profectum.
1870 984 1935 1039 Et

278 1078 351 1127 ut
386 1073 617 1129 facilius
667 1075 936 1145 arguenti
991 1075 1335 1142 assentiant,
1368 1076 1492 1131 sine
1542 1074 1931 1130 amaritudine

276 1160 398 1217 hoc
427 1163 716 1233 agendum
751 1164 1040 1221 hortatur.

363 1272 394 1299 ι(
425 1251 545 1305 Erit
571 1252 723 1307 enim
760 1257 1017 1324 tempus,
1051 1270 1185 1309 cum
1218 1270 1421 1309 sanam
1456 1252 1780 1308 doctrinam
1812 1269 1926 1307 non

277 1341 679 1406 sustinebunt,
709 1342 809 1397 sed
841 1358 875 1397 a
903 1359 1012 1397 sua
1041 1343 1330 1398 desideria
1361 1343 1783 1398 coacervabunt
1813 1342 1924 1396 sibi

273 1428 615 1499 magistros,
640 1432 971 1501 prurientes
991 1432 1266 1486 auribus:
1292 1437 1349 1487 et
1372 1449 1403 1485 a
1424 1432 1662 1487 veritate
1683 1432 1920 1503 quidam

268 1517 546 1572 auditum
570 1524 847 1581 avertant,
863 1520 932 1573 ad
959 1520 1191 1575 fabulas
1216 1537 1350 1576 vero
1372 1526 1836 1576 convertentur.»
1858 1522 1925 1575 Et

269 1604 397 1659 haec
428 1604 607 1660 simili
643 1608 814 1662 modo
847 1608 1170 1679 prophetia,
1195 1615 1285 1664 est
1306 1608 1492 1664 sancti
1514 1609 1796 1681 Apostoli,
1822 1608 1921 1681 qui

268 1693 556 1765 prescius
579 1694 930 1761 futurorum,
946 1696 1287 1751 instandum
1310 1698 1367 1752 in
1392 1697 1654 1753 doctrina
1674 1696 1921 1752 sollicite

270 1782 573 1880 praecepit,
596 1784 909 1880 tit-firmati
938 1784 996 1838 in
1027 1785 1162 1856 fide,
1193 1790 1250 1840 et
1281 1787 1451 1841 bonis
1476 1786 1754 1857 operibus
1787 1802 1916 1842 cru-
1951 1814 1997 1880 B

268 1870 377 1924 diti
402 1869 461 1924 in
486 1869 799 1943 disciplina
817 1889 962 1928 sana
980 1874 1207 1929 robusti
1229 1880 1523 1942 maneant,
1540 1880 1605 1929 ut
1623 1879 1918 1946 postremo

265 1962 555 2030 tempore,
570 1976 705 2015 cum
729 1962 968 2031 quidam
993 1964 1276 2018 averitate
1296 1964 1367 2019 ad
1388 1981 1642 2020 errorem
1665 1966 1919 2021 converti

265 2048 575 2119 cceperint,
608 2049 941 2105 immobiles
973 2059 1359 2122 perseverent.
1384 2053 1555 2109 Tales
1591 2054 1746 2108 enim
1780 2054 1919 2109 dicit

265 2135 632 2207 futuros,qni
661 2155 764 2209 pro
795 2139 1097 2195 desideriis
1127 2141 1252 2196 suis
1271 2142 1461 2197 doceri
1489 2158 1551 2197 se
1573 2143 1765 2209 velint,
1792 2148 1857 2197 ut
1885 2161 1919 2198 a
1958 2190 1965 2196 .

263 2224 576 2295 magistris
594 2227 1093 2298 constantibus,et
1113 2230 1416 2285 veracibus
1438 2232 1509 2286 ad
1541 2232 1646 2287 hos
1678 2248 1914 2289 conver-

260 2316 496 2379 tantur,
513 2315 610 2383 qui
634 2314 753 2369 hac
785 2315 915 2372 illos
936 2318 1201 2381 doceant,
1230 2335 1356 2389 qua
1377 2319 1624 2376 libenter
1648 2322 1913 2389 audiant,

263 2400 420 2470 quia
447 2401 657 2457 veritas
682 2402 801 2459 illis
830 2422 1038 2476 aspera
1056 2407 1304 2476 videtur,
1330 2413 1394 2463 ut
1414 2409 1617 2465 relicta
1647 2427 1791 2466 sana
1818 2412 1916 2466 do-

264 2488 463 2543 ctrina
494 2489 700 2546 fabulis
728 2499 949 2549 vacent.
987 2494 1205 2550 Nolunt
1241 2498 1395 2552 enim
1442 2500 1606 2570 argui
1657 2500 1915 2572 maligna

259 2592 448 2648 opera
477 2595 583 2633 sua
613 2595 627 2633 :
660 2597 841 2651 quare
884 2583 1030 2638 tales
1060 2584 1267 2640 volunt
1298 2586 1629 2659 magistros,
1663 2588 1763 2659 qui
1791 2606 1910 2643 ser-

259 2666 425 2721 viant
455 2669 722 2725 moribus
752 2687 975 2726 eorum.
1008 2674 1288 2728 Pruriunt
1307 2675 1462 2730 enim
1486 2693 1656 2731 aures
1686 2693 1910 2745 eorum,

262 2758 331 2808 ut
361 2754 606 2810 audiant
648 2758 874 2814 fabulas
913 2761 1236 2817 vanitatum
1282 2764 1633 2836 compositas
1664 2767 1773 2820 sub
1809 2782 1911 2819 no-

266 2842 427 2898 mine
455 2844 975 2918 doctrinae,quibus
999 2849 1375 2908 delectentur.
1393 2854 1554 2918 Quod
1580 2853 1758 2910 nullis
1791 2859 1911 2910 tam

264 2932 569 3004 proprium
602 2940 711 3005 est,
731 2954 907 3007 quam
939 2938 1406 3014 Manichaeis,qui
1440 2943 1633 2999 nescio
1656 2962 1781 3015 quae
1809 2944 1911 3001 ha-

257 3019 403 3076 bent
432 3020 664 3079 diversa
692 3032 1023 3084 commenta
1065 3028 1283 3085 inﬂatis
1315 3031 1652 3089 nominibus
1684 3051 1909 3089 nuncu-

252 3115 417 3182 pata,
441 3128 575 3167 cum
602 3112 720 3169 sint
750 3130 841 3170 res
867 3116 1101 3185 frivolas,
1124 3124 1181 3173 et
1201 3122 1469 3191 quaedam
1503 3122 1903 3179 deliramenta.

2050 537 2289 607 praemia
2328 538 2705 611 diligentibus
2737 556 2817 604 se,
2850 543 2906 594 et
2953 538 3429 610 exspectantibus
3482 538 3693 594 Filium

2047 626 2176 696 ejus
2207 628 2276 681 de
2306 628 2486 684 ccnlis.

2119 739 2145 764 ‹‹
2180 716 2474 773 Sollicitus
2504 723 2624 773 esto
2646 720 2839 774 venire
2862 720 2930 773 ad
2958 735 3050 774 me
3076 735 3253 790 quam
3288 718 3564 790 primum.
3590 723 3690 773 De-

2049 821 2173 860 mas
2205 806 2360 861 enim
2395 824 2486 862 me
2516 807 2842 878 dereliquit,
2878 808 3126 879 diligens
3158 809 3264 863 hoc
3297 808 3600 877 saeculum,
3631 814 3687 862 et

2045 894 2187 949 abiit
2206 895 2703 964 Thessalonicam,
2725 900 2999 953 Crescens
3020 897 3078 951 in
3107 897 3415 967 Galatiam,
3432 898 3599 953 Titus
3625 897 3684 952 in

2046 984 2411 1041 Dalmatiam.
2438 987 2621 1041 Lucas
2644 992 2731 1041 est
2754 1003 2982 1042 mecum
3010 986 3190 1041 solus.
3219 987 3477 1041 Marcum
3510 1004 3683 1042 assu-

2044 1088 2154 1136 me,
2180 1078 2236 1128 et
2266 1075 2454 1129 adhuc
2489 1080 2678 1130 tecum
2705 1092 2717 1129 :
2747 1081 2837 1130 est
2868 1076 3023 1131 enim
3049 1075 3190 1131 mihi
3225 1075 3384 1130 utilis
3416 1075 3472 1129 in
3509 1075 3683 1129 mini-

2040 1162 2238 1217 sterio.
2289 1163 2606 1234 Tychicum
2666 1170 2863 1219 autem
2922 1165 3055 1219 misi
3116 1165 3433 1235 Ephesum.
3480 1187 3505 1211 υ
3537 1164 3681 1219 Cum

2038 1257 2263 1307 constet
2296 1268 2528 1307 omnem
2562 1253 3004 1308 instructionem
3031 1254 3185 1323 juris
3217 1253 3590 1308 ecclesiastici
3625 1253 3680 1307 in

2037 1339 2281 1409 epistola
2312 1341 2614 1405 contineri,
2650 1346 2884 1410 propter
2925 1341 3166 1395 multam
3201 1346 3395 1395 tamen
3428 1342 3679 1396 Charita—

2036 1432 2153 1482 tem
2189 1429 2554 1498 prmsentiam
2600 1431 2727 1498 ejus
2775 1431 3085 1484 desiderat:
3122 1429 3311 1483 Marco
3362 1435 3555 1483 autem
3591 1430 3676 1483 id-

2034 1515 2185 1570 circo
2217 1517 2617 1573 testimonium
2658 1518 2943 1587 perhibet,
2979 1517 3118 1588 quia
3166 1534 3391 1571 memor
3419 1523 3505 1572 est
3539 1536 3675 1589 prae-

2032 1604 2337 1680 teritorum
2362 1607 2490 1676 ejus
2520 1606 2806 1661 laborum.

2104 1717 2129 1741 ‹‹
2168 1694 2469 1759 Penulam,
2504 1711 2682 1766 quam
2714 1694 2923 1766 reliqui
2955 1695 3178 1750 Troade
3209 1695 3362 1765 apud
3398 1695 3675 1765 Carpum,

2030 1782 2269 1837 veniens
2290 1784 2740 1850 aﬂ‘er,etlibros,
2755 1784 3004 1840 maxime
3022 1790 3216 1840 autem
3240 1784 3673 1839 membranas.»

2027 1871 2340 1941 Apostolus
2362 1878 2571 1927 natura
2590 1873 2831 1929 Judasus
2856 1874 2985 1940 fuit,
3011 1878 3065 1927 et
3096 1890 3200 1929 nec
3222 1873 3545 1944 quidquam
3577 1872 3674 1928 ha-

2028 1960 2155 2015 buit
2185 1960 2459 2016 alienum.
2486 1962 2647 2017 Unde
2676 1979 2813 2033 ergo
2846 1962 2926 2016 illi
2962 1962 3212 2033 penula?
3242 1963 3349 2018 Sed
3383 1963 3516 2032 quia
3548 1967 3670 2017 erat

2026 2063 2061 2103 a
2090 2050 2287 2117 Tarso,
2321 2066 2468 2121 quos
2514 2056 2743 2106 constat
2777 2052 2832 2105 in
2884 2052 3218 2106 societatem
3272 2051 3667 2105 Romanorum

2027 2130 2307 2209 receptos,
2330 2144 2392 2193 ut
2423 2140 2491 2194 de
2520 2144 2725 2195 caatero
2755 2139 2907 2195 cives
2933 2139 3364 2211 appellarentur
3394 2139 3665 2206 Romani,

2026 2226 2238 2281 idcirco
2272 2231 2530 2297 necesse;
2549 2235 2640 2284 est
2680 2245 2778 2283 eos
2809 2234 2866 2283 et
2904 2230 3126 2284 curiam
3177 2228 3409 2294 habere,
3441 2227 3499 2282 in
3548 2246 3665 2298 qua

2026 2332 2185 2371 more
2219 2317 2614 2373 Romanorum
2642 2317 2900 2389 penulati
2933 2317 3296 2373 conveniant.
3323 2318 3665 2388 Quicunque

2021 2404 2174 2459 enim
2210 2405 2307 2460 illo
2334 2409 2595 2477 tempore
2617 2424 2749 2461 cum
2787 2406 3131 2462 muneribus
3153 2406 3380 2461 obviam
3412 2406 3668 2460 exissent

2025 2493 2323 2561 Romanis,
2366 2495 2736 2550 immunitate
2781 2501 3056 2567 perpetua
3105 2495 3502 2559 donati,cives
3553 2495 3662 2549 Ro-

2023 2584 2206 2651 mani,
2228 2590 2283 2639 et
2312 2585 2520 2640 fratres
2539 2601 2740 2639 eorum
2762 2584 3272 2655 nuncupabantur,
3296 2588 3442 2639 teste
3463 2584 3661 2638 eodem

2021 2672 2316 2743 Apostolo.
2352 2674 2546 2728 Potest
2592 2690 2727 2743 ergo
2759 2674 2903 2740 ﬁeri,
2934 2677 2997 2726 ut
3044 2674 3092 2727 si
3145 2690 3259 2727 non
3305 2690 3494 2741 suam,
3528 2672 3665 2743 quia

2021 2766 2208 2816 totum
2244 2778 2305 2816 se
2336 2761 2446 2833 legi
2480 2763 2738 2829 dederat,
2762 2762 2945 2833 patris
2978 2762 3067 2816 sui
3102 2762 3341 2817 haberet
3364 2761 3659 2833 penulam.

2098 2871 2124 2902 α
2154 2851 2475 2907 Alexander
2503 2852 2746 2907 mrarius
2785 2851 2971 2906 multa
3014 2851 3166 2905 mala
3212 2851 3355 2906 mihi
3388 2853 3659 2906 ostendit.

2023 2942 2245 2995 Reddat
2284 2942 2465 3011 (1328)
2498 2940 2579 2995 illi
2627 2942 2909 2995 Dominus
2941 2941 3264 2995 secundum
3299 2957 3474 3012 opera
3505 2957 3613 2995 sua
3646 2956 3659 2994 :

2022 3048 2195 3102 quem
2227 3036 2282 3085 et
2312 3040 2373 3085 tu
2408 3030 2812 3086 devita.Valde
2834 3030 2988 3085 enim
3014 3030 3227 3084 restitit
3246 3030 3436 3084 verbis
3458 3030 3658 3084 meis.»

2019 3117 2343 3173 Alexander
2374 3120 2503 3186 iste,
2538 3124 2593 3172 et
2627 3119 2838 3173 Demas
2877 3119 3249 3189 supradictus
3282 3116 3514 3187 colleges
3547 3118 3663 3173 fue-

336 3220 362 3252 I
385 3200 472 3255 Tu
507 3218 636 3257 vero
669 3204 901 3260 sobrius
930 3183 1157 3272 esto,'in
1181 3183 1455 3265 omnibus
1488 3211 1733 3283 patiens,
1758 3230 1905 3283 opus
1938 3183 1980 3250 Ο
2020 3213 2174 3262 runt.
2211 3208 2277 3262 Hi
2311 3207 2471 3279 prius
2491 3183 2637 3261 cum
2689 3183 2968 3277 Apostolo
2994 3211 3157 3261 erant
3199 3183 3543 3260 simulantes
3578 3206 3658 3261 illi

250 3288 344 3343 fac
366 3290 757 3362 evangelista,
784 3294 1173 3351 ministerium
1204 3303 1371 3353 tuum
1396 3300 1580 3370 exple.
1609 3301 1726 3372 Ego
1747 3302 1903 3357 enim

240 3378 371 3447 jam
405 3379 651 3449 delibor,
676 3386 733 3435 et
763 3386 994 3454 tempus
1016 3384 1324 3441 solutionis
1360 3404 1501 3443 mete
1528 3388 1759 3444 instatm
1788 3392 1903 3444 Ad-

248 3471 451 3521 monet
481 3472 540 3522 et
572 3468 853 3542 hortatur,
880 3477 943 3527 ut
964 3472 1184 3545 vigilet,
1210 3474 1266 3528 in
1298 3475 1609 3547 disciplina
1631 3478 1903 3534 ecclesia-

246 3554 397 3609 stica
425 3555 669 3613 viriliter
698 3563 853 3630 agat,
874 3560 1206 3633 Scripturas
1236 3564 1523 3635 explanat,
1550 3570 1613 3620 ut
1648 3568 1901 3638 pruden-

245 3646 358 3714 tes,
385 3649 441 3698 ct
466 3646 679 3701 eruditi
701 3647 905 3703 inanes
935 3650 1162 3706 fabulas
1185 3651 1382 3707 vitent.
1409 3654 1721 3725 Apostolus
1743 3657 1899 3712 enim

244 3732 441 3787 sciens
472 3735 805 3804 passionem
851 3754 1020 3793 suam
1066 3739 1393 3809 imminere,
1426 3744 1756 3815 exemplum
1795 3746 1901 3816 piae

245 3822 726 3893 conversationis,
751 3831 808 3880 et
858 3842 1012 3881 same
1045 3828 1323 3885 doctrinae
1356 3830 1413 3884 in
1446 3836 1649 3887 sancto
1700 3832 1895 3888 Timo-

232 3908 380 3965 theo
423 3909 548 3965 vult
594 3913 944 3985 relinquere,
978 3922 1043 3971 ut
1089 3934 1193 3988 per
1240 3922 1539 3975 traducem
1594 3939 1894 3993 nunquam

246 3998 521 4055 deessent
550 4001 815 4057 doctores
846 4004 1059 4060 idonei.
1094 4007 1310 4062 Tamen
1362 4008 1694 4079 passionem
1726 4027 1894 4067 suam

244 4085 662 4143 delibationem
686 4091 960 4163 appellat,
977 4093 1089 4149 Deo
1114 4095 1269 4150 enim
1293 4096 1651 4163 immolatur,
1669 4099 1769 4170 qui
1794 4116 1897 4171 pro

235 4175 476 4245 iustitia
501 4178 631 4248 ejus
662 4179 902 4250 patitur.

314 4286 341 4312 ‹‹
367 4264 673 4322 Certamen
696 4273 916 4324 bonum
940 4272 1174 4341 certavi,
1199 4290 1438 4330 cursum
1462 4280 1885 4353 consummavi,

242 4351 417 4408 ﬁdem
441 4355 666 4410 servavi
693 4373 706 4410 :
733 4358 887 4428 quod
914 4358 1205 4430 reliquum
1230 4368 1337 4433 est,
1362 4365 1619 4435 reposita
1639 4373 1728 4422 est
1752 4351 1899 4427 mihii

241 4456 460 4496 corona
483 4442 750 4515 justitize,
775 4462 959 4516 quam
984 4448 1187 4503 reddet
1218 4451 1362 4505 mihi
1395 4456 1678 4511 Dominus
1709 4458 1765 4512 in
1796 4460 1898 4517 illa

2016 3296 2366 3361 amicitiam;
2412 3300 2469 3350 et
2512 3295 2649 3366 quia
2679 3294 2913 3349 fallaces
2946 3299 3206 3364 tempore
3242 3294 3657 3363 probabantur,

2015 3385 2187 3441 ambo
2218 3385 2289 3438 ab
2333 3400 2399 3438 eu
2448 3388 2832 3438 recesserunt.
2867 3382 2969 3436 Hic
3016 3386 3210 3435 autem
3262 3380 3522 3451 aerarius,
3555 3384 3655 3452 qui

2015 3472 2291 3528 audacior
2342 3478 2465 3526 erat
2514 3472 2569 3525 in
2604 3470 2795 3537 malis,
2838 3470 3127 3541 sic(l329)
3161 3469 3231 3523 ab
3282 3484 3347 3522 eo
3392 3470 3650 3538 recessit,

2013 3567 2078 3615 ut
2134 3567 2189 3616 et
2246 3560 2633 3616 contradictor
2686 3560 2993 3615 verborum
3052 3560 3179 3629 ejus
3230 3559 3518 3615 existeret.
3545 3561 3653 3625 Qui

2011 3666 2146 3721 ergo
2173 3650 2446 3721 Apostolo
2478 3665 2657 3705 ausus
2689 3654 2810 3705 erat
2851 3648 3263 3713 contradicere,
3299 3665 3413 3703 non
3444 3648 3649 3703 imme-

2011 3741 2119 3795 rito
2152 3740 2485 3795 evitandbm
2536 3740 2691 3795 hunc
2726 3740 3020 3805 admonet,
3054 3738 3153 3793 Dei
3196 3737 3420 3809 judicio
3470 3737 3649 3793 istum

2009 3830 2332 3886 dimittens.

2088 3938 2108 3966 ι
2140 3918 2205 3973 In
2246 3919 2436 3989 prima
2477 3933 2606 3973 mea
2654 3918 2989 3973 defensione
3020 3930 3189 3973 nemo
3239 3916 3381 3972 mihi
3426 3918 3645 3985 adfuit;

2008 4007 2107 4062 sed
2140 4023 2344 4062 omnes
2375 4023 2466 4061 me
2488 4006 2943 4076 dereliquerunt.
2977 4006 3098 4061 Non
3122 4005 3239 4059 illis
3271 4006 3644 4075 imputetur.»

2008 4100 2371 4164 Prsssuram,
2392 4101 2447 4149 et
2467 4094 2870 4148 tribulationes
2894 4094 3003 4147 sibi
3029 4093 3236 4158 illatas,
3251 4093 3648 4148 defensionem

2008 4201 2176 4241 suam
2210 4188 2531 4254 nuncupat.
2561 4181 2757 4237 Passio
2780 4182 2936 4237 enim
2960 4181 3305 4236 Christianis
3326 4182 3443 4235 vita
3464 4187 3570 4251 cst,
3594 4188 3651 4237 et

2009 4271 2332 4344 persecuito
2355 4271 2634 4326 defensio.
2658 4270 2937 4325 Pressura
2967 4269 3119 4324 enim
3155 4268 3315 4323 illata
3348 4286 3448 4340 pro
3473 4271 3649 4340 justi-

2007 4362 2087 4418 tia
2120 4361 2388 4417 defendet
2421 4358 2582 4414 illum
2633 4359 2689 4413 in
2741 4359 2834 4413 die
2859 4357 3087 4427 judicii,
3121 4375 3248 4412 reos
3286 4357 3647 4415 constituens

2007 4452 2274 4523 perfidos.
2299 4451 2452 4505 Inter
2467 4450 2596 4521 ipsa
2612 4464 2747 4519 ergo
2766 4448 2934 4503 initia
2952 4446 3126 4502 illata
3146 4462 3429 4517 pressura:
3447 4448 3645 4503 dereli-

241 4529 337 4585 die
352 4530 774 4602 justusjudex.
800 4534 927 4591 Non
948 4535 1139 4591 solum
1162 4543 1357 4595 autem
1381 4541 1546 4607 mihi,
1575 4547 1673 4600 sed
1698 4552 1754 4601 et
1774 4548 1887 4618 his,
1922 4548 1967 4611 D
1999 4546 2156 4596 ctum
2182 4556 2242 4594 se
2258 4538 2635 4609 conqueritur
2650 4554 2664 4605 ;
2679 4542 2735 4591 et
2751 4537 2889 4608 quia
2904 4536 3013 4591 scit
3029 4535 3176 4589 hanc
3193 4551 3321 4590 esse
3338 4541 3646 4591 consuetu-

242 4618 347 4688 qui
382 4617 635 4690 diligunt
664 4622 978 4678 adventum
1010 4625 1157 4697 ejus.
1185 4648 1213 4677 υ
1245 4627 1475 4701 Omnia,
1510 4649 1639 4704 quae
1670 4636 1807 4706 sibi,
1837 4617 1895 4695 et

244 4706 474 4761 caeteris
502 4709 685 4781 utilia,
715 4716 772 4765 et
817 4728 1095 4784 prospera
1137 4724 1353 4789 essent,
1385 4737 1649 4779 servasse
1677 4743 1738 4781 se
1770 4745 1889 4782 me-

244 4801 456 4851 morat.
499 4797 621 4853 Non
673 4798 865 4855 solum
897 4802 1054 4857 enim
1084 4806 1297 4874 verbis,
1322 4814 1410 4863 set
1438 4816 1495 4865 et
1524 4811 1583 4866 in
1614 4815 1893 4885 operibus

237 4886 489 4941 formam
520 4903 584 4943 se
614 4889 863 4959 praebuit
908 4891 1304 4961 audientibus,
1329 4902 1394 4952 ut
1423 4904 1479 4953 et
1526 4904 1746 4957 auctori
1781 4922 1887 4961 suo

235 4974 491 5029 veritate
507 4976 942 5047 praedicationis
970 4978 1165 5037 ﬁdelis
1188 4984 1565 5055 dispensator
1594 4990 1885 5061 existeret,

229 5066 529 5117 et‘contra
556 5064 763 5118 mundi
786 5066 1100 5139 principes,
1123 5076 1183 5126 et
1205 5079 1522 5143 potestates
1544 5080 1701 5133 omni
1734 5081 1888 5136 solli-

230 5150 514 5238 citudine,
527 5155 587 5208 et
608 5150 819 5223 peritia
832 5153 1201 5229 colluctatus,
1222 5164 1575 5235 exemplum,
1594 5170 1884 5238 quomodo

231 5235 630 5309 vincerentur,
663 5239 1046 5327 relinqueret;
1081 5251 1137 5300 et
1186 5254 1250 5304 ut
1298 5250 1572 5309 inviolata
1597 5235 1883 5327 doctrina,

236 5331 293 5382 et
318 5326 892 5400 agenislagitimum
929 5337 1223 5391 certamen
1254 5338 1463 5409 dignos
1506 5342 1640 5397 illos
1674 5344 1887 5403 faceret

306 5450 786 5533 (i327)AVerbum
828 5455 1157 5533 importune,
1188 5463 1341 5531 quod
1370 5462 1426 5517 in
1458 5467 1582 5521 cod.
1608 5468 1788 5533 deest,
1818 5486 1885 5523 ex

240 5519 427 5590 Vulg.,
464 5519 523 5580 et
553 5523 785 5579 caeteris
814 5519 1192 5586 restituimus.

302 5593 491 5667 (13289
522 5593 697 5664 Vulg.
726 5593 929 5651 reddet.

2002 4629 2223 4695 dinem,
2248 4642 2361 4684 non
2388 4626 2504 4683 illis
2539 4626 2659 4681 vult
2680 4625 2980 4698 imputari,
3012 4624 3149 4695 quia
3177 4629 3233 4679 et
3264 4624 3577 4680 Dominum
3612 4642 3645 4680 a

2000 4717 2220 4771 Judreis
2247 4715 2678 4788 apprehensum
2702 4713 2970 4787 discipuli
2999 4713 3361 4785 reliquerunt
3388 4730 3400 4769 :
3425 4714 3642 4786 quippe

2000 4821 2133 4860 cum
2166 4805 2453 4875 scriptum
2486 4805 2563 4859 sit
2595 4805 2652 4858 in
2685 4804 3003 4876 propheta:
3035 4828 3059 4851 ‹‹
3088 4804 3414 4858 Percutiam
3449 4809 3639 4874 pasto-

1999 4909 2153 4959 rem;
2188 4898 2247 4948 et
2276 4894 2686 4964 dispergentur
2715 4910 2847 4949 oves
2878 4893 3072 4965 gregis
3103 4894 3284 4965 (Zach.
3310 4911 3433 4964 xm,
3466 4894 3543 4964 7).
3574 4916 3602 4942 ››

2070 5004 2097 5031 ‹‹
2129 4983 2408 5037 Dominus
2440 4988 2634 5037 autem
2663 4982 2853 5036 astitit
2883 4982 3046 5049 mihi,
3070 4988 3127 5037 et
3148 4983 3491 5038 confortavit
3522 5000 3638 5051 me,

1997 5074 2062 5124 ut
2093 5087 2192 5141 per
2223 5086 2315 5123 me
2358 5070 2689 5139 praedicatio
2732 5071 3095 5140 impleretur,
3128 5078 3184 5126 et
3214 5073 3483 5126 audirent
3513 5088 3637 5125 om-

1997 5173 2107 5213 nes
2131 5162 2351 5228 gentes.
2378 5178 2405 5205 »
2433 5158 2670 5228 Propter
2701 5160 2853 5228 quod
2888 5159 3118 5214 Domini
3159 5161 3371 5215 Christi
3403 5159 3637 5214 auxiliis

1998 5248 2291 5300 munitum
2316 5259 2377 5297 se
2400 5244 2562 5313 dicit,
2577 5250 2634 5299 et
2664 5251 2899 5300 auctum
2931 5246 3162 5315 virtute,
3190 5254 3252 5303 ut
3282 5248 3638 5321 praedicatio-

1997 5349 2132 5388 nem
2163 5330 2431 5401 impleret
2460 5332 2520 5384 in
2543 5334 2819 5388 omnibus
2840 5335 3143 5404 gentibus;
3177 5337 3389 5393 idcirco
3414 5337 3635 5409 ignosci

2030 5473 2248 5596 ,(1323)
2280 5470 2486 5534 Verba,
2520 5472 2672 5527 hic...
2705 5476 2803 5536 sic,
2836 5476 3062 5541 adjecta
3104 5479 3261 5534 fuere
3290 5497 3357 5535 ex
3390 5480 3632 5552 impres-

2030 5560 2077 5596 ιε
2108 5560 2172 5596 co
2223 5584 2234 5595 .

1996 5560 2077 5598 SXS
2108 5560 2234 5597 COO.
