  <div class='ocr_page' id='page_1' title='image "/cluster/home/n/w/nwhite01/storage/ocr_20150623/134-135/uva.x000829784/399.png"; bbox 0 0 3978 6210; ppageno 0'>
   <div class='ocr_carea' id='block_1_1' title="bbox 351 320 469 383">
    <p class='ocr_par' dir='ltr' id='par_1_1' title="bbox 351 320 469 383">
     <span class='ocr_line' id='line_1_1' title="bbox 351 320 469 383; baseline 0.017 -2"><span class='ocrx_word' id='word_1_1' title='bbox 351 320 469 383; x_wconf 85' lang='grc'><strong>699</strong></span> 
     </span>
    </p>
   </div>
   <div class='ocr_carea' id='block_1_2' title="bbox 1368 325 2720 394">
    <p class='ocr_par' dir='ltr' id='par_1_2' title="bbox 1368 325 2720 394">
     <span class='ocr_line' id='line_1_2' title="bbox 1368 325 2720 394; baseline -0.003 -2"><span class='ocrx_word' id='word_1_2' title='bbox 1368 331 1701 394; x_wconf 83' lang='lat' dir='ltr'><strong>ATTONIS</strong></span> <span class='ocrx_word' id='word_1_3' title='bbox 1745 329 2324 394; x_wconf 80' lang='lat' dir='ltr'><strong>VERCELLENSIS</strong></span> <span class='ocrx_word' id='word_1_4' title='bbox 2370 325 2720 390; x_wconf 87' lang='lat' dir='ltr'><strong>EPISCOPI</strong></span> 
     </span>
    </p>
   </div>
   <div class='ocr_carea' id='block_1_3' title="bbox 3636 322 3763 383">
    <p class='ocr_par' dir='ltr' id='par_1_3' title="bbox 3636 322 3763 383">
     <span class='ocr_line' id='line_1_3' title="bbox 3636 322 3763 383; baseline 0.031 -3"><span class='ocrx_word' id='word_1_5' title='bbox 3636 322 3763 383; x_wconf 84' lang='lat'><strong>700</strong></span> 
     </span>
    </p>
   </div>
   <div class='ocr_carea' id='block_1_4' title="bbox 355 452 3767 531">
    <p class='ocr_par' dir='ltr' id='par_1_4' title="bbox 355 452 3767 531">
     <span class='ocr_line' id='line_1_4' title="bbox 355 452 3767 531; baseline -0 -20"><span class='ocrx_word' id='word_1_6' title='bbox 355 456 504 528; x_wconf 98' lang='lat' dir='ltr'><strong>petit</strong></span> <span class='ocrx_word' id='word_1_7' title='bbox 531 455 636 523; x_wconf 90' lang='lat' dir='ltr'><strong>eis,</strong></span> <span class='ocrx_word' id='word_1_8' title='bbox 669 475 702 513; x_wconf 91' lang='lat' dir='ltr'><strong>a</strong></span> <span class='ocrx_word' id='word_1_9' title='bbox 733 457 949 530; x_wconf 80' lang='lat' dir='ltr'><strong>quibus</strong></span> <span class='ocrx_word' id='word_1_10' title='bbox 977 459 1290 517; x_wconf 88' lang='lat' dir='ltr'><strong>derelictus</strong></span> <span class='ocrx_word' id='word_1_11' title='bbox 1327 468 1419 518; x_wconf 88' lang='lat' dir='ltr'><strong>est</strong></span> <span class='ocrx_word' id='word_1_12' title='bbox 1448 464 1508 519; x_wconf 91' lang='lat' dir='ltr'><strong>in</strong></span> <span class='ocrx_word' id='word_1_13' title='bbox 1542 465 1906 531; x_wconf 83' lang='lat' dir='ltr'><strong>necessitate,</strong></span> <span class='ocrx_word' id='word_1_14' title='bbox 1939 468 2006 518; x_wconf 89' lang='lat' dir='ltr'><strong>ut</strong></span> <span class='ocrx_word' id='word_1_15' title='bbox 2035 465 2090 530; x_wconf 77' lang='grc' dir='ltr'><strong>Α</strong></span> <span class='ocrx_word' id='word_1_16' title='bbox 2120 462 2380 518; x_wconf 89' lang='lat' dir='ltr'><strong>domum.</strong></span> <span class='ocrx_word' id='word_1_17' title='bbox 2433 461 2674 516; x_wconf 89' lang='lat' dir='ltr'><strong>Erastus</strong></span> <span class='ocrx_word' id='word_1_18' title='bbox 2715 456 2998 515; x_wconf 81' lang='lat' dir='ltr'><strong>remansit</strong></span> <span class='ocrx_word' id='word_1_19' title='bbox 3043 453 3330 512; x_wconf 81' lang='lat' dir='ltr'><strong>Corinthi.</strong></span> <span class='ocrx_word' id='word_1_20' title='bbox 3374 452 3767 526; x_wconf 85' lang='lat' dir='ltr'><strong>Trophimum</strong></span> 
     </span>
    </p>
   </div>
   <div class='ocr_carea' id='block_1_5' title="bbox 359 545 2002 625">
    <p class='ocr_par' dir='ltr' id='par_1_5' title="bbox 359 545 2002 625">
     <span class='ocr_line' id='line_1_5' title="bbox 359 545 2002 625; baseline 0.005 -26"><span class='ocrx_word' id='word_1_21' title='bbox 359 545 506 600; x_wconf 88' lang='lat' dir='ltr'><strong>bene</strong></span> <span class='ocrx_word' id='word_1_22' title='bbox 546 551 820 618; x_wconf 90' lang='lat' dir='ltr'><strong>acceptus</strong></span> <span class='ocrx_word' id='word_1_23' title='bbox 851 565 883 603; x_wconf 92' lang='lat' dir='ltr'><strong>a</strong></span> <span class='ocrx_word' id='word_1_24' title='bbox 913 549 1048 618; x_wconf 90' lang='lat' dir='ltr'><strong>Deo,</strong></span> <span class='ocrx_word' id='word_1_25' title='bbox 1079 548 1398 606; x_wconf 78' lang='lat' dir='ltr'><strong>vindictam</strong></span> <span class='ocrx_word' id='word_1_26' title='bbox 1447 569 1559 607; x_wconf 92' lang='lat' dir='ltr'><strong>non</strong></span> <span class='ocrx_word' id='word_1_27' title='bbox 1611 559 1852 625; x_wconf 72' lang='lat' dir='ltr'><strong>quaerat.</strong></span> <span class='ocrx_word' id='word_1_28' title='bbox 1888 553 2002 608; x_wconf 87' lang='lat' dir='ltr'><strong>Hac</strong></span> 
     </span>
    </p>
   </div>
   <div class='ocr_carea' id='block_1_6' title="bbox 360 635 2005 713">
    <p class='ocr_par' dir='ltr' id='par_1_6' title="bbox 360 635 2005 713">
     <span class='ocr_line' id='line_1_6' title="bbox 360 635 2005 713; baseline 0.005 -25"><span class='ocrx_word' id='word_1_29' title='bbox 360 635 515 688; x_wconf 91' lang='lat' dir='ltr'><strong>enim</strong></span> <span class='ocrx_word' id='word_1_30' title='bbox 549 652 726 690; x_wconf 86' lang='lat' dir='ltr'><strong>causa</strong></span> <span class='ocrx_word' id='word_1_31' title='bbox 753 636 1006 708; x_wconf 81' lang='lat' dir='ltr'><strong>amplius</strong></span> <span class='ocrx_word' id='word_1_32' title='bbox 1037 639 1304 708; x_wconf 87' lang='lat' dir='ltr'><strong>adjutum</strong></span> <span class='ocrx_word' id='word_1_33' title='bbox 1338 658 1398 696; x_wconf 89' lang='lat' dir='ltr'><strong>se</strong></span> <span class='ocrx_word' id='word_1_34' title='bbox 1429 643 1613 696; x_wconf 87' lang='lat' dir='ltr'><strong>credit</strong></span> <span class='ocrx_word' id='word_1_35' title='bbox 1644 660 1677 696; x_wconf 90' lang='lat' dir='ltr'><strong>a</strong></span> <span class='ocrx_word' id='word_1_36' title='bbox 1705 644 1841 712; x_wconf 91' lang='lat' dir='ltr'><strong>Deo,</strong></span> <span class='ocrx_word' id='word_1_37' title='bbox 1866 642 2005 713; x_wconf 83' lang='lat' dir='ltr'><strong>quia</strong></span> 
     </span>
    </p>
   </div>
   <div class='ocr_carea' id='block_1_7' title="bbox 363 723 1288 783">
    <p class='ocr_par' dir='ltr' id='par_1_7' title="bbox 363 723 1288 783">
     <span class='ocr_line' id='line_1_7' title="bbox 363 723 1288 783; baseline 0.006 -6"><span class='ocrx_word' id='word_1_38' title='bbox 363 723 670 779; x_wconf 89' lang='lat' dir='ltr'><strong>derelictus</strong></span> <span class='ocrx_word' id='word_1_39' title='bbox 699 730 787 780; x_wconf 93' lang='lat' dir='ltr'><strong>est</strong></span> <span class='ocrx_word' id='word_1_40' title='bbox 818 726 890 780; x_wconf 90' lang='lat' dir='ltr'><strong>ab</strong></span> <span class='ocrx_word' id='word_1_41' title='bbox 930 726 1288 783; x_wconf 90' lang='lat' dir='ltr'><strong>hominibus.</strong></span> 
     </span>
    </p>
   </div>
   <div class='ocr_carea' id='block_1_8' title="bbox 435 813 2004 877">
    <p class='ocr_par' dir='ltr' id='par_1_8' title="bbox 435 813 2004 877">
     <span class='ocr_line' id='line_1_8' title="bbox 435 813 2004 877; baseline 0.006 -12"><span class='ocrx_word' id='word_1_42' title='bbox 435 836 463 862; x_wconf 84' lang='lat'><strong>«</strong></span> <span class='ocrx_word' id='word_1_43' title='bbox 497 814 564 868; x_wconf 88' lang='lat' dir='ltr'><strong>Et</strong></span> <span class='ocrx_word' id='word_1_44' title='bbox 593 813 873 869; x_wconf 89' lang='lat' dir='ltr'><strong>liberatus</strong></span> <span class='ocrx_word' id='word_1_45' title='bbox 907 832 1036 871; x_wconf 91' lang='lat' dir='ltr'><strong>sum</strong></span> <span class='ocrx_word' id='word_1_46' title='bbox 1088 817 1158 872; x_wconf 91' lang='lat' dir='ltr'><strong>de</strong></span> <span class='ocrx_word' id='word_1_47' title='bbox 1207 833 1306 873; x_wconf 91' lang='lat' dir='ltr'><strong>ore</strong></span> <span class='ocrx_word' id='word_1_48' title='bbox 1356 819 1559 877; x_wconf 84' lang='lat' dir='ltr'><strong>leonis.</strong></span> <span class='ocrx_word' id='word_1_49' title='bbox 1596 821 1882 875; x_wconf 80' lang='lat' dir='ltr'><strong>Liberavit</strong></span> <span class='ocrx_word' id='word_1_50' title='bbox 1912 837 2004 875; x_wconf 91' lang='lat' dir='ltr'><strong>me</strong></span> 
     </span>
    </p>
   </div>
   <div class='ocr_carea' id='block_1_9' title="bbox 365 901 2003 978">
    <p class='ocr_par' dir='ltr' id='par_1_9' title="bbox 365 901 2003 978">
     <span class='ocr_line' id='line_1_9' title="bbox 365 901 2003 978; baseline 0.005 -23"><span class='ocrx_word' id='word_1_51' title='bbox 365 901 645 958; x_wconf 87' lang='lat' dir='ltr'><strong>Dominus</strong></span> <span class='ocrx_word' id='word_1_52' title='bbox 675 903 748 958; x_wconf 93' lang='lat' dir='ltr'><strong>ab</strong></span> <span class='ocrx_word' id='word_1_53' title='bbox 778 905 936 958; x_wconf 91' lang='lat' dir='ltr'><strong>omni</strong></span> <span class='ocrx_word' id='word_1_54' title='bbox 977 921 1147 975; x_wconf 86' lang='lat' dir='ltr'><strong>Opere</strong></span> <span class='ocrx_word' id='word_1_55' title='bbox 1193 906 1365 978; x_wconf 90' lang='lat' dir='ltr'><strong>malo,</strong></span> <span class='ocrx_word' id='word_1_56' title='bbox 1399 914 1456 964; x_wconf 90' lang='lat' dir='ltr'><strong>et</strong></span> <span class='ocrx_word' id='word_1_57' title='bbox 1485 909 1711 964; x_wconf 91' lang='lat' dir='ltr'><strong>salvum</strong></span> <span class='ocrx_word' id='word_1_58' title='bbox 1744 909 1916 964; x_wconf 82' lang='lat' dir='ltr'><strong>faciet</strong></span> <span class='ocrx_word' id='word_1_59' title='bbox 1946 909 2003 963; x_wconf 92' lang='lat' dir='ltr'><strong>in</strong></span> 
     </span>
    </p>
   </div>
   <div class='ocr_carea' id='block_1_10' title="bbox 364 991 2003 1067">
    <p class='ocr_par' dir='ltr' id='par_1_10' title="bbox 364 991 2003 1067">
     <span class='ocr_line' id='line_1_10' title="bbox 364 991 2003 1067; baseline 0.004 -22"><span class='ocrx_word' id='word_1_60' title='bbox 364 1006 541 1062; x_wconf 90' lang='lat' dir='ltr'><strong>regno</strong></span> <span class='ocrx_word' id='word_1_61' title='bbox 571 1007 678 1045; x_wconf 92' lang='lat' dir='ltr'><strong>suo</strong></span> <span class='ocrx_word' id='word_1_62' title='bbox 709 991 944 1047; x_wconf 78' lang='lat' dir='ltr'><strong>cmlesti.</strong></span> <span class='ocrx_word' id='word_1_63' title='bbox 978 994 1080 1049; x_wconf 88' lang='lat' dir='ltr'><strong>Cui</strong></span> <span class='ocrx_word' id='word_1_64' title='bbox 1115 994 1293 1067; x_wconf 84' lang='lat' dir='ltr'><strong>gloria</strong></span> <span class='ocrx_word' id='word_1_65' title='bbox 1325 998 1382 1051; x_wconf 90' lang='lat' dir='ltr'><strong>in</strong></span> <span class='ocrx_word' id='word_1_66' title='bbox 1415 1004 1714 1053; x_wconf 68' lang='lat' dir='ltr'><strong>aeternum.</strong></span> <span class='ocrx_word' id='word_1_67' title='bbox 1743 1005 1949 1052; x_wconf 86' lang='lat' dir='ltr'><strong>Amen.</strong></span> <span class='ocrx_word' id='word_1_68' title='bbox 1975 1021 2003 1045; x_wconf 84' lang='lat'>»</span> 
     </span>
    </p>
   </div>
   <div class='ocr_carea' id='block_1_11' title="bbox 364 1079 2008 1158">
    <p class='ocr_par' dir='ltr' id='par_1_11' title="bbox 364 1079 2008 1158">
     <span class='ocr_line' id='line_1_11' title="bbox 364 1079 2008 1158; baseline 0.004 -24"><span class='ocrx_word' id='word_1_69' title='bbox 364 1079 643 1134; x_wconf 87' lang='lat' dir='ltr'><strong>Similiter</strong></span> <span class='ocrx_word' id='word_1_70' title='bbox 700 1081 841 1135; x_wconf 89' lang='lat' dir='ltr'><strong>dicit</strong></span> <span class='ocrx_word' id='word_1_71' title='bbox 896 1087 954 1136; x_wconf 89' lang='lat' dir='ltr'><strong>et</strong></span> <span class='ocrx_word' id='word_1_72' title='bbox 1000 1087 1204 1139; x_wconf 86' lang='lat' dir='ltr'><strong>Petrus</strong></span> <span class='ocrx_word' id='word_1_73' title='bbox 1254 1087 1623 1157; x_wconf 89' lang='lat' dir='ltr'><strong>coapostolus</strong></span> <span class='ocrx_word' id='word_1_74' title='bbox 1669 1089 1817 1158; x_wconf 86' lang='lat' dir='ltr'><strong>ejus,</strong></span> <span class='ocrx_word' id='word_1_75' title='bbox 1871 1087 2008 1157; x_wconf 82' lang='lat' dir='ltr'><strong>quia</strong></span> 
     </span>
    </p>
   </div>
   <div class='ocr_carea' id='block_1_12' title="bbox 362 1167 2009 1244">
    <p class='ocr_par' dir='ltr' id='par_1_12' title="bbox 362 1167 2009 1244">
     <span class='ocr_line' id='line_1_12' title="bbox 362 1167 2009 1244; baseline 0.005 -23"><span class='ocrx_word' id='word_1_76' title='bbox 362 1167 728 1223; x_wconf 89' lang='lat' dir='ltr'><strong>adversarius</strong></span> <span class='ocrx_word' id='word_1_77' title='bbox 760 1175 958 1225; x_wconf 80' lang='lat' dir='ltr'><strong>noster</strong></span> <span class='ocrx_word' id='word_1_78' title='bbox 990 1172 1258 1228; x_wconf 82' lang='lat' dir='ltr'><strong>diabolus</strong></span> <span class='ocrx_word' id='word_1_79' title='bbox 1288 1175 1517 1241; x_wconf 82' lang='lat' dir='ltr'><strong>circuit,</strong></span> <span class='ocrx_word' id='word_1_80' title='bbox 1551 1176 1822 1244; x_wconf 79' lang='lat' dir='ltr'><strong>fremens,</strong></span> <span class='ocrx_word' id='word_1_81' title='bbox 1857 1176 2009 1230; x_wconf 84' lang='lat' dir='ltr'><strong>sicut</strong></span> 
     </span>
    </p>
   </div>
   <div class='ocr_carea' id='block_1_13' title="bbox 360 1255 2011 1336">
    <p class='ocr_par' dir='ltr' id='par_1_13' title="bbox 360 1255 2011 1336">
     <span class='ocr_line' id='line_1_13' title="bbox 360 1255 2011 1336; baseline 0.005 -26"><span class='ocrx_word' id='word_1_82' title='bbox 360 1255 470 1323; x_wconf 90' lang='lat' dir='ltr'><strong>leo,</strong></span> <span class='ocrx_word' id='word_1_83' title='bbox 503 1274 768 1328; x_wconf 69' lang='lat' dir='ltr'><strong>quaerens</strong></span> <span class='ocrx_word' id='word_1_84' title='bbox 801 1275 976 1330; x_wconf 88' lang='lat' dir='ltr'><strong>quem</strong></span> <span class='ocrx_word' id='word_1_85' title='bbox 1021 1261 1252 1317; x_wconf 88' lang='lat' dir='ltr'><strong>devoret</strong></span> <span class='ocrx_word' id='word_1_86' title='bbox 1283 1265 1333 1333; x_wconf 77' lang='grc' dir='ltr'><strong>(Ι</strong></span> <span class='ocrx_word' id='word_1_87' title='bbox 1362 1266 1508 1319; x_wconf 66' lang='lat' dir='ltr'><strong>Patr.</strong></span> <span class='ocrx_word' id='word_1_88' title='bbox 1541 1281 1595 1333; x_wconf 85' lang='grc' dir='ltr'><strong>ν,</strong></span> <span class='ocrx_word' id='word_1_89' title='bbox 1629 1265 1702 1336; x_wconf 92' lang='lat'><strong>8).</strong></span> <span class='ocrx_word' id='word_1_90' title='bbox 1731 1265 1837 1319; x_wconf 85' lang='lat' dir='ltr'><strong>Sed</strong></span> <span class='ocrx_word' id='word_1_91' title='bbox 1871 1263 2011 1334; x_wconf 79' lang='lat' dir='ltr'><strong>quia</strong></span> 
     </span>
    </p>
   </div>
   <div class='ocr_carea' id='block_1_14' title="bbox 361 1344 2005 1424">
    <p class='ocr_par' dir='ltr' id='par_1_14' title="bbox 361 1344 2005 1424">
     <span class='ocr_line' id='line_1_14' title="bbox 361 1344 2005 1424; baseline 0.004 -25"><span class='ocrx_word' id='word_1_92' title='bbox 361 1344 421 1400; x_wconf 89' lang='lat' dir='ltr'><strong>in</strong></span> <span class='ocrx_word' id='word_1_93' title='bbox 449 1347 726 1416; x_wconf 82' lang='lat' dir='ltr'><strong>Apostolo</strong></span> <span class='ocrx_word' id='word_1_94' title='bbox 759 1349 1121 1404; x_wconf 82' lang='lat' dir='ltr'><strong>occasionem</strong></span> <span class='ocrx_word' id='word_1_95' title='bbox 1157 1368 1270 1405; x_wconf 91' lang='lat' dir='ltr'><strong>non</strong></span> <span class='ocrx_word' id='word_1_96' title='bbox 1304 1352 1655 1420; x_wconf 83' lang='lat' dir='ltr'><strong>inveniebat,</strong></span> <span class='ocrx_word' id='word_1_97' title='bbox 1693 1370 1808 1424; x_wconf 89' lang='lat' dir='ltr'><strong>qua</strong></span> <span class='ocrx_word' id='word_1_98' title='bbox 1839 1351 2005 1406; x_wconf 90' lang='lat' dir='ltr'><strong>illum</strong></span> 
     </span>
    </p>
   </div>
   <div class='ocr_carea' id='block_1_15' title="bbox 364 1433 2004 1510">
    <p class='ocr_par' dir='ltr' id='par_1_15' title="bbox 364 1433 2004 1510">
     <span class='ocr_line' id='line_1_15' title="bbox 364 1433 2004 1510; baseline 0.004 -22"><span class='ocrx_word' id='word_1_99' title='bbox 364 1433 678 1505; x_wconf 80' lang='lat' dir='ltr'><strong>deciperet,</strong></span> <span class='ocrx_word' id='word_1_100' title='bbox 711 1452 812 1504; x_wconf 91' lang='lat' dir='ltr'><strong>per</strong></span> <span class='ocrx_word' id='word_1_101' title='bbox 843 1435 994 1491; x_wconf 83' lang='lat' dir='ltr'><strong>ﬁlios</strong></span> <span class='ocrx_word' id='word_1_102' title='bbox 1025 1454 1164 1493; x_wconf 91' lang='lat' dir='ltr'><strong>suos</strong></span> <span class='ocrx_word' id='word_1_103' title='bbox 1203 1455 1537 1510; x_wconf 90' lang='lat' dir='ltr'><strong>pressuram</strong></span> <span class='ocrx_word' id='word_1_104' title='bbox 1581 1441 1666 1495; x_wconf 93' lang='lat' dir='ltr'><strong>illi</strong></span> <span class='ocrx_word' id='word_1_105' title='bbox 1701 1441 2004 1508; x_wconf 82' lang='lat' dir='ltr'><strong>excitabat,</strong></span> 
     </span>
    </p>
   </div>
   <div class='ocr_carea' id='block_1_16' title="bbox 364 1525 2007 1602">
    <p class='ocr_par' dir='ltr' id='par_1_16' title="bbox 364 1525 2007 1602">
     <span class='ocr_line' id='line_1_16' title="bbox 364 1525 2007 1602; baseline 0.004 -24"><span class='ocrx_word' id='word_1_106' title='bbox 364 1528 422 1578; x_wconf 90' lang='lat' dir='ltr'><strong>et</strong></span> <span class='ocrx_word' id='word_1_107' title='bbox 452 1540 673 1594; x_wconf 82' lang='lat' dir='ltr'><strong>pcenas,</strong></span> <span class='ocrx_word' id='word_1_108' title='bbox 702 1530 768 1578; x_wconf 91' lang='lat' dir='ltr'><strong>ut</strong></span> <span class='ocrx_word' id='word_1_109' title='bbox 797 1525 846 1579; x_wconf 91' lang='lat' dir='ltr'><strong>si</strong></span> <span class='ocrx_word' id='word_1_110' title='bbox 881 1542 994 1580; x_wconf 92' lang='lat' dir='ltr'><strong>non</strong></span> <span class='ocrx_word' id='word_1_111' title='bbox 1046 1527 1213 1597; x_wconf 90' lang='lat' dir='ltr'><strong>quasi</strong></span> <span class='ocrx_word' id='word_1_112' title='bbox 1247 1535 1533 1600; x_wconf 86' lang='lat' dir='ltr'><strong>peccator,</strong></span> <span class='ocrx_word' id='word_1_113' title='bbox 1567 1529 1654 1586; x_wconf 90' lang='lat' dir='ltr'><strong>vel</strong></span> <span class='ocrx_word' id='word_1_114' title='bbox 1703 1531 1871 1602; x_wconf 89' lang='lat' dir='ltr'><strong>quasi</strong></span> <span class='ocrx_word' id='word_1_115' title='bbox 1915 1531 2007 1599; x_wconf 90' lang='lat' dir='ltr'><strong>ju-</strong></span> 
     </span>
    </p>
   </div>
   <div class='ocr_carea' id='block_1_17' title="bbox 365 1611 2011 1685">
    <p class='ocr_par' dir='ltr' id='par_1_17' title="bbox 365 1611 2011 1685">
     <span class='ocr_line' id='line_1_17' title="bbox 365 1611 2011 1685; baseline 0.005 -20"><span class='ocrx_word' id='word_1_116' title='bbox 365 1617 516 1677; x_wconf 88' lang='lat' dir='ltr'><strong>stus,</strong></span> <span class='ocrx_word' id='word_1_117' title='bbox 553 1612 623 1666; x_wconf 92' lang='lat' dir='ltr'><strong>de</strong></span> <span class='ocrx_word' id='word_1_118' title='bbox 653 1611 762 1667; x_wconf 91' lang='lat' dir='ltr'><strong>hac</strong></span> <span class='ocrx_word' id='word_1_119' title='bbox 793 1617 987 1669; x_wconf 91' lang='lat' dir='ltr'><strong>tamen</strong></span> <span class='ocrx_word' id='word_1_120' title='bbox 1019 1614 1319 1672; x_wconf 89' lang='lat' dir='ltr'><strong>tolleretur</strong></span> <span class='ocrx_word' id='word_1_121' title='bbox 1345 1617 1483 1685; x_wconf 90' lang='lat' dir='ltr'><strong>vita,</strong></span> <span class='ocrx_word' id='word_1_122' title='bbox 1518 1634 1588 1673; x_wconf 91' lang='lat' dir='ltr'><strong>ne</strong></span> <span class='ocrx_word' id='word_1_123' title='bbox 1624 1617 1838 1673; x_wconf 90' lang='lat' dir='ltr'><strong>multos</strong></span> <span class='ocrx_word' id='word_1_124' title='bbox 1871 1619 2011 1672; x_wconf 88' lang='lat' dir='ltr'><strong>hor-</strong></span> 
     </span>
    </p>
   </div>
   <div class='ocr_carea' id='block_1_18' title="bbox 364 1702 2007 1777">
    <p class='ocr_par' dir='ltr' id='par_1_18' title="bbox 364 1702 2007 1777">
     <span class='ocr_line' id='line_1_18' title="bbox 364 1702 2007 1777; baseline 0.004 -23"><span class='ocrx_word' id='word_1_125' title='bbox 364 1704 588 1755; x_wconf 91' lang='lat' dir='ltr'><strong>taretur</strong></span> <span class='ocrx_word' id='word_1_126' title='bbox 617 1702 688 1756; x_wconf 86' lang='lat' dir='ltr'><strong>ad</strong></span> <span class='ocrx_word' id='word_1_127' title='bbox 739 1703 934 1758; x_wconf 85' lang='lat' dir='ltr'><strong>ﬁdem.</strong></span> <span class='ocrx_word' id='word_1_128' title='bbox 969 1703 1128 1766; x_wconf 88' lang='lat' dir='ltr'><strong>Quod</strong></span> <span class='ocrx_word' id='word_1_129' title='bbox 1179 1721 1311 1760; x_wconf 90' lang='lat' dir='ltr'><strong>cum</strong></span> <span class='ocrx_word' id='word_1_130' title='bbox 1363 1723 1540 1777; x_wconf 89' lang='lat' dir='ltr'><strong>prope</strong></span> <span class='ocrx_word' id='word_1_131' title='bbox 1588 1707 1874 1777; x_wconf 88' lang='lat' dir='ltr'><strong>impleret,</strong></span> <span class='ocrx_word' id='word_1_132' title='bbox 1911 1708 2007 1762; x_wconf 93' lang='lat' dir='ltr'><strong>Dei</strong></span> 
     </span>
    </p>
   </div>
   <div class='ocr_carea' id='block_1_19' title="bbox 368 1789 2088 1894">
    <p class='ocr_par' dir='ltr' id='par_1_19' title="bbox 368 1789 2088 1894">
     <span class='ocr_line' id='line_1_19' title="bbox 368 1789 2088 1894; baseline 0.005 -51"><span class='ocrx_word' id='word_1_133' title='bbox 368 1789 732 1894; x_wconf 62' lang='lat' dir='ltr'><strong>providentia</strong></span> <span class='ocrx_word' id='word_1_134' title='bbox 758 1789 1038 1894; x_wconf 59' lang='lat' dir='ltr'><strong>liberatus</strong></span> <span class='ocrx_word' id='word_1_135' title='bbox 1065 1794 1401 1894; x_wconf 75' lang='lat' dir='ltr'><strong>Apostolus,</strong></span> <span class='ocrx_word' id='word_1_136' title='bbox 1433 1795 1679 1850; x_wconf 86' lang='lat' dir='ltr'><strong>insultat</strong></span> <span class='ocrx_word' id='word_1_137' title='bbox 1716 1795 1821 1860; x_wconf 89' lang='lat' dir='ltr'><strong>illi,</strong></span> <span class='ocrx_word' id='word_1_138' title='bbox 1852 1796 2010 1850; x_wconf 81' lang='lat' dir='ltr'><strong>infir—</strong></span> <span class='ocrx_word' id='word_1_139' title='bbox 2043 1829 2088 1894; x_wconf 77' lang='grc' dir='ltr'>Β</span> 
     </span>
    </p>
   </div>
   <div class='ocr_carea' id='block_1_20' title="bbox 367 1878 2010 1956">
    <p class='ocr_par' dir='ltr' id='par_1_20' title="bbox 367 1878 2010 1956">
     <span class='ocr_line' id='line_1_20' title="bbox 367 1878 2010 1956; baseline 0.005 -24"><span class='ocrx_word' id='word_1_140' title='bbox 367 1895 531 1933; x_wconf 91' lang='lat' dir='ltr'><strong>mum</strong></span> <span class='ocrx_word' id='word_1_141' title='bbox 579 1878 744 1933; x_wconf 92' lang='lat' dir='ltr'><strong>illum</strong></span> <span class='ocrx_word' id='word_1_142' title='bbox 794 1880 1135 1949; x_wconf 87' lang='lat' dir='ltr'><strong>testificans,</strong></span> <span class='ocrx_word' id='word_1_143' title='bbox 1169 1884 1303 1954; x_wconf 87' lang='lat' dir='ltr'><strong>quia</strong></span> <span class='ocrx_word' id='word_1_144' title='bbox 1333 1884 1406 1939; x_wconf 90' lang='lat' dir='ltr'><strong>de</strong></span> <span class='ocrx_word' id='word_1_145' title='bbox 1435 1901 1534 1939; x_wconf 88' lang='lat' dir='ltr'><strong>ore</strong></span> <span class='ocrx_word' id='word_1_146' title='bbox 1589 1885 1718 1954; x_wconf 86' lang='lat' dir='ltr'><strong>ejus</strong></span> <span class='ocrx_word' id='word_1_147' title='bbox 1774 1890 2010 1956; x_wconf 89' lang='lat' dir='ltr'><strong>ereptus</strong></span> 
     </span>
    </p>
   </div>
   <div class='ocr_carea' id='block_1_21' title="bbox 366 1967 2010 2045">
    <p class='ocr_par' dir='ltr' id='par_1_21' title="bbox 366 1967 2010 2045">
     <span class='ocr_line' id='line_1_21' title="bbox 366 1967 2010 2045; baseline 0.005 -25"><span class='ocrx_word' id='word_1_148' title='bbox 366 1971 485 2033; x_wconf 87' lang='lat' dir='ltr'><strong>est;</strong></span> <span class='ocrx_word' id='word_1_149' title='bbox 518 1967 655 2039; x_wconf 89' lang='lat' dir='ltr'><strong>quia</strong></span> <span class='ocrx_word' id='word_1_150' title='bbox 684 1969 838 2039; x_wconf 90' lang='lat' dir='ltr'><strong>quod</strong></span> <span class='ocrx_word' id='word_1_151' title='bbox 882 1970 1098 2041; x_wconf 88' lang='lat' dir='ltr'><strong>cupivit</strong></span> <span class='ocrx_word' id='word_1_152' title='bbox 1125 1971 1386 2043; x_wconf 86' lang='lat' dir='ltr'><strong>implere,</strong></span> <span class='ocrx_word' id='word_1_153' title='bbox 1421 1991 1536 2028; x_wconf 90' lang='lat' dir='ltr'><strong>non</strong></span> <span class='ocrx_word' id='word_1_154' title='bbox 1587 1974 1793 2045; x_wconf 88' lang='lat' dir='ltr'><strong>potuit.</strong></span> <span class='ocrx_word' id='word_1_155' title='bbox 1827 1973 2010 2044; x_wconf 82' lang='lat' dir='ltr'><strong>Igitur</strong></span> 
     </span>
    </p>
   </div>
   <div class='ocr_carea' id='block_1_22' title="bbox 366 2055 2008 2133">
    <p class='ocr_par' dir='ltr' id='par_1_22' title="bbox 366 2055 2008 2133">
     <span class='ocr_line' id='line_1_22' title="bbox 366 2055 2008 2133; baseline 0.004 -23"><span class='ocrx_word' id='word_1_156' title='bbox 366 2055 467 2110; x_wconf 88' lang='lat' dir='ltr'><strong>Dei</strong></span> <span class='ocrx_word' id='word_1_157' title='bbox 523 2055 755 2112; x_wconf 86' lang='lat' dir='ltr'><strong>auxiliis</strong></span> <span class='ocrx_word' id='word_1_158' title='bbox 813 2059 986 2114; x_wconf 89' lang='lat' dir='ltr'><strong>morti</strong></span> <span class='ocrx_word' id='word_1_159' title='bbox 1034 2077 1096 2115; x_wconf 89' lang='lat' dir='ltr'><strong>se</strong></span> <span class='ocrx_word' id='word_1_160' title='bbox 1148 2065 1410 2132; x_wconf 88' lang='lat' dir='ltr'><strong>ereptum</strong></span> <span class='ocrx_word' id='word_1_161' title='bbox 1469 2062 1817 2133; x_wconf 83' lang='lat' dir='ltr'><strong>gratulatur,</strong></span> <span class='ocrx_word' id='word_1_162' title='bbox 1850 2066 1908 2116; x_wconf 91' lang='lat' dir='ltr'><strong>et</strong></span> <span class='ocrx_word' id='word_1_163' title='bbox 1937 2063 2008 2117; x_wconf 91' lang='lat' dir='ltr'><strong>de</strong></span> 
     </span>
    </p>
   </div>
   <div class='ocr_carea' id='block_1_23' title="bbox 364 2144 2008 2217">
    <p class='ocr_par' dir='ltr' id='par_1_23' title="bbox 364 2144 2008 2217">
     <span class='ocr_line' id='line_1_23' title="bbox 364 2144 2008 2217; baseline 0.004 -19"><span class='ocrx_word' id='word_1_164' title='bbox 364 2144 723 2216; x_wconf 86' lang='lat' dir='ltr'><strong>providentia</strong></span> <span class='ocrx_word' id='word_1_165' title='bbox 752 2147 981 2202; x_wconf 90' lang='lat' dir='ltr'><strong>Domini</strong></span> <span class='ocrx_word' id='word_1_166' title='bbox 1013 2153 1132 2204; x_wconf 89' lang='lat' dir='ltr'><strong>tam</strong></span> <span class='ocrx_word' id='word_1_167' title='bbox 1177 2165 1417 2205; x_wconf 88' lang='lat' dir='ltr'><strong>securus</strong></span> <span class='ocrx_word' id='word_1_168' title='bbox 1446 2155 1553 2217; x_wconf 90' lang='lat' dir='ltr'><strong>est,</strong></span> <span class='ocrx_word' id='word_1_169' title='bbox 1591 2156 1656 2205; x_wconf 90' lang='lat' dir='ltr'><strong>ut</strong></span> <span class='ocrx_word' id='word_1_170' title='bbox 1702 2157 1760 2204; x_wconf 89' lang='lat' dir='ltr'><strong>et</strong></span> <span class='ocrx_word' id='word_1_171' title='bbox 1811 2153 1882 2206; x_wconf 91' lang='lat' dir='ltr'><strong>de</strong></span> <span class='ocrx_word' id='word_1_172' title='bbox 1916 2151 2008 2205; x_wconf 84' lang='lat' dir='ltr'><strong>fu-</strong></span> 
     </span>
    </p>
   </div>
   <div class='ocr_carea' id='block_1_24' title="bbox 365 2233 2010 2305">
    <p class='ocr_par' dir='ltr' id='par_1_24' title="bbox 365 2233 2010 2305">
     <span class='ocr_line' id='line_1_24' title="bbox 365 2233 2010 2305; baseline 0.004 -19"><span class='ocrx_word' id='word_1_173' title='bbox 365 2233 516 2288; x_wconf 88' lang='lat' dir='ltr'><strong>turis</strong></span> <span class='ocrx_word' id='word_1_174' title='bbox 547 2234 966 2291; x_wconf 84' lang='lat' dir='ltr'><strong>tentationibus</strong></span> <span class='ocrx_word' id='word_1_175' title='bbox 1002 2237 1229 2292; x_wconf 89' lang='lat' dir='ltr'><strong>liberari</strong></span> <span class='ocrx_word' id='word_1_176' title='bbox 1255 2255 1316 2293; x_wconf 90' lang='lat' dir='ltr'><strong>se</strong></span> <span class='ocrx_word' id='word_1_177' title='bbox 1341 2239 1558 2305; x_wconf 90' lang='lat' dir='ltr'><strong>credat,</strong></span> <span class='ocrx_word' id='word_1_178' title='bbox 1583 2245 1642 2293; x_wconf 90' lang='lat' dir='ltr'><strong>et</strong></span> <span class='ocrx_word' id='word_1_179' title='bbox 1672 2256 1786 2293; x_wconf 91' lang='lat' dir='ltr'><strong>non</strong></span> <span class='ocrx_word' id='word_1_180' title='bbox 1821 2239 2010 2294; x_wconf 90' lang='lat' dir='ltr'><strong>solum</strong></span> 
     </span>
    </p>
   </div>
   <div class='ocr_carea' id='block_1_25' title="bbox 367 2320 2012 2394">
    <p class='ocr_par' dir='ltr' id='par_1_25' title="bbox 367 2320 2012 2394">
     <span class='ocr_line' id='line_1_25' title="bbox 367 2320 2012 2394; baseline 0.004 -18"><span class='ocrx_word' id='word_1_181' title='bbox 367 2320 600 2377; x_wconf 87' lang='lat' dir='ltr'><strong>liberari</strong></span> <span class='ocrx_word' id='word_1_182' title='bbox 631 2324 699 2378; x_wconf 88' lang='lat' dir='ltr'><strong>ad</strong></span> <span class='ocrx_word' id='word_1_183' title='bbox 735 2340 1014 2394; x_wconf 62' lang='lat' dir='ltr'><strong>praesens,</strong></span> <span class='ocrx_word' id='word_1_184' title='bbox 1046 2343 1246 2381; x_wconf 90' lang='lat' dir='ltr'><strong>verum</strong></span> <span class='ocrx_word' id='word_1_185' title='bbox 1294 2327 1470 2382; x_wconf 86' lang='lat' dir='ltr'><strong>etiam</strong></span> <span class='ocrx_word' id='word_1_186' title='bbox 1502 2326 1727 2382; x_wconf 87' lang='lat' dir='ltr'><strong>salvum</strong></span> <span class='ocrx_word' id='word_1_187' title='bbox 1760 2345 1821 2382; x_wconf 85' lang='lat' dir='ltr'><strong>se</strong></span> <span class='ocrx_word' id='word_1_188' title='bbox 1853 2329 2012 2382; x_wconf 87' lang='lat' dir='ltr'><strong>futu-</strong></span> 
     </span>
    </p>
   </div>
   <div class='ocr_carea' id='block_1_26' title="bbox 370 2411 2013 2485">
    <p class='ocr_par' dir='ltr' id='par_1_26' title="bbox 370 2411 2013 2485">
     <span class='ocr_line' id='line_1_26' title="bbox 370 2411 2013 2485; baseline 0.004 -21"><span class='ocrx_word' id='word_1_189' title='bbox 370 2427 500 2465; x_wconf 89' lang='lat' dir='ltr'><strong>rum</strong></span> <span class='ocrx_word' id='word_1_190' title='bbox 531 2411 591 2465; x_wconf 88' lang='lat' dir='ltr'><strong>in</strong></span> <span class='ocrx_word' id='word_1_191' title='bbox 623 2412 715 2466; x_wconf 91' lang='lat' dir='ltr'><strong>die</strong></span> <span class='ocrx_word' id='word_1_192' title='bbox 755 2412 988 2483; x_wconf 85' lang='lat' dir='ltr'><strong>judicii,</strong></span> <span class='ocrx_word' id='word_1_193' title='bbox 1027 2420 1085 2469; x_wconf 92' lang='lat' dir='ltr'><strong>et</strong></span> <span class='ocrx_word' id='word_1_194' title='bbox 1138 2420 1518 2485; x_wconf 86' lang='lat' dir='ltr'><strong>regnaturum</strong></span> <span class='ocrx_word' id='word_1_195' title='bbox 1577 2433 1709 2471; x_wconf 92' lang='lat' dir='ltr'><strong>cum</strong></span> <span class='ocrx_word' id='word_1_196' title='bbox 1773 2416 2013 2471; x_wconf 88' lang='lat' dir='ltr'><strong>Domino</strong></span> 
     </span>
    </p>
   </div>
   <div class='ocr_carea' id='block_1_27' title="bbox 373 2499 1197 2558">
    <p class='ocr_par' dir='ltr' id='par_1_27' title="bbox 373 2499 1197 2558">
     <span class='ocr_line' id='line_1_27' title="bbox 373 2499 1197 2558; baseline 0.006 -6"><span class='ocrx_word' id='word_1_197' title='bbox 373 2499 603 2555; x_wconf 88' lang='lat' dir='ltr'><strong>Christo</strong></span> <span class='ocrx_word' id='word_1_198' title='bbox 634 2500 692 2554; x_wconf 88' lang='lat' dir='ltr'><strong>in</strong></span> <span class='ocrx_word' id='word_1_199' title='bbox 725 2505 938 2556; x_wconf 78' lang='lat' dir='ltr'><strong>zeterna</strong></span> <span class='ocrx_word' id='word_1_200' title='bbox 968 2503 1197 2558; x_wconf 62' lang='lat' dir='ltr'><strong>saa’cula.</strong></span> 
     </span>
    </p>
   </div>
   <div class='ocr_carea' id='block_1_28' title="bbox 455 2587 2017 2664">
    <p class='ocr_par' dir='ltr' id='par_1_28' title="bbox 455 2587 2017 2664">
     <span class='ocr_line' id='line_1_28' title="bbox 455 2587 2017 2664; baseline 0.003 -22"><span class='ocrx_word' id='word_1_201' title='bbox 455 2607 476 2636; x_wconf 76' lang='grc' dir='ltr'>ι</span> <span class='ocrx_word' id='word_1_202' title='bbox 511 2587 713 2644; x_wconf 85' lang='lat' dir='ltr'><strong>Saluta</strong></span> <span class='ocrx_word' id='word_1_203' title='bbox 757 2588 1100 2656; x_wconf 87' lang='lat' dir='ltr'><strong>Priscillam,</strong></span> <span class='ocrx_word' id='word_1_204' title='bbox 1145 2596 1201 2646; x_wconf 91' lang='lat' dir='ltr'><strong>et</strong></span> <span class='ocrx_word' id='word_1_205' title='bbox 1240 2592 1536 2664; x_wconf 85' lang='lat' dir='ltr'><strong>Aquilam,</strong></span> <span class='ocrx_word' id='word_1_206' title='bbox 1567 2598 1624 2649; x_wconf 89' lang='lat' dir='ltr'><strong>et</strong></span> <span class='ocrx_word' id='word_1_207' title='bbox 1670 2592 2017 2664; x_wconf 88' lang='lat' dir='ltr'><strong>Onesiphori</strong></span> 
     </span>
    </p>
   </div>
   <div class='ocr_carea' id='block_1_29' title="bbox 448 2747 1427 2824">
    <p class='ocr_par' dir='ltr' id='par_1_29' title="bbox 448 2747 1427 2824">
     <span class='ocr_line' id='line_1_29' title="bbox 448 2747 1427 2824; baseline 0.005 -21"><span class='ocrx_word' id='word_1_208' title='bbox 448 2747 631 2819; x_wconf 90' lang='grc'><strong>(1330)</strong></span> <span class='ocrx_word' id='word_1_209' title='bbox 658 2753 728 2806; x_wconf 82' lang='lat' dir='ltr'><strong>In</strong></span> <span class='ocrx_word' id='word_1_210' title='bbox 755 2751 938 2822; x_wconf 82' lang='lat' dir='ltr'><strong>prima</strong></span> <span class='ocrx_word' id='word_1_211' title='bbox 966 2750 1181 2824; x_wconf 83' lang='lat' dir='ltr'><strong>legitur</strong></span> <span class='ocrx_word' id='word_1_212' title='bbox 1208 2752 1266 2808; x_wconf 93' lang='lat' dir='ltr'><strong>in</strong></span> <span class='ocrx_word' id='word_1_213' title='bbox 1297 2754 1427 2808; x_wconf 91' lang='lat' dir='ltr'><strong>cod.</strong></span> 
     </span>
    </p>
   </div>
   <div class='ocr_carea' id='block_1_30' title="bbox 2114 543 3770 621">
    <p class='ocr_par' dir='ltr' id='par_1_30' title="bbox 2114 543 3770 621">
     <span class='ocr_line' id='line_1_30' title="bbox 2114 543 3770 621; baseline -0.004 -15"><span class='ocrx_word' id='word_1_214' title='bbox 2114 557 2306 606; x_wconf 90' lang='lat' dir='ltr'><strong>autem</strong></span> <span class='ocrx_word' id='word_1_215' title='bbox 2342 549 2550 621; x_wconf 89' lang='lat' dir='ltr'><strong>reliqui</strong></span> <span class='ocrx_word' id='word_1_216' title='bbox 2581 549 2878 603; x_wconf 84' lang='lat' dir='ltr'><strong>infirmum</strong></span> <span class='ocrx_word' id='word_1_217' title='bbox 2913 545 3115 602; x_wconf 90' lang='lat' dir='ltr'><strong>Mileti.</strong></span> <span class='ocrx_word' id='word_1_218' title='bbox 3144 543 3442 601; x_wconf 89' lang='lat' dir='ltr'><strong>Sollicitus</strong></span> <span class='ocrx_word' id='word_1_219' title='bbox 3470 549 3597 600; x_wconf 88' lang='lat' dir='ltr'><strong>esto</strong></span> <span class='ocrx_word' id='word_1_220' title='bbox 3632 549 3770 599; x_wconf 89' lang='lat' dir='ltr'><strong>ante</strong></span> 
     </span>
    </p>
   </div>
   <div class='ocr_carea' id='block_1_31' title="bbox 2114 633 3771 708">
    <p class='ocr_par' dir='ltr' id='par_1_31' title="bbox 2114 633 3771 708">
     <span class='ocr_line' id='line_1_31' title="bbox 2114 633 3771 708; baseline -0.003 -14"><span class='ocrx_word' id='word_1_221' title='bbox 2114 640 2368 698; x_wconf 77' lang='lat' dir='ltr'><strong>hiemem</strong></span> <span class='ocrx_word' id='word_1_222' title='bbox 2401 638 2613 693; x_wconf 89' lang='lat' dir='ltr'><strong>venire.</strong></span> <span class='ocrx_word' id='word_1_223' title='bbox 2647 660 2671 687; x_wconf 82' lang='grc'><strong>››</strong></span> <span class='ocrx_word' id='word_1_224' title='bbox 2693 635 2926 708; x_wconf 83' lang='lat' dir='ltr'><strong>Aquila,</strong></span> <span class='ocrx_word' id='word_1_225' title='bbox 2949 640 3008 691; x_wconf 90' lang='lat' dir='ltr'><strong>et</strong></span> <span class='ocrx_word' id='word_1_226' title='bbox 3037 633 3302 690; x_wconf 88' lang='lat' dir='ltr'><strong>Priscilla</strong></span> <span class='ocrx_word' id='word_1_227' title='bbox 3330 633 3389 688; x_wconf 95' lang='lat' dir='ltr'><strong>hi</strong></span> <span class='ocrx_word' id='word_1_228' title='bbox 3423 639 3582 697; x_wconf 89' lang='lat' dir='ltr'><strong>sunt,</strong></span> <span class='ocrx_word' id='word_1_229' title='bbox 3608 634 3771 705; x_wconf 89' lang='lat' dir='ltr'><strong>apud</strong></span> 
     </span>
    </p>
   </div>
   <div class='ocr_carea' id='block_1_32' title="bbox 2114 722 3772 800">
    <p class='ocr_par' dir='ltr' id='par_1_32' title="bbox 2114 722 3772 800">
     <span class='ocr_line' id='line_1_32' title="bbox 2114 722 3772 800; baseline -0.001 -20"><span class='ocrx_word' id='word_1_230' title='bbox 2114 745 2264 800; x_wconf 84' lang='lat' dir='ltr'><strong>quos</strong></span> <span class='ocrx_word' id='word_1_231' title='bbox 2292 729 2622 799; x_wconf 88' lang='lat' dir='ltr'><strong>hospitatus</strong></span> <span class='ocrx_word' id='word_1_232' title='bbox 2653 727 3001 798; x_wconf 84' lang='lat' dir='ltr'><strong>operabatur</strong></span> <span class='ocrx_word' id='word_1_233' title='bbox 3042 723 3336 780; x_wconf 77' lang='lat' dir='ltr'><strong>manibus.</strong></span> <span class='ocrx_word' id='word_1_234' title='bbox 3363 722 3772 795; x_wconf 89' lang='lat' dir='ltr'><strong>Onesiphorus</strong></span> 
     </span>
    </p>
   </div>
   <div class='ocr_carea' id='block_1_33' title="bbox 2115 812 3771 885">
    <p class='ocr_par' dir='ltr' id='par_1_33' title="bbox 2115 812 3771 885">
     <span class='ocr_line' id='line_1_33' title="bbox 2115 812 3771 885; baseline -0.004 -13"><span class='ocrx_word' id='word_1_235' title='bbox 2115 822 2310 872; x_wconf 93' lang='lat' dir='ltr'><strong>autem</strong></span> <span class='ocrx_word' id='word_1_236' title='bbox 2342 817 2437 872; x_wconf 90' lang='lat' dir='ltr'><strong>hic</strong></span> <span class='ocrx_word' id='word_1_237' title='bbox 2465 821 2574 883; x_wconf 91' lang='lat' dir='ltr'><strong>est,</strong></span> <span class='ocrx_word' id='word_1_238' title='bbox 2605 816 2698 870; x_wconf 88' lang='lat' dir='ltr'><strong>cui</strong></span> <span class='ocrx_word' id='word_1_239' title='bbox 2728 815 2897 870; x_wconf 89' lang='lat' dir='ltr'><strong>testis</strong></span> <span class='ocrx_word' id='word_1_240' title='bbox 2922 818 3011 870; x_wconf 89' lang='lat' dir='ltr'><strong>est</strong></span> <span class='ocrx_word' id='word_1_241' title='bbox 3039 813 3098 868; x_wconf 90' lang='lat' dir='ltr'><strong>in</strong></span> <span class='ocrx_word' id='word_1_242' title='bbox 3129 814 3315 881; x_wconf 84' lang='grc'><strong>(1330)</strong></span> <span class='ocrx_word' id='word_1_243' title='bbox 3347 813 3604 868; x_wconf 89' lang='lat' dir='ltr'><strong>secunda</strong></span> <span class='ocrx_word' id='word_1_244' title='bbox 3632 812 3771 885; x_wconf 86' lang='lat' dir='ltr'><strong>Epi-</strong></span> 
     </span>
    </p>
   </div>
   <div class='ocr_carea' id='block_1_34' title="bbox 2116 901 3774 974">
    <p class='ocr_par' dir='ltr' id='par_1_34' title="bbox 2116 901 3774 974">
     <span class='ocr_line' id='line_1_34' title="bbox 2116 901 3774 974; baseline -0.003 -13"><span class='ocrx_word' id='word_1_245' title='bbox 2116 905 2284 962; x_wconf 90' lang='lat' dir='ltr'><strong>stola.</strong></span> <span class='ocrx_word' id='word_1_246' title='bbox 2313 905 2459 968; x_wconf 90' lang='lat' dir='ltr'><strong>Quid</strong></span> <span class='ocrx_word' id='word_1_247' title='bbox 2509 909 2598 960; x_wconf 89' lang='lat' dir='ltr'><strong>est</strong></span> <span class='ocrx_word' id='word_1_248' title='bbox 2645 909 2864 967; x_wconf 89' lang='lat' dir='ltr'><strong>tamen,</strong></span> <span class='ocrx_word' id='word_1_249' title='bbox 2898 909 2964 958; x_wconf 92' lang='lat' dir='ltr'><strong>ut</strong></span> <span class='ocrx_word' id='word_1_250' title='bbox 3013 906 3299 974; x_wconf 67' lang='lat' dir='ltr'><strong>prasente</strong></span> <span class='ocrx_word' id='word_1_251' title='bbox 3325 901 3626 973; x_wconf 85' lang='lat' dir='ltr'><strong>Apostolo,</strong></span> <span class='ocrx_word' id='word_1_252' title='bbox 3662 901 3774 973; x_wconf 90' lang='lat' dir='ltr'><strong>qui</strong></span> 
     </span>
    </p>
   </div>
   <div class='ocr_carea' id='block_1_35' title="bbox 2117 991 3771 1064">
    <p class='ocr_par' dir='ltr' id='par_1_35' title="bbox 2117 991 3771 1064">
     <span class='ocr_line' id='line_1_35' title="bbox 2117 991 3771 1064; baseline -0.003 -14"><span class='ocrx_word' id='word_1_253' title='bbox 2117 1000 2378 1050; x_wconf 90' lang='lat' dir='ltr'><strong>mortuos</strong></span> <span class='ocrx_word' id='word_1_254' title='bbox 2406 994 2714 1059; x_wconf 85' lang='lat' dir='ltr'><strong>excitabat,</strong></span> <span class='ocrx_word' id='word_1_255' title='bbox 2747 992 3105 1064; x_wconf 89' lang='lat' dir='ltr'><strong>Trophimus</strong></span> <span class='ocrx_word' id='word_1_256' title='bbox 3155 991 3598 1047; x_wconf 80' lang='lat' dir='ltr'><strong>infirmaretur?</strong></span> <span class='ocrx_word' id='word_1_257' title='bbox 3649 991 3771 1046; x_wconf 87' lang='lat' dir='ltr'><strong>Sed</strong></span> 
     </span>
    </p>
   </div>
   <div class='ocr_carea' id='block_1_36' title="bbox 2116 1079 3774 1156">
    <p class='ocr_par' dir='ltr' id='par_1_36' title="bbox 2116 1079 3774 1156">
     <span class='ocr_line' id='line_1_36' title="bbox 2116 1079 3774 1156; baseline -0.002 -18"><span class='ocrx_word' id='word_1_258' title='bbox 2116 1084 2288 1156; x_wconf 88' lang='lat' dir='ltr'><strong>signa</strong></span> <span class='ocrx_word' id='word_1_259' title='bbox 2315 1088 2552 1156; x_wconf 90' lang='lat' dir='ltr'><strong>propter</strong></span> <span class='ocrx_word' id='word_1_260' title='bbox 2580 1082 2914 1138; x_wconf 87' lang='lat' dir='ltr'><strong>incredulos</strong></span> <span class='ocrx_word' id='word_1_261' title='bbox 2942 1081 3092 1136; x_wconf 83' lang='lat' dir='ltr'><strong>facta</strong></span> <span class='ocrx_word' id='word_1_262' title='bbox 3119 1084 3278 1136; x_wconf 91' lang='lat' dir='ltr'><strong>sunt.</strong></span> <span class='ocrx_word' id='word_1_263' title='bbox 3308 1081 3376 1134; x_wconf 90' lang='lat' dir='ltr'><strong>Et</strong></span> <span class='ocrx_word' id='word_1_264' title='bbox 3405 1079 3544 1150; x_wconf 88' lang='lat' dir='ltr'><strong>quia</strong></span> <span class='ocrx_word' id='word_1_265' title='bbox 3573 1096 3642 1136; x_wconf 82' lang='lat' dir='ltr'><strong>ex</strong></span> <span class='ocrx_word' id='word_1_266' title='bbox 3674 1079 3774 1134; x_wconf 91' lang='lat' dir='ltr'><strong>di-</strong></span> 
     </span>
    </p>
   </div>
   <div class='ocr_carea' id='block_1_37' title="bbox 2117 1169 3776 1240">
    <p class='ocr_par' dir='ltr' id='par_1_37' title="bbox 2117 1169 3776 1240">
     <span class='ocr_line' id='line_1_37' title="bbox 2117 1169 3776 1240; baseline -0.003 -13"><span class='ocrx_word' id='word_1_267' title='bbox 2117 1174 2300 1228; x_wconf 89' lang='lat' dir='ltr'><strong>versis</strong></span> <span class='ocrx_word' id='word_1_268' title='bbox 2341 1173 2536 1227; x_wconf 85' lang='lat' dir='ltr'><strong>causis</strong></span> <span class='ocrx_word' id='word_1_269' title='bbox 2581 1172 2855 1227; x_wconf 89' lang='lat' dir='ltr'><strong>meritum</strong></span> <span class='ocrx_word' id='word_1_270' title='bbox 2887 1169 3207 1225; x_wconf 89' lang='lat' dir='ltr'><strong>collocatur</strong></span> <span class='ocrx_word' id='word_1_271' title='bbox 3254 1169 3409 1240; x_wconf 86' lang='lat' dir='ltr'><strong>apud</strong></span> <span class='ocrx_word' id='word_1_272' title='bbox 3460 1172 3666 1234; x_wconf 91' lang='lat' dir='ltr'><strong>Deum,</strong></span> <span class='ocrx_word' id='word_1_273' title='bbox 3702 1171 3776 1223; x_wconf 86' lang='lat' dir='ltr'><strong>ut</strong></span> 
     </span>
    </p>
   </div>
   <div class='ocr_carea' id='block_1_38' title="bbox 2117 1257 3774 1333">
    <p class='ocr_par' dir='ltr' id='par_1_38' title="bbox 2117 1257 3774 1333">
     <span class='ocr_line' id='line_1_38' title="bbox 2117 1257 3774 1333; baseline -0.002 -16"><span class='ocrx_word' id='word_1_274' title='bbox 2117 1266 2235 1318; x_wconf 88' lang='lat' dir='ltr'><strong>sive</strong></span> <span class='ocrx_word' id='word_1_275' title='bbox 2267 1261 2366 1333; x_wconf 90' lang='lat' dir='ltr'><strong>qui</strong></span> <span class='ocrx_word' id='word_1_276' title='bbox 2398 1262 2456 1316; x_wconf 91' lang='lat' dir='ltr'><strong>in</strong></span> <span class='ocrx_word' id='word_1_277' title='bbox 2489 1260 2887 1325; x_wconf 87' lang='lat' dir='ltr'><strong>tribulatione,</strong></span> <span class='ocrx_word' id='word_1_278' title='bbox 2911 1259 3029 1314; x_wconf 89' lang='lat' dir='ltr'><strong>sive</strong></span> <span class='ocrx_word' id='word_1_279' title='bbox 3059 1257 3158 1329; x_wconf 90' lang='lat' dir='ltr'><strong>qui</strong></span> <span class='ocrx_word' id='word_1_280' title='bbox 3190 1258 3248 1312; x_wconf 90' lang='lat' dir='ltr'><strong>in</strong></span> <span class='ocrx_word' id='word_1_281' title='bbox 3281 1257 3626 1329; x_wconf 67' lang='lat' dir='ltr'><strong>aegritudine</strong></span> <span class='ocrx_word' id='word_1_282' title='bbox 3647 1257 3774 1313; x_wconf 90' lang='lat' dir='ltr'><strong>Deo</strong></span> 
     </span>
    </p>
   </div>
   <div class='ocr_carea' id='block_1_39' title="bbox 2118 1346 3779 1424">
    <p class='ocr_par' dir='ltr' id='par_1_39' title="bbox 2118 1346 3779 1424">
     <span class='ocr_line' id='line_1_39' title="bbox 2118 1346 3779 1424; baseline -0.004 -18"><span class='ocrx_word' id='word_1_283' title='bbox 2118 1351 2336 1424; x_wconf 88' lang='lat' dir='ltr'><strong>gratias</strong></span> <span class='ocrx_word' id='word_1_284' title='bbox 2365 1350 2503 1422; x_wconf 87' lang='lat' dir='ltr'><strong>agit,</strong></span> <span class='ocrx_word' id='word_1_285' title='bbox 2528 1367 2632 1405; x_wconf 91' lang='lat' dir='ltr'><strong>nec</strong></span> <span class='ocrx_word' id='word_1_286' title='bbox 2663 1349 2734 1404; x_wconf 88' lang='lat' dir='ltr'><strong>ab</strong></span> <span class='ocrx_word' id='word_1_287' title='bbox 2769 1350 3010 1403; x_wconf 89' lang='lat' dir='ltr'><strong>adversa</strong></span> <span class='ocrx_word' id='word_1_288' title='bbox 3039 1352 3201 1418; x_wconf 85' lang='lat' dir='ltr'><strong>parte</strong></span> <span class='ocrx_word' id='word_1_289' title='bbox 3235 1346 3582 1418; x_wconf 72' lang='lat' dir='ltr'><strong>suffragium</strong></span> <span class='ocrx_word' id='word_1_290' title='bbox 3614 1363 3779 1417; x_wconf 71' lang='lat' dir='ltr'><strong>quaa-</strong></span> 
     </span>
    </p>
   </div>
   <div class='ocr_carea' id='block_1_40' title="bbox 2118 1434 3776 1510">
    <p class='ocr_par' dir='ltr' id='par_1_40' title="bbox 2118 1434 3776 1510">
     <span class='ocr_line' id='line_1_40' title="bbox 2118 1434 3776 1510; baseline -0.003 -16"><span class='ocrx_word' id='word_1_291' title='bbox 2118 1442 2215 1506; x_wconf 91' lang='lat' dir='ltr'><strong>rit,</strong></span> <span class='ocrx_word' id='word_1_292' title='bbox 2240 1446 2304 1494; x_wconf 92' lang='lat' dir='ltr'><strong>ut</strong></span> <span class='ocrx_word' id='word_1_293' title='bbox 2334 1440 2596 1510; x_wconf 83' lang='lat' dir='ltr'><strong>proﬁciat</strong></span> <span class='ocrx_word' id='word_1_294' title='bbox 2619 1438 2844 1493; x_wconf 90' lang='lat' dir='ltr'><strong>meritis</strong></span> <span class='ocrx_word' id='word_1_295' title='bbox 2873 1437 3027 1508; x_wconf 89' lang='lat' dir='ltr'><strong>apud</strong></span> <span class='ocrx_word' id='word_1_296' title='bbox 3057 1436 3261 1491; x_wconf 91' lang='lat' dir='ltr'><strong>Deum.</strong></span> <span class='ocrx_word' id='word_1_297' title='bbox 3287 1435 3526 1506; x_wconf 89' lang='lat' dir='ltr'><strong>Propter</strong></span> <span class='ocrx_word' id='word_1_298' title='bbox 3547 1434 3776 1490; x_wconf 88' lang='lat' dir='ltr'><strong>imbres</strong></span> 
     </span>
    </p>
   </div>
   <div class='ocr_carea' id='block_1_41' title="bbox 2119 1525 3780 1599">
    <p class='ocr_par' dir='ltr' id='par_1_41' title="bbox 2119 1525 3780 1599">
     <span class='ocr_line' id='line_1_41' title="bbox 2119 1525 3780 1599; baseline -0.002 -15"><span class='ocrx_word' id='word_1_299' title='bbox 2119 1536 2337 1597; x_wconf 90' lang='lat' dir='ltr'><strong>autem,</strong></span> <span class='ocrx_word' id='word_1_300' title='bbox 2371 1534 2427 1584; x_wconf 90' lang='lat' dir='ltr'><strong>et</strong></span> <span class='ocrx_word' id='word_1_301' title='bbox 2468 1527 2685 1599; x_wconf 85' lang='lat' dir='ltr'><strong>frigora</strong></span> <span class='ocrx_word' id='word_1_302' title='bbox 2731 1526 3113 1592; x_wconf 90' lang='lat' dir='ltr'><strong>commonuit,</strong></span> <span class='ocrx_word' id='word_1_303' title='bbox 3147 1529 3214 1580; x_wconf 92' lang='lat' dir='ltr'><strong>ut</strong></span> <span class='ocrx_word' id='word_1_304' title='bbox 3253 1530 3536 1580; x_wconf 87' lang='lat' dir='ltr'><strong>autumno</strong></span> <span class='ocrx_word' id='word_1_305' title='bbox 3583 1525 3656 1579; x_wconf 91' lang='lat' dir='ltr'><strong>ad</strong></span> <span class='ocrx_word' id='word_1_306' title='bbox 3706 1541 3780 1580; x_wconf 89' lang='lat' dir='ltr'><strong>se</strong></span> 
     </span>
    </p>
   </div>
   <div class='ocr_carea' id='block_1_42' title="bbox 2118 1618 2356 1675">
    <p class='ocr_par' dir='ltr' id='par_1_42' title="bbox 2118 1618 2356 1675">
     <span class='ocr_line' id='line_1_42' title="bbox 2118 1618 2356 1675; baseline -0.004 -2"><span class='ocrx_word' id='word_1_307' title='bbox 2118 1618 2356 1675; x_wconf 87' lang='lat' dir='ltr'><strong>veniret.</strong></span> 
     </span>
    </p>
   </div>
   <div class='ocr_carea' id='block_1_43' title="bbox 2191 1702 3776 1772">
    <p class='ocr_par' dir='ltr' id='par_1_43' title="bbox 2191 1702 3776 1772">
     <span class='ocr_line' id='line_1_43' title="bbox 2191 1702 3776 1772; baseline -0.003 -9"><span class='ocrx_word' id='word_1_308' title='bbox 2191 1729 2220 1757; x_wconf 88' lang='lat'><strong>«</strong></span> <span class='ocrx_word' id='word_1_309' title='bbox 2251 1707 2480 1763; x_wconf 88' lang='lat' dir='ltr'><strong>Salutat</strong></span> <span class='ocrx_word' id='word_1_310' title='bbox 2531 1711 2588 1761; x_wconf 91' lang='lat' dir='ltr'><strong>te</strong></span> <span class='ocrx_word' id='word_1_311' title='bbox 2650 1703 2926 1770; x_wconf 89' lang='lat' dir='ltr'><strong>Eubolus,</strong></span> <span class='ocrx_word' id='word_1_312' title='bbox 2960 1709 3019 1760; x_wconf 90' lang='lat' dir='ltr'><strong>et</strong></span> <span class='ocrx_word' id='word_1_313' title='bbox 3079 1702 3330 1772; x_wconf 90' lang='lat' dir='ltr'><strong>Pudens,</strong></span> <span class='ocrx_word' id='word_1_314' title='bbox 3361 1705 3418 1758; x_wconf 89' lang='lat' dir='ltr'><strong>et</strong></span> <span class='ocrx_word' id='word_1_315' title='bbox 3471 1702 3672 1768; x_wconf 88' lang='lat' dir='ltr'><strong>Linus,</strong></span> <span class='ocrx_word' id='word_1_316' title='bbox 3708 1706 3776 1758; x_wconf 86' lang='lat' dir='ltr'><strong>et</strong></span> 
     </span>
    </p>
   </div>
   <div class='ocr_carea' id='block_1_44' title="bbox 2117 1791 3773 1863">
    <p class='ocr_par' dir='ltr' id='par_1_44' title="bbox 2117 1791 3773 1863">
     <span class='ocr_line' id='line_1_44' title="bbox 2117 1791 3773 1863; baseline -0.003 -11"><span class='ocrx_word' id='word_1_317' title='bbox 2117 1797 2376 1862; x_wconf 85' lang='lat' dir='ltr'><strong>Claudia,</strong></span> <span class='ocrx_word' id='word_1_318' title='bbox 2401 1801 2457 1851; x_wconf 89' lang='lat' dir='ltr'><strong>et</strong></span> <span class='ocrx_word' id='word_1_319' title='bbox 2485 1810 2690 1851; x_wconf 90' lang='lat' dir='ltr'><strong>omnes</strong></span> <span class='ocrx_word' id='word_1_320' title='bbox 2719 1795 2946 1849; x_wconf 87' lang='lat' dir='ltr'><strong>fratres.</strong></span> <span class='ocrx_word' id='word_1_321' title='bbox 2975 1816 2995 1842; x_wconf 73' lang='grc' dir='ltr'><strong><em>ι</em></strong></span> <span class='ocrx_word' id='word_1_322' title='bbox 3031 1797 3184 1848; x_wconf 81' lang='lat' dir='ltr'><strong>More</strong></span> <span class='ocrx_word' id='word_1_323' title='bbox 3214 1796 3490 1848; x_wconf 88' lang='lat' dir='ltr'><strong>consueto</strong></span> <span class='ocrx_word' id='word_1_324' title='bbox 3519 1791 3773 1863; x_wconf 83' lang='lat' dir='ltr'><strong>impleta</strong></span> 
     </span>
    </p>
   </div>
   <div class='ocr_carea' id='block_1_45' title="bbox 2118 1883 3182 1957">
    <p class='ocr_par' dir='ltr' id='par_1_45' title="bbox 2118 1883 3182 1957">
     <span class='ocr_line' id='line_1_45' title="bbox 2118 1883 3182 1957; baseline -0.005 -16"><span class='ocrx_word' id='word_1_325' title='bbox 2118 1892 2209 1942; x_wconf 88' lang='lat' dir='ltr'><strong>est</strong></span> <span class='ocrx_word' id='word_1_326' title='bbox 2239 1884 2498 1957; x_wconf 88' lang='lat' dir='ltr'><strong>Epistola</strong></span> <span class='ocrx_word' id='word_1_327' title='bbox 2528 1883 2882 1939; x_wconf 86' lang='lat' dir='ltr'><strong>salutatione</strong></span> <span class='ocrx_word' id='word_1_328' title='bbox 2910 1883 3182 1937; x_wconf 83' lang='lat' dir='ltr'><strong>fratrum.</strong></span> 
     </span>
    </p>
   </div>
   <div class='ocr_carea' id='block_1_46' title="bbox 2189 1969 3761 2041">
    <p class='ocr_par' dir='ltr' id='par_1_46' title="bbox 2189 1969 3761 2041">
     <span class='ocr_line' id='line_1_46' title="bbox 2189 1969 3761 2041; baseline -0.003 -17"><span class='ocrx_word' id='word_1_329' title='bbox 2189 1997 2216 2024; x_wconf 83' lang='lat'>«</span> <span class='ocrx_word' id='word_1_330' title='bbox 2243 1974 2524 2030; x_wconf 90' lang='lat' dir='ltr'><strong>Dominus</strong></span> <span class='ocrx_word' id='word_1_331' title='bbox 2543 1973 2715 2028; x_wconf 86' lang='lat' dir='ltr'><strong>Jesus</strong></span> <span class='ocrx_word' id='word_1_332' title='bbox 2736 1972 3005 2027; x_wconf 87' lang='lat' dir='ltr'><strong>Christus</strong></span> <span class='ocrx_word' id='word_1_333' title='bbox 3027 1987 3160 2026; x_wconf 92' lang='lat' dir='ltr'><strong>cum</strong></span> <span class='ocrx_word' id='word_1_334' title='bbox 3183 1969 3393 2041; x_wconf 88' lang='lat' dir='ltr'><strong>spiritu</strong></span> <span class='ocrx_word' id='word_1_335' title='bbox 3416 1973 3533 2025; x_wconf 88' lang='lat' dir='ltr'><strong>tuo.</strong></span> <span class='ocrx_word' id='word_1_336' title='bbox 3558 1969 3716 2024; x_wconf 88' lang='lat' dir='ltr'><strong>Vale.</strong></span> <span class='ocrx_word' id='word_1_337' title='bbox 3733 1990 3761 2019; x_wconf 76' lang='grc' dir='ltr'><strong>ιι</strong></span> 
     </span>
    </p>
   </div>
   <div class='ocr_carea' id='block_1_47' title="bbox 2119 2058 3769 2132">
    <p class='ocr_par' dir='ltr' id='par_1_47' title="bbox 2119 2058 3769 2132">
     <span class='ocr_line' id='line_1_47' title="bbox 2119 2058 3769 2132; baseline -0.003 -15"><span class='ocrx_word' id='word_1_338' title='bbox 2119 2067 2250 2116; x_wconf 72' lang='lat' dir='ltr'><strong>Hinc</strong></span> <span class='ocrx_word' id='word_1_339' title='bbox 2279 2059 2628 2132; x_wconf 89' lang='lat' dir='ltr'><strong>subscriptio</strong></span> <span class='ocrx_word' id='word_1_340' title='bbox 2677 2058 2935 2132; x_wconf 83' lang='lat' dir='ltr'><strong>Apostoli</strong></span> <span class='ocrx_word' id='word_1_341' title='bbox 2973 2063 3107 2114; x_wconf 90' lang='lat' dir='ltr'><strong>est:</strong></span> <span class='ocrx_word' id='word_1_342' title='bbox 3143 2058 3300 2128; x_wconf 92' lang='lat' dir='ltr'><strong>quod</strong></span> <span class='ocrx_word' id='word_1_343' title='bbox 3348 2058 3577 2128; x_wconf 88' lang='lat' dir='ltr'><strong>signum</strong></span> <span class='ocrx_word' id='word_1_344' title='bbox 3626 2072 3769 2112; x_wconf 86' lang='lat' dir='ltr'><strong>esse</strong></span> 
     </span>
    </p>
   </div>
   <div class='ocr_carea' id='block_1_48' title="bbox 2120 2145 3774 2219">
    <p class='ocr_par' dir='ltr' id='par_1_48' title="bbox 2120 2145 3774 2219">
     <span class='ocr_line' id='line_1_48' title="bbox 2120 2145 3774 2219; baseline -0.004 -14"><span class='ocrx_word' id='word_1_345' title='bbox 2120 2150 2259 2205; x_wconf 89' lang='lat' dir='ltr'><strong>dicit</strong></span> <span class='ocrx_word' id='word_1_346' title='bbox 2288 2149 2347 2203; x_wconf 90' lang='lat' dir='ltr'><strong>in</strong></span> <span class='ocrx_word' id='word_1_347' title='bbox 2379 2149 2538 2204; x_wconf 91' lang='lat' dir='ltr'><strong>omni</strong></span> <span class='ocrx_word' id='word_1_348' title='bbox 2588 2147 2865 2219; x_wconf 87' lang='lat' dir='ltr'><strong>Epistola.</strong></span> <span class='ocrx_word' id='word_1_349' title='bbox 2889 2149 2958 2202; x_wconf 90' lang='lat' dir='ltr'><strong>Et</strong></span> <span class='ocrx_word' id='word_1_350' title='bbox 2986 2147 3127 2219; x_wconf 89' lang='lat' dir='ltr'><strong>quia</strong></span> <span class='ocrx_word' id='word_1_351' title='bbox 3167 2145 3348 2202; x_wconf 87' lang='lat' dir='ltr'><strong>Filius</strong></span> <span class='ocrx_word' id='word_1_352' title='bbox 3378 2147 3476 2201; x_wconf 89' lang='lat' dir='ltr'><strong>Dei</strong></span> <span class='ocrx_word' id='word_1_353' title='bbox 3507 2145 3664 2200; x_wconf 88' lang='lat' dir='ltr'><strong>idem</strong></span> <span class='ocrx_word' id='word_1_354' title='bbox 3695 2145 3774 2199; x_wconf 80' lang='lat' dir='ltr'><strong>f1-</strong></span> 
     </span>
    </p>
   </div>
   <div class='ocr_carea' id='block_1_49' title="bbox 2120 2235 3779 2304">
    <p class='ocr_par' dir='ltr' id='par_1_49' title="bbox 2120 2235 3779 2304">
     <span class='ocr_line' id='line_1_49' title="bbox 2120 2235 3779 2304; baseline -0.003 -10"><span class='ocrx_word' id='word_1_355' title='bbox 2120 2240 2236 2294; x_wconf 88' lang='lat' dir='ltr'><strong>lius</strong></span> <span class='ocrx_word' id='word_1_356' title='bbox 2267 2238 2523 2293; x_wconf 88' lang='lat' dir='ltr'><strong>hominis</strong></span> <span class='ocrx_word' id='word_1_357' title='bbox 2570 2243 2680 2304; x_wconf 84' lang='lat' dir='ltr'><strong>est,</strong></span> <span class='ocrx_word' id='word_1_358' title='bbox 2713 2242 2772 2292; x_wconf 85' lang='lat' dir='ltr'><strong>et</strong></span> <span class='ocrx_word' id='word_1_359' title='bbox 2809 2237 2984 2293; x_wconf 86' lang='lat' dir='ltr'><strong>Jesus</strong></span> <span class='ocrx_word' id='word_1_360' title='bbox 3031 2236 3263 2299; x_wconf 90' lang='lat' dir='ltr'><strong>dicitur,</strong></span> <span class='ocrx_word' id='word_1_361' title='bbox 3293 2239 3352 2290; x_wconf 92' lang='lat' dir='ltr'><strong>et</strong></span> <span class='ocrx_word' id='word_1_362' title='bbox 3377 2235 3670 2297; x_wconf 80' lang='lat' dir='ltr'><strong>Christus,</strong></span> <span class='ocrx_word' id='word_1_363' title='bbox 3703 2239 3779 2289; x_wconf 89' lang='lat' dir='ltr'><strong>ut</strong></span> 
     </span>
    </p>
   </div>
   <div class='ocr_carea' id='block_1_50' title="bbox 2123 2322 3782 2398">
    <p class='ocr_par' dir='ltr' id='par_1_50' title="bbox 2123 2322 3782 2398">
     <span class='ocr_line' id='line_1_50' title="bbox 2123 2322 3782 2398; baseline -0.003 -16"><span class='ocrx_word' id='word_1_364' title='bbox 2123 2333 2180 2383; x_wconf 89' lang='lat' dir='ltr'><strong>et</strong></span> <span class='ocrx_word' id='word_1_365' title='bbox 2210 2328 2382 2382; x_wconf 91' lang='lat' dir='ltr'><strong>homo</strong></span> <span class='ocrx_word' id='word_1_366' title='bbox 2430 2327 2813 2398; x_wconf 78' lang='lat' dir='ltr'><strong>significetur,</strong></span> <span class='ocrx_word' id='word_1_367' title='bbox 2839 2329 2896 2382; x_wconf 91' lang='lat' dir='ltr'><strong>et</strong></span> <span class='ocrx_word' id='word_1_368' title='bbox 2940 2325 3114 2392; x_wconf 88' lang='lat' dir='ltr'><strong>Deus,</strong></span> <span class='ocrx_word' id='word_1_369' title='bbox 3148 2324 3380 2380; x_wconf 87' lang='lat' dir='ltr'><strong>duobus</strong></span> <span class='ocrx_word' id='word_1_370' title='bbox 3428 2322 3782 2379; x_wconf 87' lang='lat' dir='ltr'><strong>nominibus</strong></span> 
     </span>
    </p>
   </div>
   <div class='ocr_carea' id='block_1_51' title="bbox 2126 2412 3782 2488">
    <p class='ocr_par' dir='ltr' id='par_1_51' title="bbox 2126 2412 3782 2488">
     <span class='ocr_line' id='line_1_51' title="bbox 2126 2412 3782 2488; baseline -0.002 -16"><span class='ocrx_word' id='word_1_371' title='bbox 2126 2420 2524 2488; x_wconf 88' lang='lat' dir='ltr'><strong>nuncupatur.</strong></span> <span class='ocrx_word' id='word_1_372' title='bbox 2557 2415 2813 2485; x_wconf 89' lang='lat' dir='ltr'><strong>Utroque</strong></span> <span class='ocrx_word' id='word_1_373' title='bbox 2859 2418 3056 2469; x_wconf 88' lang='lat' dir='ltr'><strong>tamen</strong></span> <span class='ocrx_word' id='word_1_374' title='bbox 3098 2413 3335 2469; x_wconf 83' lang='lat' dir='ltr'><strong>nomine</strong></span> <span class='ocrx_word' id='word_1_375' title='bbox 3381 2412 3644 2484; x_wconf 87' lang='lat' dir='ltr'><strong>dignitas</strong></span> <span class='ocrx_word' id='word_1_376' title='bbox 3674 2412 3782 2469; x_wconf 86' lang='lat' dir='ltr'><strong>de-</strong></span> 
     </span>
    </p>
   </div>
   <div class='ocr_carea' id='block_1_52' title="bbox 2127 2501 3483 2577">
    <p class='ocr_par' dir='ltr' id='par_1_52' title="bbox 2127 2501 3483 2577">
     <span class='ocr_line' id='line_1_52' title="bbox 2127 2501 3483 2577; baseline -0.003 -17"><span class='ocrx_word' id='word_1_377' title='bbox 2127 2506 2413 2577; x_wconf 85' lang='lat' dir='ltr'><strong>signatur,</strong></span> <span class='ocrx_word' id='word_1_378' title='bbox 2442 2521 2560 2575; x_wconf 90' lang='lat' dir='ltr'><strong>qua</strong></span> <span class='ocrx_word' id='word_1_379' title='bbox 2591 2504 2813 2559; x_wconf 86' lang='lat' dir='ltr'><strong>ratione</strong></span> <span class='ocrx_word' id='word_1_380' title='bbox 2843 2507 2982 2558; x_wconf 89' lang='lat' dir='ltr'><strong>sunt</strong></span> <span class='ocrx_word' id='word_1_381' title='bbox 3005 2503 3195 2574; x_wconf 87' lang='lat' dir='ltr'><strong>posita</strong></span> <span class='ocrx_word' id='word_1_382' title='bbox 3223 2501 3483 2557; x_wconf 89' lang='lat' dir='ltr'><strong>nomina.</strong></span> 
     </span>
    </p>
   </div>
   <div class='ocr_carea' id='block_1_53' title="bbox 2340 2591 3556 2664">
    <p class='ocr_par' dir='ltr' id='par_1_53' title="bbox 2340 2591 3556 2664">
     <span class='ocr_line' id='line_1_53' title="bbox 2340 2591 3556 2664; baseline -0.003 -16"><span class='ocrx_word' id='word_1_383' title='bbox 2340 2595 2498 2648; x_wconf 74' lang='lat' dir='ltr'><strong>Finis</strong></span> <span class='ocrx_word' id='word_1_384' title='bbox 2527 2593 2786 2664; x_wconf 67' lang='lat' dir='ltr'><strong>Epistolas</strong></span> <span class='ocrx_word' id='word_1_385' title='bbox 2813 2591 3059 2648; x_wconf 71' lang='lat' dir='ltr'><strong>secundae</strong></span> <span class='ocrx_word' id='word_1_386' title='bbox 3083 2591 3158 2647; x_wconf 83' lang='lat' dir='ltr'><strong>ad</strong></span> <span class='ocrx_word' id='word_1_387' title='bbox 3192 2591 3556 2647; x_wconf 73' lang='lat' dir='ltr'><strong>Timotheum.</strong></span> 
     </span>
    </p>
   </div>
   <div class='ocr_carea' id='block_1_54' title="bbox 1575 3097 2564 3159">
    <p class='ocr_par' dir='ltr' id='par_1_54' title="bbox 1575 3097 2564 3159">
     <span class='ocr_line' id='line_1_54' title="bbox 1575 3097 2564 3159; baseline -0.005 0"><span class='ocrx_word' id='word_1_388' title='bbox 1575 3097 2099 3159; x_wconf 84' lang='lat' dir='ltr'><strong>CAPITULATIO</strong></span> <span class='ocrx_word' id='word_1_389' title='bbox 2141 3099 2244 3158; x_wconf 89' lang='lat' dir='ltr'><strong>AD</strong></span> <span class='ocrx_word' id='word_1_390' title='bbox 2288 3097 2536 3158; x_wconf 87' lang='lat' dir='ltr'>TlTUM</span> <span class='ocrx_word' id='word_1_391' title='bbox 2551 3140 2564 3154; x_wconf 91' lang='lat'><strong>.</strong></span> 
     </span>
    </p>
   </div>
   <div class='ocr_carea' id='block_1_55' title="bbox 447 3439 3789 3517">
    <p class='ocr_par' dir='ltr' id='par_1_55' title="bbox 447 3439 3789 3517">
     <span class='ocr_line' id='line_1_55' title="bbox 447 3439 3789 3517; baseline 0.001 -24"><span class='ocrx_word' id='word_1_392' title='bbox 447 3439 497 3494; x_wconf 91' lang='grc'><strong>1.</strong></span> <span class='ocrx_word' id='word_1_393' title='bbox 530 3440 722 3496; x_wconf 89' lang='lat' dir='ltr'><strong>Titum</strong></span> <span class='ocrx_word' id='word_1_394' title='bbox 769 3442 1008 3498; x_wconf 90' lang='lat' dir='ltr'><strong>instruit</strong></span> <span class='ocrx_word' id='word_1_395' title='bbox 1038 3445 1240 3516; x_wconf 89' lang='lat' dir='ltr'><strong>quales</strong></span> <span class='ocrx_word' id='word_1_396' title='bbox 1275 3446 1484 3502; x_wconf 89' lang='lat' dir='ltr'><strong>debeat</strong></span> <span class='ocrx_word' id='word_1_397' title='bbox 1526 3444 1828 3517; x_wconf 89' lang='lat' dir='ltr'><strong>episcopos</strong></span> <span class='ocrx_word' id='word_1_398' title='bbox 1861 3443 2014 3500; x_wconf 90' lang='lat' dir='ltr'><strong>ordi-</strong></span> <span class='ocrx_word' id='word_1_399' title='bbox 2048 3445 2091 3512; x_wconf 73' lang='grc' dir='ltr'><strong>Ο</strong></span> <span class='ocrx_word' id='word_1_400' title='bbox 2129 3443 2431 3499; x_wconf 90' lang='lat' dir='ltr'><strong>vivamus:</strong></span> <span class='ocrx_word' id='word_1_401' title='bbox 2459 3445 2517 3498; x_wconf 90' lang='lat' dir='ltr'><strong>et</strong></span> <span class='ocrx_word' id='word_1_402' title='bbox 2539 3446 2605 3497; x_wconf 94' lang='lat' dir='ltr'><strong>ut</strong></span> <span class='ocrx_word' id='word_1_403' title='bbox 2633 3457 2766 3496; x_wconf 91' lang='lat' dir='ltr'><strong>cum</strong></span> <span class='ocrx_word' id='word_1_404' title='bbox 2798 3439 2957 3496; x_wconf 92' lang='lat' dir='ltr'><strong>omni</strong></span> <span class='ocrx_word' id='word_1_405' title='bbox 2989 3441 3234 3513; x_wconf 90' lang='lat' dir='ltr'><strong>imperio</strong></span> <span class='ocrx_word' id='word_1_406' title='bbox 3265 3445 3498 3513; x_wconf 86' lang='lat' dir='ltr'><strong>arguat,</strong></span> <span class='ocrx_word' id='word_1_407' title='bbox 3521 3445 3789 3512; x_wconf 84' lang='lat' dir='ltr'><strong>potesta-</strong></span> 
     </span>
    </p>
   </div>
   <div class='ocr_carea' id='block_1_56' title="bbox 378 3532 1565 3606">
    <p class='ocr_par' dir='ltr' id='par_1_56' title="bbox 378 3532 1565 3606">
     <span class='ocr_line' id='line_1_56' title="bbox 378 3532 1565 3606; baseline 0.004 -23"><span class='ocrx_word' id='word_1_408' title='bbox 378 3545 516 3584; x_wconf 89' lang='lat' dir='ltr'><strong>nare</strong></span> <span class='ocrx_word' id='word_1_409' title='bbox 550 3547 562 3584; x_wconf 90' lang='lat'>:</span> <span class='ocrx_word' id='word_1_410' title='bbox 598 3534 655 3585; x_wconf 91' lang='lat' dir='ltr'><strong>et</strong></span> <span class='ocrx_word' id='word_1_411' title='bbox 686 3535 750 3585; x_wconf 93' lang='lat' dir='ltr'><strong>ut</strong></span> <span class='ocrx_word' id='word_1_412' title='bbox 777 3532 1082 3589; x_wconf 84' lang='lat' dir='ltr'><strong>Cretenses</strong></span> <span class='ocrx_word' id='word_1_413' title='bbox 1113 3533 1372 3606; x_wconf 90' lang='lat' dir='ltr'><strong>increpet</strong></span> <span class='ocrx_word' id='word_1_414' title='bbox 1401 3535 1565 3590; x_wconf 91' lang='lat' dir='ltr'><strong>dure.</strong></span> 
     </span>
    </p>
   </div>
   <div class='ocr_carea' id='block_1_57' title="bbox 443 3617 2016 3691">
    <p class='ocr_par' dir='ltr' id='par_1_57' title="bbox 443 3617 2016 3691">
     <span class='ocr_line' id='line_1_57' title="bbox 443 3617 2016 3691; baseline 0.004 -20"><span class='ocrx_word' id='word_1_415' title='bbox 443 3619 498 3672; x_wconf 88' lang='lat'><strong>2.</strong></span> <span class='ocrx_word' id='word_1_416' title='bbox 533 3617 678 3680; x_wconf 86' lang='lat' dir='ltr'><strong>Quia</strong></span> <span class='ocrx_word' id='word_1_417' title='bbox 700 3619 897 3674; x_wconf 89' lang='lat' dir='ltr'><strong>omnia</strong></span> <span class='ocrx_word' id='word_1_418' title='bbox 921 3622 1140 3677; x_wconf 90' lang='lat' dir='ltr'><strong>munda</strong></span> <span class='ocrx_word' id='word_1_419' title='bbox 1160 3622 1397 3678; x_wconf 90' lang='lat' dir='ltr'><strong>mundis</strong></span> <span class='ocrx_word' id='word_1_420' title='bbox 1427 3640 1440 3677; x_wconf 89' lang='lat'>:</span> <span class='ocrx_word' id='word_1_421' title='bbox 1464 3626 1521 3678; x_wconf 91' lang='lat' dir='ltr'><strong>et</strong></span> <span class='ocrx_word' id='word_1_422' title='bbox 1551 3625 1614 3676; x_wconf 91' lang='lat' dir='ltr'><strong>ut</strong></span> <span class='ocrx_word' id='word_1_423' title='bbox 1636 3639 1825 3687; x_wconf 89' lang='lat' dir='ltr'><strong>senes,</strong></span> <span class='ocrx_word' id='word_1_424' title='bbox 1848 3639 2016 3691; x_wconf 85' lang='lat' dir='ltr'><strong>anus,</strong></span> 
     </span>
    </p>
   </div>
   <div class='ocr_carea' id='block_1_58' title="bbox 367 3706 2017 3783">
    <p class='ocr_par' dir='ltr' id='par_1_58' title="bbox 367 3706 2017 3783">
     <span class='ocr_line' id='line_1_58' title="bbox 367 3706 2017 3783; baseline 0.004 -24"><span class='ocrx_word' id='word_1_425' title='bbox 367 3706 638 3776; x_wconf 89' lang='lat' dir='ltr'><strong>juvenes,</strong></span> <span class='ocrx_word' id='word_1_426' title='bbox 671 3706 1119 3766; x_wconf 59' lang='lat' dir='ltr'><strong>adolescentulis</strong></span> <span class='ocrx_word' id='word_1_427' title='bbox 1148 3711 1472 3768; x_wconf 88' lang='lat' dir='ltr'><strong>castitatem</strong></span> <span class='ocrx_word' id='word_1_428' title='bbox 1507 3715 1759 3783; x_wconf 88' lang='lat' dir='ltr'><strong>servent,</strong></span> <span class='ocrx_word' id='word_1_429' title='bbox 1787 3716 1845 3767; x_wconf 92' lang='lat' dir='ltr'><strong>et</strong></span> <span class='ocrx_word' id='word_1_430' title='bbox 1870 3711 2017 3766; x_wconf 90' lang='lat' dir='ltr'><strong>servi</strong></span> 
     </span>
    </p>
   </div>
   <div class='ocr_carea' id='block_1_59' title="bbox 375 3793 1084 3868">
    <p class='ocr_par' dir='ltr' id='par_1_59' title="bbox 375 3793 1084 3868">
     <span class='ocr_line' id='line_1_59' title="bbox 375 3793 1084 3868; baseline 0.007 -20"><span class='ocrx_word' id='word_1_431' title='bbox 375 3793 633 3849; x_wconf 90' lang='lat' dir='ltr'><strong>dominis</strong></span> <span class='ocrx_word' id='word_1_432' title='bbox 665 3796 1084 3868; x_wconf 89' lang='lat' dir='ltr'><strong>obtemperent.</strong></span> 
     </span>
    </p>
   </div>
   <div class='ocr_carea' id='block_1_60' title="bbox 446 3882 2022 3960">
    <p class='ocr_par' dir='ltr' id='par_1_60' title="bbox 446 3882 2022 3960">
     <span class='ocr_line' id='line_1_60' title="bbox 446 3882 2022 3960; baseline 0.003 -23"><span class='ocrx_word' id='word_1_433' title='bbox 446 3882 499 3938; x_wconf 89' lang='lat'><strong>3.</strong></span> <span class='ocrx_word' id='word_1_434' title='bbox 533 3883 678 3947; x_wconf 88' lang='lat' dir='ltr'><strong>Quia</strong></span> <span class='ocrx_word' id='word_1_435' title='bbox 707 3886 979 3957; x_wconf 86' lang='lat' dir='ltr'><strong>apparuit</strong></span> <span class='ocrx_word' id='word_1_436' title='bbox 1009 3888 1196 3960; x_wconf 88' lang='lat' dir='ltr'><strong>gratia</strong></span> <span class='ocrx_word' id='word_1_437' title='bbox 1239 3888 1334 3944; x_wconf 93' lang='lat' dir='ltr'><strong>Dei</strong></span> <span class='ocrx_word' id='word_1_438' title='bbox 1366 3889 1641 3945; x_wconf 89' lang='lat' dir='ltr'><strong>erudiens</strong></span> <span class='ocrx_word' id='word_1_439' title='bbox 1672 3905 1800 3955; x_wconf 88' lang='lat' dir='ltr'><strong>nos,</strong></span> <span class='ocrx_word' id='word_1_440' title='bbox 1833 3891 1898 3942; x_wconf 93' lang='lat' dir='ltr'><strong>ut</strong></span> <span class='ocrx_word' id='word_1_441' title='bbox 1928 3887 2022 3960; x_wconf 91' lang='lat' dir='ltr'><strong>pie</strong></span> 
     </span>
    </p>
   </div>
   <div class='ocr_carea' id='block_1_61' title="bbox 2130 3529 3264 3588">
    <p class='ocr_par' dir='ltr' id='par_1_61' title="bbox 2130 3529 3264 3588">
     <span class='ocr_line' id='line_1_61' title="bbox 2130 3529 3264 3588; baseline -0.004 0"><span class='ocrx_word' id='word_1_442' title='bbox 2130 3533 2288 3588; x_wconf 89' lang='lat' dir='ltr'><strong>tibus</strong></span> <span class='ocrx_word' id='word_1_443' title='bbox 2320 3531 2587 3586; x_wconf 89' lang='lat' dir='ltr'><strong>subditos</strong></span> <span class='ocrx_word' id='word_1_444' title='bbox 2619 3546 2747 3585; x_wconf 90' lang='lat' dir='ltr'><strong>esse</strong></span> <span class='ocrx_word' id='word_1_445' title='bbox 2775 3546 2836 3585; x_wconf 93' lang='lat' dir='ltr'><strong>se</strong></span> <span class='ocrx_word' id='word_1_446' title='bbox 2865 3534 2922 3585; x_wconf 91' lang='lat' dir='ltr'><strong>et</strong></span> <span class='ocrx_word' id='word_1_447' title='bbox 2949 3529 3264 3586; x_wconf 89' lang='lat' dir='ltr'><strong>modestos.</strong></span> 
     </span>
    </p>
   </div>
   <div class='ocr_carea' id='block_1_62' title="bbox 2201 3616 3786 3690">
    <p class='ocr_par' dir='ltr' id='par_1_62' title="bbox 2201 3616 3786 3690">
     <span class='ocr_line' id='line_1_62' title="bbox 2201 3616 3786 3690; baseline 0 -15"><span class='ocrx_word' id='word_1_448' title='bbox 2201 3621 2252 3675; x_wconf 83' lang='grc'><strong>4.</strong></span> <span class='ocrx_word' id='word_1_449' title='bbox 2278 3620 2425 3685; x_wconf 89' lang='lat' dir='ltr'><strong>Quia</strong></span> <span class='ocrx_word' id='word_1_450' title='bbox 2450 3635 2684 3675; x_wconf 87' lang='lat' dir='ltr'><strong>eramus</strong></span> <span class='ocrx_word' id='word_1_451' title='bbox 2715 3623 2773 3674; x_wconf 88' lang='lat' dir='ltr'><strong>et</strong></span> <span class='ocrx_word' id='word_1_452' title='bbox 2805 3635 2910 3674; x_wconf 89' lang='lat' dir='ltr'><strong>nos</strong></span> <span class='ocrx_word' id='word_1_453' title='bbox 2931 3617 3246 3690; x_wconf 89' lang='lat' dir='ltr'><strong>aliquando</strong></span> <span class='ocrx_word' id='word_1_454' title='bbox 3269 3616 3642 3690; x_wconf 87' lang='lat' dir='ltr'><strong>insipientes.</strong></span> <span class='ocrx_word' id='word_1_455' title='bbox 3669 3620 3786 3675; x_wconf 88' lang='lat' dir='ltr'><strong>Sed</strong></span> 
     </span>
    </p>
   </div>
   <div class='ocr_carea' id='block_1_63' title="bbox 2130 3706 3785 3782">
    <p class='ocr_par' dir='ltr' id='par_1_63' title="bbox 2130 3706 3785 3782">
     <span class='ocr_line' id='line_1_63' title="bbox 2130 3706 3785 3782; baseline -0.001 -18"><span class='ocrx_word' id='word_1_456' title='bbox 2130 3708 2480 3782; x_wconf 84' lang='lat' dir='ltr'><strong>benignitas,</strong></span> <span class='ocrx_word' id='word_1_457' title='bbox 2501 3712 2560 3762; x_wconf 89' lang='lat' dir='ltr'><strong>et</strong></span> <span class='ocrx_word' id='word_1_458' title='bbox 2589 3706 2928 3762; x_wconf 89' lang='lat' dir='ltr'><strong>humanitas</strong></span> <span class='ocrx_word' id='word_1_459' title='bbox 2955 3707 3072 3777; x_wconf 88' lang='lat' dir='ltr'><strong>Dei,</strong></span> <span class='ocrx_word' id='word_1_460' title='bbox 3099 3724 3213 3763; x_wconf 90' lang='lat' dir='ltr'><strong>non</strong></span> <span class='ocrx_word' id='word_1_461' title='bbox 3240 3724 3308 3764; x_wconf 83' lang='lat' dir='ltr'><strong>ex</strong></span> <span class='ocrx_word' id='word_1_462' title='bbox 3330 3707 3610 3778; x_wconf 89' lang='lat' dir='ltr'><strong>operibus</strong></span> <span class='ocrx_word' id='word_1_463' title='bbox 3642 3725 3785 3764; x_wconf 84' lang='lat' dir='ltr'><strong>nos-</strong></span> 
     </span>
    </p>
   </div>
   <div class='ocr_carea' id='block_1_64' title="bbox 2131 3795 3788 3868">
    <p class='ocr_par' dir='ltr' id='par_1_64' title="bbox 2131 3795 3788 3868">
     <span class='ocr_line' id='line_1_64' title="bbox 2131 3795 3788 3868; baseline -0.001 -15"><span class='ocrx_word' id='word_1_464' title='bbox 2131 3796 2459 3866; x_wconf 89' lang='lat' dir='ltr'><strong>tris,sa1vos</strong></span> <span class='ocrx_word' id='word_1_465' title='bbox 2482 3813 2588 3852; x_wconf 92' lang='lat' dir='ltr'><strong>nos</strong></span> <span class='ocrx_word' id='word_1_466' title='bbox 2611 3795 2745 3851; x_wconf 85' lang='lat' dir='ltr'><strong>fecit</strong></span> <span class='ocrx_word' id='word_1_467' title='bbox 2768 3812 2780 3851; x_wconf 92' lang='lat'><strong>:</strong></span> <span class='ocrx_word' id='word_1_468' title='bbox 2807 3801 2865 3851; x_wconf 91' lang='lat' dir='ltr'><strong>et</strong></span> <span class='ocrx_word' id='word_1_469' title='bbox 2891 3799 2955 3850; x_wconf 91' lang='lat' dir='ltr'><strong>ut</strong></span> <span class='ocrx_word' id='word_1_470' title='bbox 2977 3795 3188 3852; x_wconf 87' lang='lat' dir='ltr'><strong>stultas</strong></span> <span class='ocrx_word' id='word_1_471' title='bbox 3210 3795 3650 3868; x_wconf 62' lang='lat' dir='ltr'><strong>quastiones,et</strong></span> <span class='ocrx_word' id='word_1_472' title='bbox 3673 3797 3788 3852; x_wconf 72' lang='lat' dir='ltr'><strong>hae-</strong></span> 
     </span>
    </p>
   </div>
   <div class='ocr_carea' id='block_1_65' title="bbox 2132 3884 3784 3956">
    <p class='ocr_par' dir='ltr' id='par_1_65' title="bbox 2132 3884 3784 3956">
     <span class='ocr_line' id='line_1_65' title="bbox 2132 3884 3784 3956; baseline -0.001 -14"><span class='ocrx_word' id='word_1_473' title='bbox 2132 3887 2377 3942; x_wconf 89' lang='lat' dir='ltr'><strong>reticum</strong></span> <span class='ocrx_word' id='word_1_474' title='bbox 2409 3885 2709 3941; x_wconf 89' lang='lat' dir='ltr'><strong>hominem</strong></span> <span class='ocrx_word' id='word_1_475' title='bbox 2733 3889 2866 3956; x_wconf 92' lang='lat' dir='ltr'><strong>post</strong></span> <span class='ocrx_word' id='word_1_476' title='bbox 2893 3901 3072 3940; x_wconf 88' lang='lat' dir='ltr'><strong>unam</strong></span> <span class='ocrx_word' id='word_1_477' title='bbox 3102 3884 3520 3941; x_wconf 88' lang='lat' dir='ltr'><strong>correctionem</strong></span> <span class='ocrx_word' id='word_1_478' title='bbox 3543 3885 3784 3941; x_wconf 88' lang='lat' dir='ltr'><strong>devitet.</strong></span> 
     </span>
    </p>
   </div>
   <div class='ocr_carea' id='block_1_66' title="bbox 1568 4065 2585 4131">
    <p class='ocr_par' dir='ltr' id='par_1_66' title="bbox 1568 4065 2585 4131">
     <span class='ocr_line' id='line_1_66' title="bbox 1568 4065 2585 4131; baseline -0.005 -3"><span class='ocrx_word' id='word_1_479' title='bbox 1568 4070 1842 4131; x_wconf 86' lang='lat' dir='ltr'><strong>AitGUM</strong></span> <span class='ocrx_word' id='word_1_480' title='bbox 1855 4067 2126 4129; x_wconf 78' lang='lat' dir='ltr'><strong>BNTUM</strong></span> <span class='ocrx_word' id='word_1_481' title='bbox 2170 4065 2271 4124; x_wconf 85' lang='lat' dir='ltr'><strong>AD</strong></span> <span class='ocrx_word' id='word_1_482' title='bbox 2315 4065 2585 4126; x_wconf 88' lang='lat' dir='ltr'>TITUM.</span> 
     </span>
    </p>
   </div>
   <div class='ocr_carea' id='block_1_67' title="bbox 446 4225 2022 4284">
    <p class='ocr_par' dir='ltr' id='par_1_67' title="bbox 446 4225 2022 4284">
     <span class='ocr_line' id='line_1_67' title="bbox 446 4225 2022 4284; baseline 0.001 -5"><span class='ocrx_word' id='word_1_483' title='bbox 446 4225 645 4280; x_wconf 87' lang='lat' dir='ltr'><strong>Titum</strong></span> <span class='ocrx_word' id='word_1_484' title='bbox 675 4225 1122 4283; x_wconf 85' lang='lat' dir='ltr'><strong>commonefacit</strong></span> <span class='ocrx_word' id='word_1_485' title='bbox 1153 4233 1210 4282; x_wconf 92' lang='lat' dir='ltr'><strong>et</strong></span> <span class='ocrx_word' id='word_1_486' title='bbox 1239 4227 1478 4284; x_wconf 89' lang='lat' dir='ltr'><strong>instruit</strong></span> <span class='ocrx_word' id='word_1_487' title='bbox 1507 4227 1577 4284; x_wconf 90' lang='lat' dir='ltr'><strong>de</strong></span> <span class='ocrx_word' id='word_1_488' title='bbox 1606 4225 2022 4283; x_wconf 88' lang='lat' dir='ltr'><strong>constitutione</strong></span> 
     </span>
    </p>
   </div>
   <div class='ocr_carea' id='block_1_68' title="bbox 373 4313 2020 4390">
    <p class='ocr_par' dir='ltr' id='par_1_68' title="bbox 373 4313 2020 4390">
     <span class='ocr_line' id='line_1_68' title="bbox 373 4313 2020 4390; baseline 0 -22"><span class='ocrx_word' id='word_1_489' title='bbox 373 4313 719 4387; x_wconf 82' lang='lat' dir='ltr'><strong>presbyteri,</strong></span> <span class='ocrx_word' id='word_1_490' title='bbox 751 4318 808 4370; x_wconf 91' lang='lat' dir='ltr'><strong>et</strong></span> <span class='ocrx_word' id='word_1_491' title='bbox 837 4315 908 4371; x_wconf 92' lang='lat' dir='ltr'><strong>de</strong></span> <span class='ocrx_word' id='word_1_492' title='bbox 935 4315 1188 4390; x_wconf 84' lang='lat' dir='ltr'><strong>spiritali</strong></span> <span class='ocrx_word' id='word_1_493' title='bbox 1218 4316 1676 4388; x_wconf 88' lang='lat' dir='ltr'><strong>conversatione,</strong></span> <span class='ocrx_word' id='word_1_494' title='bbox 1708 4319 1765 4371; x_wconf 92' lang='lat' dir='ltr'><strong>et</strong></span> <span class='ocrx_word' id='word_1_495' title='bbox 1795 4313 2020 4370; x_wconf 64' lang='lat' dir='ltr'><strong>haereti-</strong></span> 
     </span>
    </p>
   </div>
   <div class='ocr_carea' id='block_1_69' title="bbox 2133 4221 3789 4295">
    <p class='ocr_par' dir='ltr' id='par_1_69' title="bbox 2133 4221 3789 4295">
     <span class='ocr_line' id='line_1_69' title="bbox 2133 4221 3789 4295; baseline 0.001 -17"><span class='ocrx_word' id='word_1_496' title='bbox 2133 4223 2217 4279; x_wconf 91' lang='lat' dir='ltr'><strong>cis</strong></span> <span class='ocrx_word' id='word_1_497' title='bbox 2248 4223 2628 4295; x_wconf 90' lang='lat' dir='ltr'><strong>vitandis,qui</strong></span> <span class='ocrx_word' id='word_1_498' title='bbox 2661 4223 2720 4277; x_wconf 91' lang='lat' dir='ltr'><strong>in</strong></span> <span class='ocrx_word' id='word_1_499' title='bbox 2744 4223 3050 4295; x_wconf 89' lang='lat' dir='ltr'><strong>scripturis</strong></span> <span class='ocrx_word' id='word_1_500' title='bbox 3077 4221 3335 4279; x_wconf 83' lang='lat' dir='ltr'><strong>Judaicis</strong></span> <span class='ocrx_word' id='word_1_501' title='bbox 3364 4223 3621 4280; x_wconf 88' lang='lat' dir='ltr'><strong>credunt</strong></span> <span class='ocrx_word' id='word_1_502' title='bbox 3638 4224 3789 4280; x_wconf 87' lang='lat' dir='ltr'><strong>scri-</strong></span> 
     </span>
    </p>
   </div>
   <div class='ocr_carea' id='block_1_70' title="bbox 2133 4312 2872 4368">
    <p class='ocr_par' dir='ltr' id='par_1_70' title="bbox 2133 4312 2872 4368">
     <span class='ocr_line' id='line_1_70' title="bbox 2133 4312 2872 4368; baseline -0.001 -1"><span class='ocrx_word' id='word_1_503' title='bbox 2133 4313 2278 4368; x_wconf 88' lang='lat' dir='ltr'><strong>bens</strong></span> <span class='ocrx_word' id='word_1_504' title='bbox 2306 4313 2358 4368; x_wconf 92' lang='lat' dir='ltr'><strong>ei</strong></span> <span class='ocrx_word' id='word_1_505' title='bbox 2391 4313 2462 4368; x_wconf 93' lang='lat' dir='ltr'><strong>ab</strong></span> <span class='ocrx_word' id='word_1_506' title='bbox 2495 4313 2637 4368; x_wconf 90' lang='lat' dir='ltr'><strong>urbe</strong></span> <span class='ocrx_word' id='word_1_507' title='bbox 2670 4312 2872 4367; x_wconf 81' lang='lat' dir='ltr'><strong>Roma.</strong></span> 
     </span>
    </p>
   </div>
   <div class='ocr_carea' id='block_1_71' title="bbox 1147 4565 3108 4724">
    <p class='ocr_par' dir='ltr' id='par_1_71' title="bbox 1147 4565 3108 4724">
     <span class='ocr_line' id='line_1_71' title="bbox 1147 4565 3108 4724; baseline -0.001 -3"><span class='ocrx_word' id='word_1_508' title='bbox 1147 4628 1609 4724; x_wconf 80' lang='lat' dir='ltr'><strong>INCIPIT</strong></span> <span class='ocrx_word' id='word_1_509' title='bbox 1676 4626 2286 4721; x_wconf 87' lang='lat' dir='ltr'><strong>EPISTOLA</strong></span> <span class='ocrx_word' id='word_1_510' title='bbox 2353 4628 2518 4720; x_wconf 85' lang='lat' dir='ltr'><strong>AD</strong></span> <span class='ocrx_word' id='word_1_511' title='bbox 2589 4571 3046 4722; x_wconf 70' lang='lat' dir='ltr'><strong>TITUM.</strong></span> <span class='ocrx_word' id='word_1_512' title='bbox 3103 4565 3108 4570; x_wconf 50' lang='grc'><strong><em>’</em></strong></span> 
     </span>
    </p>
   </div>
   <div class='ocr_carea' id='block_1_72' title="bbox 443 4972 3788 5051">
    <p class='ocr_par' dir='ltr' id='par_1_72' title="bbox 443 4972 3788 5051">
     <span class='ocr_line' id='line_1_72' title="bbox 443 4972 3788 5051; baseline 0.002 -19"><span class='ocrx_word' id='word_1_513' title='bbox 443 4975 602 5048; x_wconf 62' lang='lat' dir='ltr'><strong>(Car.</strong></span> <span class='ocrx_word' id='word_1_514' title='bbox 637 4978 707 5051; x_wconf 89' lang='grc' dir='ltr'><strong>Ι.)</strong></span> <span class='ocrx_word' id='word_1_515' title='bbox 732 4999 761 5029; x_wconf 90' lang='grc'><em>‹‹</em></span> <span class='ocrx_word' id='word_1_516' title='bbox 808 4977 1023 5032; x_wconf 89' lang='lat' dir='ltr'><strong>Paulus</strong></span> <span class='ocrx_word' id='word_1_517' title='bbox 1070 4989 1275 5031; x_wconf 89' lang='lat' dir='ltr'><strong>servus</strong></span> <span class='ocrx_word' id='word_1_518' title='bbox 1327 4972 1449 5030; x_wconf 90' lang='lat' dir='ltr'><strong>Dei.</strong></span> <span class='ocrx_word' id='word_1_519' title='bbox 1476 4994 1505 5025; x_wconf 85' lang='lat'><strong>»</strong></span> <span class='ocrx_word' id='word_1_520' title='bbox 1537 4974 1684 5042; x_wconf 91' lang='lat' dir='ltr'><strong>Quid</strong></span> <span class='ocrx_word' id='word_1_521' title='bbox 1735 4979 1824 5032; x_wconf 88' lang='lat' dir='ltr'><strong>est</strong></span> <span class='ocrx_word' id='word_1_522' title='bbox 1869 4977 2024 5050; x_wconf 91' lang='lat' dir='ltr'><strong>quod</strong></span> <span class='ocrx_word' id='word_1_523' title='bbox 2053 4979 2102 5046; x_wconf 88' lang='lat' dir='ltr'><strong>D</strong></span> <span class='ocrx_word' id='word_1_524' title='bbox 2132 4978 2274 5034; x_wconf 89' lang='lat' dir='ltr'><strong>dum</strong></span> <span class='ocrx_word' id='word_1_525' title='bbox 2306 4981 2625 5050; x_wconf 89' lang='lat' dir='ltr'><strong>utrumque</strong></span> <span class='ocrx_word' id='word_1_526' title='bbox 2652 4995 2688 5034; x_wconf 89' lang='lat' dir='ltr'><strong>a</strong></span> <span class='ocrx_word' id='word_1_527' title='bbox 2710 4977 2941 5036; x_wconf 88' lang='lat' dir='ltr'><strong>Christo</strong></span> <span class='ocrx_word' id='word_1_528' title='bbox 2971 4977 3194 5034; x_wconf 89' lang='lat' dir='ltr'><strong>dictum</strong></span> <span class='ocrx_word' id='word_1_529' title='bbox 3225 4981 3334 5048; x_wconf 89' lang='lat' dir='ltr'><strong>est,</strong></span> <span class='ocrx_word' id='word_1_530' title='bbox 3359 4981 3661 5050; x_wconf 90' lang='lat' dir='ltr'><strong>quomodo</strong></span> <span class='ocrx_word' id='word_1_531' title='bbox 3698 4981 3788 5038; x_wconf 90' lang='lat' dir='ltr'><strong>in-</strong></span> 
     </span>
    </p>
   </div>
   <div class='ocr_carea' id='block_1_73' title="bbox 373 5062 2020 5136">
    <p class='ocr_par' dir='ltr' id='par_1_73' title="bbox 373 5062 2020 5136">
     <span class='ocr_line' id='line_1_73' title="bbox 373 5062 2020 5136; baseline 0 -14"><span class='ocrx_word' id='word_1_532' title='bbox 373 5064 636 5122; x_wconf 88' lang='lat' dir='ltr'><strong>Salvator</strong></span> <span class='ocrx_word' id='word_1_533' title='bbox 693 5070 892 5122; x_wconf 90' lang='lat' dir='ltr'><strong>noster</strong></span> <span class='ocrx_word' id='word_1_534' title='bbox 946 5083 1013 5120; x_wconf 90' lang='lat' dir='ltr'><strong>ac</strong></span> <span class='ocrx_word' id='word_1_535' title='bbox 1070 5062 1358 5120; x_wconf 89' lang='lat' dir='ltr'><strong>Dominus</strong></span> <span class='ocrx_word' id='word_1_536' title='bbox 1413 5064 1696 5136; x_wconf 90' lang='lat' dir='ltr'><strong>apostolis</strong></span> <span class='ocrx_word' id='word_1_537' title='bbox 1751 5065 2020 5123; x_wconf 84' lang='lat' dir='ltr'><strong>dixerit:</strong></span> 
     </span>
    </p>
   </div>
   <div class='ocr_carea' id='block_1_74' title="bbox 373 5154 2018 5226">
    <p class='ocr_par' dir='ltr' id='par_1_74' title="bbox 373 5154 2018 5226">
     <span class='ocr_line' id='line_1_74' title="bbox 373 5154 2018 5226; baseline 0.004 -21"><span class='ocrx_word' id='word_1_538' title='bbox 373 5179 401 5206; x_wconf 86' lang='grc'><strong>‹‹</strong></span> <span class='ocrx_word' id='word_1_539' title='bbox 430 5156 459 5212; x_wconf 85' lang='lat' dir='ltr'><strong>J</strong></span> <span class='ocrx_word' id='word_1_540' title='bbox 470 5172 562 5210; x_wconf 90' lang='lat' dir='ltr'><strong>am</strong></span> <span class='ocrx_word' id='word_1_541' title='bbox 596 5173 712 5210; x_wconf 92' lang='lat' dir='ltr'><strong>non</strong></span> <span class='ocrx_word' id='word_1_542' title='bbox 743 5155 933 5208; x_wconf 87' lang='lat' dir='ltr'><strong>dicam</strong></span> <span class='ocrx_word' id='word_1_543' title='bbox 967 5171 1069 5210; x_wconf 91' lang='lat' dir='ltr'><strong>vos</strong></span> <span class='ocrx_word' id='word_1_544' title='bbox 1099 5167 1317 5220; x_wconf 89' lang='lat' dir='ltr'><strong>servos,</strong></span> <span class='ocrx_word' id='word_1_545' title='bbox 1341 5154 1439 5209; x_wconf 89' lang='lat' dir='ltr'><strong>sed</strong></span> <span class='ocrx_word' id='word_1_546' title='bbox 1473 5155 1694 5210; x_wconf 90' lang='lat' dir='ltr'><strong>amicos</strong></span> <span class='ocrx_word' id='word_1_547' title='bbox 1724 5155 1901 5226; x_wconf 84' lang='lat' dir='ltr'><strong>(Joan.</strong></span> <span class='ocrx_word' id='word_1_548' title='bbox 1924 5173 2018 5223; x_wconf 86' lang='lat' dir='ltr'><strong>xv,</strong></span> 
     </span>
    </p>
   </div>
   <div class='ocr_carea' id='block_1_75' title="bbox 374 5241 2020 5317">
    <p class='ocr_par' dir='ltr' id='par_1_75' title="bbox 374 5241 2020 5317">
     <span class='ocr_line' id='line_1_75' title="bbox 374 5241 2020 5317; baseline 0.001 -18"><span class='ocrx_word' id='word_1_549' title='bbox 374 5245 464 5316; x_wconf 89' lang='grc'><strong>15)</strong></span> <span class='ocrx_word' id='word_1_550' title='bbox 491 5261 503 5298; x_wconf 92' lang='lat'><strong>:</strong></span> <span class='ocrx_word' id='word_1_551' title='bbox 526 5263 553 5296; x_wconf 68' lang='grc' dir='ltr'>η</span> <span class='ocrx_word' id='word_1_552' title='bbox 580 5249 638 5299; x_wconf 86' lang='lat' dir='ltr'><strong>et</strong></span> <span class='ocrx_word' id='word_1_553' title='bbox 665 5242 932 5313; x_wconf 89' lang='lat' dir='ltr'><strong>ejusdem</strong></span> <span class='ocrx_word' id='word_1_554' title='bbox 964 5241 1232 5315; x_wconf 89' lang='lat' dir='ltr'><strong>magistri</strong></span> <span class='ocrx_word' id='word_1_555' title='bbox 1263 5243 1610 5316; x_wconf 89' lang='lat' dir='ltr'><strong>discipulus,</strong></span> <span class='ocrx_word' id='word_1_556' title='bbox 1634 5243 1752 5302; x_wconf 88' lang='lat' dir='ltr'><strong>imo</strong></span> <span class='ocrx_word' id='word_1_557' title='bbox 1780 5247 2020 5317; x_wconf 88' lang='lat' dir='ltr'><strong>Aposto-</strong></span> 
     </span>
    </p>
   </div>
   <div class='ocr_carea' id='block_1_76' title="bbox 371 5330 2016 5403">
    <p class='ocr_par' dir='ltr' id='par_1_76' title="bbox 371 5330 2016 5403">
     <span class='ocr_line' id='line_1_76' title="bbox 371 5330 2016 5403; baseline 0.001 -17"><span class='ocrx_word' id='word_1_558' title='bbox 371 5331 491 5397; x_wconf 91' lang='lat' dir='ltr'><strong>lus,</strong></span> <span class='ocrx_word' id='word_1_559' title='bbox 521 5331 580 5386; x_wconf 90' lang='lat' dir='ltr'><strong>iu</strong></span> <span class='ocrx_word' id='word_1_560' title='bbox 613 5348 727 5402; x_wconf 91' lang='lat' dir='ltr'><strong>quo</strong></span> <span class='ocrx_word' id='word_1_561' title='bbox 755 5330 1023 5389; x_wconf 88' lang='lat' dir='ltr'><strong>Christus</strong></span> <span class='ocrx_word' id='word_1_562' title='bbox 1054 5331 1419 5403; x_wconf 88' lang='lat' dir='ltr'><strong>loquebatur,</strong></span> <span class='ocrx_word' id='word_1_563' title='bbox 1451 5333 1775 5390; x_wconf 88' lang='lat' dir='ltr'><strong>nominavit</strong></span> <span class='ocrx_word' id='word_1_564' title='bbox 1803 5350 1865 5388; x_wconf 90' lang='lat' dir='ltr'><strong>se</strong></span> <span class='ocrx_word' id='word_1_565' title='bbox 1894 5349 2016 5389; x_wconf 92' lang='lat' dir='ltr'><strong>ser-</strong></span> 
     </span>
    </p>
   </div>
   <div class='ocr_carea' id='block_1_77' title="bbox 370 5418 2015 5478">
    <p class='ocr_par' dir='ltr' id='par_1_77' title="bbox 370 5418 2015 5478">
     <span class='ocr_line' id='line_1_77' title="bbox 370 5418 2015 5478; baseline 0.002 -4"><span class='ocrx_word' id='word_1_566' title='bbox 370 5418 555 5474; x_wconf 84' lang='lat' dir='ltr'><strong>vum?</strong></span> <span class='ocrx_word' id='word_1_567' title='bbox 602 5419 712 5475; x_wconf 89' lang='lat' dir='ltr'><strong>Sed</strong></span> <span class='ocrx_word' id='word_1_568' title='bbox 744 5425 802 5475; x_wconf 92' lang='lat' dir='ltr'><strong>et</strong></span> <span class='ocrx_word' id='word_1_569' title='bbox 831 5419 984 5476; x_wconf 87' lang='lat' dir='ltr'><strong>idem</strong></span> <span class='ocrx_word' id='word_1_570' title='bbox 1018 5421 1298 5477; x_wconf 88' lang='lat' dir='ltr'><strong>Dominus</strong></span> <span class='ocrx_word' id='word_1_571' title='bbox 1329 5421 1442 5478; x_wconf 89' lang='lat' dir='ltr'><strong>alio</strong></span> <span class='ocrx_word' id='word_1_572' title='bbox 1484 5421 1610 5478; x_wconf 92' lang='lat' dir='ltr'><strong>loco</strong></span> <span class='ocrx_word' id='word_1_573' title='bbox 1657 5422 1728 5477; x_wconf 89' lang='lat' dir='ltr'><strong>ad</strong></span> <span class='ocrx_word' id='word_1_574' title='bbox 1777 5423 2015 5478; x_wconf 89' lang='lat' dir='ltr'><strong>eosdem</strong></span> 
     </span>
    </p>
   </div>
   <div class='ocr_carea' id='block_1_78' title="bbox 372 5505 2011 5581">
    <p class='ocr_par' dir='ltr' id='par_1_78' title="bbox 372 5505 2011 5581">
     <span class='ocr_line' id='line_1_78' title="bbox 372 5505 2011 5581; baseline 0.003 -18"><span class='ocrx_word' id='word_1_575' title='bbox 372 5505 670 5578; x_wconf 85' lang='lat' dir='ltr'><strong>apostolos</strong></span> <span class='ocrx_word' id='word_1_576' title='bbox 718 5509 958 5565; x_wconf 84' lang='lat' dir='ltr'><strong>dixit:«</strong></span> <span class='ocrx_word' id='word_1_577' title='bbox 993 5508 1173 5565; x_wconf 93' lang='lat' dir='ltr'><strong>Dicite</strong></span> <span class='ocrx_word' id='word_1_578' title='bbox 1217 5525 1230 5566; x_wconf 91' lang='lat'><strong>:</strong></span> <span class='ocrx_word' id='word_1_579' title='bbox 1276 5511 1432 5567; x_wconf 89' lang='lat' dir='ltr'><strong>Servi</strong></span> <span class='ocrx_word' id='word_1_580' title='bbox 1485 5509 1724 5566; x_wconf 87' lang='lat' dir='ltr'><strong>inutiles</strong></span> <span class='ocrx_word' id='word_1_581' title='bbox 1771 5527 2011 5581; x_wconf 88' lang='lat' dir='ltr'><strong>sumus;</strong></span> 
     </span>
    </p>
   </div>
   <div class='ocr_carea' id='block_1_79' title="bbox 373 5593 2016 5671">
    <p class='ocr_par' dir='ltr' id='par_1_79' title="bbox 373 5593 2016 5671">
     <span class='ocr_line' id='line_1_79' title="bbox 373 5593 2016 5671; baseline 0.004 -21"><span class='ocrx_word' id='word_1_582' title='bbox 373 5593 528 5671; x_wconf 90' lang='lat' dir='ltr'><strong>quod</strong></span> <span class='ocrx_word' id='word_1_583' title='bbox 559 5593 870 5657; x_wconf 90' lang='lat' dir='ltr'><strong>debuimus</strong></span> <span class='ocrx_word' id='word_1_584' title='bbox 900 5599 1110 5669; x_wconf 87' lang='lat' dir='ltr'><strong>facere,</strong></span> <span class='ocrx_word' id='word_1_585' title='bbox 1135 5597 1377 5656; x_wconf 84' lang='lat' dir='ltr'><strong>fecimus</strong></span> <span class='ocrx_word' id='word_1_586' title='bbox 1400 5602 1552 5668; x_wconf 82' lang='lat' dir='ltr'><strong>(Luc.</strong></span> <span class='ocrx_word' id='word_1_587' title='bbox 1579 5615 1716 5668; x_wconf 86' lang='lat' dir='ltr'><strong>xvn,</strong></span> <span class='ocrx_word' id='word_1_588' title='bbox 1751 5598 1857 5669; x_wconf 90' lang='grc'><strong>10).</strong></span> <span class='ocrx_word' id='word_1_589' title='bbox 1889 5621 1910 5649; x_wconf 75' lang='grc' dir='ltr'>ι</span> <span class='ocrx_word' id='word_1_590' title='bbox 1946 5601 2016 5656; x_wconf 87' lang='lat' dir='ltr'><strong>Et</strong></span> 
     </span>
    </p>
   </div>
   <div class='ocr_carea' id='block_1_80' title="bbox 2133 5066 3786 5140">
    <p class='ocr_par' dir='ltr' id='par_1_80' title="bbox 2133 5066 3786 5140">
     <span class='ocr_line' id='line_1_80' title="bbox 2133 5066 3786 5140; baseline 0.001 -16"><span class='ocrx_word' id='word_1_591' title='bbox 2133 5066 2316 5140; x_wconf 86' lang='lat' dir='ltr'><strong>telligi</strong></span> <span class='ocrx_word' id='word_1_592' title='bbox 2348 5067 2573 5135; x_wconf 88' lang='lat' dir='ltr'><strong>debeat,</strong></span> <span class='ocrx_word' id='word_1_593' title='bbox 2597 5067 2840 5124; x_wconf 87' lang='lat' dir='ltr'><strong>solerter</strong></span> <span class='ocrx_word' id='word_1_594' title='bbox 2867 5067 3213 5122; x_wconf 91' lang='lat' dir='ltr'><strong>intuendum</strong></span> <span class='ocrx_word' id='word_1_595' title='bbox 3243 5067 3444 5123; x_wconf 83' lang='lat' dir='ltr'><strong>est.Ex</strong></span> <span class='ocrx_word' id='word_1_596' title='bbox 3465 5067 3562 5125; x_wconf 90' lang='lat' dir='ltr'><strong>his</strong></span> <span class='ocrx_word' id='word_1_597' title='bbox 3583 5070 3786 5126; x_wconf 90' lang='lat' dir='ltr'><strong>Domi-</strong></span> 
     </span>
    </p>
   </div>
   <div class='ocr_carea' id='block_1_81' title="bbox 2132 5156 3783 5229">
    <p class='ocr_par' dir='ltr' id='par_1_81' title="bbox 2132 5156 3783 5229">
     <span class='ocr_line' id='line_1_81' title="bbox 2132 5156 3783 5229; baseline 0.002 -17"><span class='ocrx_word' id='word_1_598' title='bbox 2132 5157 2191 5212; x_wconf 91' lang='lat' dir='ltr'><strong>ni</strong></span> <span class='ocrx_word' id='word_1_599' title='bbox 2218 5157 2410 5213; x_wconf 89' lang='lat' dir='ltr'><strong>verbis</strong></span> <span class='ocrx_word' id='word_1_600' title='bbox 2458 5160 2620 5229; x_wconf 88' lang='lat' dir='ltr'><strong>patet</strong></span> <span class='ocrx_word' id='word_1_601' title='bbox 2648 5157 2764 5212; x_wconf 92' lang='lat' dir='ltr'><strong>duo</strong></span> <span class='ocrx_word' id='word_1_602' title='bbox 2806 5172 2934 5214; x_wconf 90' lang='lat' dir='ltr'><strong>esse</strong></span> <span class='ocrx_word' id='word_1_603' title='bbox 2981 5171 3196 5228; x_wconf 87' lang='lat' dir='ltr'><strong>genera</strong></span> <span class='ocrx_word' id='word_1_604' title='bbox 3242 5156 3407 5211; x_wconf 65' lang='lat' dir='ltr'><strong>bona</strong></span> <span class='ocrx_word' id='word_1_605' title='bbox 3456 5158 3783 5226; x_wconf 89' lang='lat' dir='ltr'><strong>servitutis,</strong></span> 
     </span>
    </p>
   </div>
   <div class='ocr_carea' id='block_1_82' title="bbox 2131 5243 3781 5312">
    <p class='ocr_par' dir='ltr' id='par_1_82' title="bbox 2131 5243 3781 5312">
     <span class='ocr_line' id='line_1_82' title="bbox 2131 5243 3781 5312; baseline 0.002 -11"><span class='ocrx_word' id='word_1_606' title='bbox 2131 5261 2314 5301; x_wconf 91' lang='lat' dir='ltr'><strong>unum</strong></span> <span class='ocrx_word' id='word_1_607' title='bbox 2345 5245 2598 5310; x_wconf 88' lang='lat' dir='ltr'><strong>timoris,</strong></span> <span class='ocrx_word' id='word_1_608' title='bbox 2631 5243 2790 5301; x_wconf 89' lang='lat' dir='ltr'><strong>aliud</strong></span> <span class='ocrx_word' id='word_1_609' title='bbox 2823 5243 3185 5312; x_wconf 88' lang='lat' dir='ltr'><strong>dilectionis;</strong></span> <span class='ocrx_word' id='word_1_610' title='bbox 3218 5260 3406 5300; x_wconf 90' lang='lat' dir='ltr'><strong>unum</strong></span> <span class='ocrx_word' id='word_1_611' title='bbox 3437 5246 3781 5304; x_wconf 85' lang='lat' dir='ltr'><strong>timentium</strong></span> 
     </span>
    </p>
   </div>
   <div class='ocr_carea' id='block_1_83' title="bbox 2126 5331 3780 5405">
    <p class='ocr_par' dir='ltr' id='par_1_83' title="bbox 2126 5331 3780 5405">
     <span class='ocr_line' id='line_1_83' title="bbox 2126 5331 3780 5405; baseline 0.002 -17"><span class='ocrx_word' id='word_1_612' title='bbox 2126 5332 2612 5398; x_wconf 90' lang='lat' dir='ltr'><strong>servorum,aliud</strong></span> <span class='ocrx_word' id='word_1_613' title='bbox 2633 5333 3087 5405; x_wconf 87' lang='lat' dir='ltr'><strong>diligentium,et</strong></span> <span class='ocrx_word' id='word_1_614' title='bbox 3109 5331 3467 5404; x_wconf 88' lang='lat' dir='ltr'><strong>placentium</strong></span> <span class='ocrx_word' id='word_1_615' title='bbox 3491 5333 3780 5391; x_wconf 83' lang='lat' dir='ltr'><strong>ﬁliorum.</strong></span> 
     </span>
    </p>
   </div>
   <div class='ocr_carea' id='block_1_84' title="bbox 2126 5419 3775 5493">
    <p class='ocr_par' dir='ltr' id='par_1_84' title="bbox 2126 5419 3775 5493">
     <span class='ocr_line' id='line_1_84' title="bbox 2126 5419 3775 5493; baseline 0.003 -17"><span class='ocrx_word' id='word_1_616' title='bbox 2126 5420 2317 5476; x_wconf 90' lang='lat' dir='ltr'><strong>Timet</strong></span> <span class='ocrx_word' id='word_1_617' title='bbox 2345 5421 2500 5475; x_wconf 91' lang='lat' dir='ltr'><strong>enim</strong></span> <span class='ocrx_word' id='word_1_618' title='bbox 2530 5421 2762 5488; x_wconf 87' lang='lat' dir='ltr'><strong>ancilla,</strong></span> <span class='ocrx_word' id='word_1_619' title='bbox 2796 5437 2868 5476; x_wconf 91' lang='lat' dir='ltr'><strong>ne</strong></span> <span class='ocrx_word' id='word_1_620' title='bbox 2899 5419 3249 5492; x_wconf 79' lang='lat' dir='ltr'><strong>ﬂagellatur;</strong></span> <span class='ocrx_word' id='word_1_621' title='bbox 3280 5420 3452 5476; x_wconf 89' lang='lat' dir='ltr'><strong>timet</strong></span> <span class='ocrx_word' id='word_1_622' title='bbox 3481 5427 3775 5493; x_wconf 88' lang='lat' dir='ltr'><strong>matrona,</strong></span> 
     </span>
    </p>
   </div>
   <div class='ocr_carea' id='block_1_85' title="bbox 2126 5503 3771 5581">
    <p class='ocr_par' dir='ltr' id='par_1_85' title="bbox 2126 5503 3771 5581">
     <span class='ocr_line' id='line_1_85' title="bbox 2126 5503 3771 5581; baseline 0.003 -17"><span class='ocrx_word' id='word_1_623' title='bbox 2126 5525 2199 5564; x_wconf 90' lang='lat' dir='ltr'><strong>ne</strong></span> <span class='ocrx_word' id='word_1_624' title='bbox 2227 5503 2481 5563; x_wconf 74' lang='lat' dir='ltr'><strong>offendat</strong></span> <span class='ocrx_word' id='word_1_625' title='bbox 2509 5510 2773 5564; x_wconf 90' lang='lat' dir='ltr'><strong>animum</strong></span> <span class='ocrx_word' id='word_1_626' title='bbox 2797 5509 2905 5564; x_wconf 89' lang='lat' dir='ltr'><strong>viri</strong></span> <span class='ocrx_word' id='word_1_627' title='bbox 2950 5509 3062 5564; x_wconf 87' lang='lat' dir='ltr'><strong>sui.</strong></span> <span class='ocrx_word' id='word_1_628' title='bbox 3093 5509 3204 5565; x_wconf 91' lang='lat' dir='ltr'><strong>Sed</strong></span> <span class='ocrx_word' id='word_1_629' title='bbox 3235 5509 3539 5566; x_wconf 85' lang='lat' dir='ltr'><strong>servitutis</strong></span> <span class='ocrx_word' id='word_1_630' title='bbox 3570 5511 3771 5581; x_wconf 88' lang='lat' dir='ltr'><strong>timor,</strong></span> 
     </span>
    </p>
   </div>
   <div class='ocr_carea' id='block_1_86' title="bbox 2125 5595 3773 5671">
    <p class='ocr_par' dir='ltr' id='par_1_86' title="bbox 2125 5595 3773 5671">
     <span class='ocr_line' id='line_1_86' title="bbox 2125 5595 3773 5671; baseline 0.005 -20"><span class='ocrx_word' id='word_1_631' title='bbox 2125 5595 2226 5670; x_wconf 90' lang='lat' dir='ltr'><strong>qui</strong></span> <span class='ocrx_word' id='word_1_632' title='bbox 2246 5595 2424 5652; x_wconf 89' lang='lat' dir='ltr'><strong>habet</strong></span> <span class='ocrx_word' id='word_1_633' title='bbox 2440 5613 2692 5669; x_wconf 67' lang='lat' dir='ltr'><strong>pennam,</strong></span> <span class='ocrx_word' id='word_1_634' title='bbox 2709 5598 2862 5654; x_wconf 86' lang='lat' dir='ltr'><strong>foras</strong></span> <span class='ocrx_word' id='word_1_635' title='bbox 2884 5597 3064 5654; x_wconf 91' lang='lat' dir='ltr'><strong>mittit</strong></span> <span class='ocrx_word' id='word_1_636' title='bbox 3082 5597 3394 5671; x_wconf 86' lang='lat' dir='ltr'><strong>perfectam</strong></span> <span class='ocrx_word' id='word_1_637' title='bbox 3417 5597 3773 5658; x_wconf 88' lang='lat' dir='ltr'><strong>charitatem</strong></span> 
     </span>
    </p>
   </div>
  </div>
