3978 6210
90 318 194 381 ’101

712 318 1125 384 EXPOSITIO
1170 322 1246 384 IN
1294 326 1718 388 EPISTULAS
1761 325 2024 389 PAULI.
2056 357 2134 372 —
2163 325 2237 386 IN
2286 323 2529 386 EPIST.
2577 324 2681 385 AD
2723 321 2874 384 TIT.

3374 320 3491 382 702

94 456 136 525 (1
160 457 325 511 Ιοαη.
376 471 453 522 iv,
500 454 609 525 18).
665 456 960 512 Perfectus
990 461 1183 513 autem
1214 458 1509 515 servitutis
1541 461 1739 523 timor.
1769 462 1823 528 Α
1856 460 1961 515 tim
1984 465 2040 516 et
2055 464 2391 515 ceterarum
2416 459 2725 527 artium,et
2744 457 3054 522 earum.de
3076 454 3294 527 quibus
3314 470 3493 526 supra

97 562 209 601 non
234 543 430 600 solum
460 560 575 599 non
608 544 785 599 habet
813 560 1064 617 pinnam,
1089 548 1189 602 sed
1223 549 1294 601 ad
1328 548 1520 619 ipsum
1551 566 1743 620 perve-

99 635 256 690 nitur
278 649 388 705 per
408 632 691 703 latitiam,
709 633 1023 690 Psalmista
1044 635 1328 691 hortando
1350 642 1619 704 testante,
1642 636 1742 709 qui

102 724 181 778 ait
211 740 224 777 :
272 746 298 772 ‹‹
338 723 592 777 Laetetur
622 738 719 778 cor
750 739 969 788 meum,
1004 729 1067 778 ut
1097 723 1300 781 timeat
1331 743 1539 781 nomen
1573 731 1740 781 tuuin

104 811 268 882 (Psal.
306 828 511 876 Lxxxv,
554 812 679 880 11);
716 834 743 859 ››
792 816 848 867 et
896 811 1105 867 iterum
1142 832 1154 869 :
1208 840 1232 863 ‹‹
1270 816 1469 870 Timor
1520 815 1742 870 Domini

105 906 335 957 sanctus
368 905 672 971 permanet
718 901 777 954 in
828 900 1104 957 saeculum
1153 904 1346 958 saeculi
1379 906 1548 973 (Psal.
1582 922 1743 970 xvni,

110 990 209 1059 10).
238 1010 265 1040 ii
303 993 473 1044 Hunc
505 1006 758 1061 namque
791 990 1061 1047 timorem
1094 991 1311 1047 habent
1340 998 1397 1047 et
1426 994 1611 1048 sancti
1646 1010 1745 1048 an-

106 1078 232 1150 geli,
264 1095 443 1151 quem
477 1079 728 1151 profecto
761 1078 1087 1135 habuerant
1134 1087 1190 1136 et
1238 1083 1423 1136 sancti
1474 1081 1738 1153 apostoli,

106 1185 199 1239 per
218 1169 535 1223 adventum
568 1167 791 1222 scilicet
813 1168 1066 1239 Spiritus
1089 1172 1297 1236 sancti,
1326 1189 1425 1242 per
1446 1188 1620 1242 quem
1644 1172 1745 1225 de-

106 1257 331 1313 scendit
362 1256 612 1311 charitas
658 1257 713 1310 in
759 1257 1034 1313 cordibus
1069 1260 1303 1314 nostris.
1340 1260 1556 1316 Idcirco
1604 1265 1660 1316 et
1713 1278 1746 1316 a

108 1345 355 1401 Domino
387 1362 500 1400 non
532 1346 664 1400 dicti
697 1351 836 1401 sunt
865 1348 1034 1413 servi,
1060 1350 1159 1402 sed
1192 1350 1385 1413 amici,
1415 1351 1515 1420 qui
1548 1354 1743 1404 tamen

108 1440 159 1488 et
188 1451 221 1488 a
250 1434 605 1506 semetipsis,
629 1440 683 1489 et
714 1452 746 1489 a
767 1436 1011 1491 Domino
1036 1436 1171 1491 dicti
1198 1444 1336 1493 sunt
1360 1439 1506 1493 servi
1533 1456 1544 1492 :
1582 1438 1749 1492 nimi-

110 1540 232 1578 rum
266 1540 376 1577 non
410 1540 481 1577 ex
516 1523 741 1589 timore,
777 1525 876 1579 sed
910 1542 1106 1581 amore
1140 1531 1251 1582 Deo
1285 1528 1570 1598 placendi.

176 1638 201 1662 α
233 1611 550 1683 Apostolus
572 1616 768 1667 autem
791 1612 927 1668 Jesu
951 1614 1183 1669 Christi.
1209 1637 1238 1664 »
1272 1616 1555 1674 Discrevit
1575 1620 1747 1674 servi-

110 1706 283 1757 tutem
314 1700 385 1756 ab
416 1701 749 1773 apostolatu
781 1720 793 1769 ;
828 1703 967 1774 quia
994 1720 1109 1758 non
1142 1705 1357 1773 omnis,
1390 1708 1487 1777 qui
1522 1724 1741 1777 servus,

112 1790 298 1845 statim
352 1796 409 1846 et
447 1790 786 1888 apostolus,
819 1793 920 1846 sed
968 1794 1304 1865 quicunque
1342 1796 1643 1866 apostolus
1690 1803 1747 1852 et
1776 1824 1824 1888 B

114 1896 320 1936 servus.
352 1879 466 1935 Sed
500 1878 721 1935 Paulus
752 1880 879 1935 ideo
910 1881 1229 1953 apostolus,
1264 1884 1404 1955 quia
1434 1885 1628 1957 ipsum
1660 1888 1749 1942 Je-

116 1986 233 2022 sum
280 1968 583 2024 Christum
633 1968 853 2024 missus
903 1970 1088 2025 fuerat
1136 1973 1471 2042 praedicare.
1524 1976 1589 2029 Et
1636 1976 1745 2031 hoc

117 2057 424 2123 sciendum,
460 2058 605 2129 quia
653 2058 702 2113 si
750 2058 935 2125 Pater,
966 2064 1025 2114 et
1070 2060 1248 2116 Filius
1284 2080 1466 2117 unum
1499 2070 1656 2135 sunt,
1690 2071 1746 2120 et

116 2148 202 2217 qui
234 2147 546 2202 crediderit
575 2145 634 2201 in
668 2146 898 2216 Filium,
930 2149 1112 2203 credit
1143 2154 1200 2204 et
1228 2150 1287 2205 in
1322 2155 1573 2208 Patrem.
1602 2154 1747 2216 Quia

115 2235 310 2302 omnis,
332 2236 429 2307 qui
466 2252 586 2291 non
609 2236 793 2291 credit
823 2236 879 2290 in
908 2237 1139 2307 Filium,
1165 2256 1269 2294 nec
1293 2244 1519 2296 Patrem
1550 2242 1743 2298 habet.

111 2324 351 2381 Servitus
370 2324 572 2396 itaque
592 2325 989 2382 indifferenter
1015 2328 1261 2398 apostoli
1288 2330 1473 2400 Pauli,
1498 2331 1650 2386 sicut
1674 2333 1743 2386 ad

112 2416 356 2481 Patrem,
388 2413 471 2467 ita
509 2414 583 2468 ad
616 2413 821 2469 Filium
856 2416 1159 2472 referenda
1188 2423 1295 2473 est.

178 2525 207 2552 α
238 2502 569 2557 Secundum
591 2503 755 2559 fidem
778 2502 1097 2560 electorum
1114 2507 1239 2575 Dei;
1263 2530 1289 2555 ››
1316 2509 1371 2563 id
1396 2514 1502 2577 est,
1518 2527 1744 2578 eorum,

114 2591 201 2663 qui
224 2608 339 2647 non
363 2595 598 2647 tantum
619 2592 801 2648 vocati
824 2598 982 2662 sunt,
1002 2596 1100 2650 sed
1124 2600 1181 2651 et
1202 2596 1389 2652 electi.
1416 2597 1744 2655 Electorum

119 2697 329 2753 quoque
360 2681 629 2751 ipsorum
653 2698 866 2753 magna
888 2683 1195 2740 diversitas
1214 2692 1322 2751 est,
1346 2704 1450 2758 pro
1470 2688 1746 2744 varietate

118 2773 448 2841 temporum,
476 2785 789 2838 sensuum,
814 2776 989 2842 atque
1018 2789 1375 2829 sermonum.
1401 2776 1515 2831 Nec
1545 2777 1744 2834 statim

120 2858 207 2929 qui
234 2857 445 2915 electus
474 2858 583 2914 Dei
630 2863 740 2928 est,
769 2859 855 2914 vel
896 2862 1067 2931 juxta
1112 2862 1452 2919 electionem
1486 2867 1747 2937 possidet

119 2946 297 3013 ﬁdem,
326 2947 411 3003 vel
452 2949 633 3019 juxta
678 2947 850 3004 ﬁdem
900 2948 1076 3005 habet
1121 2951 1425 3008 scientiam
1464 2955 1741 3011 veritatis.

114 3034 211 3090 Sed
238 3036 414 3107 (1331)
445 3037 781 3093 secundum
812 3053 942 3094 eam
974 3039 1171 3107 ﬁdem,
1193 3057 1372 3111 quam
1403 3042 1515 3114 ipsi
1546 3043 1741 3100 infun-

116 3123 203 3189 dit,
234 3128 288 3179 et
315 3125 451 3181 facit
481 3125 816 3191 credentes,
848 3143 997 3198 quos
1046 3132 1104 3183 et
1144 3128 1203 3183 in
1243 3131 1608 3201 praeseientia
1635 3150 1743 3190 sua

113 3210 283 3285 elegit,
310 3214 459 3270 sicut
489 3214 643 3270 dicit
669 3232 682 3270 :
716 3236 744 3265 «
777 3215 903 3271 Non
934 3233 1036 3273 vos
1066 3234 1159 3273 me
1188 3217 1468 3291 elegistis,
1502 3222 1599 3277 sed
1632 3238 1738 3295 ego

112 3300 236 3374 elegi
263 3320 361 3359 vos
391 3305 588 3374 (Joan.
619 3319 709 3371 xv,
745 3304 853 3375 16).
893 3328 914 3354 ι

169 3413 193 3439 ι(
222 3395 282 3447 Et
296 3393 663 3465 agnitionem
681 3392 961 3459 veritatis,
978 3411 1103 3465 quae
1120 3398 1441 3452 secundum
1465 3398 1737 3469 pietatem

109 3483 197 3533 est.
219 3502 245 3528 ιο
273 3482 455 3553 (1332)
489 3481 791 3548 Quaeritur
820 3498 1001 3553 quare
1032 3484 1102 3538 ad
1136 3485 1191 3539 id
1224 3487 1377 3556 quod
1411 3486 1493 3541 ait
1528 3506 1541 3542 :
1575 3512 1603 3537 ‹‹
1642 3489 1739 3544 Se-

106 3569 332 3625 cundum
356 3572 545 3626 fidem
575 3569 887 3627 electorum
912 3572 1035 3641 Dei,
1059 3576 1117 3627 et
1144 3575 1501 3645 agnitionem
1524 3578 1736 3633 verita-

105 3656 185 3727 tis,
216 3680 241 3707 n
286 3659 564 3714 Junxerit
597 3675 610 3712 :
667 3679 695 3707 «
727 3659 861 3723 Quae
892 3661 1217 3716 secundum
1252 3663 1525 3733 pietatem
1558 3670 1668 3720 est.
1707 3689 1735 3716 ››

109 3748 283 3801 utrum
306 3764 439 3803 nam
472 3747 554 3803 sit
575 3745 775 3817 aliqua
794 3747 1027 3814 veritas,
1053 3766 1180 3820 quae
1203 3767 1317 3806 non
1340 3751 1399 3806 in
1426 3753 1639 3824 pietate
1660 3755 1737 3811 sit

110 3832 291 3904 posita,
321 3840 377 3890 et
422 3851 585 3891 nunc
637 3836 705 3889 ad
757 3834 1191 3893 distinctionem
1245 3839 1403 3895 illius
1451 3842 1736 3899 inferatur

112 3921 302 3991 agnitio
329 3925 620 3990 veritatis,
667 3945 696 3972 «
729 3940 855 3994 quae
896 3926 1221 3982 secundum
1255 3929 1527 3999 pietatem
1560 3936 1668 3986 est.
1701 3954 1732 3982 »

111 4007 194 4063 Est
220 4010 380 4081 plane
400 4012 644 4080 veritas,
668 4029 795 4084 quae
827 4030 942 4068 non
974 4013 1151 4070 habet
1179 4018 1475 4088 pietatem.
1505 4020 1563 4075 Si
1597 4022 1733 4091 quis

108 4102 527 4166 grammaticam
580 4104 765 4156 artem
818 4102 1060 4169 noverit,
1100 4103 1184 4158 vel
1240 4104 1626 4176 dialecticam,
1669 4114 1734 4165 ut

107 4184 362 4244 rationem
396 4194 557 4245 recte
587 4188 868 4261 loquendi
914 4190 1145 4259 habeat,
1178 4198 1234 4248 et
1278 4194 1432 4250 inter
1482 4196 1629 4251 falsa
1676 4202 1734 4254 et

107 4286 225 4328 Vera
250 4276 552 4347 dijudicet.
588 4277 915 4333 Geometria
954 4296 1207 4351 quoque,
1242 4285 1296 4338 et
1341 4284 1728 4351 arithmetica,

108 4364 154 4413 et
182 4364 398 4420 musica
418 4366 641 4422 habent
663 4365 723 4421 in
754 4383 862 4422 sua
882 4368 1126 4424 scientia
1144 4369 1467 4435 veritatem,
1490 4374 1591 4428 sed
1615 4391 1730 4430 non

104 4452 181 4501 est
207 4450 303 4507 illa
331 4454 578 4510 scientia
605 4454 860 4526 pietatis.
893 4455 1143 4512 Scientia
1175 4457 1409 4528 pietatis
1437 4465 1527 4515 est
1557 4478 1728 4518 nosse

105 4533 293 4611 legem,
343 4540 671 4616 intelligere
720 4544 1060 4617 prophetas,
1108 4546 1421 4619 Evangelio
1476 4549 1730 4619 credere,
1760 4551 1809 4616 D

104 4628 381 4695 apostolos
412 4647 530 4686 non
563 4631 852 4704 ignorare.
889 4633 955 4688 Et
983 4650 1015 4689 e
1044 4637 1336 4692 contrario
1367 4636 1537 4693 multi
1567 4645 1726 4705 sunt,

104 4715 191 4783 qui
213 4714 430 4772 habent
451 4719 681 4789 pietatis
701 4738 897 4777 veram
920 4722 1332 4794 cognitionem,
1356 4726 1458 4781 sed
1480 4743 1596 4783 non
1620 4732 1732 4784 sta-

159 4926 334 5000 (1331)
368 4930 515 4987 Huic
544 4933 843 4989 sententia
869 4934 1071 4991 eodem
1104 4938 1408 5009 scriptoris
1437 4945 1728 4999 caractere

101 5029 149 5068 in
171 5032 356 5097 marg.
380 5021 726 5097 adnotatum
757 5022 973 5097 legitur
1000 5021 1093 5081 an.
1119 5025 1264 5089 Quid
1299 5026 1385 5081 hae
1416 5027 1621 5082 litterae
1655 5029 1728 5083 si-

102 5087 622 5168 gniﬁcetit,_vi_derit
673 5087 869 5151 lector.
903 5087 1207 5151 Videbitur
1254 5098 1427 5168 paulo
1482 5099 1725 5155 inferius

98 5162 251 5213 etiam
282 5162 393 5217 divi
426 5163 668 5220 Hieron.
703 5168 1023 5222 sententias
1054 5162 1340 5223 adnotari.

128 5230 324 5311 “(1332)
355 5234 440 5289 Ibi
472 5235 535 5311 in
559 5236 1144 5311 margine,__utisupra
1165 5240 1506 5295 adnotatum
1540 5240 1722 5310 inspi-

100 5302 361 5382 citurhoc
392 5305 595 5382 modo.
630 5302 743 5371 Ibi,
776 5307 900 5382 s_cil.
936 5302 1346 5381 Hieronymus,
1380 5311 1497 5365 sive
1525 5302 1723 5366 Hiero-

104 5377 415 5492 ilayﬁiaster,
448 5377 625 5445 cujus
665 5382 753 5432 est
800 5378 920 5433 haec
951 5377 1260 5446 sententia,
1294 5377 1393 5437 seu
1447 5383 1727 5452 interpre-

175 5458 243 5495 10.

164 5512 334 5596 (1333)
368 5518 641 5573 Fortasse
672 5534 971 5596 perperam
1004 5522 1230 5592 adjecta
1270 5523 1389 5578 haec
1435 5528 1728 5596 postrema

106 5584 274 5655 verba,
305 5584 431 5658 qua:
472 5584 721 5646 sensum
753 5584 1084 5648 obscurant:

1852 548 2206 604 mentionem
2237 549 2501 616 fecimus,
2528 550 2695 618 juxta
2724 547 3027 601 veritatem
3059 550 3147 601 est
3177 545 3382 614 (1333).

1925 660 1951 686 ‹‹
1990 643 2049 691 In
2082 655 2244 709 spem
2276 638 2403 692 vitae
2436 642 2677 692 aeternae.
2711 660 2736 685 ››
2773 637 2897 690 Haec
2929 634 3107 706 igitur
3137 635 3369 699 veritas,
3397 649 3492 687 cu-

1855 726 1947 795 ius
1968 728 2186 797 agnitio
2208 728 2379 798 juxta
2406 727 2680 798 pietatem
2714 732 2819 790 est,
2845 725 2901 779 in
2936 740 3097 796 spem
3121 723 3245 777 vitae
3268 728 3489 777 aeterna

1855 816 2045 886 posita
2074 821 2195 881 est;
2230 816 2367 887 quia
2398 816 2596 870 statim
2629 815 2700 883 ei,
2734 814 2835 885 qui
2867 831 2928 869 se
2957 812 3311 884 cognoverit,
3345 828 3491 883 pree-

1854 903 2038 959 mium
2071 906 2276 959 tribuit
2308 904 2787 959 immortalitatis.
2822 904 3056 975 Absque
3098 904 3309 973 pietate
3357 917 3490 955 vero

1855 993 2062 1047 notitia
2092 993 2349 1048 veritatis
2370 994 2618 1048 delectat
2646 995 2713 1047 ad
2749 1010 3022 1063 praisens,
3049 992 3148 1046 sed
3178 992 3235 1044 in
3266 989 3489 1045 aeterni-

1855 1086 1971 1136 tate
2013 1083 2312 1153 prmmium
2355 1100 2467 1136 non
2518 1082 2710 1137 habet.

1924 1195 1950 1219 ‹‹
1986 1172 2168 1233 Quam
2195 1173 2463 1241 promisit
2485 1172 2585 1242 qui
2613 1189 2723 1227 non
2748 1173 3045 1235 mentitur,
3066 1171 3217 1225 Deus
3240 1170 3441 1238 (1334).
3467 1191 3493 1216 ››

1852 1260 1909 1313 Si
1965 1279 2077 1315 non
2131 1263 2429 1325 mentitur,
2464 1261 2759 1331 agnoscite
2807 1262 3127 1327 veritatem,
3178 1265 3235 1313 et
3283 1259 3493 1312 veritas

1854 1349 2123 1404 liberabit
2144 1368 2243 1405 vos
2269 1368 2281 1415 ;
2312 1351 2449 1421 quia
2470 1350 2683 1404 veritas
2705 1350 2970 1404 Christus
2992 1354 3097 1415 est,
3122 1352 3178 1403 et
3200 1365 3312 1403 non
3337 1347 3493 1401 aliud

1854 1437 2104 1505 exhibet,
2141 1455 2314 1509 quam
2348 1438 2635 1509 promisit,
2668 1444 2724 1492 et
2764 1438 2946 1507 justis
2987 1436 3222 1501 scilicet,
3250 1441 3307 1489 et
3335 1435 3496 1505 inju-

1856 1526 2267 1598 stis,quamvis
2284 1529 2495 1582 durum
2520 1528 2625 1582 hoc
2651 1526 2991 1581 hominibus
3012 1524 3495 1594 videatur(1335).

1854 1615 1957 1671 Vel
1988 1615 2070 1671 sic
2096 1616 2494 1688 accipiendum
2522 1634 2534 1671 :
2568 1617 2727 1681 Quod
2759 1615 3025 1687 promisit
3048 1613 3313 1678 Abrahae,
3342 1612 3497 1683 quod

1857 1704 2331 1760 benedicerentur
2363 1706 2419 1759 iii
2455 1706 2579 1776 ipso
2610 1721 2813 1761 omnes
2845 1708 3068 1774 gentes,
3101 1703 3219 1757 haec
3250 1702 3307 1756 in
3340 1700 3498 1754 Chri-

1856 1796 1945 1847 sto
1984 1792 2245 1862 implevit
2295 1811 2396 1864 per
2450 1794 2918 1863 praedicationem
2950 1791 3195 1864 apostoli
3229 1789 3411 1856 Pauli,
3441 1793 3499 1845 et

1854 1884 2192 1935 casterorum
2231 1884 2357 1951 ejus
2400 1882 2888 1953 coupostolorum.

1926 1991 1953 2017 ι(
1988 1975 2134 2023 Ante
2184 1975 2447 2042 tempora
2498 1971 2815 2026 saecularia.
2871 1970 3253 2026 Manifestavit
3300 1975 3497 2024 autem

1856 2059 2218 2129 temporibus
2237 2061 2360 2114 suis
2382 2063 2622 2115 verbum
2646 2076 2819 2115 suum
2845 2078 2901 2114 in
2928 2059 3351 2131 praedicatione,
3368 2075 3495 2129 quae

1855 2147 2074 2202 credita
2127 2154 2214 2203 est
2255 2150 2393 2203 mihi
2430 2151 2633 2219 (1336).
2668 2172 2694 2198 »
2751 2150 2889 2204 Ecce
2920 2149 3065 2203 dixit
3094 2149 3247 2219 quod
3283 2148 3499 2202 fuerint

1854 2240 2115 2307 tempora
2147 2242 2378 2303 aeterna,
2415 2256 2543 2309 quae
2577 2246 2771 2294 tamen
2804 2254 2917 2293 non
2958 2238 3196 2292 fuerunt
3238 2238 3353 2291 Deo
3403 2252 3496 2292 co-

1855 2330 2087 2379 aeterna.
2104 2326 2405 2397 Siquidem
2431 2328 2525 2383 ille
2542 2334 2673 2382 ante
2690 2334 2953 2399 tempora
2975 2326 3293 2388 saecularia,
3307 2326 3365 2379 id
3386 2329 3494 2393 est,

1854 2417 2066 2468 aeterna
2088 2431 2201 2469 non
2226 2415 2417 2470 solum
2440 2421 2580 2481 erat,
2602 2432 2800 2471 verum
2824 2416 2997 2471 etiam
3023 2414 3293 2486 promisit
3316 2414 3495 2468 vitam

1854 2506 2152 2570 aeternam,
2187 2520 2364 2574 quam
2414 2504 2806 2560 manifestavit
2851 2504 3213 2575 temporibus
3258 2502 3403 2566 suis,
3438 2501 3495 2556 id

1854 2594 1961 2659 est,
1995 2594 2288 2662 congruis.
2324 2593 2469 2658 Quid
2502 2593 2660 2647 aliud
2691 2593 2945 2647 Verbum
2979 2608 3155 2647 suum
3178 2591 3205 2644 ?
3238 2593 3363 2662 Ipse
3407 2593 3498 2645 est

1854 2679 2009 2733 enim
2041 2681 2157 2735 vita
2185 2686 2417 2737 aeterna.
2454 2682 2752 2745 Quomodo
2794 2687 2988 2737 autem
3038 2679 3328 2752 promisit,
3362 2696 3495 2734 cum

1855 2765 2193 2825 hominibus
2226 2771 2427 2842 utique
2468 2772 2819 2841 promiserit,
2854 2770 2951 2841 qui
3002 2770 3263 2825 nondum
3305 2773 3492 2835 erant,

1854 2862 1987 2912 ante
2018 2862 2282 2929 tempora
2310 2865 2545 2929 aeterna,
2577 2861 2688 2916 nisi
2722 2860 2859 2932 quia
2888 2860 2947 2915 in
2990 2860 3121 2930 ejus
3150 2857 3494 2922 mternitate,

1854 2949 2029 3015 atque
2079 2949 2136 3001 in
2183 2948 2309 3019 ipso
2342 2949 2527 3004 Verbo
2564 2951 2693 3019 ejus
2724 2950 2911 3005 eidem
2944 2952 3247 3017 comterno,
3274 2948 3398 3018 jam
3433 2946 3493 3002 in

1853 3036 2363 3104 praedestinatione
2385 3039 2563 3093 fixum
2585 3042 2728 3106 erat,
2753 3038 2907 3109 quod
2931 3054 3037 3093 suo
3058 3042 3318 3109 tempore
3342 3037 3495 3091 l'utu-

1854 3139 1984 3178 rum
2018 3126 2190 3181 erat?

1929 3234 1957 3263 ‹‹
1990 3214 2323 3270 Secundum
2355 3219 2709 3287 praeceptum
2739 3214 3047 3270 Salvatoris
3086 3214 3269 3270 nostri
3308 3213 3428 3269 Dei.
3465 3236 3494 3265 ››

1846 3302 1970 3357 Non
2001 3302 2096 3358 hic
2128 3304 2279 3358 alius
2310 3304 2662 3376 intelligitur
2693 3302 2953 3359 Salvator
2983 3309 3157 3370 Deus,
3191 3320 3368 3374 quam
3400 3303 3494 3357 Fi-

1846 3389 1981 3445 lius.
2004 3393 2130 3462 Ipse
2150 3392 2306 3447 enim
2334 3410 2509 3457 unus,
2534 3393 2807 3463 idemque
2828 3408 2959 3447 cum
2986 3393 3172 3459 Patre,
3191 3396 3248 3447 et
3268 3391 3489 3463 Spiritu

1846 3484 2068 3550 sancto,
2102 3498 2276 3545 unus,
2310 3486 2367 3535 et
2395 3498 2564 3537 verus
2593 3481 2855 3535 Salvator
2896 3486 2953 3535 et
2984 3482 3134 3535 Deus
3165 3486 3271 3535 est.

1917 3592 1943 3618 ‹‹
1978 3570 2105 3623 Tito
2136 3569 2347 3624 dilecto
2398 3570 2537 3626 tilio.
2574 3593 2602 3619 »
2648 3571 2844 3625 Titum
2878 3569 3064 3625 filium
3096 3586 3270 3625 suum
3301 3574 3485 3637 vocat,

1845 3659 2066 3716 scilicet
2093 3659 2380 3726 doctrina,
2411 3659 2696 3733 exemplo,
2727 3660 3076 3730 eruditione,
3104 3664 3277 3731 atque
3307 3659 3486 3715 disci-

1843 3748 2023 3820 plina,
2060 3765 2172 3803 non
2206 3752 2397 3803 tamen
2432 3754 2660 3817 natura,
2694 3771 2723 3800 ‹‹
2757 3749 3080 3805 secundum
3112 3765 3485 3806 communem

1846 3837 2041 3891 ﬁdem.
2078 3860 2105 3886 ›)

1915 3926 2098 3996 (1337)
2131 3925 2471 3982 Utramnam
2505 3928 2794 3997 omnium,
2826 3927 2926 3998 qui
2975 3928 3034 3981 in
3082 3925 3311 3981 Christo
3362 3942 3485 3982 cre-

1842 4015 2081 4081 debant,
2114 4030 2487 4070 communem
2518 4016 2728 4070 dixerit
2761 4016 2956 4081 fidem,
2982 4032 3054 4069 an
3087 4030 3480 4087 communem,

1841 4120 2009 4160 suam
2042 4109 2273 4159 tantum
2304 4109 2360 4159 et
2380 4104 2494 4159 Titi
2516 4103 2543 4157 ?
2572 4104 2732 4167 Quod
2756 4104 2991 4174 quidem
3025 4102 3233 4158 melius
3255 4103 3486 4159 videtur

1842 4192 2085 4263 apostoli
2103 4190 2285 4259 Pauli,
2300 4192 2484 4246 etTiti
2503 4192 2676 4246 ﬁdem
2697 4191 2877 4247 fuisse
2896 4207 3287 4260 communem,
3303 4206 3481 4261 quam

1839 4281 2105 4339 omnium
2128 4280 2485 4335 credentium
2512 4298 2525 4344 ;
2561 4280 2619 4334 in
2652 4280 2867 4351 quibus
2897 4296 3000 4350 pro
3026 4278 3300 4333 varietate
3321 4295 3483 4333 men-

1839 4372 1987 4426 tium
2022 4371 2163 4425 ﬁdes
2196 4388 2427 4441 quoque
2447 4368 2779 4425 communis
2803 4384 2930 4423 esse
2962 4385 3075 4423 non
3108 4371 3351 4438 poterat,
3380 4368 3481 4423 sed

1838 4461 2088 4516 diversa.

1910 4571 1937 4599 ‹‹
1969 4549 2166 4604 Gratia
2195 4553 2251 4605 et
2280 4566 2390 4621 pax
2421 4566 2455 4604 a
2489 4550 2599 4605 Deo
2630 4552 2817 4616 Patre,
2851 4552 2908 4603 et
2934 4547 3072 4603 Jesu
3104 4545 3329 4601 Christo
3358 4546 3479 4601 Sal-

1839 4642 2031 4693 vatore
2064 4642 2261 4693 nostro
2292 4638 2493 4710 (1338).
2521 4660 2549 4687 ››
2580 4637 2837 4693 Gratiam
2869 4637 2969 4693 Dei
3002 4635 3393 4705 commendat,
3418 4640 3483 4691 ut

1841 4730 1898 4781 et
1943 4725 2003 4781 in
2051 4727 2276 4783 caeteris
2323 4727 2609 4797 epistolis,
2641 4744 2745 4799 per
2781 4743 2958 4799 quam
2990 4725 3159 4782 nobis
3188 4725 3484 4782 donantur

1907 4941 2095 5013 (1334)
2124 4941 2207 4997 lbi
2240 4941 2299 4997 in
2331 4957 2517 5013 marg.
2550 4942 2631 4996 ita
2662 4943 3003 4997 adnotatum
3026 4945 3144 5013 ,est,
3175 4943 3286 5011 AN,
3317 4942 3480 4999 scili-

1837 5016 1927 5066 cet
1954 5014 2343 5084 Augustinus.

1907 5093 2089 5173 (1335)
2121 5093 2316 5147 Brevis
2363 5092 2485 5173 haec
2530 5091 2829 5171 expositio,
2864 5110 2989 5163 quae
3041 5095 3366 5219 Augustino
3417 5095 3478 5150 in

1907 5180 2123 5219 arginis
2172 5164 2543 5218 adnotatione
2590 5163 2887 5219 tribuitur.
2942 5165 3012 5217 de
3034 5181 3129 5219 ver
3173 5182 3204 5219 o
3237 5166 3353 5219 fere
3403 5168 3474 5219 ad

1838 5163 2123 5234 marginis
2172 5164 2543 5218 adnotatione
2590 5163 2888 5230 tribuitur,
2942 5165 3012 5217 de
3034 5163 3204 5219 verbo
3237 5166 3353 5220 fere
3403 5168 3474 5221 ad

1835 5235 2077 5289 verbum
2108 5236 2166 5289 in
2191 5233 2405 5304 Pelagii
2427 5234 2557 5288 divo
2578 5234 2926 5305 Hieronymo
2950 5234 3167 5290 tributo
3190 5252 3481 5293 commen-

1837 5306 1984 5360 tario
2013 5304 2246 5376 legitur.

1908 5384 2087 5457 (1336)
2124 5384 2227 5439 Hic
2275 5381 2334 5434 in
2384 5394 2567 5450 marg.
2603 5383 2938 5438 adnotatum
2972 5386 3059 5439 est
3097 5382 3177 5438 ita
3206 5390 3295 5457 ag,
3326 5386 3477 5443 idem

1732 5480 1741 5487 κ
1837 5454 2243 5524 scil.,August.

1932 5518 2206 5579 1337Γ1ἡ.
2246 5518 2471 5577 scilicet
2500 5520 2732 5577 Hieron.

1932 5526 2065 5575 1337
2123 5527 2182 5579 Ih
2246 5526 2471 5577 scilicet
2500 5526 2732 5577 Hieron.

1908 5526 2091 5663 l1338l
2123 5566 2219 5667 A9,,
2251 5587 2474 5649 scilicet
2502 5591 2751 5662 August.
