  <div class='ocr_page' id='page_1' title='image "/cluster/home/n/w/nwhite01/storage/ocr_20150623/134-135/uva.x000829784/401.png"; bbox 0 0 3978 6210; ppageno 0'>
   <div class='ocr_carea' id='block_1_1' title="bbox 492 324 3882 394">
    <p class='ocr_par' dir='ltr' id='par_1_1' title="bbox 492 324 3882 394">
     <span class='ocr_line' id='line_1_1' title="bbox 492 324 3882 394; baseline -0.003 -1"><span class='ocrx_word' id='word_1_1' title='bbox 492 334 612 394; x_wconf 82' lang='lat'>703</span> <span class='ocrx_word' id='word_1_2' title='bbox 1495 324 1828 394; x_wconf 78' lang='lat' dir='ltr'>ATTONIS</span> <span class='ocrx_word' id='word_1_3' title='bbox 1874 330 2458 393; x_wconf 83' lang='lat' dir='ltr'>VERCELLENSIS</span> <span class='ocrx_word' id='word_1_4' title='bbox 2503 329 2856 393; x_wconf 83' lang='lat' dir='ltr'>EPISCOPI</span> <span class='ocrx_word' id='word_1_5' title='bbox 3779 324 3882 385; x_wconf 79' lang='grc'>704</span> 
     </span>
    </p>
   </div>
   <div class='ocr_carea' id='block_1_2' title="bbox 495 455 3881 538">
    <p class='ocr_par' dir='ltr' id='par_1_2' title="bbox 495 455 3881 538">
     <span class='ocr_line' id='line_1_2' title="bbox 495 455 3881 538; baseline -0.003 -17"><span class='ocrx_word' id='word_1_6' title='bbox 495 469 755 538; x_wconf 88' lang='lat' dir='ltr'>peccata,</span> <span class='ocrx_word' id='word_1_7' title='bbox 784 470 851 521; x_wconf 91' lang='lat' dir='ltr'>ut</span> <span class='ocrx_word' id='word_1_8' title='bbox 879 464 1321 520; x_wconf 88' lang='lat' dir='ltr'>reconciliemur</span> <span class='ocrx_word' id='word_1_9' title='bbox 1340 464 1490 531; x_wconf 90' lang='lat' dir='ltr'>Deo;</span> <span class='ocrx_word' id='word_1_10' title='bbox 1525 480 1637 536; x_wconf 88' lang='lat' dir='ltr'>pax</span> <span class='ocrx_word' id='word_1_11' title='bbox 1665 468 1878 535; x_wconf 83' lang='lat' dir='ltr'>autem,</span> <span class='ocrx_word' id='word_1_12' title='bbox 1905 478 2021 534; x_wconf 90' lang='lat' dir='ltr'>qua</span> <span class='ocrx_word' id='word_1_13' title='bbox 2052 480 2139 518; x_wconf 90' lang='lat' dir='ltr'>re-</span> <span class='ocrx_word' id='word_1_14' title='bbox 2168 462 2221 528; x_wconf 82' lang='grc' dir='ltr'><strong>Α</strong></span> <span class='ocrx_word' id='word_1_15' title='bbox 2254 480 2430 519; x_wconf 91' lang='lat' dir='ltr'>suum</span> <span class='ocrx_word' id='word_1_16' title='bbox 2459 465 2599 531; x_wconf 83' lang='lat' dir='ltr'>(Act.</span> <span class='ocrx_word' id='word_1_17' title='bbox 2631 476 2725 529; x_wconf 85' lang='lat' dir='ltr'>xx,</span> <span class='ocrx_word' id='word_1_18' title='bbox 2754 461 2867 533; x_wconf 83' lang='grc'>28).</span> <span class='ocrx_word' id='word_1_19' title='bbox 2904 483 2932 511; x_wconf 77' lang='grc'><strong>››</strong></span> <span class='ocrx_word' id='word_1_20' title='bbox 2978 461 3049 517; x_wconf 90' lang='lat' dir='ltr'>Et</span> <span class='ocrx_word' id='word_1_21' title='bbox 3084 458 3182 516; x_wconf 86' lang='lat' dir='ltr'>hic</span> <span class='ocrx_word' id='word_1_22' title='bbox 3212 455 3550 530; x_wconf 87' lang='lat' dir='ltr'>diligentius</span> <span class='ocrx_word' id='word_1_23' title='bbox 3584 456 3881 512; x_wconf 82' lang='lat' dir='ltr'>observan-</span> 
     </span>
    </p>
   </div>
   <div class='ocr_carea' id='block_1_3' title="bbox 497 546 3879 624">
    <p class='ocr_par' dir='ltr' id='par_1_3' title="bbox 497 546 3879 624">
     <span class='ocr_line' id='line_1_3' title="bbox 497 546 3879 624; baseline -0.003 -14"><span class='ocrx_word' id='word_1_24' title='bbox 497 555 881 611; x_wconf 89' lang='lat' dir='ltr'>conciliamur</span> <span class='ocrx_word' id='word_1_25' title='bbox 918 556 1052 610; x_wconf 91' lang='lat' dir='ltr'>Deo.</span> <span class='ocrx_word' id='word_1_26' title='bbox 2246 554 2410 621; x_wconf 89' lang='lat' dir='ltr'>dum,</span> <span class='ocrx_word' id='word_1_27' title='bbox 2445 548 2737 624; x_wconf 89' lang='lat' dir='ltr'>quomodo</span> <span class='ocrx_word' id='word_1_28' title='bbox 2770 551 2945 606; x_wconf 91' lang='lat' dir='ltr'>unius</span> <span class='ocrx_word' id='word_1_29' title='bbox 2976 548 3227 605; x_wconf 79' lang='lat' dir='ltr'>civitatis</span> <span class='ocrx_word' id='word_1_30' title='bbox 3257 546 3468 619; x_wconf 82' lang='lat' dir='ltr'>Ephesi</span> <span class='ocrx_word' id='word_1_31' title='bbox 3504 546 3879 618; x_wconf 77' lang='lat' dir='ltr'>presbyteros</span> 
     </span>
    </p>
   </div>
   <div class='ocr_carea' id='block_1_4' title="bbox 568 634 3880 715">
    <p class='ocr_par' dir='ltr' id='par_1_4' title="bbox 568 634 3880 715">
     <span class='ocr_line' id='line_1_4' title="bbox 568 634 3880 715; baseline 0 -22"><span class='ocrx_word' id='word_1_32' title='bbox 568 667 595 693; x_wconf 89' lang='grc'><strong>‹‹</strong></span> <span class='ocrx_word' id='word_1_33' title='bbox 633 645 815 715; x_wconf 86' lang='lat' dir='ltr'>Hujus</span> <span class='ocrx_word' id='word_1_34' title='bbox 868 642 947 698; x_wconf 85' lang='lat' dir='ltr'>rei</span> <span class='ocrx_word' id='word_1_35' title='bbox 996 642 1182 714; x_wconf 85' lang='lat' dir='ltr'>gratia</span> <span class='ocrx_word' id='word_1_36' title='bbox 1213 642 1418 713; x_wconf 89' lang='lat' dir='ltr'>reliqui</span> <span class='ocrx_word' id='word_1_37' title='bbox 1470 649 1525 698; x_wconf 90' lang='lat' dir='ltr'>te</span> <span class='ocrx_word' id='word_1_38' title='bbox 1565 646 1759 709; x_wconf 69' lang='lat' dir='ltr'>Cretae,</span> <span class='ocrx_word' id='word_1_39' title='bbox 1796 648 1861 698; x_wconf 91' lang='lat' dir='ltr'>ut</span> <span class='ocrx_word' id='word_1_40' title='bbox 1888 660 1974 711; x_wconf 78' lang='lat' dir='ltr'>ea,</span> <span class='ocrx_word' id='word_1_41' title='bbox 2009 660 2135 713; x_wconf 62' lang='lat' dir='ltr'>quae</span> <span class='ocrx_word' id='word_1_42' title='bbox 2243 658 2478 711; x_wconf 87' lang='lat' dir='ltr'>vocans,</span> <span class='ocrx_word' id='word_1_43' title='bbox 2512 646 2712 714; x_wconf 90' lang='lat' dir='ltr'>postea</span> <span class='ocrx_word' id='word_1_44' title='bbox 2740 641 2972 697; x_wconf 90' lang='lat' dir='ltr'>eosdem</span> <span class='ocrx_word' id='word_1_45' title='bbox 3006 638 3310 711; x_wconf 78' lang='lat' dir='ltr'>episcopos</span> <span class='ocrx_word' id='word_1_46' title='bbox 3341 634 3880 694; x_wconf 85' lang='lat' dir='ltr'>dixerit.Videamus</span> 
     </span>
    </p>
   </div>
   <div class='ocr_carea' id='block_1_5' title="bbox 494 725 3879 803">
    <p class='ocr_par' dir='ltr' id='par_1_5' title="bbox 494 725 3879 803">
     <span class='ocr_line' id='line_1_5' title="bbox 494 725 3879 803; baseline -0.001 -15"><span class='ocrx_word' id='word_1_47' title='bbox 494 731 1019 803; x_wconf 86' lang='lat' dir='ltr'>desunt,corrigas.</span> <span class='ocrx_word' id='word_1_48' title='bbox 1041 755 1059 779; x_wconf 75' lang='grc' dir='ltr'>ι</span> <span class='ocrx_word' id='word_1_49' title='bbox 1087 731 1546 803; x_wconf 83' lang='lat' dir='ltr'>ReliquitTitum</span> <span class='ocrx_word' id='word_1_50' title='bbox 1567 732 1918 803; x_wconf 90' lang='lat' dir='ltr'>discipulum</span> <span class='ocrx_word' id='word_1_51' title='bbox 1936 732 2134 793; x_wconf 66' lang='lat' dir='ltr'>Cretas,</span> <span class='ocrx_word' id='word_1_52' title='bbox 2244 732 2426 801; x_wconf 87' lang='lat' dir='ltr'>igitur</span> <span class='ocrx_word' id='word_1_53' title='bbox 2456 731 2648 803; x_wconf 81' lang='lat' dir='ltr'>qualis</span> <span class='ocrx_word' id='word_1_54' title='bbox 2690 730 3013 803; x_wconf 84' lang='lat' dir='ltr'>presbyter,</span> <span class='ocrx_word' id='word_1_55' title='bbox 3040 727 3159 784; x_wconf 94' lang='lat' dir='ltr'>sive</span> <span class='ocrx_word' id='word_1_56' title='bbox 3196 727 3505 799; x_wconf 88' lang='lat' dir='ltr'>episcopus</span> <span class='ocrx_word' id='word_1_57' title='bbox 3526 725 3879 783; x_wconf 88' lang='lat' dir='ltr'>ordinandus</span> 
     </span>
    </p>
   </div>
   <div class='ocr_carea' id='block_1_6' title="bbox 491 820 2341 877">
    <p class='ocr_par' dir='ltr' id='par_1_6' title="bbox 491 820 2341 877">
     <span class='ocr_line' id='line_1_6' title="bbox 491 820 2341 877; baseline -0.001 0"><span class='ocrx_word' id='word_1_58' title='bbox 491 826 558 877; x_wconf 89' lang='lat' dir='ltr'>ut</span> <span class='ocrx_word' id='word_1_59' title='bbox 586 821 920 876; x_wconf 89' lang='lat' dir='ltr'>rudimenta</span> <span class='ocrx_word' id='word_1_60' title='bbox 944 821 1237 875; x_wconf 87' lang='lat' dir='ltr'>nascentis</span> <span class='ocrx_word' id='word_1_61' title='bbox 1261 820 1528 875; x_wconf 67' lang='lat' dir='ltr'>Ecclesiae</span> <span class='ocrx_word' id='word_1_62' title='bbox 1552 822 1926 875; x_wconf 83' lang='lat' dir='ltr'>confirmaret</span> <span class='ocrx_word' id='word_1_63' title='bbox 1952 839 1964 875; x_wconf 89' lang='lat'>:</span> <span class='ocrx_word' id='word_1_64' title='bbox 1998 826 2053 877; x_wconf 91' lang='lat' dir='ltr'>et</span> <span class='ocrx_word' id='word_1_65' title='bbox 2087 822 2134 876; x_wconf 87' lang='lat' dir='ltr'>si</span> <span class='ocrx_word' id='word_1_66' title='bbox 2246 822 2341 876; x_wconf 91' lang='lat' dir='ltr'>sit.</span> 
     </span>
    </p>
   </div>
   <div class='ocr_carea' id='block_1_7' title="bbox 493 903 3881 981">
    <p class='ocr_par' dir='ltr' id='par_1_7' title="bbox 493 903 3881 981">
     <span class='ocr_line' id='line_1_7' title="bbox 493 903 3881 981; baseline -0.001 -18"><span class='ocrx_word' id='word_1_67' title='bbox 493 909 631 980; x_wconf 89' lang='lat' dir='ltr'>quid</span> <span class='ocrx_word' id='word_1_68' title='bbox 666 909 969 963; x_wconf 77' lang='lat' dir='ltr'>videbatur</span> <span class='ocrx_word' id='word_1_69' title='bbox 1000 908 1221 973; x_wconf 83' lang='lat' dir='ltr'>deesse,</span> <span class='ocrx_word' id='word_1_70' title='bbox 1254 908 1586 979; x_wconf 83' lang='lat' dir='ltr'>corrigeret,</span> <span class='ocrx_word' id='word_1_71' title='bbox 1619 909 1742 979; x_wconf 89' lang='lat' dir='ltr'>ipse</span> <span class='ocrx_word' id='word_1_72' title='bbox 1787 924 2031 979; x_wconf 75' lang='lat' dir='ltr'>pergens</span> <span class='ocrx_word' id='word_1_73' title='bbox 2064 910 2133 963; x_wconf 89' lang='lat' dir='ltr'>ad</span> <span class='ocrx_word' id='word_1_74' title='bbox 2320 931 2348 959; x_wconf 91' lang='grc'>‹‹</span> <span class='ocrx_word' id='word_1_75' title='bbox 2380 909 2440 965; x_wconf 87' lang='lat' dir='ltr'>Si</span> <span class='ocrx_word' id='word_1_76' title='bbox 2482 908 2613 981; x_wconf 89' lang='lat' dir='ltr'>quis</span> <span class='ocrx_word' id='word_1_77' title='bbox 2661 914 2750 964; x_wconf 91' lang='lat' dir='ltr'>est</span> <span class='ocrx_word' id='word_1_78' title='bbox 2796 908 2922 964; x_wconf 87' lang='lat' dir='ltr'>sine</span> <span class='ocrx_word' id='word_1_79' title='bbox 2970 907 3217 963; x_wconf 85' lang='lat' dir='ltr'>crimine</span> <span class='ocrx_word' id='word_1_80' title='bbox 3250 923 3262 960; x_wconf 88' lang='lat'><strong>:</strong></span> <span class='ocrx_word' id='word_1_81' title='bbox 3300 927 3327 955; x_wconf 77' lang='grc' dir='ltr'><strong>η</strong></span> <span class='ocrx_word' id='word_1_82' title='bbox 3377 905 3486 960; x_wconf 83' lang='lat' dir='ltr'>hoc</span> <span class='ocrx_word' id='word_1_83' title='bbox 3532 904 3693 960; x_wconf 90' lang='lat' dir='ltr'>enim</span> <span class='ocrx_word' id='word_1_84' title='bbox 3745 903 3881 959; x_wconf 81' lang='lat' dir='ltr'>inter</span> 
     </span>
    </p>
   </div>
   <div class='ocr_carea' id='block_1_8' title="bbox 496 994 3880 1070">
    <p class='ocr_par' dir='ltr' id='par_1_8' title="bbox 496 994 3880 1070">
     <span class='ocr_line' id='line_1_8' title="bbox 496 994 3880 1070; baseline -0.001 -18"><span class='ocrx_word' id='word_1_85' title='bbox 496 997 643 1053; x_wconf 90' lang='lat' dir='ltr'>alias</span> <span class='ocrx_word' id='word_1_86' title='bbox 669 998 946 1065; x_wconf 83' lang='lat' dir='ltr'>actiones,</span> <span class='ocrx_word' id='word_1_87' title='bbox 974 1002 1035 1050; x_wconf 92' lang='lat' dir='ltr'>ut</span> <span class='ocrx_word' id='word_1_88' title='bbox 1066 1013 1301 1052; x_wconf 86' lang='lat' dir='ltr'>rursum</span> <span class='ocrx_word' id='word_1_89' title='bbox 1337 998 1391 1051; x_wconf 93' lang='lat' dir='ltr'>in</span> <span class='ocrx_word' id='word_1_90' title='bbox 1426 998 1510 1051; x_wconf 85' lang='lat' dir='ltr'>eis</span> <span class='ocrx_word' id='word_1_91' title='bbox 1533 996 1744 1053; x_wconf 85' lang='lat' dir='ltr'>Christi</span> <span class='ocrx_word' id='word_1_92' title='bbox 1769 999 1985 1067; x_wconf 87' lang='lat' dir='ltr'>jaceret</span> <span class='ocrx_word' id='word_1_93' title='bbox 2012 1000 2137 1053; x_wconf 83' lang='lat' dir='ltr'>fun-</span> <span class='ocrx_word' id='word_1_94' title='bbox 2248 1003 2549 1070; x_wconf 86' lang='lat' dir='ltr'>peccatum</span> <span class='ocrx_word' id='word_1_95' title='bbox 2574 998 2772 1067; x_wconf 84' lang='lat' dir='ltr'>distat,</span> <span class='ocrx_word' id='word_1_96' title='bbox 2797 1001 2853 1052; x_wconf 87' lang='lat' dir='ltr'>et</span> <span class='ocrx_word' id='word_1_97' title='bbox 2881 997 3124 1060; x_wconf 90' lang='lat' dir='ltr'>crimen,</span> <span class='ocrx_word' id='word_1_98' title='bbox 3148 994 3301 1066; x_wconf 89' lang='lat' dir='ltr'>quod</span> <span class='ocrx_word' id='word_1_99' title='bbox 3326 1009 3497 1050; x_wconf 88' lang='lat' dir='ltr'>omne</span> <span class='ocrx_word' id='word_1_100' title='bbox 3522 994 3745 1049; x_wconf 85' lang='lat' dir='ltr'>crimen</span> <span class='ocrx_word' id='word_1_101' title='bbox 3771 1009 3880 1065; x_wconf 73' lang='lat' dir='ltr'>pec~</span> 
     </span>
    </p>
   </div>
   <div class='ocr_carea' id='block_1_9' title="bbox 498 1080 3882 1155">
    <p class='ocr_par' dir='ltr' id='par_1_9' title="bbox 498 1080 3882 1155">
     <span class='ocr_line' id='line_1_9' title="bbox 498 1080 3882 1155; baseline -0.002 -13"><span class='ocrx_word' id='word_1_102' title='bbox 498 1088 861 1142; x_wconf 89' lang='lat' dir='ltr'>damentum.</span> <span class='ocrx_word' id='word_1_103' title='bbox 888 1086 1047 1152; x_wconf 89' lang='lat' dir='ltr'>Quod</span> <span class='ocrx_word' id='word_1_104' title='bbox 1075 1091 1269 1140; x_wconf 86' lang='lat' dir='ltr'>autem</span> <span class='ocrx_word' id='word_1_105' title='bbox 1298 1087 1413 1141; x_wconf 88' lang='lat' dir='ltr'>ait:</span> <span class='ocrx_word' id='word_1_106' title='bbox 1456 1110 1480 1138; x_wconf 78' lang='grc' dir='ltr'>ιι</span> <span class='ocrx_word' id='word_1_107' title='bbox 1512 1087 1582 1142; x_wconf 90' lang='lat' dir='ltr'>Ut</span> <span class='ocrx_word' id='word_1_108' title='bbox 1611 1103 1696 1155; x_wconf 90' lang='lat' dir='ltr'>ea,</span> <span class='ocrx_word' id='word_1_109' title='bbox 1720 1103 1847 1155; x_wconf 71' lang='lat' dir='ltr'>quae</span> <span class='ocrx_word' id='word_1_110' title='bbox 1877 1090 2134 1155; x_wconf 82' lang='lat' dir='ltr'>deerant,</span> <span class='ocrx_word' id='word_1_111' title='bbox 2245 1092 2444 1143; x_wconf 89' lang='lat' dir='ltr'>catum</span> <span class='ocrx_word' id='word_1_112' title='bbox 2476 1092 2583 1152; x_wconf 85' lang='lat' dir='ltr'>est,</span> <span class='ocrx_word' id='word_1_113' title='bbox 2620 1103 2732 1142; x_wconf 88' lang='lat' dir='ltr'>non</span> <span class='ocrx_word' id='word_1_114' title='bbox 2763 1092 2957 1142; x_wconf 88' lang='lat' dir='ltr'>tamen</span> <span class='ocrx_word' id='word_1_115' title='bbox 2989 1100 3162 1141; x_wconf 91' lang='lat' dir='ltr'>omne</span> <span class='ocrx_word' id='word_1_116' title='bbox 3193 1088 3519 1155; x_wconf 87' lang='lat' dir='ltr'>peccatum,</span> <span class='ocrx_word' id='word_1_117' title='bbox 3550 1080 3805 1148; x_wconf 88' lang='lat' dir='ltr'>crimen;</span> <span class='ocrx_word' id='word_1_118' title='bbox 3833 1086 3882 1137; x_wconf 88' lang='lat' dir='ltr'>et</span> 
     </span>
    </p>
   </div>
   <div class='ocr_carea' id='block_1_10' title="bbox 495 1171 3879 1247">
    <p class='ocr_par' dir='ltr' id='par_1_10' title="bbox 495 1171 3879 1247">
     <span class='ocr_line' id='line_1_10' title="bbox 495 1171 3879 1247; baseline -0.001 -18"><span class='ocrx_word' id='word_1_119' title='bbox 495 1175 834 1245; x_wconf 84' lang='lat' dir='ltr'>corrigeres,</span> <span class='ocrx_word' id='word_1_120' title='bbox 869 1198 895 1225; x_wconf 84' lang='grc'>››</span> <span class='ocrx_word' id='word_1_121' title='bbox 948 1175 1208 1230; x_wconf 85' lang='lat' dir='ltr'>ostendit</span> <span class='ocrx_word' id='word_1_122' title='bbox 1239 1192 1340 1229; x_wconf 90' lang='lat' dir='ltr'>nec</span> <span class='ocrx_word' id='word_1_123' title='bbox 1370 1176 1510 1229; x_wconf 91' lang='lat' dir='ltr'>dum</span> <span class='ocrx_word' id='word_1_124' title='bbox 1545 1192 1639 1230; x_wconf 88' lang='lat' dir='ltr'>eos</span> <span class='ocrx_word' id='word_1_125' title='bbox 1674 1178 1743 1230; x_wconf 84' lang='lat' dir='ltr'>ad</span> <span class='ocrx_word' id='word_1_126' title='bbox 1777 1175 2005 1247; x_wconf 88' lang='lat' dir='ltr'>plenam</span> <span class='ocrx_word' id='word_1_127' title='bbox 2039 1195 2132 1231; x_wconf 90' lang='lat' dir='ltr'>ve-</span> <span class='ocrx_word' id='word_1_128' title='bbox 2247 1177 2305 1231; x_wconf 90' lang='lat' dir='ltr'>in</span> <span class='ocrx_word' id='word_1_129' title='bbox 2338 1178 2447 1231; x_wconf 88' lang='lat' dir='ltr'>hac</span> <span class='ocrx_word' id='word_1_130' title='bbox 2470 1176 2585 1231; x_wconf 89' lang='lat' dir='ltr'>vita</span> <span class='ocrx_word' id='word_1_131' title='bbox 2610 1174 2775 1231; x_wconf 90' lang='lat' dir='ltr'>multi</span> <span class='ocrx_word' id='word_1_132' title='bbox 2809 1176 2937 1230; x_wconf 86' lang='lat' dir='ltr'>sine</span> <span class='ocrx_word' id='word_1_133' title='bbox 2962 1173 3224 1240; x_wconf 87' lang='lat' dir='ltr'>crimine,</span> <span class='ocrx_word' id='word_1_134' title='bbox 3248 1171 3448 1227; x_wconf 87' lang='lat' dir='ltr'>nullus</span> <span class='ocrx_word' id='word_1_135' title='bbox 3468 1187 3603 1227; x_wconf 87' lang='lat' dir='ltr'>vero</span> <span class='ocrx_word' id='word_1_136' title='bbox 3625 1186 3749 1226; x_wconf 85' lang='lat' dir='ltr'>esse</span> <span class='ocrx_word' id='word_1_137' title='bbox 3771 1171 3879 1225; x_wconf 89' lang='lat' dir='ltr'>sine</span> 
     </span>
    </p>
   </div>
   <div class='ocr_carea' id='block_1_11' title="bbox 495 1262 3877 1337">
    <p class='ocr_par' dir='ltr' id='par_1_11' title="bbox 495 1262 3877 1337">
     <span class='ocr_line' id='line_1_11' title="bbox 495 1262 3877 1337; baseline -0.001 -19"><span class='ocrx_word' id='word_1_138' title='bbox 495 1264 652 1319; x_wconf 87' lang='lat' dir='ltr'>uisse</span> <span class='ocrx_word' id='word_1_139' title='bbox 683 1265 987 1319; x_wconf 82' lang='lat' dir='ltr'>scientiam</span> <span class='ocrx_word' id='word_1_140' title='bbox 1017 1265 1316 1331; x_wconf 84' lang='lat' dir='ltr'>veritatis;</span> <span class='ocrx_word' id='word_1_141' title='bbox 1354 1269 1409 1318; x_wconf 90' lang='lat' dir='ltr'>et</span> <span class='ocrx_word' id='word_1_142' title='bbox 1445 1264 1577 1319; x_wconf 88' lang='lat' dir='ltr'>licet</span> <span class='ocrx_word' id='word_1_143' title='bbox 1606 1266 1676 1319; x_wconf 87' lang='lat' dir='ltr'>ab</span> <span class='ocrx_word' id='word_1_144' title='bbox 1709 1265 1980 1336; x_wconf 82' lang='lat' dir='ltr'>Apostolo</span> <span class='ocrx_word' id='word_1_145' title='bbox 2011 1283 2135 1320; x_wconf 89' lang='lat' dir='ltr'>cor-</span> <span class='ocrx_word' id='word_1_146' title='bbox 2249 1265 2501 1337; x_wconf 85' lang='lat' dir='ltr'>peccatis</span> <span class='ocrx_word' id='word_1_147' title='bbox 2549 1265 2718 1320; x_wconf 89' lang='lat' dir='ltr'>valet.</span> <span class='ocrx_word' id='word_1_148' title='bbox 2764 1263 2926 1319; x_wconf 92' lang='lat' dir='ltr'>Unde</span> <span class='ocrx_word' id='word_1_149' title='bbox 2971 1270 3027 1317; x_wconf 87' lang='lat' dir='ltr'>et</span> <span class='ocrx_word' id='word_1_150' title='bbox 3073 1262 3418 1333; x_wconf 67' lang='lat' dir='ltr'>praedicator</span> <span class='ocrx_word' id='word_1_151' title='bbox 3464 1263 3729 1325; x_wconf 82' lang='lat' dir='ltr'>sanctus,</span> <span class='ocrx_word' id='word_1_152' title='bbox 3759 1275 3877 1314; x_wconf 89' lang='lat' dir='ltr'>cum</span> 
     </span>
    </p>
   </div>
   <div class='ocr_carea' id='block_1_12' title="bbox 493 1349 3875 1424">
    <p class='ocr_par' dir='ltr' id='par_1_12' title="bbox 493 1349 3875 1424">
     <span class='ocr_line' id='line_1_12' title="bbox 493 1349 3875 1424; baseline -0.001 -16"><span class='ocrx_word' id='word_1_153' title='bbox 493 1354 632 1408; x_wconf 90' lang='lat' dir='ltr'>recti</span> <span class='ocrx_word' id='word_1_154' title='bbox 668 1353 900 1415; x_wconf 78' lang='lat' dir='ltr'>fuerint,</span> <span class='ocrx_word' id='word_1_155' title='bbox 934 1360 1130 1407; x_wconf 89' lang='lat' dir='ltr'>tamen</span> <span class='ocrx_word' id='word_1_156' title='bbox 1163 1352 1355 1407; x_wconf 90' lang='lat' dir='ltr'>adhuc</span> <span class='ocrx_word' id='word_1_157' title='bbox 1384 1352 1644 1424; x_wconf 83' lang='lat' dir='ltr'>indigere</span> <span class='ocrx_word' id='word_1_158' title='bbox 1674 1355 2045 1408; x_wconf 84' lang='lat' dir='ltr'>correctione.</span> <span class='ocrx_word' id='word_1_159' title='bbox 2246 1355 2438 1409; x_wconf 91' lang='lat' dir='ltr'>virum</span> <span class='ocrx_word' id='word_1_160' title='bbox 2470 1355 2712 1424; x_wconf 86' lang='lat' dir='ltr'>dignum</span> <span class='ocrx_word' id='word_1_161' title='bbox 2746 1353 2949 1424; x_wconf 69' lang='lat' dir='ltr'>gratiae</span> <span class='ocrx_word' id='word_1_162' title='bbox 2978 1350 3355 1407; x_wconf 86' lang='lat' dir='ltr'>sacerdotalis</span> <span class='ocrx_word' id='word_1_163' title='bbox 3383 1349 3755 1413; x_wconf 87' lang='lat' dir='ltr'>describeret,</span> <span class='ocrx_word' id='word_1_164' title='bbox 3786 1365 3875 1403; x_wconf 88' lang='lat' dir='ltr'>ne-</span> 
     </span>
    </p>
   </div>
   <div class='ocr_carea' id='block_1_13' title="bbox 567 1438 3871 1515">
    <p class='ocr_par' dir='ltr' id='par_1_13' title="bbox 567 1438 3871 1515">
     <span class='ocr_line' id='line_1_13' title="bbox 567 1438 3871 1515; baseline -0.001 -19"><span class='ocrx_word' id='word_1_165' title='bbox 567 1466 594 1490; x_wconf 85' lang='grc'><em>‹‹</em></span> <span class='ocrx_word' id='word_1_166' title='bbox 630 1443 699 1496; x_wconf 82' lang='lat' dir='ltr'>Et</span> <span class='ocrx_word' id='word_1_167' title='bbox 728 1442 1052 1496; x_wconf 88' lang='lat' dir='ltr'>constituas</span> <span class='ocrx_word' id='word_1_168' title='bbox 1084 1458 1185 1512; x_wconf 91' lang='lat' dir='ltr'>per</span> <span class='ocrx_word' id='word_1_169' title='bbox 1207 1442 1466 1497; x_wconf 88' lang='lat' dir='ltr'>civitates</span> <span class='ocrx_word' id='word_1_170' title='bbox 1496 1444 1879 1514; x_wconf 82' lang='lat' dir='ltr'>presbyteros,</span> <span class='ocrx_word' id='word_1_171' title='bbox 1905 1443 2053 1496; x_wconf 88' lang='lat' dir='ltr'>sicut</span> <span class='ocrx_word' id='word_1_172' title='bbox 2084 1447 2140 1496; x_wconf 91' lang='lat' dir='ltr'>et</span> <span class='ocrx_word' id='word_1_173' title='bbox 2250 1461 2547 1515; x_wconf 88' lang='lat' dir='ltr'>quaquam</span> <span class='ocrx_word' id='word_1_174' title='bbox 2571 1444 2715 1497; x_wconf 85' lang='lat' dir='ltr'>dixit</span> <span class='ocrx_word' id='word_1_175' title='bbox 2743 1460 2754 1498; x_wconf 95' lang='lat'>:</span> <span class='ocrx_word' id='word_1_176' title='bbox 2784 1442 2841 1495; x_wconf 80' lang='lat' dir='ltr'>Si</span> <span class='ocrx_word' id='word_1_177' title='bbox 2873 1442 3005 1513; x_wconf 88' lang='lat' dir='ltr'>quis</span> <span class='ocrx_word' id='word_1_178' title='bbox 3028 1442 3154 1496; x_wconf 88' lang='lat' dir='ltr'>sine</span> <span class='ocrx_word' id='word_1_179' title='bbox 3180 1444 3433 1512; x_wconf 86' lang='lat' dir='ltr'>peccato,</span> <span class='ocrx_word' id='word_1_180' title='bbox 3458 1439 3586 1509; x_wconf 86' lang='lat' dir='ltr'>sed,</span> <span class='ocrx_word' id='word_1_181' title='bbox 3613 1461 3639 1488; x_wconf 88' lang='grc'>‹‹</span> <span class='ocrx_word' id='word_1_182' title='bbox 3668 1438 3713 1493; x_wconf 92' lang='lat' dir='ltr'>si</span> <span class='ocrx_word' id='word_1_183' title='bbox 3736 1438 3871 1508; x_wconf 86' lang='lat' dir='ltr'>quis,</span> 
     </span>
    </p>
   </div>
   <div class='ocr_carea' id='block_1_14' title="bbox 492 1528 3869 1603">
    <p class='ocr_par' dir='ltr' id='par_1_14' title="bbox 492 1528 3869 1603">
     <span class='ocr_line' id='line_1_14' title="bbox 492 1528 3869 1603; baseline -0.001 -18"><span class='ocrx_word' id='word_1_184' title='bbox 492 1547 601 1602; x_wconf 88' lang='lat' dir='ltr'>ego</span> <span class='ocrx_word' id='word_1_185' title='bbox 653 1530 757 1585; x_wconf 89' lang='lat' dir='ltr'>tibi</span> <span class='ocrx_word' id='word_1_186' title='bbox 806 1531 1066 1601; x_wconf 88' lang='lat' dir='ltr'>disposui</span> <span class='ocrx_word' id='word_1_187' title='bbox 1102 1532 1305 1601; x_wconf 77' lang='grc'>(1339).</span> <span class='ocrx_word' id='word_1_188' title='bbox 1344 1555 1369 1580; x_wconf 88' lang='grc'>››</span> <span class='ocrx_word' id='word_1_189' title='bbox 1423 1532 1737 1603; x_wconf 79' lang='lat' dir='ltr'>Diligenter</span> <span class='ocrx_word' id='word_1_190' title='bbox 1763 1532 2021 1603; x_wconf 80' lang='lat' dir='ltr'>Apostoli</span> <span class='ocrx_word' id='word_1_191' title='bbox 2054 1537 2139 1586; x_wconf 88' lang='lat' dir='ltr'>at-</span> <span class='ocrx_word' id='word_1_192' title='bbox 2250 1533 2375 1588; x_wconf 90' lang='lat' dir='ltr'>sine</span> <span class='ocrx_word' id='word_1_193' title='bbox 2404 1532 2647 1587; x_wconf 89' lang='lat' dir='ltr'>crimine</span> <span class='ocrx_word' id='word_1_194' title='bbox 2677 1537 2784 1587; x_wconf 87' lang='lat' dir='ltr'>est.</span> <span class='ocrx_word' id='word_1_195' title='bbox 2824 1556 2842 1581; x_wconf 77' lang='grc' dir='ltr'>ι</span> <span class='ocrx_word' id='word_1_196' title='bbox 2878 1532 3017 1595; x_wconf 87' lang='lat' dir='ltr'>Quis</span> <span class='ocrx_word' id='word_1_197' title='bbox 3050 1546 3180 1584; x_wconf 89' lang='lat' dir='ltr'>vero</span> <span class='ocrx_word' id='word_1_198' title='bbox 3212 1544 3340 1583; x_wconf 87' lang='lat' dir='ltr'>esse</span> <span class='ocrx_word' id='word_1_199' title='bbox 3370 1528 3499 1583; x_wconf 83' lang='lat' dir='ltr'>sine</span> <span class='ocrx_word' id='word_1_200' title='bbox 3530 1531 3759 1598; x_wconf 82' lang='lat' dir='ltr'>peccato</span> <span class='ocrx_word' id='word_1_201' title='bbox 3785 1540 3869 1581; x_wconf 88' lang='lat' dir='ltr'>va-</span> 
     </span>
    </p>
   </div>
   <div class='ocr_carea' id='block_1_15' title="bbox 495 1614 3872 1692">
    <p class='ocr_par' dir='ltr' id='par_1_15' title="bbox 495 1614 3872 1692">
     <span class='ocr_line' id='line_1_15' title="bbox 495 1614 3872 1692; baseline -0.002 -18"><span class='ocrx_word' id='word_1_202' title='bbox 495 1621 810 1674; x_wconf 89' lang='lat' dir='ltr'>tendamus</span> <span class='ocrx_word' id='word_1_203' title='bbox 838 1619 1032 1687; x_wconf 86' lang='lat' dir='ltr'>verba,</span> <span class='ocrx_word' id='word_1_204' title='bbox 1055 1619 1304 1675; x_wconf 89' lang='lat' dir='ltr'>dicentis</span> <span class='ocrx_word' id='word_1_205' title='bbox 1328 1637 1339 1675; x_wconf 91' lang='lat'><strong>:</strong></span> <span class='ocrx_word' id='word_1_206' title='bbox 1375 1621 1443 1675; x_wconf 93' lang='lat' dir='ltr'>Ut</span> <span class='ocrx_word' id='word_1_207' title='bbox 1471 1621 1793 1675; x_wconf 86' lang='lat' dir='ltr'>constituas</span> <span class='ocrx_word' id='word_1_208' title='bbox 1826 1637 1926 1692; x_wconf 89' lang='lat' dir='ltr'>per</span> <span class='ocrx_word' id='word_1_209' title='bbox 1945 1622 2141 1675; x_wconf 88' lang='lat' dir='ltr'>civita-</span> <span class='ocrx_word' id='word_1_210' title='bbox 2250 1622 2386 1685; x_wconf 90' lang='lat' dir='ltr'>leat,</span> <span class='ocrx_word' id='word_1_211' title='bbox 2408 1637 2541 1675; x_wconf 89' lang='lat' dir='ltr'>cum</span> <span class='ocrx_word' id='word_1_212' title='bbox 2566 1624 2823 1676; x_wconf 90' lang='lat' dir='ltr'>Joannes</span> <span class='ocrx_word' id='word_1_213' title='bbox 2852 1621 3007 1674; x_wconf 86' lang='lat' dir='ltr'>dicat</span> <span class='ocrx_word' id='word_1_214' title='bbox 3037 1634 3050 1673; x_wconf 88' lang='lat'><strong>:</strong></span> <span class='ocrx_word' id='word_1_215' title='bbox 3093 1638 3119 1671; x_wconf 72' lang='grc' dir='ltr'><strong><em>α</em></strong></span> <span class='ocrx_word' id='word_1_216' title='bbox 3140 1617 3198 1672; x_wconf 89' lang='lat' dir='ltr'>Si</span> <span class='ocrx_word' id='word_1_217' title='bbox 3231 1615 3578 1683; x_wconf 86' lang='lat' dir='ltr'>dixerimus,</span> <span class='ocrx_word' id='word_1_218' title='bbox 3603 1614 3738 1686; x_wconf 79' lang='lat' dir='ltr'>quia</span> <span class='ocrx_word' id='word_1_219' title='bbox 3766 1626 3872 1686; x_wconf 87' lang='lat' dir='ltr'>pec-</span> 
     </span>
    </p>
   </div>
   <div class='ocr_carea' id='block_1_16' title="bbox 501 1702 3869 1781">
    <p class='ocr_par' dir='ltr' id='par_1_16' title="bbox 501 1702 3869 1781">
     <span class='ocr_line' id='line_1_16' title="bbox 501 1702 3869 1781; baseline -0.002 -17"><span class='ocrx_word' id='word_1_220' title='bbox 501 1712 589 1764; x_wconf 85' lang='lat' dir='ltr'>tes</span> <span class='ocrx_word' id='word_1_221' title='bbox 610 1710 998 1781; x_wconf 82' lang='lat' dir='ltr'>presbyteros,</span> <span class='ocrx_word' id='word_1_222' title='bbox 1023 1710 1174 1764; x_wconf 89' lang='lat' dir='ltr'>sicut</span> <span class='ocrx_word' id='word_1_223' title='bbox 1194 1714 1248 1764; x_wconf 89' lang='lat' dir='ltr'>et</span> <span class='ocrx_word' id='word_1_224' title='bbox 1268 1726 1374 1781; x_wconf 90' lang='lat' dir='ltr'>ego</span> <span class='ocrx_word' id='word_1_225' title='bbox 1395 1709 1499 1764; x_wconf 89' lang='lat' dir='ltr'>tibi</span> <span class='ocrx_word' id='word_1_226' title='bbox 1524 1710 1783 1781; x_wconf 87' lang='lat' dir='ltr'>disposui</span> <span class='ocrx_word' id='word_1_227' title='bbox 1813 1727 1825 1765; x_wconf 91' lang='lat'><strong>:</strong></span> <span class='ocrx_word' id='word_1_228' title='bbox 1856 1709 1979 1781; x_wconf 88' lang='lat' dir='ltr'>qui,</span> <span class='ocrx_word' id='word_1_229' title='bbox 2002 1726 2141 1781; x_wconf 86' lang='lat' dir='ltr'>qua-</span> <span class='ocrx_word' id='word_1_230' title='bbox 2200 1720 2211 1729; x_wconf 80' lang='lat'><strong>‘</strong></span> <span class='ocrx_word' id='word_1_231' title='bbox 2251 1715 2446 1765; x_wconf 87' lang='lat' dir='ltr'>catum</span> <span class='ocrx_word' id='word_1_232' title='bbox 2475 1725 2589 1765; x_wconf 91' lang='lat' dir='ltr'>non</span> <span class='ocrx_word' id='word_1_233' title='bbox 2622 1710 2930 1777; x_wconf 85' lang='lat' dir='ltr'>habemus,</span> <span class='ocrx_word' id='word_1_234' title='bbox 2954 1722 3061 1763; x_wconf 89' lang='lat' dir='ltr'>nos</span> <span class='ocrx_word' id='word_1_235' title='bbox 3090 1708 3251 1778; x_wconf 88' lang='lat' dir='ltr'>ipsos</span> <span class='ocrx_word' id='word_1_236' title='bbox 3274 1703 3637 1775; x_wconf 88' lang='lat' dir='ltr'>seducimus,</span> <span class='ocrx_word' id='word_1_237' title='bbox 3659 1708 3716 1760; x_wconf 89' lang='lat' dir='ltr'>et</span> <span class='ocrx_word' id='word_1_238' title='bbox 3741 1702 3869 1759; x_wconf 85' lang='lat' dir='ltr'>veri-</span> 
     </span>
    </p>
   </div>
   <div class='ocr_carea' id='block_1_17' title="bbox 497 1790 3870 1895">
    <p class='ocr_par' dir='ltr' id='par_1_17' title="bbox 497 1790 3870 1895">
     <span class='ocr_line' id='line_1_17' title="bbox 497 1790 3870 1895; baseline -0.003 -42"><span class='ocrx_word' id='word_1_239' title='bbox 497 1797 573 1853; x_wconf 88' lang='lat' dir='ltr'>lis</span> <span class='ocrx_word' id='word_1_240' title='bbox 621 1799 924 1870; x_wconf 88' lang='lat' dir='ltr'>presbyter</span> <span class='ocrx_word' id='word_1_241' title='bbox 969 1799 1176 1853; x_wconf 87' lang='lat' dir='ltr'>debeat</span> <span class='ocrx_word' id='word_1_242' title='bbox 1223 1799 1503 1865; x_wconf 88' lang='lat' dir='ltr'>ordinari,</span> <span class='ocrx_word' id='word_1_243' title='bbox 1537 1800 1595 1853; x_wconf 91' lang='lat' dir='ltr'>in</span> <span class='ocrx_word' id='word_1_244' title='bbox 1644 1800 2140 1870; x_wconf 83' lang='lat' dir='ltr'>consequentibus</span> <span class='ocrx_word' id='word_1_245' title='bbox 2171 1830 2218 1895; x_wconf 72' lang='grc' dir='ltr'>Β</span> <span class='ocrx_word' id='word_1_246' title='bbox 2251 1803 2342 1854; x_wconf 85' lang='lat' dir='ltr'>tas</span> <span class='ocrx_word' id='word_1_247' title='bbox 2377 1799 2434 1853; x_wconf 94' lang='lat' dir='ltr'>in</span> <span class='ocrx_word' id='word_1_248' title='bbox 2465 1798 2639 1854; x_wconf 87' lang='lat' dir='ltr'>nobis</span> <span class='ocrx_word' id='word_1_249' title='bbox 2668 1812 2782 1853; x_wconf 89' lang='lat' dir='ltr'>non</span> <span class='ocrx_word' id='word_1_250' title='bbox 2813 1800 2903 1852; x_wconf 88' lang='lat' dir='ltr'>est</span> <span class='ocrx_word' id='word_1_251' title='bbox 2930 1798 2983 1895; x_wconf 44' lang='lat'>(.1</span> <span class='ocrx_word' id='word_1_252' title='bbox 3006 1798 3162 1852; x_wconf 79' lang='lat' dir='ltr'>Joan.</span> <span class='ocrx_word' id='word_1_253' title='bbox 3199 1795 3409 1895; x_wconf 39' lang='grc' dir='ltr'>ιρι.»</span> <span class='ocrx_word' id='word_1_254' title='bbox 3453 1794 3518 1893; x_wconf 70' lang='lat' dir='ltr'>In</span> <span class='ocrx_word' id='word_1_255' title='bbox 3551 1810 3666 1864; x_wconf 89' lang='lat' dir='ltr'>qua</span> <span class='ocrx_word' id='word_1_256' title='bbox 3690 1790 3870 1846; x_wconf 79' lang='lat' dir='ltr'>videti-</span> 
     </span>
    </p>
   </div>
   <div class='ocr_carea' id='block_1_18' title="bbox 498 1882 3870 1961">
    <p class='ocr_par' dir='ltr' id='par_1_18' title="bbox 498 1882 3870 1961">
     <span class='ocr_line' id='line_1_18' title="bbox 498 1882 3870 1961; baseline -0.002 -20"><span class='ocrx_word' id='word_1_257' title='bbox 498 1888 817 1953; x_wconf 89' lang='lat' dir='ltr'>disserens,</span> <span class='ocrx_word' id='word_1_258' title='bbox 840 1888 947 1942; x_wconf 91' lang='lat' dir='ltr'>hoc</span> <span class='ocrx_word' id='word_1_259' title='bbox 969 1893 1091 1943; x_wconf 90' lang='lat' dir='ltr'>est:</span> <span class='ocrx_word' id='word_1_260' title='bbox 1136 1908 1160 1939; x_wconf 83' lang='lat' dir='ltr'>a</span> <span class='ocrx_word' id='word_1_261' title='bbox 1180 1888 1237 1943; x_wconf 90' lang='lat' dir='ltr'>Si</span> <span class='ocrx_word' id='word_1_262' title='bbox 1262 1889 1394 1961; x_wconf 83' lang='lat' dir='ltr'>quis</span> <span class='ocrx_word' id='word_1_263' title='bbox 1420 1894 1507 1944; x_wconf 89' lang='lat' dir='ltr'>est</span> <span class='ocrx_word' id='word_1_264' title='bbox 1527 1889 1653 1944; x_wconf 91' lang='lat' dir='ltr'>sine</span> <span class='ocrx_word' id='word_1_265' title='bbox 1675 1889 1936 1957; x_wconf 88' lang='lat' dir='ltr'>crimine,</span> <span class='ocrx_word' id='word_1_266' title='bbox 1960 1889 2138 1944; x_wconf 89' lang='lat' dir='ltr'>unius</span> <span class='ocrx_word' id='word_1_267' title='bbox 2171 1882 2217 1895; x_wconf 75' lang='grc'>“’</span> <span class='ocrx_word' id='word_1_268' title='bbox 2251 1894 2340 1943; x_wconf 89' lang='lat' dir='ltr'>cet</span> <span class='ocrx_word' id='word_1_269' title='bbox 2371 1892 2762 1958; x_wconf 86' lang='lat' dir='ltr'>peccatorum,</span> <span class='ocrx_word' id='word_1_270' title='bbox 2792 1889 2846 1940; x_wconf 89' lang='lat' dir='ltr'>et</span> <span class='ocrx_word' id='word_1_271' title='bbox 2885 1884 3200 1940; x_wconf 89' lang='lat' dir='ltr'>criminum</span> <span class='ocrx_word' id='word_1_272' title='bbox 3232 1882 3611 1937; x_wconf 89' lang='lat' dir='ltr'>distinctione</span> <span class='ocrx_word' id='word_1_273' title='bbox 3640 1892 3870 1954; x_wconf 89' lang='lat' dir='ltr'>pensan-</span> 
     </span>
    </p>
   </div>
   <div class='ocr_carea' id='block_1_19' title="bbox 494 1969 3871 2049">
    <p class='ocr_par' dir='ltr' id='par_1_19' title="bbox 494 1969 3871 2049">
     <span class='ocr_line' id='line_1_19' title="bbox 494 1969 3871 2049; baseline -0.003 -18"><span class='ocrx_word' id='word_1_274' title='bbox 494 1976 690 2031; x_wconf 87' lang='lat' dir='ltr'>uxoris</span> <span class='ocrx_word' id='word_1_275' title='bbox 742 1977 847 2043; x_wconf 90' lang='lat' dir='ltr'>vir,</span> <span class='ocrx_word' id='word_1_276' title='bbox 879 1999 908 2026; x_wconf 72' lang='grc' dir='ltr'>ι»</span> <span class='ocrx_word' id='word_1_277' title='bbox 959 1983 1091 2046; x_wconf 89' lang='lat' dir='ltr'>etc.,</span> <span class='ocrx_word' id='word_1_278' title='bbox 1126 1983 1325 2047; x_wconf 85' lang='lat' dir='ltr'>postea</span> <span class='ocrx_word' id='word_1_279' title='bbox 1355 1979 1554 2034; x_wconf 87' lang='lat' dir='ltr'>intulit</span> <span class='ocrx_word' id='word_1_280' title='bbox 1586 1995 1599 2032; x_wconf 89' lang='lat'><strong>:</strong></span> <span class='ocrx_word' id='word_1_281' title='bbox 1651 2002 1678 2028; x_wconf 90' lang='grc'>‹‹</span> <span class='ocrx_word' id='word_1_282' title='bbox 1711 1979 1950 2049; x_wconf 88' lang='lat' dir='ltr'>Oportet</span> <span class='ocrx_word' id='word_1_283' title='bbox 1981 1980 2136 2034; x_wconf 92' lang='lat' dir='ltr'>enim</span> <span class='ocrx_word' id='word_1_284' title='bbox 2246 1978 2387 2031; x_wconf 91' lang='lat' dir='ltr'>dum</span> <span class='ocrx_word' id='word_1_285' title='bbox 2412 1983 2521 2045; x_wconf 89' lang='lat' dir='ltr'>est,</span> <span class='ocrx_word' id='word_1_286' title='bbox 2553 1975 2692 2047; x_wconf 87' lang='lat' dir='ltr'>quia</span> <span class='ocrx_word' id='word_1_287' title='bbox 2723 1973 3007 2030; x_wconf 89' lang='lat' dir='ltr'>nonnulla</span> <span class='ocrx_word' id='word_1_288' title='bbox 3044 1976 3282 2044; x_wconf 90' lang='lat' dir='ltr'>peccata</span> <span class='ocrx_word' id='word_1_289' title='bbox 3310 1972 3569 2027; x_wconf 89' lang='lat' dir='ltr'>animam</span> <span class='ocrx_word' id='word_1_290' title='bbox 3601 1969 3871 2042; x_wconf 76' lang='lat' dir='ltr'>polluant,</span> 
     </span>
    </p>
   </div>
   <div class='ocr_carea' id='block_1_20' title="bbox 492 2058 3869 2139">
    <p class='ocr_par' dir='ltr' id='par_1_20' title="bbox 492 2058 3869 2139">
     <span class='ocr_line' id='line_1_20' title="bbox 492 2058 3869 2139; baseline -0.003 -17"><span class='ocrx_word' id='word_1_291' title='bbox 492 2068 832 2137; x_wconf 86' lang='lat' dir='ltr'>episcopum</span> <span class='ocrx_word' id='word_1_292' title='bbox 861 2067 988 2121; x_wconf 90' lang='lat' dir='ltr'>sine</span> <span class='ocrx_word' id='word_1_293' title='bbox 1019 2068 1261 2122; x_wconf 87' lang='lat' dir='ltr'>crimine</span> <span class='ocrx_word' id='word_1_294' title='bbox 1291 2084 1440 2132; x_wconf 89' lang='lat' dir='ltr'>esse,</span> <span class='ocrx_word' id='word_1_295' title='bbox 1462 2068 1869 2139; x_wconf 62' lang='lat' dir='ltr'>tanquam&#39;pei</span> <span class='ocrx_word' id='word_1_296' title='bbox 1901 2069 2135 2139; x_wconf 89' lang='lat' dir='ltr'>dispen-</span> <span class='ocrx_word' id='word_1_297' title='bbox 2246 2065 2495 2121; x_wconf 90' lang='lat' dir='ltr'>crimina</span> <span class='ocrx_word' id='word_1_298' title='bbox 2536 2080 2668 2120; x_wconf 91' lang='lat' dir='ltr'>vero</span> <span class='ocrx_word' id='word_1_299' title='bbox 2696 2064 3099 2137; x_wconf 84' lang='lat' dir='ltr'>exstinguunt.</span> <span class='ocrx_word' id='word_1_300' title='bbox 3134 2061 3364 2118; x_wconf 87' lang='lat' dir='ltr'>Electus</span> <span class='ocrx_word' id='word_1_301' title='bbox 3392 2059 3662 2116; x_wconf 77' lang='lat' dir='ltr'>sacerdos</span> <span class='ocrx_word' id='word_1_302' title='bbox 3693 2058 3869 2114; x_wconf 78' lang='lat' dir='ltr'>Eccle-</span> 
     </span>
    </p>
   </div>
   <div class='ocr_carea' id='block_1_21' title="bbox 493 2142 3865 2231">
    <p class='ocr_par' dir='ltr' id='par_1_21' title="bbox 493 2142 3865 2231">
     <span class='ocr_line' id='line_1_21' title="bbox 493 2142 3865 2231; baseline -0.003 -20"><span class='ocrx_word' id='word_1_303' title='bbox 493 2160 768 2211; x_wconf 89' lang='lat' dir='ltr'>satorem.</span> <span class='ocrx_word' id='word_1_304' title='bbox 797 2179 818 2204; x_wconf 81' lang='lat'><strong><em>-</em></strong></span> <span class='ocrx_word' id='word_1_305' title='bbox 855 2156 1011 2212; x_wconf 89' lang='lat' dir='ltr'>Idem</span> <span class='ocrx_word' id='word_1_306' title='bbox 1044 2162 1135 2212; x_wconf 89' lang='lat' dir='ltr'>est</span> <span class='ocrx_word' id='word_1_307' title='bbox 1166 2173 1300 2229; x_wconf 89' lang='lat' dir='ltr'>ergo</span> <span class='ocrx_word' id='word_1_308' title='bbox 1332 2158 1632 2231; x_wconf 85' lang='lat' dir='ltr'>presbyter</span> <span class='ocrx_word' id='word_1_309' title='bbox 1657 2159 1758 2229; x_wconf 91' lang='lat' dir='ltr'>qui</span> <span class='ocrx_word' id='word_1_310' title='bbox 1789 2159 2132 2229; x_wconf 84' lang='lat' dir='ltr'>episcOpus;</span> <span class='ocrx_word' id='word_1_311' title='bbox 2245 2155 2346 2209; x_wconf 67' lang='lat' dir='ltr'>site</span> <span class='ocrx_word' id='word_1_312' title='bbox 2378 2171 2492 2209; x_wconf 91' lang='lat' dir='ltr'>non</span> <span class='ocrx_word' id='word_1_313' title='bbox 2537 2158 2768 2209; x_wconf 89' lang='lat' dir='ltr'>tantum</span> <span class='ocrx_word' id='word_1_314' title='bbox 2813 2169 2877 2208; x_wconf 92' lang='lat' dir='ltr'>eo</span> <span class='ocrx_word' id='word_1_315' title='bbox 2925 2157 3206 2224; x_wconf 88' lang='lat' dir='ltr'>tempore,</span> <span class='ocrx_word' id='word_1_316' title='bbox 3240 2166 3355 2222; x_wconf 91' lang='lat' dir='ltr'>quo</span> <span class='ocrx_word' id='word_1_317' title='bbox 3386 2142 3743 2205; x_wconf 80' lang='lat' dir='ltr'>ordinandus</span> <span class='ocrx_word' id='word_1_318' title='bbox 3772 2148 3865 2211; x_wconf 82' lang='lat' dir='ltr'>est,</span> 
     </span>
    </p>
   </div>
   <div class='ocr_carea' id='block_1_22' title="bbox 493 2236 3864 2318">
    <p class='ocr_par' dir='ltr' id='par_1_22' title="bbox 493 2236 3864 2318">
     <span class='ocr_line' id='line_1_22' title="bbox 493 2236 3864 2318; baseline -0.003 -18"><span class='ocrx_word' id='word_1_319' title='bbox 493 2250 552 2300; x_wconf 82' lang='lat' dir='ltr'>et</span> <span class='ocrx_word' id='word_1_320' title='bbox 582 2250 898 2317; x_wconf 86' lang='lat' dir='ltr'>antequam</span> <span class='ocrx_word' id='word_1_321' title='bbox 929 2246 1144 2301; x_wconf 90' lang='lat' dir='ltr'>diaboli</span> <span class='ocrx_word' id='word_1_322' title='bbox 1175 2246 1480 2316; x_wconf 86' lang='lat' dir='ltr'>instinctu,</span> <span class='ocrx_word' id='word_1_323' title='bbox 1513 2246 1709 2301; x_wconf 89' lang='lat' dir='ltr'>studia</span> <span class='ocrx_word' id='word_1_324' title='bbox 1748 2247 1810 2301; x_wconf 92' lang='lat' dir='ltr'>in</span> <span class='ocrx_word' id='word_1_325' title='bbox 1860 2248 2135 2318; x_wconf 83' lang='lat' dir='ltr'>religione</span> <span class='ocrx_word' id='word_1_326' title='bbox 2246 2243 2370 2299; x_wconf 87' lang='lat' dir='ltr'>sine</span> <span class='ocrx_word' id='word_1_327' title='bbox 2408 2242 2527 2299; x_wconf 90' lang='lat' dir='ltr'>ullo</span> <span class='ocrx_word' id='word_1_328' title='bbox 2576 2244 2653 2298; x_wconf 88' lang='lat' dir='ltr'>sit</span> <span class='ocrx_word' id='word_1_329' title='bbox 2700 2244 2963 2308; x_wconf 88' lang='lat' dir='ltr'>crimine,</span> <span class='ocrx_word' id='word_1_330' title='bbox 2996 2246 3052 2297; x_wconf 91' lang='lat' dir='ltr'>et</span> <span class='ocrx_word' id='word_1_331' title='bbox 3102 2240 3423 2312; x_wconf 75' lang='lat' dir='ltr'>praeteritas</span> <span class='ocrx_word' id='word_1_332' title='bbox 3452 2236 3713 2294; x_wconf 84' lang='lat' dir='ltr'>maculas</span> <span class='ocrx_word' id='word_1_333' title='bbox 3734 2252 3864 2291; x_wconf 82' lang='lat' dir='ltr'>nova</span> 
     </span>
    </p>
   </div>
   <div class='ocr_carea' id='block_1_23' title="bbox 494 2334 2131 2407">
    <p class='ocr_par' dir='ltr' id='par_1_23' title="bbox 494 2334 2131 2407">
     <span class='ocr_line' id='line_1_23' title="bbox 494 2334 2131 2407; baseline 0 -17"><span class='ocrx_word' id='word_1_334' title='bbox 494 2334 717 2399; x_wconf 80' lang='lat' dir='ltr'>ﬂerent,</span> <span class='ocrx_word' id='word_1_335' title='bbox 750 2338 809 2388; x_wconf 89' lang='lat' dir='ltr'>et</span> <span class='ocrx_word' id='word_1_336' title='bbox 834 2334 1125 2389; x_wconf 88' lang='lat' dir='ltr'>diceretur</span> <span class='ocrx_word' id='word_1_337' title='bbox 1153 2336 1210 2388; x_wconf 92' lang='lat' dir='ltr'>in</span> <span class='ocrx_word' id='word_1_338' title='bbox 1245 2336 1478 2407; x_wconf 80' lang='lat' dir='ltr'>pupulis</span> <span class='ocrx_word' id='word_1_339' title='bbox 1508 2352 1522 2389; x_wconf 89' lang='lat'><strong>:</strong></span> <span class='ocrx_word' id='word_1_340' title='bbox 1575 2358 1601 2384; x_wconf 89' lang='grc'>‹‹</span> <span class='ocrx_word' id='word_1_341' title='bbox 1635 2337 1751 2407; x_wconf 89' lang='lat' dir='ltr'>Ego</span> <span class='ocrx_word' id='word_1_342' title='bbox 1784 2352 1912 2391; x_wconf 89' lang='lat' dir='ltr'>sum</span> <span class='ocrx_word' id='word_1_343' title='bbox 1947 2335 2131 2402; x_wconf 87' lang='lat' dir='ltr'>Pauli,</span> 
     </span>
    </p>
   </div>
   <div class='ocr_carea' id='block_1_24' title="bbox 493 2420 2137 2496">
    <p class='ocr_par' dir='ltr' id='par_1_24' title="bbox 493 2420 2137 2496">
     <span class='ocr_line' id='line_1_24' title="bbox 493 2420 2137 2496; baseline 0.002 -19"><span class='ocrx_word' id='word_1_344' title='bbox 493 2436 599 2495; x_wconf 85' lang='lat' dir='ltr'>ego</span> <span class='ocrx_word' id='word_1_345' title='bbox 630 2420 853 2494; x_wconf 89' lang='lat' dir='ltr'>Apollo,</span> <span class='ocrx_word' id='word_1_346' title='bbox 877 2438 981 2493; x_wconf 88' lang='lat' dir='ltr'>ego</span> <span class='ocrx_word' id='word_1_347' title='bbox 1013 2429 1205 2477; x_wconf 90' lang='lat' dir='ltr'>autem</span> <span class='ocrx_word' id='word_1_348' title='bbox 1236 2425 1438 2494; x_wconf 72' lang='lat' dir='ltr'>Cepheo</span> <span class='ocrx_word' id='word_1_349' title='bbox 1470 2427 1516 2493; x_wconf 88' lang='grc'>(1</span> <span class='ocrx_word' id='word_1_350' title='bbox 1545 2426 1669 2480; x_wconf 84' lang='lat' dir='ltr'>Cor.</span> <span class='ocrx_word' id='word_1_351' title='bbox 1704 2443 1742 2492; x_wconf 95' lang='lat'>1,</span> <span class='ocrx_word' id='word_1_352' title='bbox 1780 2428 1888 2496; x_wconf 82' lang='grc'>12),</span> <span class='ocrx_word' id='word_1_353' title='bbox 1923 2448 1949 2475; x_wconf 79' lang='grc' dir='ltr'>›ι</span> <span class='ocrx_word' id='word_1_354' title='bbox 1983 2441 2137 2480; x_wconf 88' lang='lat' dir='ltr'>com-</span> 
     </span>
    </p>
   </div>
   <div class='ocr_carea' id='block_1_25' title="bbox 497 2511 2132 2585">
    <p class='ocr_par' dir='ltr' id='par_1_25' title="bbox 497 2511 2132 2585">
     <span class='ocr_line' id='line_1_25' title="bbox 497 2511 2132 2585; baseline 0.001 -20"><span class='ocrx_word' id='word_1_355' title='bbox 497 2511 661 2565; x_wconf 86' lang='lat' dir='ltr'>muni</span> <span class='ocrx_word' id='word_1_356' title='bbox 683 2512 1153 2582; x_wconf 86' lang='lat' dir='ltr'>presbyterorum</span> <span class='ocrx_word' id='word_1_357' title='bbox 1176 2512 1418 2567; x_wconf 91' lang='lat' dir='ltr'>consilio</span> <span class='ocrx_word' id='word_1_358' title='bbox 1440 2513 1706 2569; x_wconf 60' lang='lat' dir='ltr'>Ecclesiae</span> <span class='ocrx_word' id='word_1_359' title='bbox 1728 2516 2132 2585; x_wconf 87' lang='lat' dir='ltr'>gubernaban-</span> 
     </span>
    </p>
   </div>
   <div class='ocr_carea' id='block_1_26' title="bbox 2244 2325 3858 2400">
    <p class='ocr_par' dir='ltr' id='par_1_26' title="bbox 2244 2325 3858 2400">
     <span class='ocr_line' id='line_1_26' title="bbox 2244 2325 3858 2400; baseline -0.005 -12"><span class='ocrx_word' id='word_1_360' title='bbox 2244 2333 2678 2388; x_wconf 87' lang='lat' dir='ltr'>conversatione</span> <span class='ocrx_word' id='word_1_361' title='bbox 2708 2332 3003 2395; x_wconf 86' lang='lat' dir='ltr'>delcverit,</span> <span class='ocrx_word' id='word_1_362' title='bbox 3035 2332 3135 2386; x_wconf 88' lang='lat' dir='ltr'>sed</span> <span class='ocrx_word' id='word_1_363' title='bbox 3170 2346 3237 2385; x_wconf 86' lang='lat' dir='ltr'>ex</span> <span class='ocrx_word' id='word_1_364' title='bbox 3281 2345 3347 2383; x_wconf 91' lang='lat' dir='ltr'>eo</span> <span class='ocrx_word' id='word_1_365' title='bbox 3386 2332 3652 2400; x_wconf 87' lang='lat' dir='ltr'>tempore</span> <span class='ocrx_word' id='word_1_366' title='bbox 3678 2325 3858 2397; x_wconf 72' lang='grc'>(1341),</span> 
     </span>
    </p>
   </div>
   <div class='ocr_carea' id='block_1_27' title="bbox 2244 2414 3861 2493">
    <p class='ocr_par' dir='ltr' id='par_1_27' title="bbox 2244 2414 3861 2493">
     <span class='ocr_line' id='line_1_27' title="bbox 2244 2414 3861 2493; baseline -0.006 -16"><span class='ocrx_word' id='word_1_367' title='bbox 2244 2438 2359 2493; x_wconf 91' lang='lat' dir='ltr'>quo</span> <span class='ocrx_word' id='word_1_368' title='bbox 2392 2421 2451 2476; x_wconf 90' lang='lat' dir='ltr'>in</span> <span class='ocrx_word' id='word_1_369' title='bbox 2481 2421 2711 2477; x_wconf 90' lang='lat' dir='ltr'>Christo</span> <span class='ocrx_word' id='word_1_370' title='bbox 2743 2425 2981 2475; x_wconf 87' lang='lat' dir='ltr'>renatus</span> <span class='ocrx_word' id='word_1_371' title='bbox 3012 2422 3120 2485; x_wconf 89' lang='lat' dir='ltr'>est,</span> <span class='ocrx_word' id='word_1_372' title='bbox 3150 2418 3312 2473; x_wconf 89' lang='lat' dir='ltr'>nulla</span> <span class='ocrx_word' id='word_1_373' title='bbox 3341 2417 3566 2489; x_wconf 87' lang='lat' dir='ltr'>peccati</span> <span class='ocrx_word' id='word_1_374' title='bbox 3596 2414 3861 2471; x_wconf 85' lang='lat' dir='ltr'>conscien-</span> 
     </span>
    </p>
   </div>
   <div class='ocr_carea' id='block_1_28' title="bbox 2243 2502 3856 2579">
    <p class='ocr_par' dir='ltr' id='par_1_28' title="bbox 2243 2502 3856 2579">
     <span class='ocr_line' id='line_1_28' title="bbox 2243 2502 3856 2579; baseline -0.005 -14"><span class='ocrx_word' id='word_1_375' title='bbox 2243 2512 2326 2565; x_wconf 89' lang='lat' dir='ltr'>tia</span> <span class='ocrx_word' id='word_1_376' title='bbox 2354 2510 2707 2565; x_wconf 88' lang='lat' dir='ltr'>mordeatur.</span> <span class='ocrx_word' id='word_1_377' title='bbox 2733 2509 3032 2575; x_wconf 84' lang='lat' dir='ltr'>Quomodo</span> <span class='ocrx_word' id='word_1_378' title='bbox 3058 2506 3211 2564; x_wconf 88' lang='lat' dir='ltr'>enim</span> <span class='ocrx_word' id='word_1_379' title='bbox 3240 2511 3432 2579; x_wconf 82' lang='lat' dir='ltr'>potest</span> <span class='ocrx_word' id='word_1_380' title='bbox 3454 2518 3672 2577; x_wconf 67' lang='lat' dir='ltr'>praeses</span> <span class='ocrx_word' id='word_1_381' title='bbox 3692 2502 3856 2558; x_wconf 80' lang='lat' dir='ltr'>Eccle-</span> 
     </span>
    </p>
   </div>
   <div class='ocr_carea' id='block_1_29' title="bbox 2244 2592 3858 2666">
    <p class='ocr_par' dir='ltr' id='par_1_29' title="bbox 2244 2592 3858 2666">
     <span class='ocr_line' id='line_1_29' title="bbox 2244 2592 3858 2666; baseline -0.007 -11"><span class='ocrx_word' id='word_1_382' title='bbox 2244 2599 2341 2655; x_wconf 64' lang='lat' dir='ltr'>sia:</span> <span class='ocrx_word' id='word_1_383' title='bbox 2372 2598 2597 2654; x_wconf 71' lang='lat' dir='ltr'>auferre</span> <span class='ocrx_word' id='word_1_384' title='bbox 2627 2597 2847 2653; x_wconf 91' lang='lat' dir='ltr'>malum</span> <span class='ocrx_word' id='word_1_385' title='bbox 2879 2597 2950 2653; x_wconf 91' lang='lat' dir='ltr'>de</span> <span class='ocrx_word' id='word_1_386' title='bbox 2982 2596 3171 2652; x_wconf 91' lang='lat' dir='ltr'>medio</span> <span class='ocrx_word' id='word_1_387' title='bbox 3204 2595 3354 2665; x_wconf 85' lang='lat' dir='ltr'>ejus,</span> <span class='ocrx_word' id='word_1_388' title='bbox 3387 2595 3490 2666; x_wconf 68' lang='lat' dir='ltr'>qui</span> <span class='ocrx_word' id='word_1_389' title='bbox 3522 2594 3582 2649; x_wconf 81' lang='lat' dir='ltr'>in</span> <span class='ocrx_word' id='word_1_390' title='bbox 3615 2592 3858 2648; x_wconf 76' lang='lat' dir='ltr'>delictum</span> 
     </span>
    </p>
   </div>
   <div class='ocr_carea' id='block_1_30' title="bbox 2246 2681 3863 2756">
    <p class='ocr_par' dir='ltr' id='par_1_30' title="bbox 2246 2681 3863 2756">
     <span class='ocr_line' id='line_1_30' title="bbox 2246 2681 3863 2756; baseline -0.006 -12"><span class='ocrx_word' id='word_1_391' title='bbox 2246 2686 2438 2744; x_wconf 90' lang='lat' dir='ltr'>simile</span> <span class='ocrx_word' id='word_1_392' title='bbox 2468 2687 2800 2742; x_wconf 86' lang='lat' dir='ltr'>corruerit?</span> <span class='ocrx_word' id='word_1_393' title='bbox 2849 2688 2963 2741; x_wconf 81' lang='lat' dir='ltr'>Aut</span> <span class='ocrx_word' id='word_1_394' title='bbox 3006 2701 3123 2756; x_wconf 88' lang='lat' dir='ltr'>qua</span> <span class='ocrx_word' id='word_1_395' title='bbox 3163 2684 3430 2740; x_wconf 84' lang='lat' dir='ltr'>libertate</span> <span class='ocrx_word' id='word_1_396' title='bbox 3459 2681 3737 2754; x_wconf 78' lang='lat' dir='ltr'>cerripiat</span> <span class='ocrx_word' id='word_1_397' title='bbox 3758 2694 3863 2752; x_wconf 83' lang='lat' dir='ltr'>peo-</span> 
     </span>
    </p>
   </div>
   <div class='ocr_carea' id='block_1_31' title="bbox 2248 2768 3861 2845">
    <p class='ocr_par' dir='ltr' id='par_1_31' title="bbox 2248 2768 3861 2845">
     <span class='ocr_line' id='line_1_31' title="bbox 2248 2768 3861 2845; baseline -0.006 -13"><span class='ocrx_word' id='word_1_398' title='bbox 2248 2781 2496 2841; x_wconf 89' lang='lat' dir='ltr'>cantem,</span> <span class='ocrx_word' id='word_1_399' title='bbox 2529 2791 2663 2830; x_wconf 90' lang='lat' dir='ltr'>cum</span> <span class='ocrx_word' id='word_1_400' title='bbox 2705 2774 2918 2830; x_wconf 90' lang='lat' dir='ltr'>tacitus</span> <span class='ocrx_word' id='word_1_401' title='bbox 2968 2774 3075 2830; x_wconf 84' lang='lat' dir='ltr'>sibi</span> <span class='ocrx_word' id='word_1_402' title='bbox 3128 2776 3254 2845; x_wconf 90' lang='lat' dir='ltr'>ipse</span> <span class='ocrx_word' id='word_1_403' title='bbox 3299 2773 3654 2844; x_wconf 86' lang='lat' dir='ltr'>respondeat</span> <span class='ocrx_word' id='word_1_404' title='bbox 3689 2768 3861 2825; x_wconf 81' lang='lat' dir='ltr'>eadem</span> 
     </span>
    </p>
   </div>
   <div class='ocr_carea' id='block_1_32' title="bbox 2249 2863 3343 2935">
    <p class='ocr_par' dir='ltr' id='par_1_32' title="bbox 2249 2863 3343 2935">
     <span class='ocr_line' id='line_1_32' title="bbox 2249 2863 3343 2935; baseline -0.006 -13"><span class='ocrx_word' id='word_1_405' title='bbox 2249 2864 2637 2933; x_wconf 84' lang='lat' dir='ltr'>commisisse,</span> <span class='ocrx_word' id='word_1_406' title='bbox 2671 2879 2797 2935; x_wconf 70' lang='lat' dir='ltr'>quae</span> <span class='ocrx_word' id='word_1_407' title='bbox 2827 2863 3113 2935; x_wconf 84' lang='lat' dir='ltr'>corripit?</span> <span class='ocrx_word' id='word_1_408' title='bbox 3338 2870 3343 2875; x_wconf 83' lang='lat'><strong>‘</strong></span> 
     </span>
    </p>
   </div>
   <div class='ocr_carea' id='block_1_33' title="bbox 2324 2944 3862 3021">
    <p class='ocr_par' dir='ltr' id='par_1_33' title="bbox 2324 2944 3862 3021">
     <span class='ocr_line' id='line_1_33' title="bbox 2324 2944 3862 3021; baseline -0.005 -13"><span class='ocrx_word' id='word_1_409' title='bbox 2324 2976 2352 3002; x_wconf 90' lang='grc'><strong><em>‹‹</em></strong></span> <span class='ocrx_word' id='word_1_410' title='bbox 2387 2953 2573 3009; x_wconf 91' lang='lat' dir='ltr'>Unius</span> <span class='ocrx_word' id='word_1_411' title='bbox 2603 2954 2800 3008; x_wconf 81' lang='lat' dir='ltr'>uxoris</span> <span class='ocrx_word' id='word_1_412' title='bbox 2829 2951 2915 3006; x_wconf 89' lang='lat' dir='ltr'>vir</span> <span class='ocrx_word' id='word_1_413' title='bbox 2944 2952 3143 3021; x_wconf 79' lang='grc'>(1342).</span> <span class='ocrx_word' id='word_1_414' title='bbox 3186 2972 3213 2999; x_wconf 72' lang='grc' dir='ltr'><strong>η</strong></span> <span class='ocrx_word' id='word_1_415' title='bbox 3261 2948 3423 3017; x_wconf 86' lang='lat' dir='ltr'>Quod</span> <span class='ocrx_word' id='word_1_416' title='bbox 3480 2954 3577 3006; x_wconf 83' lang='lat' dir='ltr'>est</span> <span class='ocrx_word' id='word_1_417' title='bbox 3620 2947 3772 3004; x_wconf 88' lang='lat' dir='ltr'>cibus</span> <span class='ocrx_word' id='word_1_418' title='bbox 3808 2944 3862 3000; x_wconf 86' lang='lat' dir='ltr'>ad</span> 
     </span>
    </p>
   </div>
   <div class='ocr_carea' id='block_1_34' title="bbox 2254 3033 3863 3113">
    <p class='ocr_par' dir='ltr' id='par_1_34' title="bbox 2254 3033 3863 3113">
     <span class='ocr_line' id='line_1_34' title="bbox 2254 3033 3863 3113; baseline -0.007 -14"><span class='ocrx_word' id='word_1_419' title='bbox 2254 3043 2501 3099; x_wconf 88' lang='lat' dir='ltr'>salutem</span> <span class='ocrx_word' id='word_1_420' title='bbox 2529 3040 2809 3113; x_wconf 87' lang='lat' dir='ltr'>corporis,</span> <span class='ocrx_word' id='word_1_421' title='bbox 2830 3040 2938 3095; x_wconf 89' lang='lat' dir='ltr'>hoc</span> <span class='ocrx_word' id='word_1_422' title='bbox 2959 3045 3048 3095; x_wconf 88' lang='lat' dir='ltr'>est</span> <span class='ocrx_word' id='word_1_423' title='bbox 3070 3039 3258 3095; x_wconf 87' lang='lat' dir='ltr'>coitus</span> <span class='ocrx_word' id='word_1_424' title='bbox 3279 3034 3351 3094; x_wconf 83' lang='lat' dir='ltr'>ad</span> <span class='ocrx_word' id='word_1_425' title='bbox 3376 3037 3627 3095; x_wconf 86' lang='lat' dir='ltr'>salutem</span> <span class='ocrx_word' id='word_1_426' title='bbox 3651 3033 3863 3113; x_wconf 84' lang='lat' dir='ltr'>generis.</span> 
     </span>
    </p>
   </div>
   <div class='ocr_carea' id='block_1_35' title="bbox 508 3120 3864 3203">
    <p class='ocr_par' dir='ltr' id='par_1_35' title="bbox 508 3120 3864 3203">
     <span class='ocr_line' id='line_1_35' title="bbox 508 3120 3864 3203; baseline -0.001 -20"><span class='ocrx_word' id='word_1_427' title='bbox 508 3128 672 3199; x_wconf 90' lang='lat' dir='ltr'>tiam,</span> <span class='ocrx_word' id='word_1_428' title='bbox 703 3128 1042 3201; x_wconf 89' lang='lat' dir='ltr'>episcopum</span> <span class='ocrx_word' id='word_1_429' title='bbox 1090 3135 1145 3186; x_wconf 89' lang='lat' dir='ltr'>et</span> <span class='ocrx_word' id='word_1_430' title='bbox 1196 3131 1600 3203; x_wconf 90' lang='lat' dir='ltr'>presbyterum</span> <span class='ocrx_word' id='word_1_431' title='bbox 1661 3150 1843 3189; x_wconf 91' lang='lat' dir='ltr'>unum</span> <span class='ocrx_word' id='word_1_432' title='bbox 1898 3150 2047 3202; x_wconf 88' lang='lat' dir='ltr'>esse,</span> <span class='ocrx_word' id='word_1_433' title='bbox 2091 3138 2147 3189; x_wconf 93' lang='lat' dir='ltr'>et</span> <span class='ocrx_word' id='word_1_434' title='bbox 2187 3199 2219 3203; x_wconf 77' lang='lat'>_</span> <span class='ocrx_word' id='word_1_435' title='bbox 2255 3133 2326 3188; x_wconf 86' lang='lat' dir='ltr'>Et</span> <span class='ocrx_word' id='word_1_436' title='bbox 2356 3135 2674 3201; x_wconf 89' lang='lat' dir='ltr'>utrumque</span> <span class='ocrx_word' id='word_1_437' title='bbox 2702 3145 2816 3185; x_wconf 88' lang='lat' dir='ltr'>non</span> <span class='ocrx_word' id='word_1_438' title='bbox 2849 3135 2938 3185; x_wconf 90' lang='lat' dir='ltr'>est</span> <span class='ocrx_word' id='word_1_439' title='bbox 2971 3129 3097 3185; x_wconf 88' lang='lat' dir='ltr'>sine</span> <span class='ocrx_word' id='word_1_440' title='bbox 3127 3126 3515 3184; x_wconf 82' lang='lat' dir='ltr'>delectatione</span> <span class='ocrx_word' id='word_1_441' title='bbox 3546 3120 3864 3183; x_wconf 75' lang='lat' dir='ltr'>carnall.Di-</span> 
     </span>
    </p>
   </div>
   <div class='ocr_carea' id='block_1_36' title="bbox 502 3199 3863 3294">
    <p class='ocr_par' dir='ltr' id='par_1_36' title="bbox 502 3199 3863 3294">
     <span class='ocr_line' id='line_1_36' title="bbox 502 3199 3863 3294; baseline -0.002 -22"><span class='ocrx_word' id='word_1_442' title='bbox 502 3217 663 3273; x_wconf 83' lang='lat' dir='ltr'>aliud</span> <span class='ocrx_word' id='word_1_443' title='bbox 694 3199 1087 3282; x_wconf 45' lang='lat' dir='ltr'>(statim—aliud</span> <span class='ocrx_word' id='word_1_444' title='bbox 1109 3199 1238 3274; x_wconf 75' lang='lat' dir='ltr'>esse</span> <span class='ocrx_word' id='word_1_445' title='bbox 1262 3199 1473 3275; x_wconf 82' lang='lat' dir='ltr'>nomen</span> <span class='ocrx_word' id='word_1_446' title='bbox 1507 3221 1682 3277; x_wconf 76' lang='lat' dir='ltr'>ofﬁcii</span> <span class='ocrx_word' id='word_1_447' title='bbox 1710 3240 1723 3291; x_wconf 91' lang='lat'><strong>;</strong></span> <span class='ocrx_word' id='word_1_448' title='bbox 1756 3222 1973 3294; x_wconf 83' lang='lat' dir='ltr'>relegat</span> <span class='ocrx_word' id='word_1_449' title='bbox 1998 3199 2144 3294; x_wconf 58' lang='lat' dir='ltr'>spo-</span> <span class='ocrx_word' id='word_1_450' title='bbox 2176 3199 2219 3265; x_wconf 65' lang='grc' dir='ltr'>(ἶ</span> <span class='ocrx_word' id='word_1_451' title='bbox 2255 3236 2422 3277; x_wconf 88' lang='lat' dir='ltr'>versa</span> <span class='ocrx_word' id='word_1_452' title='bbox 2470 3199 2645 3292; x_wconf 80' lang='lat' dir='ltr'>opera</span> <span class='ocrx_word' id='word_1_453' title='bbox 2673 3219 2911 3274; x_wconf 89' lang='lat' dir='ltr'>Patrum</span> <span class='ocrx_word' id='word_1_454' title='bbox 2961 3233 3076 3273; x_wconf 89' lang='lat' dir='ltr'>non</span> <span class='ocrx_word' id='word_1_455' title='bbox 3130 3217 3399 3284; x_wconf 83' lang='lat' dir='ltr'>faciebat,</span> <span class='ocrx_word' id='word_1_456' title='bbox 3432 3212 3553 3273; x_wconf 81' lang='lat' dir='ltr'>nisi</span> <span class='ocrx_word' id='word_1_457' title='bbox 3600 3212 3863 3271; x_wconf 81' lang='lat' dir='ltr'>diversitas</span> 
     </span>
    </p>
   </div>
   <div class='ocr_carea' id='block_1_37' title="bbox 500 3300 3865 3381">
    <p class='ocr_par' dir='ltr' id='par_1_37' title="bbox 500 3300 3865 3381">
     <span class='ocr_line' id='line_1_37' title="bbox 500 3300 3865 3381; baseline -0.003 -19"><span class='ocrx_word' id='word_1_458' title='bbox 500 3306 633 3363; x_wconf 89' lang='lat' dir='ltr'>stoli</span> <span class='ocrx_word' id='word_1_459' title='bbox 668 3307 740 3362; x_wconf 82' lang='lat' dir='ltr'>ad</span> <span class='ocrx_word' id='word_1_460' title='bbox 774 3305 1176 3378; x_wconf 87' lang='lat' dir='ltr'>Philippenses</span> <span class='ocrx_word' id='word_1_461' title='bbox 1206 3309 1397 3379; x_wconf 89' lang='lat' dir='ltr'>verba,</span> <span class='ocrx_word' id='word_1_462' title='bbox 1432 3310 1680 3365; x_wconf 90' lang='lat' dir='ltr'>dicentis</span> <span class='ocrx_word' id='word_1_463' title='bbox 1712 3326 1726 3367; x_wconf 89' lang='lat'>:</span> <span class='ocrx_word' id='word_1_464' title='bbox 1775 3332 1802 3360; x_wconf 84' lang='lat'>«</span> <span class='ocrx_word' id='word_1_465' title='bbox 1836 3311 2053 3366; x_wconf 90' lang='lat' dir='ltr'>Paulus</span> <span class='ocrx_word' id='word_1_466' title='bbox 2084 3314 2142 3367; x_wconf 90' lang='lat' dir='ltr'>et</span> <span class='ocrx_word' id='word_1_467' title='bbox 2247 3314 2604 3381; x_wconf 89' lang='lat' dir='ltr'>temporum.</span> <span class='ocrx_word' id='word_1_468' title='bbox 2637 3308 2730 3363; x_wconf 90' lang='lat' dir='ltr'>Sic</span> <span class='ocrx_word' id='word_1_469' title='bbox 2771 3312 2966 3362; x_wconf 90' lang='lat' dir='ltr'>autem</span> <span class='ocrx_word' id='word_1_470' title='bbox 3015 3321 3256 3362; x_wconf 89' lang='lat' dir='ltr'>necesse</span> <span class='ocrx_word' id='word_1_471' title='bbox 3306 3310 3432 3361; x_wconf 90' lang='lat' dir='ltr'>erat</span> <span class='ocrx_word' id='word_1_472' title='bbox 3476 3310 3553 3361; x_wconf 86' lang='lat' dir='ltr'>ut</span> <span class='ocrx_word' id='word_1_473' title='bbox 3595 3300 3865 3359; x_wconf 77' lang='lat' dir='ltr'>carnaliter</span> 
     </span>
    </p>
   </div>
   <div class='ocr_carea' id='block_1_38' title="bbox 500 3392 3863 3465">
    <p class='ocr_par' dir='ltr' id='par_1_38' title="bbox 500 3392 3863 3465">
     <span class='ocr_line' id='line_1_38' title="bbox 500 3392 3863 3465; baseline -0.003 -13"><span class='ocrx_word' id='word_1_474' title='bbox 500 3395 847 3452; x_wconf 85' lang='lat' dir='ltr'>Timotheus</span> <span class='ocrx_word' id='word_1_475' title='bbox 878 3396 1025 3451; x_wconf 89' lang='lat' dir='ltr'>servi</span> <span class='ocrx_word' id='word_1_476' title='bbox 1057 3396 1275 3452; x_wconf 88' lang='lat' dir='ltr'>Christi</span> <span class='ocrx_word' id='word_1_477' title='bbox 1304 3398 1468 3465; x_wconf 83' lang='lat' dir='ltr'>Jesu,</span> <span class='ocrx_word' id='word_1_478' title='bbox 1498 3400 1774 3454; x_wconf 90' lang='lat' dir='ltr'>omnibus</span> <span class='ocrx_word' id='word_1_479' title='bbox 1816 3400 2034 3456; x_wconf 90' lang='lat' dir='ltr'>sanctis</span> <span class='ocrx_word' id='word_1_480' title='bbox 2080 3398 2141 3453; x_wconf 90' lang='lat' dir='ltr'>in</span> <span class='ocrx_word' id='word_1_481' title='bbox 2251 3399 2472 3454; x_wconf 87' lang='lat' dir='ltr'>coirent</span> <span class='ocrx_word' id='word_1_482' title='bbox 2496 3397 2671 3451; x_wconf 87' lang='lat' dir='ltr'>etiam</span> <span class='ocrx_word' id='word_1_483' title='bbox 2704 3412 2819 3450; x_wconf 89' lang='lat' dir='ltr'>non</span> <span class='ocrx_word' id='word_1_484' title='bbox 2846 3395 3110 3451; x_wconf 88' lang='lat' dir='ltr'>carnales</span> <span class='ocrx_word' id='word_1_485' title='bbox 3142 3392 3453 3465; x_wconf 78' lang='lat' dir='ltr'>prophetze,</span> <span class='ocrx_word' id='word_1_486' title='bbox 3479 3394 3635 3449; x_wconf 80' lang='lat' dir='ltr'>sicut</span> <span class='ocrx_word' id='word_1_487' title='bbox 3662 3402 3863 3446; x_wconf 81' lang='lat' dir='ltr'>necesse</span> 
     </span>
    </p>
   </div>
   <div class='ocr_carea' id='block_1_39' title="bbox 502 3475 3863 3561">
    <p class='ocr_par' dir='ltr' id='par_1_39' title="bbox 502 3475 3863 3561">
     <span class='ocr_line' id='line_1_39' title="bbox 502 3475 3863 3561; baseline -0.004 -19"><span class='ocrx_word' id='word_1_488' title='bbox 502 3486 734 3542; x_wconf 88' lang='lat' dir='ltr'>Christo</span> <span class='ocrx_word' id='word_1_489' title='bbox 763 3486 925 3554; x_wconf 83' lang='lat' dir='ltr'>Jesu,</span> <span class='ocrx_word' id='word_1_490' title='bbox 957 3487 1058 3557; x_wconf 92' lang='lat' dir='ltr'>qui</span> <span class='ocrx_word' id='word_1_491' title='bbox 1088 3490 1225 3542; x_wconf 88' lang='lat' dir='ltr'>sunt</span> <span class='ocrx_word' id='word_1_492' title='bbox 1258 3486 1562 3558; x_wconf 87' lang='lat' dir='ltr'>Philippis,</span> <span class='ocrx_word' id='word_1_493' title='bbox 1595 3505 1727 3543; x_wconf 89' lang='lat' dir='ltr'>cum</span> <span class='ocrx_word' id='word_1_494' title='bbox 1761 3487 2050 3561; x_wconf 88' lang='lat' dir='ltr'>episcopis</span> <span class='ocrx_word' id='word_1_495' title='bbox 2088 3491 2145 3541; x_wconf 91' lang='lat' dir='ltr'>et</span> <span class='ocrx_word' id='word_1_496' title='bbox 2252 3492 2393 3555; x_wconf 90' lang='lat' dir='ltr'>erat,</span> <span class='ocrx_word' id='word_1_497' title='bbox 2430 3490 2492 3540; x_wconf 91' lang='lat' dir='ltr'>ut</span> <span class='ocrx_word' id='word_1_498' title='bbox 2534 3483 2841 3540; x_wconf 89' lang='lat' dir='ltr'>carnaliter</span> <span class='ocrx_word' id='word_1_499' title='bbox 2878 3488 3251 3539; x_wconf 87' lang='lat' dir='ltr'>vescerentur</span> <span class='ocrx_word' id='word_1_500' title='bbox 3280 3482 3455 3539; x_wconf 88' lang='lat' dir='ltr'>etiam</span> <span class='ocrx_word' id='word_1_501' title='bbox 3488 3498 3607 3538; x_wconf 86' lang='lat' dir='ltr'>non</span> <span class='ocrx_word' id='word_1_502' title='bbox 3640 3475 3863 3536; x_wconf 71' lang='lat' dir='ltr'>carnales</span> 
     </span>
    </p>
   </div>
   <div class='ocr_carea' id='block_1_40' title="bbox 505 3562 3860 3649">
    <p class='ocr_par' dir='ltr' id='par_1_40' title="bbox 505 3562 3860 3649">
     <span class='ocr_line' id='line_1_40' title="bbox 505 3562 3860 3649; baseline -0.004 -19"><span class='ocrx_word' id='word_1_503' title='bbox 505 3572 869 3645; x_wconf 85' lang='lat' dir='ltr'>diaconibus,</span> <span class='ocrx_word' id='word_1_504' title='bbox 901 3575 1090 3645; x_wconf 86' lang='lat' dir='ltr'>gratia</span> <span class='ocrx_word' id='word_1_505' title='bbox 1119 3574 1281 3629; x_wconf 90' lang='lat' dir='ltr'>vobis</span> <span class='ocrx_word' id='word_1_506' title='bbox 1311 3580 1368 3630; x_wconf 91' lang='lat' dir='ltr'>et</span> <span class='ocrx_word' id='word_1_507' title='bbox 1395 3592 1506 3647; x_wconf 90' lang='lat' dir='ltr'>pax</span> <span class='ocrx_word' id='word_1_508' title='bbox 1536 3577 1802 3649; x_wconf 75' lang='lat' dir='ltr'>(Philipp.</span> <span class='ocrx_word' id='word_1_509' title='bbox 1837 3596 1875 3649; x_wconf 89' lang='lat'>1,</span> <span class='ocrx_word' id='word_1_510' title='bbox 1910 3581 1960 3648; x_wconf 88' lang='grc'>1,</span> <span class='ocrx_word' id='word_1_511' title='bbox 1999 3579 2077 3648; x_wconf 80' lang='grc'>2),</span> <span class='ocrx_word' id='word_1_512' title='bbox 2117 3598 2142 3624; x_wconf 83' lang='grc'><strong>››</strong></span> <span class='ocrx_word' id='word_1_513' title='bbox 2252 3572 3273 3649; x_wconf 77' lang='lat' dir='ltr'>apostoli.Ecclesiaadispensatorem</span> <span class='ocrx_word' id='word_1_514' title='bbox 3294 3587 3407 3626; x_wconf 92' lang='lat' dir='ltr'>non</span> <span class='ocrx_word' id='word_1_515' title='bbox 3427 3570 3604 3627; x_wconf 85' lang='lat' dir='ltr'>licere</span> <span class='ocrx_word' id='word_1_516' title='bbox 3619 3562 3860 3627; x_wconf 86' lang='lat' dir='ltr'>ordinari,</span> 
     </span>
    </p>
   </div>
   <div class='ocr_carea' id='block_1_41' title="bbox 493 2600 2134 2673">
    <p class='ocr_par' dir='ltr' id='par_1_41' title="bbox 493 2600 2134 2673">
     <span class='ocr_line' id='line_1_41' title="bbox 493 2600 2134 2673; baseline 0.001 -19"><span class='ocrx_word' id='word_1_517' title='bbox 493 2603 609 2654; x_wconf 89' lang='lat' dir='ltr'>tur.</span> <span class='ocrx_word' id='word_1_518' title='bbox 639 2600 947 2669; x_wconf 84' lang='lat' dir='ltr'>Postquam</span> <span class='ocrx_word' id='word_1_519' title='bbox 978 2615 1110 2655; x_wconf 91' lang='lat' dir='ltr'>vero</span> <span class='ocrx_word' id='word_1_520' title='bbox 1133 2600 1543 2672; x_wconf 87' lang='lat' dir='ltr'>unusquisque</span> <span class='ocrx_word' id='word_1_521' title='bbox 1564 2619 1682 2670; x_wconf 89' lang='lat' dir='ltr'>eos,</span> <span class='ocrx_word' id='word_1_522' title='bbox 1706 2619 1855 2672; x_wconf 91' lang='lat' dir='ltr'>quos</span> <span class='ocrx_word' id='word_1_523' title='bbox 1884 2603 2134 2673; x_wconf 90' lang='lat' dir='ltr'>baptiza-</span> 
     </span>
    </p>
   </div>
   <div class='ocr_carea' id='block_1_42' title="bbox 492 2687 2134 2758">
    <p class='ocr_par' dir='ltr' id='par_1_42' title="bbox 492 2687 2134 2758">
     <span class='ocr_line' id='line_1_42' title="bbox 492 2687 2134 2758; baseline 0.002 -16"><span class='ocrx_word' id='word_1_524' title='bbox 492 2692 673 2752; x_wconf 87' lang='lat' dir='ltr'>verat,</span> <span class='ocrx_word' id='word_1_525' title='bbox 706 2687 946 2757; x_wconf 88' lang='lat' dir='ltr'>putabat</span> <span class='ocrx_word' id='word_1_526' title='bbox 974 2703 1134 2757; x_wconf 89' lang='lat' dir='ltr'>suos,</span> <span class='ocrx_word' id='word_1_527' title='bbox 1168 2705 1282 2743; x_wconf 90' lang='lat' dir='ltr'>non</span> <span class='ocrx_word' id='word_1_528' title='bbox 1315 2689 1547 2758; x_wconf 89' lang='lat' dir='ltr'>Christi,</span> <span class='ocrx_word' id='word_1_529' title='bbox 1586 2690 1643 2744; x_wconf 93' lang='lat' dir='ltr'>in</span> <span class='ocrx_word' id='word_1_530' title='bbox 1685 2694 1805 2745; x_wconf 84' lang='lat' dir='ltr'>toto</span> <span class='ocrx_word' id='word_1_531' title='bbox 1852 2690 1990 2745; x_wconf 90' lang='lat' dir='ltr'>orbe</span> <span class='ocrx_word' id='word_1_532' title='bbox 2038 2692 2134 2745; x_wconf 83' lang='lat' dir='ltr'>de—</span> 
     </span>
    </p>
   </div>
   <div class='ocr_carea' id='block_1_43' title="bbox 493 2777 2133 2850">
    <p class='ocr_par' dir='ltr' id='par_1_43' title="bbox 493 2777 2133 2850">
     <span class='ocr_line' id='line_1_43' title="bbox 493 2777 2133 2850; baseline 0.001 -19"><span class='ocrx_word' id='word_1_533' title='bbox 493 2780 718 2831; x_wconf 88' lang='lat' dir='ltr'>cretum</span> <span class='ocrx_word' id='word_1_534' title='bbox 748 2780 856 2841; x_wconf 86' lang='lat' dir='ltr'>est,</span> <span class='ocrx_word' id='word_1_535' title='bbox 890 2780 955 2830; x_wconf 90' lang='lat' dir='ltr'>ut</span> <span class='ocrx_word' id='word_1_536' title='bbox 984 2793 1137 2832; x_wconf 90' lang='lat' dir='ltr'>unus</span> <span class='ocrx_word' id='word_1_537' title='bbox 1175 2777 1247 2833; x_wconf 87' lang='lat' dir='ltr'>de</span> <span class='ocrx_word' id='word_1_538' title='bbox 1297 2779 1651 2850; x_wconf 88' lang='lat' dir='ltr'>presbyteris</span> <span class='ocrx_word' id='word_1_539' title='bbox 1681 2779 1897 2834; x_wconf 87' lang='lat' dir='ltr'>electus</span> <span class='ocrx_word' id='word_1_540' title='bbox 1930 2796 2133 2850; x_wconf 90' lang='lat' dir='ltr'>super-</span> 
     </span>
    </p>
   </div>
   <div class='ocr_carea' id='block_1_44' title="bbox 497 2864 2138 2936">
    <p class='ocr_par' dir='ltr' id='par_1_44' title="bbox 497 2864 2138 2936">
     <span class='ocr_line' id='line_1_44' title="bbox 497 2864 2138 2936; baseline 0 -17"><span class='ocrx_word' id='word_1_541' title='bbox 497 2868 815 2936; x_wconf 88' lang='lat' dir='ltr'>poneretur</span> <span class='ocrx_word' id='word_1_542' title='bbox 843 2864 1084 2935; x_wconf 61' lang='lat' dir='ltr'>caeteris,</span> <span class='ocrx_word' id='word_1_543' title='bbox 1118 2864 1187 2919; x_wconf 90' lang='lat' dir='ltr'>ad</span> <span class='ocrx_word' id='word_1_544' title='bbox 1235 2881 1408 2936; x_wconf 89' lang='lat' dir='ltr'>quem</span> <span class='ocrx_word' id='word_1_545' title='bbox 1461 2866 1655 2922; x_wconf 91' lang='lat' dir='ltr'>omnis</span> <span class='ocrx_word' id='word_1_546' title='bbox 1704 2882 1843 2921; x_wconf 89' lang='lat' dir='ltr'>cura</span> <span class='ocrx_word' id='word_1_547' title='bbox 1873 2865 2138 2922; x_wconf 69' lang='lat' dir='ltr'>Ecclesiae</span> 
     </span>
    </p>
   </div>
   <div class='ocr_carea' id='block_1_45' title="bbox 508 2950 2144 3023">
    <p class='ocr_par' dir='ltr' id='par_1_45' title="bbox 508 2950 2144 3023">
     <span class='ocr_line' id='line_1_45' title="bbox 508 2950 2144 3023; baseline 0.002 -18"><span class='ocrx_word' id='word_1_548' title='bbox 508 2950 842 3023; x_wconf 88' lang='lat' dir='ltr'>pertineret,</span> <span class='ocrx_word' id='word_1_549' title='bbox 866 2955 924 3007; x_wconf 90' lang='lat' dir='ltr'>et</span> <span class='ocrx_word' id='word_1_550' title='bbox 944 2951 1328 3007; x_wconf 88' lang='lat' dir='ltr'>schismatum</span> <span class='ocrx_word' id='word_1_551' title='bbox 1353 2953 1579 3008; x_wconf 88' lang='lat' dir='ltr'>semina</span> <span class='ocrx_word' id='word_1_552' title='bbox 1596 2954 1953 3011; x_wconf 88' lang='lat' dir='ltr'>tollerentur.</span> <span class='ocrx_word' id='word_1_553' title='bbox 1973 2955 2144 3010; x_wconf 89' lang='lat' dir='ltr'>Putat</span> 
     </span>
    </p>
   </div>
   <div class='ocr_carea' id='block_1_46' title="bbox 508 3039 2147 3113">
    <p class='ocr_par' dir='ltr' id='par_1_46' title="bbox 508 3039 2147 3113">
     <span class='ocr_line' id='line_1_46' title="bbox 508 3039 2147 3113; baseline 0.001 -17"><span class='ocrx_word' id='word_1_554' title='bbox 508 3039 726 3112; x_wconf 89' lang='lat' dir='ltr'>aliquis</span> <span class='ocrx_word' id='word_1_555' title='bbox 747 3054 859 3095; x_wconf 90' lang='lat' dir='ltr'>non</span> <span class='ocrx_word' id='word_1_556' title='bbox 884 3041 1338 3113; x_wconf 88' lang='lat' dir='ltr'>Scripturarum,</span> <span class='ocrx_word' id='word_1_557' title='bbox 1364 3042 1462 3096; x_wconf 90' lang='lat' dir='ltr'>sed</span> <span class='ocrx_word' id='word_1_558' title='bbox 1487 3048 1744 3099; x_wconf 89' lang='lat' dir='ltr'>nostram</span> <span class='ocrx_word' id='word_1_559' title='bbox 1769 3060 1896 3100; x_wconf 90' lang='lat' dir='ltr'>esse</span> <span class='ocrx_word' id='word_1_560' title='bbox 1919 3048 2147 3101; x_wconf 85' lang='lat' dir='ltr'>senten-</span> 
     </span>
    </p>
   </div>
   <div class='ocr_carea' id='block_1_47' title="bbox 508 3662 2143 3737">
    <p class='ocr_par' dir='ltr' id='par_1_47' title="bbox 508 3662 2143 3737">
     <span class='ocr_line' id='line_1_47' title="bbox 508 3662 2143 3737; baseline 0.002 -19"><span class='ocrx_word' id='word_1_561' title='bbox 508 3666 616 3719; x_wconf 88' lang='lat' dir='ltr'>etc.</span> <span class='ocrx_word' id='word_1_562' title='bbox 650 3662 939 3734; x_wconf 87' lang='lat' dir='ltr'>Philippis</span> <span class='ocrx_word' id='word_1_563' title='bbox 970 3680 1087 3718; x_wconf 92' lang='lat' dir='ltr'>una</span> <span class='ocrx_word' id='word_1_564' title='bbox 1113 3667 1203 3718; x_wconf 87' lang='lat' dir='ltr'>est</span> <span class='ocrx_word' id='word_1_565' title='bbox 1231 3665 1372 3719; x_wconf 88' lang='lat' dir='ltr'>urbs</span> <span class='ocrx_word' id='word_1_566' title='bbox 1403 3665 1771 3737; x_wconf 71' lang='lat' dir='ltr'>Macedoniae,</span> <span class='ocrx_word' id='word_1_567' title='bbox 1804 3672 1860 3722; x_wconf 89' lang='lat' dir='ltr'>et</span> <span class='ocrx_word' id='word_1_568' title='bbox 1904 3671 2055 3722; x_wconf 88' lang='lat' dir='ltr'>certe</span> <span class='ocrx_word' id='word_1_569' title='bbox 2083 3667 2143 3721; x_wconf 91' lang='lat' dir='ltr'>in</span> 
     </span>
    </p>
   </div>
   <div class='ocr_carea' id='block_1_48' title="bbox 512 3750 2147 3827">
    <p class='ocr_par' dir='ltr' id='par_1_48' title="bbox 512 3750 2147 3827">
     <span class='ocr_line' id='line_1_48' title="bbox 512 3750 2147 3827; baseline 0.002 -21"><span class='ocrx_word' id='word_1_570' title='bbox 512 3768 628 3806; x_wconf 90' lang='lat' dir='ltr'>una</span> <span class='ocrx_word' id='word_1_571' title='bbox 642 3750 873 3807; x_wconf 90' lang='lat' dir='ltr'>civitate</span> <span class='ocrx_word' id='word_1_572' title='bbox 889 3750 1106 3823; x_wconf 85' lang='lat' dir='ltr'>plures,</span> <span class='ocrx_word' id='word_1_573' title='bbox 1120 3756 1185 3806; x_wconf 90' lang='lat' dir='ltr'>ut</span> <span class='ocrx_word' id='word_1_574' title='bbox 1204 3754 1556 3825; x_wconf 71' lang='lat' dir='ltr'>nunc(13-’1O)</span> <span class='ocrx_word' id='word_1_575' title='bbox 1576 3760 1876 3827; x_wconf 90' lang='lat' dir='ltr'>putantur,</span> <span class='ocrx_word' id='word_1_576' title='bbox 1890 3754 2147 3827; x_wconf 88' lang='lat' dir='ltr'>episcopi</span> 
     </span>
    </p>
   </div>
   <div class='ocr_carea' id='block_1_49' title="bbox 509 3841 2147 3915">
    <p class='ocr_par' dir='ltr' id='par_1_49' title="bbox 509 3841 2147 3915">
     <span class='ocr_line' id='line_1_49' title="bbox 509 3841 2147 3915; baseline 0.002 -21"><span class='ocrx_word' id='word_1_577' title='bbox 509 3856 639 3896; x_wconf 89' lang='lat' dir='ltr'>esse</span> <span class='ocrx_word' id='word_1_578' title='bbox 670 3857 782 3896; x_wconf 89' lang='lat' dir='ltr'>non</span> <span class='ocrx_word' id='word_1_579' title='bbox 816 3845 1100 3912; x_wconf 86' lang='lat' dir='ltr'>poterant.</span> <span class='ocrx_word' id='word_1_580' title='bbox 1135 3841 1244 3897; x_wconf 91' lang='lat' dir='ltr'>Sed</span> <span class='ocrx_word' id='word_1_581' title='bbox 1279 3842 1418 3913; x_wconf 90' lang='lat' dir='ltr'>quia</span> <span class='ocrx_word' id='word_1_582' title='bbox 1447 3844 1680 3898; x_wconf 90' lang='lat' dir='ltr'>eosdem</span> <span class='ocrx_word' id='word_1_583' title='bbox 1712 3844 2016 3915; x_wconf 89' lang='lat' dir='ltr'>episcopos</span> <span class='ocrx_word' id='word_1_584' title='bbox 2047 3844 2147 3899; x_wconf 93' lang='lat' dir='ltr'>illo</span> 
     </span>
    </p>
   </div>
   <div class='ocr_carea' id='block_1_50' title="bbox 510 3927 2150 4005">
    <p class='ocr_par' dir='ltr' id='par_1_50' title="bbox 510 3927 2150 4005">
     <span class='ocr_line' id='line_1_50' title="bbox 510 3927 2150 4005; baseline 0.004 -23"><span class='ocrx_word' id='word_1_585' title='bbox 510 3927 571 3983; x_wconf 81' lang='lat' dir='ltr'>in</span> <span class='ocrx_word' id='word_1_586' title='bbox 591 3932 708 3983; x_wconf 90' lang='lat' dir='ltr'>tem</span> <span class='ocrx_word' id='word_1_587' title='bbox 718 3945 872 4001; x_wconf 90' lang='lat' dir='ltr'>pore,</span> <span class='ocrx_word' id='word_1_588' title='bbox 890 3946 1037 4002; x_wconf 92' lang='lat' dir='ltr'>quos</span> <span class='ocrx_word' id='word_1_589' title='bbox 1054 3932 1421 4003; x_wconf 89' lang='lat' dir='ltr'>presbyteros</span> <span class='ocrx_word' id='word_1_590' title='bbox 1438 3932 1832 4004; x_wconf 80' lang='lat' dir='ltr'>appellabant,</span> <span class='ocrx_word' id='word_1_591' title='bbox 1848 3938 2150 4005; x_wconf 88' lang='lat' dir='ltr'>propterea</span> 
     </span>
    </p>
   </div>
   <div class='ocr_carea' id='block_1_51' title="bbox 509 4017 2150 4092">
    <p class='ocr_par' dir='ltr' id='par_1_51' title="bbox 509 4017 2150 4092">
     <span class='ocr_line' id='line_1_51' title="bbox 509 4017 2150 4092; baseline 0.001 -19"><span class='ocrx_word' id='word_1_592' title='bbox 509 4017 907 4074; x_wconf 76' lang='lat' dir='ltr'>indiﬁ’erenter</span> <span class='ocrx_word' id='word_1_593' title='bbox 934 4018 1005 4073; x_wconf 89' lang='lat' dir='ltr'>de</span> <span class='ocrx_word' id='word_1_594' title='bbox 1034 4018 1344 4091; x_wconf 79' lang='lat' dir='ltr'>episcOpis,</span> <span class='ocrx_word' id='word_1_595' title='bbox 1370 4020 1537 4091; x_wconf 90' lang='lat' dir='ltr'>quasi</span> <span class='ocrx_word' id='word_1_596' title='bbox 1567 4020 1923 4092; x_wconf 87' lang='lat' dir='ltr'>presbyteris</span> <span class='ocrx_word' id='word_1_597' title='bbox 1951 4025 2041 4075; x_wconf 89' lang='lat' dir='ltr'>est</span> <span class='ocrx_word' id='word_1_598' title='bbox 2070 4019 2150 4075; x_wconf 89' lang='lat' dir='ltr'>lo-</span> 
     </span>
    </p>
   </div>
   <div class='ocr_carea' id='block_1_52' title="bbox 510 4106 2147 4180">
    <p class='ocr_par' dir='ltr' id='par_1_52' title="bbox 510 4106 2147 4180">
     <span class='ocr_line' id='line_1_52' title="bbox 510 4106 2147 4180; baseline 0.001 -18"><span class='ocrx_word' id='word_1_599' title='bbox 510 4111 703 4164; x_wconf 90' lang='lat' dir='ltr'>cutus.</span> <span class='ocrx_word' id='word_1_600' title='bbox 734 4106 940 4162; x_wconf 87' lang='lat' dir='ltr'>Adhuc</span> <span class='ocrx_word' id='word_1_601' title='bbox 969 4106 1143 4162; x_wconf 89' lang='lat' dir='ltr'>alicui</span> <span class='ocrx_word' id='word_1_602' title='bbox 1190 4108 1296 4164; x_wconf 91' lang='lat' dir='ltr'>hoc</span> <span class='ocrx_word' id='word_1_603' title='bbox 1341 4108 1607 4163; x_wconf 87' lang='lat' dir='ltr'>videatur</span> <span class='ocrx_word' id='word_1_604' title='bbox 1636 4108 2002 4180; x_wconf 86' lang='lat' dir='ltr'>ambiguum,</span> <span class='ocrx_word' id='word_1_605' title='bbox 2035 4109 2147 4164; x_wconf 89' lang='lat' dir='ltr'>nisi</span> 
     </span>
    </p>
   </div>
   <div class='ocr_carea' id='block_1_53' title="bbox 2254 3654 3862 3727">
    <p class='ocr_par' dir='ltr' id='par_1_53' title="bbox 2254 3654 3862 3727">
     <span class='ocr_line' id='line_1_53' title="bbox 2254 3654 3862 3727; baseline -0.01 -6"><span class='ocrx_word' id='word_1_606' title='bbox 2254 3664 2367 3721; x_wconf 90' lang='lat' dir='ltr'>nisi</span> <span class='ocrx_word' id='word_1_607' title='bbox 2387 3663 2561 3719; x_wconf 87' lang='lat' dir='ltr'>unius</span> <span class='ocrx_word' id='word_1_608' title='bbox 2579 3659 2776 3716; x_wconf 81' lang='lat' dir='ltr'>uxoris</span> <span class='ocrx_word' id='word_1_609' title='bbox 2788 3660 2975 3714; x_wconf 89' lang='lat' dir='ltr'>virum</span> <span class='ocrx_word' id='word_1_610' title='bbox 2989 3659 3237 3726; x_wconf 88' lang='lat' dir='ltr'>,acutius</span> <span class='ocrx_word' id='word_1_611' title='bbox 3254 3654 3764 3727; x_wconf 83' lang='lat' dir='ltr'>intellexeruntqui</span> <span class='ocrx_word' id='word_1_612' title='bbox 3781 3665 3862 3707; x_wconf 85' lang='lat' dir='ltr'>nec</span> 
     </span>
    </p>
   </div>
   <div class='ocr_carea' id='block_1_54' title="bbox 2254 3740 3859 3823">
    <p class='ocr_par' dir='ltr' id='par_1_54' title="bbox 2254 3740 3859 3823">
     <span class='ocr_line' id='line_1_54' title="bbox 2254 3740 3859 3823; baseline -0.01 -13"><span class='ocrx_word' id='word_1_613' title='bbox 2254 3744 2410 3821; x_wconf 82' lang='lat' dir='ltr'>eum,</span> <span class='ocrx_word' id='word_1_614' title='bbox 2435 3750 2535 3823; x_wconf 91' lang='lat' dir='ltr'>qui</span> <span class='ocrx_word' id='word_1_615' title='bbox 2557 3749 3033 3813; x_wconf 89' lang='lat' dir='ltr'>catechumenus,</span> <span class='ocrx_word' id='word_1_616' title='bbox 3058 3747 3144 3803; x_wconf 91' lang='lat' dir='ltr'>vel</span> <span class='ocrx_word' id='word_1_617' title='bbox 3176 3762 3441 3820; x_wconf 83' lang='lat' dir='ltr'>paganus</span> <span class='ocrx_word' id='word_1_618' title='bbox 3461 3745 3730 3803; x_wconf 87' lang='lat' dir='ltr'>habuerit</span> <span class='ocrx_word' id='word_1_619' title='bbox 3746 3740 3859 3798; x_wconf 84' lang='lat' dir='ltr'>alte-</span> 
     </span>
    </p>
   </div>
   <div class='ocr_carea' id='block_1_55' title="bbox 2257 3828 3865 3913">
    <p class='ocr_par' dir='ltr' id='par_1_55' title="bbox 2257 3828 3865 3913">
     <span class='ocr_line' id='line_1_55' title="bbox 2257 3828 3865 3913; baseline -0.007 -17"><span class='ocrx_word' id='word_1_620' title='bbox 2257 3858 2403 3913; x_wconf 89' lang='lat' dir='ltr'>ram,</span> <span class='ocrx_word' id='word_1_621' title='bbox 2428 3839 2820 3895; x_wconf 90' lang='lat' dir='ltr'>ordinandum</span> <span class='ocrx_word' id='word_1_622' title='bbox 2845 3853 2975 3893; x_wconf 88' lang='lat' dir='ltr'>esse</span> <span class='ocrx_word' id='word_1_623' title='bbox 2998 3840 3356 3893; x_wconf 89' lang='lat' dir='ltr'>censuerunt</span> <span class='ocrx_word' id='word_1_624' title='bbox 3378 3835 3585 3909; x_wconf 69' lang='grc'>(1343).</span> <span class='ocrx_word' id='word_1_625' title='bbox 3611 3839 3683 3889; x_wconf 86' lang='lat' dir='ltr'>De</span> <span class='ocrx_word' id='word_1_626' title='bbox 3711 3828 3865 3887; x_wconf 83' lang='lat' dir='ltr'>sacra-</span> 
     </span>
    </p>
   </div>
   <div class='ocr_carea' id='block_1_56' title="bbox 2258 3918 3864 3999">
    <p class='ocr_par' dir='ltr' id='par_1_56' title="bbox 2258 3918 3864 3999">
     <span class='ocr_line' id='line_1_56' title="bbox 2258 3918 3864 3999; baseline -0.007 -14"><span class='ocrx_word' id='word_1_627' title='bbox 2258 3936 2453 3987; x_wconf 89' lang='lat' dir='ltr'>mento</span> <span class='ocrx_word' id='word_1_628' title='bbox 2471 3928 2626 3984; x_wconf 91' lang='lat' dir='ltr'>enim</span> <span class='ocrx_word' id='word_1_629' title='bbox 2648 3928 2859 3999; x_wconf 83' lang='lat' dir='ltr'>agitur,</span> <span class='ocrx_word' id='word_1_630' title='bbox 2878 3943 2990 3982; x_wconf 91' lang='lat' dir='ltr'>non</span> <span class='ocrx_word' id='word_1_631' title='bbox 3009 3927 3080 3982; x_wconf 90' lang='lat' dir='ltr'>de</span> <span class='ocrx_word' id='word_1_632' title='bbox 3096 3930 3356 3998; x_wconf 83' lang='lat' dir='ltr'>peccato.</span> <span class='ocrx_word' id='word_1_633' title='bbox 3370 3925 3521 3980; x_wconf 86' lang='lat' dir='ltr'>Nam</span> <span class='ocrx_word' id='word_1_634' title='bbox 3539 3925 3598 3980; x_wconf 90' lang='lat' dir='ltr'>in</span> <span class='ocrx_word' id='word_1_635' title='bbox 3617 3918 3864 3994; x_wconf 87' lang='lat' dir='ltr'>baptismo</span> 
     </span>
    </p>
   </div>
   <div class='ocr_carea' id='block_1_57' title="bbox 2259 4007 3865 4092">
    <p class='ocr_par' dir='ltr' id='par_1_57' title="bbox 2259 4007 3865 4092">
     <span class='ocr_line' id='line_1_57' title="bbox 2259 4007 3865 4092; baseline -0.011 -17"><span class='ocrx_word' id='word_1_636' title='bbox 2259 4022 2494 4092; x_wconf 87' lang='lat' dir='ltr'>peccata</span> <span class='ocrx_word' id='word_1_637' title='bbox 2516 4017 2714 4072; x_wconf 86' lang='lat' dir='ltr'>omnia</span> <span class='ocrx_word' id='word_1_638' title='bbox 2732 4015 3113 4070; x_wconf 87' lang='lat' dir='ltr'>dimittuntur</span> <span class='ocrx_word' id='word_1_639' title='bbox 3135 4030 3149 4070; x_wconf 92' lang='lat'><strong>:</strong></span> <span class='ocrx_word' id='word_1_640' title='bbox 3178 4018 3417 4087; x_wconf 82' lang='lat' dir='ltr'>propter</span> <span class='ocrx_word' id='word_1_641' title='bbox 3435 4007 3769 4070; x_wconf 82' lang='lat' dir='ltr'>sacramenti</span> <span class='ocrx_word' id='word_1_642' title='bbox 3790 4020 3865 4060; x_wconf 88' lang='lat' dir='ltr'>ao-</span> 
     </span>
    </p>
   </div>
   <div class='ocr_carea' id='block_1_58' title="bbox 2259 4099 3867 4172">
    <p class='ocr_par' dir='ltr' id='par_1_58' title="bbox 2259 4099 3867 4172">
     <span class='ocr_line' id='line_1_58' title="bbox 2259 4099 3867 4172; baseline -0.01 -9"><span class='ocrx_word' id='word_1_643' title='bbox 2259 4114 2375 4163; x_wconf 88' lang='lat' dir='ltr'>tem</span> <span class='ocrx_word' id='word_1_644' title='bbox 2400 4106 2789 4170; x_wconf 89' lang='lat' dir='ltr'>sanctitatem,</span> <span class='ocrx_word' id='word_1_645' title='bbox 2810 4105 2963 4160; x_wconf 88' lang='lat' dir='ltr'>sicut</span> <span class='ocrx_word' id='word_1_646' title='bbox 2984 4104 3218 4172; x_wconf 80' lang='lat' dir='ltr'>femina,</span> <span class='ocrx_word' id='word_1_647' title='bbox 3234 4102 3468 4159; x_wconf 85' lang='lat' dir='ltr'>etiamsi</span> <span class='ocrx_word' id='word_1_648' title='bbox 3490 4099 3867 4159; x_wconf 60' lang='lat' dir='ltr'>eamchumena</span> 
     </span>
    </p>
   </div>
   <div class='ocr_carea' id='block_1_59' title="bbox 510 4174 3866 4268">
    <p class='ocr_par' dir='ltr' id='par_1_59' title="bbox 510 4174 3866 4268">
     <span class='ocr_line' id='line_1_59' title="bbox 510 4174 3866 4268; baseline -0.004 -16"><span class='ocrx_word' id='word_1_649' title='bbox 510 4196 694 4253; x_wconf 87' lang='lat' dir='ltr'>altero</span> <span class='ocrx_word' id='word_1_650' title='bbox 723 4195 1057 4251; x_wconf 89' lang='lat' dir='ltr'>testimonio</span> <span class='ocrx_word' id='word_1_651' title='bbox 1088 4197 1518 4268; x_wconf 90' lang='lat' dir='ltr'>comprobetur.</span> <span class='ocrx_word' id='word_1_652' title='bbox 1554 4198 1615 4250; x_wconf 91' lang='lat' dir='ltr'>In</span> <span class='ocrx_word' id='word_1_653' title='bbox 1648 4174 1889 4252; x_wconf 60' lang='lat' dir='ltr'>Actibus</span> <span class='ocrx_word' id='word_1_654' title='bbox 1919 4201 2152 4267; x_wconf 86' lang='lat' dir='ltr'>aposto-</span> <span class='ocrx_word' id='word_1_655' title='bbox 2261 4195 2436 4252; x_wconf 85' lang='lat' dir='ltr'>fuerit</span> <span class='ocrx_word' id='word_1_656' title='bbox 2459 4194 2681 4261; x_wconf 85' lang='lat' dir='ltr'>vitiata,</span> <span class='ocrx_word' id='word_1_657' title='bbox 2707 4210 2821 4248; x_wconf 93' lang='lat' dir='ltr'>non</span> <span class='ocrx_word' id='word_1_658' title='bbox 2850 4197 3041 4265; x_wconf 89' lang='lat' dir='ltr'>potest</span> <span class='ocrx_word' id='word_1_659' title='bbox 3070 4196 3202 4264; x_wconf 90' lang='lat' dir='ltr'>post</span> <span class='ocrx_word' id='word_1_660' title='bbox 3232 4192 3595 4265; x_wconf 79' lang='lat' dir='ltr'>baptismum</span> <span class='ocrx_word' id='word_1_661' title='bbox 3626 4190 3766 4245; x_wconf 82' lang='lat' dir='ltr'>inter</span> <span class='ocrx_word' id='word_1_662' title='bbox 3786 4174 3866 4239; x_wconf 68' lang='lat' dir='ltr'>Del</span> 
     </span>
    </p>
   </div>
   <div class='ocr_carea' id='block_1_60' title="bbox 512 4280 3861 4358">
    <p class='ocr_par' dir='ltr' id='par_1_60' title="bbox 512 4280 3861 4358">
     <span class='ocr_line' id='line_1_60' title="bbox 512 4280 3861 4358; baseline -0.002 -17"><span class='ocrx_word' id='word_1_663' title='bbox 512 4287 705 4341; x_wconf 89' lang='lat' dir='ltr'>lorum</span> <span class='ocrx_word' id='word_1_664' title='bbox 735 4286 1020 4358; x_wconf 89' lang='lat' dir='ltr'>scriptum</span> <span class='ocrx_word' id='word_1_665' title='bbox 1053 4290 1162 4352; x_wconf 89' lang='lat' dir='ltr'>est,</span> <span class='ocrx_word' id='word_1_666' title='bbox 1195 4286 1349 4358; x_wconf 90' lang='lat' dir='ltr'>quod</span> <span class='ocrx_word' id='word_1_667' title='bbox 1391 4301 1525 4340; x_wconf 84' lang='lat' dir='ltr'>cum</span> <span class='ocrx_word' id='word_1_668' title='bbox 1569 4286 1824 4341; x_wconf 89' lang='lat' dir='ltr'>venisset</span> <span class='ocrx_word' id='word_1_669' title='bbox 1854 4285 2155 4355; x_wconf 87' lang='lat' dir='ltr'>apostolus</span> <span class='ocrx_word' id='word_1_670' title='bbox 2260 4284 2516 4356; x_wconf 87' lang='lat' dir='ltr'>virgines</span> <span class='ocrx_word' id='word_1_671' title='bbox 2535 4281 2978 4351; x_wconf 88' lang='lat' dir='ltr'>consecrari,ita</span> <span class='ocrx_word' id='word_1_672' title='bbox 2997 4297 3115 4336; x_wconf 89' lang='lat' dir='ltr'>non</span> <span class='ocrx_word' id='word_1_673' title='bbox 3137 4280 3391 4337; x_wconf 81' lang='lat' dir='ltr'>absurde</span> <span class='ocrx_word' id='word_1_674' title='bbox 3408 4281 3603 4337; x_wconf 90' lang='lat' dir='ltr'>visum</span> <span class='ocrx_word' id='word_1_675' title='bbox 3625 4282 3861 4347; x_wconf 74' lang='lat' dir='ltr'>est,eum.</span> 
     </span>
    </p>
   </div>
   <div class='ocr_carea' id='block_1_61' title="bbox 512 4364 3863 4446">
    <p class='ocr_par' dir='ltr' id='par_1_61' title="bbox 512 4364 3863 4446">
     <span class='ocr_line' id='line_1_61' title="bbox 512 4364 3863 4446; baseline -0.003 -16"><span class='ocrx_word' id='word_1_676' title='bbox 512 4364 751 4432; x_wconf 59' lang='lat' dir='ltr'>Paulus~</span> <span class='ocrx_word' id='word_1_677' title='bbox 783 4375 1066 4443; x_wconf 85' lang='lat' dir='ltr'>Miletum,</span> <span class='ocrx_word' id='word_1_678' title='bbox 1120 4374 1348 4431; x_wconf 87' lang='lat' dir='ltr'>miserit</span> <span class='ocrx_word' id='word_1_679' title='bbox 1392 4374 1707 4444; x_wconf 77' lang='lat' dir='ltr'>Ephesum,</span> <span class='ocrx_word' id='word_1_680' title='bbox 1759 4378 1817 4430; x_wconf 89' lang='lat' dir='ltr'>et</span> <span class='ocrx_word' id='word_1_681' title='bbox 1868 4373 2154 4428; x_wconf 86' lang='lat' dir='ltr'>vocaverit</span> <span class='ocrx_word' id='word_1_682' title='bbox 2262 4373 2362 4446; x_wconf 91' lang='lat' dir='ltr'>qui</span> <span class='ocrx_word' id='word_1_683' title='bbox 2407 4371 2719 4428; x_wconf 85' lang='lat' dir='ltr'>excesserit</span> <span class='ocrx_word' id='word_1_684' title='bbox 2748 4386 2995 4427; x_wconf 84' lang='lat' dir='ltr'>uxorum</span> <span class='ocrx_word' id='word_1_685' title='bbox 3028 4386 3341 4425; x_wconf 86' lang='lat' dir='ltr'>numerum</span> <span class='ocrx_word' id='word_1_686' title='bbox 3371 4368 3741 4443; x_wconf 77' lang='lat' dir='ltr'>singularem,</span> <span class='ocrx_word' id='word_1_687' title='bbox 3772 4373 3863 4415; x_wconf 79' lang='lat' dir='ltr'>non</span> 
     </span>
    </p>
   </div>
   <div class='ocr_carea' id='block_1_62' title="bbox 512 4459 3866 4537">
    <p class='ocr_par' dir='ltr' id='par_1_62' title="bbox 512 4459 3866 4537">
     <span class='ocr_line' id='line_1_62' title="bbox 512 4459 3866 4537; baseline -0.003 -17"><span class='ocrx_word' id='word_1_688' title='bbox 512 4466 883 4537; x_wconf 85' lang='lat' dir='ltr'>presbyteros</span> <span class='ocrx_word' id='word_1_689' title='bbox 912 4466 1177 4536; x_wconf 90' lang='lat' dir='ltr'>ejusdem</span> <span class='ocrx_word' id='word_1_690' title='bbox 1206 4462 1497 4530; x_wconf 67' lang='lat' dir='ltr'>Ecclesiae,</span> <span class='ocrx_word' id='word_1_691' title='bbox 1530 4462 1745 4533; x_wconf 89' lang='lat' dir='ltr'>quibus</span> <span class='ocrx_word' id='word_1_692' title='bbox 1775 4466 1974 4532; x_wconf 88' lang='lat' dir='ltr'>postea</span> <span class='ocrx_word' id='word_1_693' title='bbox 2005 4461 2157 4516; x_wconf 88' lang='lat' dir='ltr'>inter</span> <span class='ocrx_word' id='word_1_694' title='bbox 2261 4467 2563 4536; x_wconf 88' lang='lat' dir='ltr'>peceatum</span> <span class='ocrx_word' id='word_1_695' title='bbox 2596 4460 2831 4531; x_wconf 79' lang='lat' dir='ltr'>aliquod</span> <span class='ocrx_word' id='word_1_696' title='bbox 2864 4459 3253 4526; x_wconf 87' lang='lat' dir='ltr'>commisisse,</span> <span class='ocrx_word' id='word_1_697' title='bbox 3272 4459 3376 4514; x_wconf 83' lang='lat' dir='ltr'>sed</span> <span class='ocrx_word' id='word_1_698' title='bbox 3411 4470 3670 4515; x_wconf 86' lang='lat' dir='ltr'>normam</span> <span class='ocrx_word' id='word_1_699' title='bbox 3697 4460 3866 4537; x_wconf 52' lang='lat' dir='ltr'>quani-</span> 
     </span>
    </p>
   </div>
   <div class='ocr_carea' id='block_1_63' title="bbox 510 4533 3862 4631">
    <p class='ocr_par' dir='ltr' id='par_1_63' title="bbox 510 4533 3862 4631">
     <span class='ocr_line' id='line_1_63' title="bbox 510 4533 3862 4631; baseline -0.006 -20"><span class='ocrx_word' id='word_1_700' title='bbox 510 4533 720 4611; x_wconf 70' lang='lat' dir='ltr'>cmtera</span> <span class='ocrx_word' id='word_1_701' title='bbox 739 4555 817 4609; x_wconf 91' lang='lat' dir='ltr'>sit</span> <span class='ocrx_word' id='word_1_702' title='bbox 840 4533 1070 4610; x_wconf 81' lang='lat' dir='ltr'>locutus</span> <span class='ocrx_word' id='word_1_703' title='bbox 1095 4569 1109 4608; x_wconf 90' lang='lat'><strong>:</strong></span> <span class='ocrx_word' id='word_1_704' title='bbox 1138 4575 1165 4602; x_wconf 77' lang='grc' dir='ltr'>α</span> <span class='ocrx_word' id='word_1_705' title='bbox 1190 4550 1486 4608; x_wconf 81' lang='lat' dir='ltr'>Attendite</span> <span class='ocrx_word' id='word_1_706' title='bbox 1503 4549 1689 4615; x_wconf 88' lang='lat' dir='ltr'>vobis,</span> <span class='ocrx_word' id='word_1_707' title='bbox 1708 4554 1766 4603; x_wconf 89' lang='lat' dir='ltr'>et</span> <span class='ocrx_word' id='word_1_708' title='bbox 1786 4549 1947 4603; x_wconf 88' lang='lat' dir='ltr'>omni</span> <span class='ocrx_word' id='word_1_709' title='bbox 1973 4550 2152 4622; x_wconf 82' lang='lat' dir='ltr'>gregi,</span> <span class='ocrx_word' id='word_1_710' title='bbox 2183 4565 2233 4631; x_wconf 71' lang='grc' dir='ltr'><strong>Β</strong></span> <span class='ocrx_word' id='word_1_711' title='bbox 2261 4533 2393 4608; x_wconf 69' lang='lat' dir='ltr'>dam</span> <span class='ocrx_word' id='word_1_712' title='bbox 2426 4550 2777 4606; x_wconf 78' lang='lat' dir='ltr'>sacramenti</span> <span class='ocrx_word' id='word_1_713' title='bbox 2808 4548 3098 4614; x_wconf 73' lang='lat' dir='ltr'>amisisse,</span> <span class='ocrx_word' id='word_1_714' title='bbox 3130 4562 3245 4602; x_wconf 78' lang='lat' dir='ltr'>non</span> <span class='ocrx_word' id='word_1_715' title='bbox 3274 4547 3349 4602; x_wconf 71' lang='lat' dir='ltr'>ad</span> <span class='ocrx_word' id='word_1_716' title='bbox 3380 4546 3507 4603; x_wconf 60' lang='lat' dir='ltr'>vita;</span> <span class='ocrx_word' id='word_1_717' title='bbox 3536 4546 3692 4602; x_wconf 60' lang='lat' dir='ltr'>bona;</span> <span class='ocrx_word' id='word_1_718' title='bbox 3720 4533 3862 4631; x_wconf 69' lang='lat' dir='ltr'>meri-</span> 
     </span>
    </p>
   </div>
   <div class='ocr_carea' id='block_1_64' title="bbox 511 4625 3859 4714">
    <p class='ocr_par' dir='ltr' id='par_1_64' title="bbox 511 4625 3859 4714">
     <span class='ocr_line' id='line_1_64' title="bbox 511 4625 3859 4714; baseline -0.004 -16"><span class='ocrx_word' id='word_1_719' title='bbox 511 4643 568 4698; x_wconf 58' lang='lat' dir='ltr'>i’n</span> <span class='ocrx_word' id='word_1_720' title='bbox 593 4659 708 4714; x_wconf 89' lang='lat' dir='ltr'>quo</span> <span class='ocrx_word' id='word_1_721' title='bbox 724 4659 825 4700; x_wconf 84' lang='lat' dir='ltr'>vos</span> <span class='ocrx_word' id='word_1_722' title='bbox 839 4642 1095 4714; x_wconf 86' lang='lat' dir='ltr'>Spiritus</span> <span class='ocrx_word' id='word_1_723' title='bbox 1117 4644 1361 4697; x_wconf 88' lang='lat' dir='ltr'>sanctus</span> <span class='ocrx_word' id='word_1_724' title='bbox 1382 4636 1895 4710; x_wconf 86' lang='lat' dir='ltr'>posuitepiscopos</span> <span class='ocrx_word' id='word_1_725' title='bbox 1918 4652 2152 4709; x_wconf 89' lang='lat' dir='ltr'>pascere</span> <span class='ocrx_word' id='word_1_726' title='bbox 2183 4625 2222 4631; x_wconf 67' lang='grc'><em>”</em></span> <span class='ocrx_word' id='word_1_727' title='bbox 2259 4646 2410 4709; x_wconf 84' lang='lat' dir='ltr'>tum,</span> <span class='ocrx_word' id='word_1_728' title='bbox 2442 4638 2541 4694; x_wconf 90' lang='lat' dir='ltr'>sed</span> <span class='ocrx_word' id='word_1_729' title='bbox 2573 4638 2643 4693; x_wconf 90' lang='lat' dir='ltr'>ad</span> <span class='ocrx_word' id='word_1_730' title='bbox 2682 4636 3067 4693; x_wconf 90' lang='lat' dir='ltr'>ordinationis</span> <span class='ocrx_word' id='word_1_731' title='bbox 3095 4634 3505 4692; x_wconf 64' lang='lat' dir='ltr'>ecclesiastica</span> <span class='ocrx_word' id='word_1_732' title='bbox 3530 4625 3859 4707; x_wconf 80' lang='lat' dir='ltr'>signaculum</span> 
     </span>
    </p>
   </div>
   <div class='ocr_carea' id='block_1_65' title="bbox 510 4723 2681 4799">
    <p class='ocr_par' dir='ltr' id='par_1_65' title="bbox 510 4723 2681 4799">
     <span class='ocr_line' id='line_1_65' title="bbox 510 4723 2681 4799; baseline -0.003 -13"><span class='ocrx_word' id='word_1_733' title='bbox 510 4730 823 4788; x_wconf 80' lang='lat' dir='ltr'>Ecclesium</span> <span class='ocrx_word' id='word_1_734' title='bbox 848 4731 1102 4798; x_wconf 90' lang='lat' dir='ltr'>Domini,</span> <span class='ocrx_word' id='word_1_735' title='bbox 1125 4743 1303 4799; x_wconf 88' lang='lat' dir='ltr'>quam</span> <span class='ocrx_word' id='word_1_736' title='bbox 1335 4723 1644 4796; x_wconf 85' lang='lat' dir='ltr'>acquisivit</span> <span class='ocrx_word' id='word_1_737' title='bbox 1674 4741 1777 4797; x_wconf 91' lang='lat' dir='ltr'>per</span> <span class='ocrx_word' id='word_1_738' title='bbox 1806 4726 2152 4799; x_wconf 85' lang='lat' dir='ltr'>sanguinem</span> <span class='ocrx_word' id='word_1_739' title='bbox 2262 4726 2681 4785; x_wconf 86' lang='lat' dir='ltr'>necessarium.</span> 
     </span>
    </p>
   </div>
   <div class='ocr_carea' id='block_1_66' title="bbox 527 4924 2152 5048">
    <p class='ocr_par' dir='ltr' id='par_1_66' title="bbox 527 4924 2152 5048">
     <span class='ocr_line' id='line_1_66' title="bbox 527 4924 2152 5048; baseline -0.001 -64"><span class='ocrx_word' id='word_1_740' title='bbox 527 4977 537 4984; x_wconf 81' lang='lat'>.</span> <span class='ocrx_word' id='word_1_741' title='bbox 585 4930 769 5004; x_wconf 86' lang='grc'>(1339)</span> <span class='ocrx_word' id='word_1_742' title='bbox 798 4929 1011 5011; x_wconf 78' lang='lat' dir='ltr'>Verba,</span> <span class='ocrx_word' id='word_1_743' title='bbox 1043 4939 1170 5008; x_wconf 57' lang='lat' dir='ltr'>qum</span> <span class='ocrx_word' id='word_1_744' title='bbox 1202 4925 1534 5048; x_wconf 60' lang='lat' dir='ltr'>seguuntur</span> <span class='ocrx_word' id='word_1_745' title='bbox 1560 4938 1747 5007; x_wconf 73' lang='lat' dir='ltr'>usque</span> <span class='ocrx_word' id='word_1_746' title='bbox 1776 4924 1846 4980; x_wconf 92' lang='lat' dir='ltr'>ad</span> <span class='ocrx_word' id='word_1_747' title='bbox 1878 4927 2100 5007; x_wconf 82' lang='lat' dir='ltr'>textum</span> <span class='ocrx_word' id='word_1_748' title='bbox 2137 4943 2152 4981; x_wconf 89' lang='lat'><strong>:</strong></span> 
     </span>
     <span class='ocr_line' id='line_1_67' title="bbox 527 4993 2152 5048; baseline 0 0"><span class='ocrx_word' id='word_1_749' title='bbox 527 5007 565 5048; x_wconf 69' lang='lat' dir='ltr'>ri</span> <span class='ocrx_word' id='word_1_750' title='bbox 592 5005 715 5048; x_wconf 75' lang='lat' dir='ltr'>nuis</span> <span class='ocrx_word' id='word_1_751' title='bbox 745 5006 823 5048; x_wconf 76' lang='lat' dir='ltr'>est</span> <span class='ocrx_word' id='word_1_752' title='bbox 852 5014 974 5048; x_wconf 73' lang='grc' dir='ltr'>,ςιηε</span> <span class='ocrx_word' id='word_1_753' title='bbox 991 5010 1245 5048; x_wconf 81' lang='lat' dir='ltr'>crzmme.</span> <span class='ocrx_word' id='word_1_754' title='bbox 1313 5010 1382 5048; x_wconf 82' lang='grc' dir='ltr'>ινι</span> <span class='ocrx_word' id='word_1_755' title='bbox 1415 4993 1728 5048; x_wconf 83' lang='lat' dir='ltr'>H1eron.1n</span> <span class='ocrx_word' id='word_1_756' title='bbox 1760 4995 1908 5048; x_wconf 88' lang='lat' dir='ltr'>hanc</span> <span class='ocrx_word' id='word_1_757' title='bbox 1929 4997 2152 5048; x_wconf 88' lang='lat' dir='ltr'>Emsto-</span> 
     </span>
    </p>
   </div>
   <div class='ocr_carea' id='block_1_67' title="bbox 512 4993 2154 5076">
    <p class='ocr_par' dir='ltr' id='par_1_67' title="bbox 512 4993 2154 5076">
     <span class='ocr_line' id='line_1_68' title="bbox 512 4993 2154 5076; baseline -0.005 -15"><span class='ocrx_word' id='word_1_758' title='bbox 512 5007 565 5061; x_wconf 75' lang='lat' dir='ltr'>si</span> <span class='ocrx_word' id='word_1_759' title='bbox 588 4993 715 5076; x_wconf 53' lang='lat' dir='ltr'>‘quz’s</span> <span class='ocrx_word' id='word_1_760' title='bbox 745 4993 823 5057; x_wconf 69' lang='lat' dir='ltr'>est</span> <span class='ocrx_word' id='word_1_761' title='bbox 852 5002 974 5076; x_wconf 64' lang='lat' dir='ltr'>sine</span> <span class='ocrx_word' id='word_1_762' title='bbox 991 4993 1245 5076; x_wconf 60' lang='lat' dir='ltr'>crimine,</span> <span class='ocrx_word' id='word_1_763' title='bbox 1264 4993 1382 5076; x_wconf 78' lang='lat' dir='ltr'>divi</span> <span class='ocrx_word' id='word_1_764' title='bbox 1415 4993 1728 5076; x_wconf 55' lang='lat' dir='ltr'>Hieroufin</span> <span class='ocrx_word' id='word_1_765' title='bbox 1760 4995 1908 5053; x_wconf 89' lang='lat' dir='ltr'>hanc</span> <span class='ocrx_word' id='word_1_766' title='bbox 1929 4997 2154 5076; x_wconf 82' lang='lat' dir='ltr'>Episto-</span> 
     </span>
    </p>
   </div>
   <div class='ocr_carea' id='block_1_68' title="bbox 515 5066 2154 5140">
    <p class='ocr_par' dir='ltr' id='par_1_68' title="bbox 515 5066 2154 5140">
     <span class='ocr_line' id='line_1_69' title="bbox 515 5066 2154 5140; baseline -0.005 -9"><span class='ocrx_word' id='word_1_767' title='bbox 515 5066 633 5133; x_wconf 80' lang='lat' dir='ltr'>lam</span> <span class='ocrx_word' id='word_1_768' title='bbox 658 5076 818 5130; x_wconf 87' lang='lat' dir='ltr'>sunt.</span> <span class='ocrx_word' id='word_1_769' title='bbox 846 5070 1144 5125; x_wconf 86' lang='lat' dir='ltr'>Adeautur</span> <span class='ocrx_word' id='word_1_770' title='bbox 1173 5067 1228 5121; x_wconf 91' lang='lat' dir='ltr'>in</span> <span class='ocrx_word' id='word_1_771' title='bbox 1262 5066 1409 5140; x_wconf 82' lang='lat' dir='ltr'>hanc</span> <span class='ocrx_word' id='word_1_772' title='bbox 1430 5068 1806 5137; x_wconf 70' lang='lat' dir='ltr'>quaestionem</span> <span class='ocrx_word' id='word_1_773' title='bbox 1829 5066 2154 5140; x_wconf 76' lang='lat' dir='ltr'>responsio-</span> 
     </span>
    </p>
   </div>
   <div class='ocr_carea' id='block_1_69' title="bbox 513 5138 2157 5212">
    <p class='ocr_par' dir='ltr' id='par_1_69' title="bbox 513 5138 2157 5212">
     <span class='ocr_line' id='line_1_70' title="bbox 513 5138 2157 5212; baseline -0.005 -8"><span class='ocrx_word' id='word_1_774' title='bbox 513 5165 618 5204; x_wconf 89' lang='lat' dir='ltr'>nes</span> <span class='ocrx_word' id='word_1_775' title='bbox 641 5143 1066 5212; x_wconf 87' lang='lat' dir='ltr'>theologorum,</span> <span class='ocrx_word' id='word_1_776' title='bbox 1090 5143 1147 5194; x_wconf 90' lang='lat' dir='ltr'>et</span> <span class='ocrx_word' id='word_1_777' title='bbox 1165 5138 1623 5211; x_wconf 85' lang='lat' dir='ltr'>canonistarum,</span> <span class='ocrx_word' id='word_1_778' title='bbox 1645 5158 1772 5212; x_wconf 74' lang='lat' dir='ltr'>quas</span> <span class='ocrx_word' id='word_1_779' title='bbox 1791 5138 1956 5197; x_wconf 52' lang='lat' dir='ltr'>Aere&#39;i</span> <span class='ocrx_word' id='word_1_780' title='bbox 1980 5140 2157 5195; x_wconf 82' lang='lat' dir='ltr'>haere-</span> 
     </span>
    </p>
   </div>
   <div class='ocr_carea' id='block_1_70' title="bbox 514 5214 980 5275">
    <p class='ocr_par' dir='ltr' id='par_1_70' title="bbox 514 5214 980 5275">
     <span class='ocr_line' id='line_1_71' title="bbox 514 5214 980 5275; baseline -0.021 -1"><span class='ocrx_word' id='word_1_781' title='bbox 514 5219 626 5275; x_wconf 88' lang='lat' dir='ltr'>sim</span> <span class='ocrx_word' id='word_1_782' title='bbox 660 5214 980 5270; x_wconf 81' lang='lat' dir='ltr'>confutant.</span> 
     </span>
    </p>
   </div>
   <div class='ocr_carea' id='block_1_71' title="bbox 586 5282 2153 5370">
    <p class='ocr_par' dir='ltr' id='par_1_71' title="bbox 586 5282 2153 5370">
     <span class='ocr_line' id='line_1_72' title="bbox 586 5282 2153 5370; baseline -0.003 -28"><span class='ocrx_word' id='word_1_783' title='bbox 586 5283 767 5370; x_wconf 59' lang='lat'>(1340)</span> <span class='ocrx_word' id='word_1_784' title='bbox 802 5284 860 5338; x_wconf 87' lang='lat' dir='ltr'>In</span> <span class='ocrx_word' id='word_1_785' title='bbox 896 5282 1023 5338; x_wconf 92' lang='lat' dir='ltr'>cod.</span> <span class='ocrx_word' id='word_1_786' title='bbox 1055 5287 1106 5338; x_wconf 83' lang='lat' dir='ltr'>et</span> <span class='ocrx_word' id='word_1_787' title='bbox 1154 5299 1320 5370; x_wconf 52' lang='lat' dir='ltr'>nunc:</span> <span class='ocrx_word' id='word_1_788' title='bbox 1353 5282 1515 5367; x_wconf 78' lang='lat' dir='ltr'>Quod</span> <span class='ocrx_word' id='word_1_789' title='bbox 1546 5283 1980 5370; x_wconf 76' lang='lat' dir='ltr'>emepdandum</span> <span class='ocrx_word' id='word_1_790' title='bbox 2013 5298 2153 5370; x_wconf 40' lang='lat' dir='ltr'>cent</span> 
     </span>
    </p>
   </div>
   <div class='ocr_carea' id='block_1_72' title="bbox 514 5353 2155 5436">
    <p class='ocr_par' dir='ltr' id='par_1_72' title="bbox 514 5353 2155 5436">
     <span class='ocr_line' id='line_1_73' title="bbox 514 5353 2155 5436; baseline -0.002 -24"><span class='ocrx_word' id='word_1_791' title='bbox 514 5353 629 5436; x_wconf 67' lang='lat' dir='ltr'>sui,</span> <span class='ocrx_word' id='word_1_792' title='bbox 660 5362 784 5410; x_wconf 90' lang='lat' dir='ltr'>tum</span> <span class='ocrx_word' id='word_1_793' title='bbox 821 5370 1028 5436; x_wconf 68' lang='lat' dir='ltr'>sensus</span> <span class='ocrx_word' id='word_1_794' title='bbox 1059 5353 1265 5436; x_wconf 62' lang='lat' dir='ltr'>gratia,</span> <span class='ocrx_word' id='word_1_795' title='bbox 1299 5360 1419 5436; x_wconf 85' lang='lat' dir='ltr'>tum</span> <span class='ocrx_word' id='word_1_796' title='bbox 1463 5358 1631 5436; x_wconf 78' lang='lat' dir='ltr'>juxta</span> <span class='ocrx_word' id='word_1_797' title='bbox 1679 5354 1986 5436; x_wconf 79' lang='lat' dir='ltr'>lectionem</span> <span class='ocrx_word' id='word_1_798' title='bbox 2037 5354 2155 5436; x_wconf 80' lang='lat' dir='ltr'>divi</span> 
     </span>
    </p>
   </div>
   <div class='ocr_carea' id='block_1_73' title="bbox 515 5424 2155 5550">
    <p class='ocr_par' dir='ltr' id='par_1_73' title="bbox 515 5424 2155 5550">
     <span class='ocr_line' id='line_1_74' title="bbox 515 5424 2155 5550; baseline -0.002 -68"><span class='ocrx_word' id='word_1_799' title='bbox 515 5426 848 5498; x_wconf 80' lang='lat' dir='ltr'>Hieronymi</span> <span class='ocrx_word' id='word_1_800' title='bbox 880 5424 937 5507; x_wconf 80' lang='lat' dir='ltr'>in</span> <span class='ocrx_word' id='word_1_801' title='bbox 972 5424 1120 5481; x_wconf 75' lang='lat' dir='ltr'>hanc</span> <span class='ocrx_word' id='word_1_802' title='bbox 1154 5429 1277 5496; x_wconf 79' lang='lat' dir='ltr'>Ep.,</span> <span class='ocrx_word' id='word_1_803' title='bbox 1310 5432 1364 5481; x_wconf 91' lang='lat' dir='ltr'>et</span> <span class='ocrx_word' id='word_1_804' title='bbox 1396 5424 1791 5508; x_wconf 37' lang='lat' dir='ltr'>hu&#39;nc.locum.,</span> <span class='ocrx_word' id='word_1_805' title='bbox 1828 5426 1996 5550; x_wconf 41' lang='lat' dir='ltr'>cuius</span> <span class='ocrx_word' id='word_1_806' title='bbox 2043 5429 2155 5493; x_wconf 90' lang='lat' dir='ltr'>est,</span> 
     </span>
     <span class='ocr_line' id='line_1_75' title="bbox 519 5496 2155 5550; baseline 0 0"><span class='ocrx_word' id='word_1_807' title='bbox 519 5498 639 5550; x_wconf 59' lang='lat' dir='ltr'>haec</span> <span class='ocrx_word' id='word_1_808' title='bbox 657 5499 1128 5550; x_wconf 79' lang='lat' dir='ltr'>sententm.()uod</span> <span class='ocrx_word' id='word_1_809' title='bbox 1152 5502 1342 5550; x_wconf 79' lang='lat' dir='ltr'>autem</span> <span class='ocrx_word' id='word_1_810' title='bbox 1364 5498 1705 5550; x_wconf 77' lang='lat' dir='ltr'>habetidem</span> <span class='ocrx_word' id='word_1_811' title='bbox 1722 5497 1887 5550; x_wconf 77' lang='lat' dir='ltr'>divus</span> <span class='ocrx_word' id='word_1_812' title='bbox 1925 5496 2155 5550; x_wconf 81' lang='lat' dir='ltr'>Ileron..</span> 
     </span>
    </p>
   </div>
   <div class='ocr_carea' id='block_1_74' title="bbox 519 5496 2156 5565">
    <p class='ocr_par' dir='ltr' id='par_1_74' title="bbox 519 5496 2156 5565">
     <span class='ocr_line' id='line_1_76' title="bbox 519 5496 2156 5565; baseline -0.001 -14"><span class='ocrx_word' id='word_1_813' title='bbox 519 5498 639 5552; x_wconf 57' lang='lat' dir='ltr'>haec</span> <span class='ocrx_word' id='word_1_814' title='bbox 657 5496 1128 5565; x_wconf 82' lang='lat' dir='ltr'>sententiu.Quod</span> <span class='ocrx_word' id='word_1_815' title='bbox 1152 5502 1342 5552; x_wconf 78' lang='lat' dir='ltr'>autem</span> <span class='ocrx_word' id='word_1_816' title='bbox 1364 5498 1538 5553; x_wconf 86' lang='lat' dir='ltr'>habet</span> <span class='ocrx_word' id='word_1_817' title='bbox 1553 5496 1705 5551; x_wconf 89' lang='lat' dir='ltr'>idem</span> <span class='ocrx_word' id='word_1_818' title='bbox 1722 5496 2156 5565; x_wconf 78' lang='lat' dir='ltr'>divusllieron.,</span> 
     </span>
    </p>
   </div>
   <div class='ocr_carea' id='block_1_75' title="bbox 2262 4917 3700 4991">
    <p class='ocr_par' dir='ltr' id='par_1_75' title="bbox 2262 4917 3700 4991">
     <span class='ocr_line' id='line_1_77' title="bbox 2262 4917 3700 4991; baseline -0.007 -10"><span class='ocrx_word' id='word_1_819' title='bbox 2262 4921 2515 4982; x_wconf 88' lang='lat' dir='ltr'>Maurini</span> <span class='ocrx_word' id='word_1_820' title='bbox 2546 4924 2818 4978; x_wconf 85' lang='lat' dir='ltr'>asserunt</span> <span class='ocrx_word' id='word_1_821' title='bbox 2846 4918 3064 4976; x_wconf 86' lang='lat' dir='ltr'>rectius</span> <span class='ocrx_word' id='word_1_822' title='bbox 3094 4917 3207 4991; x_wconf 83' lang='lat' dir='ltr'>legi</span> <span class='ocrx_word' id='word_1_823' title='bbox 3237 4933 3389 4991; x_wconf 76' lang='lat' dir='ltr'>nunc</span> <span class='ocrx_word' id='word_1_824' title='bbox 3410 4919 3700 4989; x_wconf 74' lang='lat' dir='ltr'>putantur.</span> 
     </span>
    </p>
   </div>
   <div class='ocr_carea' id='block_1_76' title="bbox 2334 4976 3868 5066">
    <p class='ocr_par' dir='ltr' id='par_1_76' title="bbox 2334 4976 3868 5066">
     <span class='ocr_line' id='line_1_78' title="bbox 2334 4976 3868 5066; baseline -0.008 -17"><span class='ocrx_word' id='word_1_825' title='bbox 2334 4976 2519 5066; x_wconf 52' lang='grc'>(1311)</span> <span class='ocrx_word' id='word_1_826' title='bbox 2548 4976 2738 5051; x_wconf 68' lang='lat' dir='ltr'>verba</span> <span class='ocrx_word' id='word_1_827' title='bbox 2765 5007 2938 5065; x_wconf 78' lang='lat' dir='ltr'>quo...</span> <span class='ocrx_word' id='word_1_828' title='bbox 2970 4976 3231 5063; x_wconf 48' lang='lat' dir='ltr'>tempore,</span> <span class='ocrx_word' id='word_1_829' title='bbox 3266 4991 3329 5047; x_wconf 82' lang='lat' dir='ltr'>in</span> <span class='ocrx_word' id='word_1_830' title='bbox 3372 4976 3501 5055; x_wconf 70' lang='lat' dir='ltr'>imo.</span> <span class='ocrx_word' id='word_1_831' title='bbox 3540 5001 3718 5059; x_wconf 80' lang='lat' dir='ltr'>marg.</span> <span class='ocrx_word' id='word_1_832' title='bbox 3742 4976 3868 5037; x_wconf 73' lang='lat' dir='ltr'>.ood-</span> 
     </span>
    </p>
   </div>
   <div class='ocr_carea' id='block_1_77' title="bbox 2263 5067 2670 5137">
    <p class='ocr_par' dir='ltr' id='par_1_77' title="bbox 2263 5067 2670 5137">
     <span class='ocr_line' id='line_1_79' title="bbox 2263 5067 2670 5137; baseline -0.012 -13"><span class='ocrx_word' id='word_1_833' title='bbox 2263 5067 2481 5137; x_wconf 82' lang='lat' dir='ltr'>scripta</span> <span class='ocrx_word' id='word_1_834' title='bbox 2510 5070 2670 5121; x_wconf 86' lang='lat' dir='ltr'>sunt.</span> 
     </span>
    </p>
   </div>
   <div class='ocr_carea' id='block_1_78' title="bbox 2333 5138 3765 5209">
    <p class='ocr_par' dir='ltr' id='par_1_78' title="bbox 2333 5138 3765 5209">
     <span class='ocr_line' id='line_1_80' title="bbox 2333 5138 3765 5209; baseline -0.003 -17"><span class='ocrx_word' id='word_1_835' title='bbox 2333 5138 2518 5208; x_wconf 82' lang='grc'>(1342)</span> <span class='ocrx_word' id='word_1_836' title='bbox 2548 5139 2650 5209; x_wconf 81' lang='lat' dir='ltr'>Ag.</span> <span class='ocrx_word' id='word_1_837' title='bbox 2741 5205 2754 5209; x_wconf 91' lang='lat'><strong>_</strong></span> <span class='ocrx_word' id='word_1_838' title='bbox 2903 5204 2917 5209; x_wconf 85' lang='lat'><strong><em>_</em></strong></span> <span class='ocrx_word' id='word_1_839' title='bbox 3069 5202 3082 5209; x_wconf 39' lang='lat'><strong>-</strong></span> <span class='ocrx_word' id='word_1_840' title='bbox 3133 5202 3145 5209; x_wconf 88' lang='lat'><em>_</em></span> <span class='ocrx_word' id='word_1_841' title='bbox 3279 5207 3286 5209; x_wconf 90' lang='lat'>_</span> <span class='ocrx_word' id='word_1_842' title='bbox 3755 5193 3765 5204; x_wconf 60' lang='grc'>,</span> 
     </span>
    </p>
   </div>
   <div class='ocr_carea' id='block_1_79' title="bbox 2335 5187 3869 5281">
    <p class='ocr_par' dir='ltr' id='par_1_79' title="bbox 2335 5187 3869 5281">
     <span class='ocr_line' id='line_1_81' title="bbox 2335 5187 3869 5281; baseline -0.004 -18"><span class='ocrx_word' id='word_1_843' title='bbox 2335 5187 2521 5281; x_wconf 48' lang='grc'>(1313)</span> <span class='ocrx_word' id='word_1_844' title='bbox 2548 5187 2673 5263; x_wconf 58' lang='lat' dir='ltr'>libri</span> <span class='ocrx_word' id='word_1_845' title='bbox 2705 5204 2965 5281; x_wconf 76' lang='lat' dir='ltr'>absurda</span> <span class='ocrx_word' id='word_1_846' title='bbox 2988 5202 3208 5281; x_wconf 89' lang='lat' dir='ltr'>opinio,</span> <span class='ocrx_word' id='word_1_847' title='bbox 3239 5207 3446 5281; x_wconf 32' lang='lat' dir='ltr'>stuper</span> <span class='ocrx_word' id='word_1_848' title='bbox 3486 5211 3728 5281; x_wconf 25' lang='lat' dir='ltr'>eatque</span> <span class='ocrx_word' id='word_1_849' title='bbox 3750 5187 3869 5281; x_wconf 56' lang='lat' dir='ltr'>igff:</span> 
     </span>
    </p>
   </div>
   <div class='ocr_carea' id='block_1_80' title="bbox 2266 5263 3868 5352">
    <p class='ocr_par' dir='ltr' id='par_1_80' title="bbox 2266 5263 3868 5352">
     <span class='ocr_line' id='line_1_82' title="bbox 2266 5263 3868 5352; baseline 0.002 -16"><span class='ocrx_word' id='word_1_850' title='bbox 2266 5263 2389 5337; x_wconf 76' lang='lat' dir='ltr'>rius</span> <span class='ocrx_word' id='word_1_851' title='bbox 2419 5263 2715 5352; x_wconf 70' lang='lat' dir='ltr'>leguntur,</span> <span class='ocrx_word' id='word_1_852' title='bbox 2748 5275 2968 5352; x_wconf 84' lang='lat' dir='ltr'>auctori</span> <span class='ocrx_word' id='word_1_853' title='bbox 3003 5263 3206 5352; x_wconf 63' lang='lat' dir='ltr'>nostro</span> <span class='ocrx_word' id='word_1_854' title='bbox 3232 5263 3379 5352; x_wconf 68' lang='lat' dir='ltr'>satis</span> <span class='ocrx_word' id='word_1_855' title='bbox 3409 5263 3665 5352; x_wconf 49' lang='lat' dir='ltr'>mobili,</span> <span class='ocrx_word' id='word_1_856' title='bbox 3694 5283 3728 5323; x_wconf 69' lang='grc'>⁸</span> <span class='ocrx_word' id='word_1_857' title='bbox 3763 5263 3868 5352; x_wconf 40' lang='lat' dir='ltr'>(illi?</span> 
     </span>
    </p>
   </div>
   <div class='ocr_carea' id='block_1_81' title="bbox 2266 5333 3869 5424">
    <p class='ocr_par' dir='ltr' id='par_1_81' title="bbox 2266 5333 3869 5424">
     <span class='ocr_line' id='line_1_83' title="bbox 2266 5333 3869 5424; baseline -0.007 -17"><span class='ocrx_word' id='word_1_858' title='bbox 2266 5333 2615 5423; x_wconf 52' lang='lat' dir='ltr'>Hieronymo</span> <span class='ocrx_word' id='word_1_859' title='bbox 2636 5333 2831 5424; x_wconf 82' lang='lat' dir='ltr'>minus</span> <span class='ocrx_word' id='word_1_860' title='bbox 2847 5348 2995 5402; x_wconf 89' lang='lat' dir='ltr'>bene</span> <span class='ocrx_word' id='word_1_861' title='bbox 3011 5346 3123 5424; x_wconf 84' lang='lat' dir='ltr'>aud</span> <span class='ocrx_word' id='word_1_862' title='bbox 3135 5347 3196 5414; x_wconf 92' lang='lat' dir='ltr'>it,</span> <span class='ocrx_word' id='word_1_863' title='bbox 3212 5344 3313 5417; x_wconf 89' lang='lat' dir='ltr'>qui</span> <span class='ocrx_word' id='word_1_864' title='bbox 3334 5344 3392 5400; x_wconf 87' lang='lat' dir='ltr'>in</span> <span class='ocrx_word' id='word_1_865' title='bbox 3409 5333 3564 5424; x_wconf 73' lang='lat' dir='ltr'>hunc</span> <span class='ocrx_word' id='word_1_866' title='bbox 3581 5333 3869 5424; x_wconf 9' lang='lat' dir='ltr'>locumgajﬁ</span> 
     </span>
    </p>
   </div>
   <div class='ocr_carea' id='block_1_82' title="bbox 2267 5414 3868 5494">
    <p class='ocr_par' dir='ltr' id='par_1_82' title="bbox 2267 5414 3868 5494">
     <span class='ocr_line' id='line_1_84' title="bbox 2267 5414 3868 5494; baseline -0.007 -17"><span class='ocrx_word' id='word_1_867' title='bbox 2267 5424 2425 5477; x_wconf 78' lang='lat' dir='ltr'>Multi</span> <span class='ocrx_word' id='word_1_868' title='bbox 2446 5414 2870 5494; x_wconf 66' lang='lat' dir='ltr'>superstz&#39;tz&#39;osius</span> <span class='ocrx_word' id='word_1_869' title='bbox 2896 5420 3092 5488; x_wconf 67' lang='lat' dir='ltr'>magis,</span> <span class='ocrx_word' id='word_1_870' title='bbox 3115 5414 3279 5488; x_wconf 72' lang='lat' dir='ltr'>quain</span> <span class='ocrx_word' id='word_1_871' title='bbox 3305 5414 3776 5494; x_wconf 36' lang='lat' dir='ltr'>veriuge‘tiamres</span> 
     </span>
    </p>
   </div>
   <div class='ocr_carea' id='block_1_83' title="bbox 2266 5485 3866 5563">
    <p class='ocr_par' dir='ltr' id='par_1_83' title="bbox 2266 5485 3866 5563">
     <span class='ocr_line' id='line_1_85' title="bbox 2266 5485 3866 5563; baseline -0.002 -15"><span class='ocrx_word' id='word_1_872' title='bbox 2266 5511 2390 5548; x_wconf 88' lang='lat' dir='ltr'>cum</span> <span class='ocrx_word' id='word_1_873' title='bbox 2415 5485 2642 5563; x_wconf 54' lang='lat' dir='ltr'>gentiles</span> <span class='ocrx_word' id='word_1_874' title='bbox 2668 5492 2901 5563; x_wconf 80' lang='lat' dir='ltr'>fuerint,</span> <span class='ocrx_word' id='word_1_875' title='bbox 2928 5485 3180 5563; x_wconf 80' lang='lat' dir='ltr'>et</span> <span class='ocrx_word' id='word_1_876' title='bbox 3209 5503 3438 5563; x_wconf 68' lang='lat' dir='ltr'>umorem</span> <span class='ocrx_word' id='word_1_877' title='bbox 3458 5485 3760 5563; x_wconf 61' lang='grc' dir='ltr'>Ιιαρασνίτιΐε</span> <span class='ocrx_word' id='word_1_878' title='bbox 3781 5487 3866 5563; x_wconf 54' lang='grc' dir='ltr'>φφ</span> 
     </span>
    </p>
   </div>
   <div class='ocr_carea' id='block_1_84' title="bbox 2267 5557 3870 5636">
    <p class='ocr_par' dir='ltr' id='par_1_84' title="bbox 2267 5557 3870 5636">
     <span class='ocr_line' id='line_1_86' title="bbox 2267 5557 3870 5636; baseline -0.006 -16"><span class='ocrx_word' id='word_1_879' title='bbox 2267 5557 2503 5630; x_wconf 54' lang='lat' dir='ltr'>amissa,</span> <span class='ocrx_word' id='word_1_880' title='bbox 2524 5572 2642 5636; x_wconf 78' lang='lat' dir='ltr'>post</span> <span class='ocrx_word' id='word_1_881' title='bbox 2665 5557 2993 5636; x_wconf 58' lang='lat' dir='ltr'>baptismum</span> <span class='ocrx_word' id='word_1_882' title='bbox 3014 5560 3492 5636; x_wconf 62' lang='lat' dir='ltr'>Christi,_q_lt_eram</span> <span class='ocrx_word' id='word_1_883' title='bbox 3510 5557 3870 5636; x_wconf 42' lang='lat' dir='ltr'>duxerink‘gf‘</span> 
     </span>
    </p>
   </div>
   <div class='ocr_carea' id='block_1_85' title="bbox 514 5568 3864 5705">
    <p class='ocr_par' dir='ltr' id='par_1_85' title="bbox 514 5568 3864 5705">
     <span class='ocr_line' id='line_1_87' title="bbox 514 5568 3864 5695; baseline -0.003 -74"><span class='ocrx_word' id='word_1_884' title='bbox 514 5578 575 5622; x_wconf 79' lang='lat' dir='ltr'>ut</span> <span class='ocrx_word' id='word_1_885' title='bbox 602 5577 1011 5655; x_wconf 76' lang='lat' dir='ltr'>nuncupantur,</span> <span class='ocrx_word' id='word_1_886' title='bbox 1044 5572 1222 5627; x_wconf 86' lang='lat' dir='ltr'>codex</span> <span class='ocrx_word' id='word_1_887' title='bbox 1254 5575 1449 5626; x_wconf 87' lang='lat' dir='ltr'>noster</span> <span class='ocrx_word' id='word_1_888' title='bbox 1476 5584 1625 5623; x_wconf 77' lang='lat' dir='ltr'>nunc</span> <span class='ocrx_word' id='word_1_889' title='bbox 1663 5574 1932 5649; x_wconf 59' lang='lat' dir='ltr'>putantur</span> <span class='ocrx_word' id='word_1_890' title='bbox 1977 5568 2117 5695; x_wconf 47' lang='lat' dir='ltr'>legit</span> <span class='ocrx_word' id='word_1_891' title='bbox 2140 5585 2152 5634; x_wconf 89' lang='lat'><strong>;</strong></span> <span class='ocrx_word' id='word_1_892' title='bbox 2267 5568 2503 5648; x_wconf 57' lang='lat' dir='ltr'>amissa,</span> <span class='ocrx_word' id='word_1_893' title='bbox 2524 5572 2642 5636; x_wconf 79' lang='lat' dir='ltr'>post</span> <span class='ocrx_word' id='word_1_894' title='bbox 2665 5568 2993 5646; x_wconf 65' lang='lat' dir='ltr'>baptismum</span> <span class='ocrx_word' id='word_1_895' title='bbox 3014 5568 3235 5627; x_wconf 75' lang='lat' dir='ltr'>Christi,</span> <span class='ocrx_word' id='word_1_896' title='bbox 3256 5568 3492 5640; x_wconf 62' lang='lat' dir='ltr'>atteram</span> <span class='ocrx_word' id='word_1_897' title='bbox 3510 5568 3864 5618; x_wconf 57' lang='lat' dir='ltr'>auxerim?&quot;</span> 
     </span>
     <span class='ocr_line' id='line_1_88' title="bbox 514 5622 3864 5705; baseline -0.008 -8"><span class='ocrx_word' id='word_1_898' title='bbox 514 5638 761 5699; x_wconf 83' lang='lat' dir='ltr'>addatur</span> <span class='ocrx_word' id='word_1_899' title='bbox 787 5643 968 5705; x_wconf 71' lang='lat' dir='ltr'>igitur</span> <span class='ocrx_word' id='word_1_900' title='bbox 993 5643 1175 5700; x_wconf 86' lang='lat' dir='ltr'>codex</span> <span class='ocrx_word' id='word_1_901' title='bbox 1201 5645 1397 5696; x_wconf 88' lang='lat' dir='ltr'>noster</span> <span class='ocrx_word' id='word_1_902' title='bbox 1426 5640 1656 5697; x_wconf 89' lang='lat' dir='ltr'>duobus</span> <span class='ocrx_word' id='word_1_903' title='bbox 1688 5636 1825 5705; x_wconf 86' lang='lat' dir='ltr'>1111s,</span> <span class='ocrx_word' id='word_1_904' title='bbox 1849 5656 1908 5693; x_wconf 88' lang='lat' dir='ltr'>1n</span> <span class='ocrx_word' id='word_1_905' title='bbox 1939 5657 2039 5705; x_wconf 90' lang='lat' dir='ltr'>qu1</span> <span class='ocrx_word' id='word_1_906' title='bbox 2086 5655 2156 5694; x_wconf 90' lang='lat' dir='ltr'>us</span> <span class='ocrx_word' id='word_1_907' title='bbox 2270 5644 2468 5693; x_wconf 76' lang='lat' dir='ltr'>tantm</span> <span class='ocrx_word' id='word_1_908' title='bbox 2495 5634 2796 5693; x_wconf 78' lang='lat' dir='ltr'>sacerdotw</span> <span class='ocrx_word' id='word_1_909' title='bbox 2815 5649 2926 5689; x_wconf 78' lang='lat' dir='ltr'>non</span> <span class='ocrx_word' id='word_1_910' title='bbox 2951 5631 3218 5705; x_wconf 75' lang='lat' dir='ltr'>legendos.</span> <span class='ocrx_word' id='word_1_911' title='bbox 3241 5629 3385 5687; x_wconf 73' lang='lat' dir='ltr'>Vide</span> <span class='ocrx_word' id='word_1_912' title='bbox 3405 5644 3531 5702; x_wconf 66' lang='lat' dir='ltr'>quas</span> <span class='ocrx_word' id='word_1_913' title='bbox 3552 5622 3864 5697; x_wconf 85' lang='lat' dir='ltr'>sequuntur.</span> 
     </span>
    </p>
   </div>
   <div class='ocr_carea' id='block_1_86' title="bbox 513 5636 2156 5718">
    <p class='ocr_par' dir='ltr' id='par_1_86' title="bbox 513 5636 2156 5718">
     <span class='ocr_line' id='line_1_89' title="bbox 513 5636 2156 5718; baseline 0.001 -25"><span class='ocrx_word' id='word_1_914' title='bbox 513 5638 761 5699; x_wconf 86' lang='lat' dir='ltr'>addatur</span> <span class='ocrx_word' id='word_1_915' title='bbox 787 5636 968 5718; x_wconf 86' lang='lat' dir='ltr'>igitur</span> <span class='ocrx_word' id='word_1_916' title='bbox 993 5636 1175 5700; x_wconf 86' lang='lat' dir='ltr'>codex</span> <span class='ocrx_word' id='word_1_917' title='bbox 1201 5645 1397 5696; x_wconf 87' lang='lat' dir='ltr'>noster</span> <span class='ocrx_word' id='word_1_918' title='bbox 1426 5636 1825 5708; x_wconf 47' lang='lat' dir='ltr'>duobus&#39;illis,</span> <span class='ocrx_word' id='word_1_919' title='bbox 1849 5638 1908 5693; x_wconf 90' lang='lat' dir='ltr'>in</span> <span class='ocrx_word' id='word_1_920' title='bbox 1939 5636 2156 5711; x_wconf 81' lang='lat' dir='ltr'>quibus</span> 
     </span>
    </p>
   </div>
  </div>
