3978 6210
162 317 267 377 ’709

774 296 1183 361 EXPOSITIO
1227 294 1304 354 IN
1349 285 1771 352 EPISTOLAS
1817 282 2076 344 PAULI.
2112 310 2186 325 -
2219 280 2294 339 IN
2340 280 2588 340 EPIST.
2635 280 2738 339 AD
2782 278 2936 339 TIT.

3430 281 3552 341 710

232 471 256 497 ‹‹
287 438 698 499 Aversantium
730 449 790 490 se
842 450 875 488 a
917 430 1160 486 veritate
1190 449 1217 477 »
1252 432 1296 480 Α
1346 423 1532 497 gratia
1579 418 1801 475 scilicet
1830 419 1883 483 Α
1915 414 2259 468 doctrinam.
2298 436 2324 461 »
2360 414 2471 467 lloc
2500 413 2679 483 igitur
2718 429 2871 467 nunc
2910 411 3221 483 Apostolus
3251 412 3447 467 Titum
3484 416 3551 467 li-

168 538 293 597 Novi
324 527 704 595 Testamenti,
740 540 869 595 quin
900 520 960 575 in
985 517 1295 589 Evangelia
1326 511 1576 569 revelata
1605 513 1713 572 est,
1744 513 1802 560 et
1909 502 2051 557 lium
2086 504 2142 557 in
2176 502 2399 557 Christo
2423 506 2479 556 et
2510 501 2865 572 discipulum
2890 518 3063 556 suum
3088 502 3272 571 docet,
3299 507 3363 556 ut
3384 519 3451 557 ea
3469 501 3551 557 lo-

168 595 469 701 prsedicata
496 616 585 673 vel
643 610 1024 683 imaginibus,
1058 607 1180 701 sive
1234 603 1405 701 dictis
1436 605 1493 656 et
1545 596 1711 701 factis
1741 595 1800 648 in

167 688 342 771 Veteri
388 706 788 764 Testamento.
837 698 1016 771 (1360)
1069 717 1097 744 ‹‹
1144 692 1355 749 Omnia
1381 688 1601 744 munda
1630 701 1800 739 mun-

168 770 328 861 dis.»
359 797 509 863 Quia
535 790 810 864 superius
858 787 1101 841 dixerat.
1140 806 1159 832 α
1216 784 1364 835 Sunt
1419 777 1573 832 enim
1630 770 1803 864 multi

169 860 272 950 non
304 860 549 951 subditi,
574 860 872 949 vaniloqui
909 880 967 929 et
1017 874 1373 943 deceptores,
1427 864 1678 920 maxime
1705 860 1804 932 qui

169 984 231 1038 de
258 971 704 1035 circumcisione
725 969 886 1033 sunt,
921 986 943 1016 ι
980 965 1037 1017 et
1067 961 1138 1015 de
1157 958 1270 1023 his,
1304 956 1404 1027 qui
1431 954 1505 1008 ab
1526 952 1609 1008 eis
1638 952 1804 1005 dece-

168 1070 245 1143 pti
272 1066 524 1129 fuerant,
544 1060 971 1127 consequenter
990 1048 1315 1143 addiderat,
1351 1067 1379 1093 ‹‹
1395 1042 1648 1143 ‘increpa
1676 1037 1806 1143 illos

171 1125 389 1219 acriter,
416 1156 484 1207 ut
507 1125 631 1205 sani
664 1125 783 1202 sint
812 1143 872 1197 in
908 1140 1037 1205 ﬁde,
1065 1154 1181 1192 non
1213 1133 1580 1190 intendentes
1608 1125 1808 1184 Judai-

172 1248 253 1303 cis
280 1240 494 1299 fabulis
522 1242 579 1292 et
605 1232 900 1290 mandatis
932 1226 1260 1291 hominum,
1296 1219 1688 1278 aversantium
1710 1232 1807 1270 ve-

176 1336 423 1397 ritatem,
458 1350 488 1378 »
518 1320 890 1395 etquomodo
922 1317 995 1372 ad
1044 1313 1278 1370 Galatas
1309 1314 1365 1365 et
1411 1309 1481 1363 ad
1514 1308 1809 1397 Romanos

175 1419 509 1495 plenissime
554 1413 908 1484 disputatur,
960 1404 1247 1477 putabant
1293 1400 1444 1495 inter
1494 1396 1655 1495 cibos
1685 1407 1809 1448 esse

175 1485 530 1569 distantiam,
560 1516 696 1556 cum
744 1495 923 1568 aliqui
977 1490 1202 1555 mundi,
1259 1487 1438 1557 aliqui
1476 1485 1813 1538 viderentur

175 1594 496 1659 immundi;
533 1592 838 1662 propterea
876 1597 1031 1637 nunc
1061 1579 1257 1643 infert,
1293 1600 1313 1623 ι
1349 1572 1547 1629 omnia
1595 1569 1816 1625 munda

176 1683 426 1754 mundis,
452 1704 480 1731 »
536 1660 631 1735 his
657 1674 945 1735 videlicet,
995 1668 1096 1740 qui
1127 1668 1187 1721 in
1218 1663 1448 1719 Christo
1479 1660 1815 1754 credunt-et

176 1776 358 1831 sciunt
390 1745 630 1827 omnem
662 1766 984 1820 creaturam
1016 1756 1117 1811 Dei
1148 1755 1363 1809 bonam
1396 1765 1547 1815 esse,
1580 1752 1638 1803 et
1667 1745 1812 1801 nihil

177 1860 599 1934 abjiciendum,
630 1851 788 1925 quod
838 1864 974 1905 cum
1015 1844 1336 1917 gratiarum
1368 1838 1593 1895 actione
1626 1835 1813 1908 perci-

177 1959 711 2107 plt«mCOinquinatis
731 2033 926 2084 autem
940 2029 993 2080 et
1020 2019 1357 2077 inﬁdelibus
1378 2016 1523 2072 nihil
1544 2020 1632 2071 est
1654 2030 1818 2069 mun-

179 2132 310 2186 dum
346 2152 375 2177 ››
410 2101 618 2199 (1361).
650 2114 1021 2188 Coinquinati
1081 2115 1241 2178 sunt,
1291 2112 1348 2163 et
1378 2104 1664 2199 inﬁdeles,
1716 2101 1817 2173 qui

178 2238 286 2276 non
305 2193 554 2274 credunt
560 2214 774 2283 jugum
793 2204 958 2277 legis,
982 2201 1301 2265 Christum,
1320 2194 1595 2283 donando,
1621 2193 1817 2257 fidem,

179 2327 211 2364 a
240 2307 390 2365 collo
423 2282 786 2359 credentium
836 2290 1171 2355 abstulisse,
1221 2287 1277 2341 id
1322 2290 1411 2339 est
1441 2282 1659 2347 omnia,
1694 2295 1821 2350 quae

180 2389 641 2467 temporalaliter
684 2386 742 2439 in
792 2384 983 2454 figura
1038 2380 1268 2432 fuerant
1314 2374 1451 2428 data
1499 2370 1703 2439 (1362),
1738 2366 1823 2421 illi

178 2481 502 2541 immunda
532 2475 827 2532 vocabant.

250 2572 364 2629 Sed
398 2566 712 2639 inquinata:
733 2562 872 2617 sunt
886 2570 1088 2614 eorum
1103 2556 1160 2609 et
1182 2567 1370 2618 mens,
1389 2554 1447 2604 et
1474 2544 1829 2604 conscientia

177 2663 382 2735 (1363).
421 2658 729 2726 Propterea
753 2648 931 2704 etiam
964 2660 1092 2717 quae
1123 2642 1344 2696 munda
1364 2642 1503 2694 sunt
1532 2653 1634 2708 per
1664 2639 1828 2735 natu-

182 2724 448 2818 ram,'eis
479 2724 787 2800 immunda
816 2738 985 2798 fiunt,
1030 2748 1145 2788 non
1174 2746 1289 2802 quo
1322 2727 1695 2782 immundum
1729 2724 1831 2777 fiat

180 2813 424 2914 aliquid,
460 2834 561 2891 sed
594 2847 697 2904 pro
727 2826 1007 2900 qualitate
1036 2819 1427 2914 vescentium,
1451 2821 1509 2871 et
1542 2813 1830 2914 mundum

179 2901 419 2986 mundis
453 2928 511 2980 et
539 2901 914 2977 immundum
945 2908 1363 2968 contaminatis
1396 2905 1515 2960 fiat.
1554 2901 1832 2973 Alioquin

177 3018 455 3075 inﬁdeles
485 3023 750 3084 quosque
779 3009 953 3074 atque
974 2998 1250 3072 pollutos,
1272 2996 1447 3050 etiam
1471 2992 1835 3084 panis-bene:

178 3079 569 3171 dictionis,et
596 3097 744 3154 calix
798 3089 1132 3148 Dominicus
1183 3102 1298 3141 non
1340 3085 1529 3155 juvat,
1563 3080 1702 3152 quia
1732 3079 1833 3151 qui

178 3151 795 3271 indigne—comederit
837 3182 909 3236 de
940 3194 1088 3252 pane
1129 3174 1228 3271 illo
1251 3151 1425 3271 et.
1463 3170 1642 3271 calice
1673 3168 1832 3271 bibe:
1865 3151 1907 3217 C

180 3287 273 3352 rit,
297 3259 611 3357 judicium
633 3274 745 3331 sibi
776 3268 1093 3326 manducet
1121 3268 1178 3320 et
1207 3262 1354 3318 bibit
1381 3262 1425 3331 (I
1454 3263 1577 3357 Ger.
1614 3276 1691 3325 x1,
1722 3259 1836 3329 27).

178 3349 458 3431 Adventu
490 3365 647 3423 enim
673 3358 883 3418 Christi
913 3358 1160 3429 purgata
1189 3356 1328 3407 sunt
1359 3349 1576 3405 omnia.

249 3486 279 3515 ‹‹
312 3458 695 3518 Conﬁtentur
723 3466 787 3505 se
817 3461 991 3503 nosse
1035 3442 1241 3510 Deum,
1292 3437 1461 3495 factis
1506 3440 1698 3492 autem
1741 3452 1838 3490 ne-

177 3557 339 3626 gant.
375 3574 404 3601 ‹‹
466 3541 772 3601 Neminem
819 3534 998 3599 enim,
1052 3531 1132 3586 ita
1184 3533 1249 3583 ut
1295 3543 1377 3594 se,
1435 3525 1639 3580 dicunt
1669 3540 1841 3580 nosse

176 3613 518 3701 Christum,
562 3630 776 3704 quibus
807 3641 876 3681 ex
905 3624 1029 3694 lege
1061 3617 1389 3692 promissus
1417 3619 1526 3681 est,
1548 3614 1647 3669 sed
1673 3613 1841 3669 factis

177 3735 399 3804 negant
430 3701 760 3781 adventum
807 3715 935 3784 ejus
984 3709 1189 3781 (1364),
1237 3708 1380 3762 dum
1429 3720 1491 3759 se
1540 3702 1666 3757 sine
1696 3701 1843 3773 legis

176 3800 397 3876 auiilio
430 3814 655 3889 putant
675 3800 989 3879 justificari
1021 3815 1136 3889 non
1169 3811 1359 3889 posse,

256 3929 277 3956 ς
312 3882 467 3962 Cum
502 3900 623 3957 sint
651 3890 992 3955 abominati,
1015 3882 1480 3952 etincredibiles,
1501 3885 1558 3936 et
1576 3882 1647 3936 ad
1670 3897 1844 3937 omne

178 4015 329 4070 opus
364 3996 599 4050 bonum
617 3981 847 4057 reprobi
869 4001 897 4030 ››
919 3978 1127 4049 (1365).
1152 3972 1452 4070 Quomodo
1474 3970 1658 4070 igitur
1672 3969 1844 4068 labiis

182 4058 316 4158 quis
348 4081 616 4139 honorat
675 4079 879 4140 Deum,
928 4071 987 4122 et
1015 4065 1188 4121 corde
1216 4059 1417 4134 procul
1452 4058 1709 4158 "recedit,
1762 4058 1845 4113 ita

175 4147 368 4231 Deum
421 4179 701 4227 sermone
752 4160 886 4231 quis
917 4154 1253 4217 conﬁtetur,
1309 4147 1585 4220 operibus
1647 4150 1840 4217 negat.

178 4264 423 4334 Negans
455 4260 658 4312 autem
681 4248 954 4321 operibus
976 4244 1183 4306 Deum,
1215 4235 1578 4293 confessione
1609 4234 1845 4289 simula-

178 4322 467 4415 ta,urecte
527 4336 904 4399 exsecrabilis
961 4338 1017 4388 et
1073 4330 1352 4402 profanus
1395 4328 1524 4415 est;
1574 4328 1630 4379 et
1687 4322 1848 4415 nulla

174 4410 455 4496 veritatis
469 4432 696 4489 ratione
720 4438 1059 4499 persuasus,
1077 4416 1417 4473 inobediens
1434 4417 1491 4467 et
1512 4410 1847 4467 incredulus
2024 4410 2070 4499 ᾗ
2091 4410 2409 4499 93016:“:
2433 4410 2701 4499 ξυιξυιιαδ
2734 4410 2871 4499 Vim:
2901 4410 3005 4484 isqu

1330 4518 1400 4557 ne
1449 4516 1599 4571 opus
1627 4499 1846 4555 bonum
1880 4521 1927 4586 Β
1958 4482 2150 4586 mea?“
2171 4476 2414 4586 νειτδυω
2438 4472 2559 4586 Dei,
2595 4496 2623 4522 ’ν
2656 4472 3009 4586 ξιθζγθρρεξ
3033 4473 3606 4586 ὴιεερῇθιξιαιιθηιῖῃεί

1331 4562 1560 4659 ηδ’(ιιξω
1594 4586 1850 4642 natura];
1880 4562 1926 4586 υ
1961 4566 2319 4638 negligentes
2350 4568 2568 4634 essent,
2588 4563 2678 4618 vel
2700 4562 2795 4618 alii
2818 4563 3076 4619 videntes
3099 4579 3195 4619 eas
3221 4564 3445 4635 pejores
3478 4565 3607 4619 effe-

175 4526 553 4601 appellatur.
588 4518 754 4574 Unde
786 4512 976 4601 evenit
1006 4514 1071 4565 ut
1108 4507 1179 4601 ad
1229 4521 1322 4601 om

176 4592 496 4689 reprobus
525 4609 600 4665 sit
627 4632 642 4674 ;
675 4621 791 4677 quo
823 4600 1047 4658 scilicet
1074 4595 1250 4652 etiam
1305 4592 1323 4645 i

172 4676 466 4761 bonitate
554 4676 860 4768 superatus
938 4690 1083 4743 forte
1150 4684 1305 4738 bona
1375 4678 1573 4748 aliqua
1632 4676 1849 4743 fecerit,

171 4810 303 4849 non
365 4788 502 4844 sint
530 4786 696 4855 bona,
734 4784 875 4837 dum
906 4775 1121 4835 mentis
1165 4768 1540 4844 perversitate
1586 4770 1725 4821 sunt
1755 4780 1848 4820 re-

171 4882 399 4957 proba.

1924 597 2137 663 qualur
2170 608 2295 662 quae
2325 608 2482 645 sanae
2514 591 2861 645 conveniant
2891 590 3201 656 doctrinas;
3250 590 3388 662 quia
3412 596 3552 647 tunc

1912 679 2184 734 doctrinre
2216 679 2294 734 sit
2321 679 2559 746 sanitas,
2605 695 2738 733 cum
2763 678 3013 733 doctoris
3046 679 3310 734 doctrina
3339 680 3557 751 pariter

1912 774 1970 823 et
1989 770 2107 823 vita
2137 769 2530 824 consentiunt.

1985 876 2165 945 (1366)
2197 896 2225 925 ‹‹
2255 880 2451 941 Senes,
2487 881 2543 927 ul
2578 873 2755 928 sobrii
2790 873 2927 928 sint.
2960 893 2989 922 »
3025 874 3126 928 Hic
3170 890 3341 931 senes
3366 875 3554 931 Eccle-

1914 964 2013 1018 size
2039 962 2293 1017 seniores
2315 961 2587 1032 appellat,
2611 977 2758 1031 quos
2780 976 3018 1015 necesse
3043 965 3133 1015 est
3150 961 3424 1016 omnibus
3450 962 3563 1017 for—

1917 1068 2072 1105 mam
2125 1052 2399 1122 praebere,
2447 1065 2518 1103 ne
2559 1048 2897 1118 junioribus
2948 1048 3171 1103 malum
3227 1050 3554 1122 exemplum

1916 1140 2227 1211 praebeant.

1988 1252 2015 1276 ‹‹
2052 1227 2273 1293 Pudici,
2308 1227 2646 1297 prudentes,
2678 1229 2805 1280 sani
2840 1226 2899 1279 in
2927 1226 3076 1293 fide;
3120 1227 3178 1281 in
3211 1228 3559 1296 dilectione;

1916 1319 1975 1373 in
2002 1316 2283 1389 patientia
2312 1316 2517 1385 (1467).
2554 1336 2580 1363 ››
2629 1314 2986 1369 Generaliter
3014 1316 3141 1371 Tito
3191 1322 3325 1371 ante
3357 1319 3565 1389 praeci-

1920 1407 2087 1477 piens
2118 1405 2257 1475 quid
2305 1404 2428 1474 ipse
2476 1402 2629 1472 loqui
2675 1404 2912 1457 deberet
2961 1404 3030 1457 ad
3078 1408 3339 1470 cunctos,
3384 1405 3442 1459 in
3472 1422 3560 1473 eo,

1922 1496 2075 1566 quod
2111 1495 2231 1547 ait:
2293 1514 2319 1539 ι(
2350 1493 2431 1545 Tu
2464 1508 2597 1547 vero
2648 1491 2882 1561 loquere
2931 1508 3061 1561 quae
3108 1492 3313 1545 decent
3361 1510 3563 1548 sanam

1922 1584 2268 1639 doctrinam.
2296 1604 2324 1629 ››
2348 1581 2512 1635 Nunc
2535 1597 2637 1652 per
2657 1579 2921 1651 singulas
2943 1580 3332 1652 species.quid
3360 1599 3568 1637 unam-

1924 1688 2219 1745 quamque
2248 1675 2475 1725 {etatem
2495 1670 2694 1725 deceat
2719 1687 2731 1734 ;
2755 1669 3023 1739 exponit;
3048 1669 3304 1740 primum
3327 1671 3569 1725 senibus

1927 1761 2061 1817 viris
2085 1759 2484 1815 convenientia
2507 1776 2518 1823 ;
2544 1757 2752 1812 deinde
2774 1774 2923 1813 anus
2953 1759 3090 1828 quid
3116 1759 3313 1813 deceat
3338 1784 3351 1823 ;
3374 1759 3565 1829 tertio,

1925 1867 2050 1921 quae
2073 1846 2542 1903 adolescentibus
2560 1851 2695 1917 apta
2718 1846 2856 1913 sint,
2876 1852 2995 1900 tam
3022 1846 3282 1901 maribus
3304 1847 3570 1903 videlicet

1927 1954 2103 2010 quam
2136 1936 2406 2001 feminis;
2443 1937 2577 1990 licet
2608 1935 2664 1988 in
2699 1939 2977 2005 praecepto
3000 1934 3311 1989 mulierum
3345 1936 3570 1991 vetula-

1929 2042 2056 2080 rum
2091 2024 2161 2078 de
2192 2021 2660 2078 adolescentibus
2684 2022 2914 2076 feminis
2937 2024 3215 2077 mandata
3235 2024 3571 2093 subjecerit,

1930 2120 1993 2169 ut
2025 2130 2138 2167 non
2169 2118 2287 2166 tam
2321 2112 2445 2183 ipse
2475 2112 2704 2165 doceret
2721 2111 3205 2181 adolescentulus,
3225 2128 3403 2182 quam
3431 2113 3572 2184 quid

1931 2223 1964 2258 a
1995 2202 2202 2257 vetulis
2224 2203 2566 2257 docerentur
2594 2205 2922 2271 exponeret.
2966 2201 3234 2255 Extrema
3266 2202 3336 2256 de
3366 2204 3570 2267 servis,

1932 2296 1989 2347 et
2019 2309 2121 2363 per
2149 2290 2411 2362 singulas
2446 2293 2663 2353 tetates,
2697 2294 2753 2343 et
2800 2288 3161 2343 conditiones
3192 2290 3275 2343 sic
3304 2290 3576 2346 decenter

1933 2384 2218 2454 praecepta
2246 2378 2567 2445 constituit,
2586 2384 2649 2432 ut
2670 2393 2862 2433 sermo
2892 2377 3195 2447 ejus;vitas
3228 2394 3576 2451 morumque

1934 2470 2011 2526 sit
2042 2468 2261 2535 regula.

2008 2599 2035 2625 ‹‹
2069 2578 2229 2629 Anus
2260 2572 2531 2629 similiter
2562 2574 2620 2628 in
2654 2573 2855 2628 habitu
2888 2578 3088 2629 sancto
3119 2574 3299 2647 (1368)
3333 2599 3358 2625 α
3396 2576 3456 2632 Id
3489 2582 3579 2633 est

1939 2682 2065 2736 quae
2098 2664 2463 2735 eligebantur
2492 2663 2563 2717 ad
2623 2663 2867 2717 aliarum
2902 2664 3254 2734 exemplum.
3302 2665 3400 2721 Est
3447 2682 3583 2739 ergo

1940 2754 2176 2810 habitus
2226 2770 2339 2807 non
2373 2756 2631 2818 sanctus,
2666 2752 2736 2806 de
2793 2768 2907 2822 quo
2965 2751 3103 2806 alibi
3163 2752 3341 2808 dicit:
3395 2778 3421 2803 «
3456 2755 3581 2810 Non

1942 2845 2001 2898 in
2061 2842 2230 2897 tortis
2288 2840 2568 2906 crinibus,
2630 2844 2730 2895 aut
2787 2846 2942 2896 veste
3003 2843 3260 2912 pretiosa
3312 2844 3381 2911 (ΙΙ
3442 2844 3577 2901 Tim.

1944 2948 2003 2999 ιι,
2034 2931 2111 2999 9).
2148 2952 2176 2980 ››

2016 3044 2043 3069 ‹‹
2078 3020 2202 3074 Non
2237 3017 2681 3088 criminatrices,
2719 3040 2746 3067 ››
2780 3018 2833 3072 id
2867 3022 2955 3073 est
2983 3035 3054 3073 ne
3098 3019 3188 3074 vel
3235 3020 3470 3091 cognita
3498 3023 3587 3078 vel

1947 3108 2242 3180 incognita
2277 3106 2525 3162 aliorum
2558 3111 2812 3178 peccata,
2848 3107 3017 3177 quasi
3047 3108 3329 3173 convicia,
3363 3108 3493 3164 aliis
3526 3110 3585 3166 in

1948 3198 2089 3255 facie
2122 3197 2433 3269 proferant.

2023 3308 2051 3336 ‹‹
2082 3286 2205 3340 Non
2236 3284 2367 3338 vino
2427 3282 2612 3338 multo
2670 3282 3003 3338 servientes.
3068 3308 3087 3335 ι
3134 3285 3243 3339 Sed
3292 3284 3587 3343 modicum

1949 3378 2020 3432 ad
2054 3373 2427 3431 sobrietatem
2489 3375 2724 3443 propter
2769 3371 3018 3427 salutem
3066 3373 3323 3444 corporis
3383 3373 3588 3429 biben-

1948 3471 2057 3521 tes.

2022 3576 2049 3603 «
2084 3552 2234 3607 Bene
2266 3551 2558 3606 docentes.
2614 3551 2823 3605 Docere
2878 3549 3007 3606 illas
3037 3552 3337 3623 permisit;
3373 3554 3471 3609 sed
3504 3555 3593 3610 fe-

1952 3644 2165 3709 minas,
2197 3644 2253 3696 et
2284 3640 2391 3696 hoc
2423 3656 2537 3695 non
2571 3640 2627 3694 in
2662 3640 2935 3711 Ecclesia,
2960 3642 3059 3697 sed
3090 3642 3360 3715 privatim
3393 3643 3452 3699 in
3484 3662 3593 3702 suo

1949 3749 2088 3789 sexu
2099 3774 2112 3787 .

2023 3845 2049 3871 ‹‹
2080 3818 2571 3889 Adolescentulas,
2605 3824 2669 3874 ut
2696 3818 2850 3875 viros
2881 3837 3019 3876 suos
3051 3827 3266 3878 ament.
3309 3845 3335 3873 ››
3379 3823 3449 3878 Ut
3478 3840 3595 3880 non

1952 3910 2192 3976 alienos,
2228 3908 2346 3964 sive
2378 3909 2517 3980 quia
2547 3907 2755 3979 aliqua:
2807 3910 3171 3965 continentes
3220 3918 3387 3966 erant
3417 3929 3509 3979 ne,
3545 3914 3596 3968 si

1952 4016 2067 4054 non
2100 3997 2405 4069 diligerent
2432 3996 2584 4050 viros
2634 4013 2793 4063 suos,
2844 3998 3084 4052 verbum
3136 3999 3259 4065 Dei,
3290 4003 3595 4070 tamquam

1952 4086 2262 4142 dissidium
2298 4084 2640 4155 praedicans,
2672 4084 3025 4154 culparetur.

2027 4213 2055 4240 «
2086 4190 2430 4255 Prudentes,
2464 4192 2674 4258 castas,
2724 4188 2970 4257 sobrias,
3005 4189 3216 4244 domus
3264 4206 3463 4245 curam
3496 4191 3601 4247 ha-

1955 4281 2177 4346 bentes,
2212 4301 2238 4329 .)
2273 4294 2344 4333 ne
2374 4278 2525 4332 viros
2557 4293 2696 4331 suos
2732 4277 2789 4330 in
2818 4275 3011 4348 aliquo
3045 4278 3446 4334 constristent.

2029 4410 2056 4436 ‹‹
2091 4386 2399 4459 Benignas,
2433 4384 2701 4439 subditas
2730 4384 2871 4439 viris
2903 4384 3049 4454 suis,
3083 4390 3149 4439 ut
3179 4402 3293 4440 non
3324 4385 3603 4458 blasphe-

1962 4661 2107 4723 ctas,
2139 4671 2318 4726 quam
2350 4654 2583 4709 fuerant
2629 4657 2762 4708 ante
2795 4654 2990 4721 fidem,
3039 4653 3414 4709 detraherent
3443 4652 3607 4709 Chri-

1963 4745 2164 4799 stianae
2196 4741 2463 4816 religioni
2485 4743 2692 4813 (1369).

2035 4850 2098 4904 In
2131 4867 2195 4905 eo
2227 4866 2383 4920 vero,
2418 4848 2571 4919 quod
2604 4848 2878 4919 superius
2909 4847 3018 4903 ait:
3056 4850 3265 4906 «Anus
3289 4849 3612 4905 similiter»

244 4935 425 5043 (CA9.
455 4964 555 5035 ll.)
592 4986 613 5013 ι
650 4962 737 5017 Tu
768 4964 963 5017 autem
994 4955 1231 5024 loquere
1252 4964 1381 5019 quae
1409 4947 1617 5001 decent
1646 4959 1853 4998 sanam
1963 4940 2168 5011 (1370),
2202 4940 2311 4995 hoc
2342 4943 2432 4993 est
2462 4937 2544 4990 ita
2569 4940 2635 4989 ut
2663 4935 2769 4989 viri
2800 4952 2969 4991 senes
2992 4938 3052 4991 in
3070 4939 3348 4993 omnibus
3378 4937 3614 5008 sobria,

274 5093 453 5162 1360)
491 5089 577 5162 Πιι
1130 5149 1169 5162 η
1210 5146 1222 5162 ι

493 5161 621 5215 An:
657 5174 785 5230 quae
818 5152 1099 5225 expositio
1130 5146 1349 5218 Pelagii
1381 5148 1493 5199 est.

278 5168 421 5223 1361
493 5167 621 5215 An:
657 5174 785 5230 quae
818 5167 1099 5225 expositio
1131 5167 1216 5203 γε)

274 5167 455 5305 1362)
491 5233 673 5305 Deest
702 5230 966 5295 fortasse,
998 5230 1051 5278 et
1077 5236 1216 5291 qua.

276 5302 458 5377 1363)
494 5302 584 5377 ιρ.

494 5348 741 5444 ’Ϋὲχιῃε
790 5369 883 5444 hic
928 5362 1344 5444 Pelagiiuseu‘
1374 5348 1863 5444 Hief‘o‘nvrniastri

175 5425 301 5522 est:
474 5425 813 5523 ita—habet:
847 5440 911 5495 Se
938 5425 1139 5523 melius
1152 5425 1441 5523 :Chrfstuzn
1462 5425 1863 5523 dziuﬁfjofff,

172 5492 439 5593 3926;;-
831 5492 985 5593 :‘V'Zsed
1029 5505 1219 5593 (actis,
1243 5506 1350 5593 etp.

174 5569 689 5674 EuéIEQu’potius
722 5569 1164 5653 intelligendum
1187 5575 1258 5629 de
1286 5569 1528 5637 Judaeis,
1551 5569 1650 5635 qui
1678 5569 1864 5619 nemi-

1967 5080 2098 5118 nem
2131 5079 2292 5134 aaque
2323 5077 2387 5115 ac
2413 5058 2547 5129 ipsi,
2581 5060 2920 5113 asserebant
2949 5076 3122 5116 nosse
3153 5060 3471 5117 Christum.

2042 5135 2221 5205 (1365)
2253 5135 2336 5188 Ih.

2043 5205 2231 5274 (1366)
2258 5204 2371 5259 AN.

2069 5276 2228 5346 1367)
2264 5278 2344 5329 1h.

2070 5346 2367 5417 1358Mn-
2454 5406 2467 5417 .
2535 5402 2593 5417 η.

2045 5402 2324 5559 ςξξῖῗ)ἆυ
2365 5406 2494 5465 cod.
2529 5402 2902 5463 Christianam
2930 5411 3270 5487 religionem.
