3978 6210
322 391 433 450 7H

336 523 612 582 honestae,
648 510 893 585 pudicae,
945 516 1100 558 sana:
1129 497 1188 551 in
1225 494 1357 559 ﬁde,
1389 495 1445 545 et
1473 485 1739 543 castitate

337 564 612 582 μνηνυηἺ
650 564 678 585 τ
698 564 718 566 ,κ
882 564 892 573 ,

337 616 395 666 et
424 603 724 679 patientia,
741 602 940 652 utnon
964 590 1084 646 sint
1110 579 1515 645 accusatrices,
1541 591 1656 630 non
1678 570 1808 625 vino
1833 564 1978 621 mul-

1047 677 1056 679 _
1225 676 1231 679 _
1418 671 1425 679 ,
1468 666 1477 675 ,
1598 677 1690 679 ί
1871 654 1978 679 LM

339 654 394 666 υ.

339 704 396 753 to
441 693 780 749 servientes,
832 683 978 736 bene
1029 676 1327 735 docentes,
1379 671 1436 721 et
1465 666 1522 719 in
1555 677 1694 716 sexu
1732 673 1840 712 suo
1871 654 1982 708 hoc

350 786 602 841 habeant
625 773 946 850 proprium,
980 771 1044 821 ut
1075 765 1194 818 sint
1222 761 1280 813 in
1313 755 1518 810 habitu
1550 755 1772 805 sancto.

408 899 433 924 ‹‹
467 872 715 926 Juvenes
765 858 1040 917 similiter
1080 852 1403 909 exhortare,
1438 847 1501 897 ut
1558 836 1740 895 sobrii
1774 833 1914 888 sint.
1952 850 1980 878 »

337 925 503 1020 Sicut
532 961 590 1014 in
623 972 710 1021 eo,
743 949 896 1022 quod
931 959 1111 1015 supra
1141 936 1511 1012 praceperat,
1545 929 1746 983 dicens
1774 947 1793 971 ι
1821 925 1980 975 Anus

340 1049 609 1107 similiter
646 1044 704 1096 in
736 1037 937 1094 habitu
970 1037 1195 1094 sancto,
1221 1049 1248 1076 n
1282 1018 1734 1081 similitudinem
1760 1023 1983 1067 annum

342 1140 676 1194 dixeramus
709 1129 780 1184 ad
812 1140 980 1182 senes
1011 1135 1139 1176 esse
1169 1111 1529 1172 referendam
1555 1123 1570 1173 ;
1630 1105 1713 1159 ita
1743 1116 1859 1155 nun

441 1223 591 1297 quod
627 1217 826 1275 intulit
849 1233 861 1271 :
888 1237 914 1263 α
939 1214 1183 1267 .luvenes
1215 1201 1487 1259 similiter
1507 1196 1759 1256 hortare,
1787 1193 1852 1242 ut
1880 1203 1988 1256 pu-

347 1315 463 1373 dici
489 1314 629 1377 sint,
664 1331 690 1358 »
723 1300 1172 1361 similitudinem
1198 1294 1481 1362 juvenum
1505 1285 1578 1339 ad
1601 1297 1770 1346 anus,
1803 1280 1860 1332 et
1890 1289 1990 1344 per

356 1421 504 1462 anus
537 1401 608 1457 ad
633 1412 802 1453 senes
824 1391 1178 1448 arbitramur
1205 1377 1542 1452 aptandam,
1565 1377 1630 1426 ut
1652 1381 1860 1424 senum
1888 1363 1990 1417 ha-

352 1452 966 1553 beantﬁswobrietatem,
999 1481 1056 1531 et
1107 1468 1338 1528 honesti
1395 1465 1532 1526 sint,
1574 1465 1630 1515 et
1686 1452 1902 1529 pudici,
1936 1455 1993 1506 et

355 1584 484 1642 sani
523 1582 581 1635 in
612 1539 745 1644 ﬁ—de,
797 1576 853 1626 et
899 1539 1201 1626 cbaritate,
1237 1563 1307 1613 .et
1355 1550 1674 1627 patientia;
1707 1550 1770 1600 ut
1798 1539 1992 1615 pudici

357 1675 479 1730 sint
508 1670 569 1724 in
585 1661 879 1724 omnibus,
902 1661 1022 1712 tam
1044 1649 1266 1708 scilicet
1296 1649 1510 1707 mente,
1533 1653 1708 1710 quam
1732 1645 1991 1700 corpore,

355 1769 475 1819 tam
508 1771 697 1829 opere,
731 1718 907 1822 quam
941 1737 1323 1813 cogitatione;
1355 1737 1420 1786 ut
1466 1725 1629 1784 nulla
1657 1724 1734 1780 sit
1765 1720 1820 1775 in
1853 1718 1990 1774 ado-

352 1823 607 1907 lescente
639 1836 895 1909 suspicio
918 1823 1320 1901 turpitudinis.

484 1901 552 1989 in
575 1901 850 1988 omnibus
869 1921 1123 1992 teipsum
1148 1913 1336 1986 praebe
1358 1903 1688 1977 exemplum
1709 1901 1995 1956 bonorum

359 1987 621 2098 operum,
662 2041 688 2068 »
719 2013 877 2071 Nihil
904 1987 1060 2065 enim
1086 2003 1324 2076 prodest
1343 1997 1598 2068 aliquem
1621 1987 1995 2046 exercitatum

354 2077 487 2171 esrs—e
604 2077 867 2169 dicendo,
900 2103 956 2154 et
985 2096 1053 2152 ad
1071 2089 1431 2164 loquendum
1461 2083 1689 2138 trivisse
1710 2077 1994 2147 linguam,

353 2204 469 2261 nisi
496 2201 627 2274 plus
655 2190 916 2264 exemplo
947 2181 1226 2246 docuerit,
1260 2192 1435 2249 quam
1465 2170 1657 2226 verbo.

427 2252 469 2260 --
497 2252 622 2274 Γπ-
826 2252 842 2264 ,

427 2317 453 2342 ‹‹
489 2292 696 2346 Servos
727 2277 984 2339 dominis
1013 2273 1138 2329 suis
1168 2266 1440 2324 subditos
1463 2276 1611 2317 esse.
1640 2258 1700 2311 in
1723 2252 2000 2310 omnibus

355 2383 673 2456 placentes,
707 2387 822 2427 non
854 2361 1334 2421 contradicentes,
1369 2368 1484 2407 nou
1515 2347 1876 2410 fraudantes,
1898 2340 1997 2394 sed

947 2452 955 2456 ”
1255 2448 1263 2456 ·
1368 2440 1381 2456 ¹
1470 2442 1552 2456 ι--
1599 2428 1997 2456 --ιΔΑηικζηηηη

359 2428 420 2524 in
451 2463 728 2522 omnibus
753 2457 926 2511 ﬁdem
947 2452 1157 2504 bonam
1182 2440 1578 2501 ostendentes,
1599 2428 2000 2488 utdoctrinam

359 2551 676 2614 Salvatoris
697 2543 880 2602 nostri
909 2540 1010 2594 Dei
1034 2538 1240 2592 ornent
1261 2531 1318 2584 in
1349 2525 1642 2583 omnibus.
1670 2542 1690 2568 ιι
1718 2516 2004 2583 Quoniam

365 2642 670 2701 Dominus,
703 2640 760 2691 et
791 2630 1055 2688 Salvator
1085 2626 1304 2686 noster,
1331 2615 1430 2687 qui
1463 2613 1521 2666 in
1547 2607 1852 2678 Evangelio
1883 2604 1999 2658 ait:

367 2759 392 2784 ‹‹
429 2730 631 2786 Venite
681 2725 752 2779 ad
803 2736 894 2775 me
926 2730 1150 2776 omnes,
1196 2708 1296 2780 qui
1328 2699 1626 2767 laboratis,
1676 2702 1734 2752 et
1780 2690 2002 2750 onerati

364 2782 614 2882 estis,et
646 2830 750 2886 ego
782 2806 1038 2865 reﬁciam
1070 2818 1172 2856 vos
1210 2795 1425 2868 (Matth.
1461 2808 1539 2857 χι,
1568 2788 1681 2857 28),
1718 2806 1742 2833 ››
1779 2782 2002 2838 nullam

366 2907 783 2966 conditionem,
817 2900 1064 2962 aetatem,
1115 2903 1340 2951 sexum,
1374 2900 1408 2936 a
1456 2875 1812 2934 beatitudine
1845 2869 2005 2925 arbi-

363 3004 553 3054 tratur
582 2993 837 3049 alienum
863 3004 876 3041 :
903 2987 1202 3056 pr0pterea
1230 2990 1383 3029 nunc
1412 2965 1723 3041 Apostolus
1746 2966 1802 3016 et
1822 2958 2006 3016 servis

363 3048 651 3161 praicepta
706 3048 1029 3140 constituit,
1089 3064 1330 3128 scilicet,
1391 3064 1456 3114 ut
1508 3054 1657 3129 parti
1713 3048 2003 3112 Ecclesiae,

367 3136 580 3161 νην-τ
600 3136 634 3138 η
1016 3136 1025 3140 _

367 3173 764 3242 membrisque
795 3160 1052 3234 corporis
1071 3152 1304 3213 Christi.
1323 3151 1390 3204 Et
1412 3142 1702 3218 quomodo
1735 3136 2005 3210 superius

369 3203 764 3242 ιιιυιυιπιδιιυυ
795 3203 989 3234 νυιιμυ.
1007 3203 1051 3213 ..ο
1074 3203 1302 3213 ...κ---.7.
1324 3203 1335 3204 γ
1429 3203 1446 3218 ι
1810 3203 1827 3210 -

369 3281 539 3332 anus,
573 3249 1059 3315 adolescentulas,
1102 3246 1370 3316 juvenes,
1413 3235 1548 3307 quid
1583 3234 1746 3286 Titus
1776 3226 2006 3284 erudire
2037 3203 2079 3269 (ἶ

370 3355 600 3420 debere,
631 3342 866 3402 edocuit
889 3358 900 3407 ;
926 3339 1009 3392 ita
1039 3349 1194 3390 nunc
1219 3327 1398 3385 servis
1420 3328 1556 3396 apta
1576 3323 1857 3393 praecepta
1878 3331 2008 3370 con-

377 3441 594 3498 stituit:
631 3435 887 3508 primum
912 3433 976 3482 ut
1005 3420 1222 3480 subditi
1247 3411 1634 3472 sintdominis
1657 3407 1780 3464 suis
1803 3406 1860 3460 in
1885 3421 2008 3460 om-

371 3532 547 3587 nibus
573 3546 585 3594 ;
610 3526 667 3580 in
695 3523 786 3578 his
809 3523 1002 3575 autem
1026 3511 1320 3571 omnibus,
1339 3518 1603 3574 (1118311011
1629 3502 1767 3553 sunt
1787 3500 2010 3552 contra-

375 3619 459 3674 ria
489 3618 625 3685 Deo,
660 3618 724 3666 ut
753 3611 798 3663 si
835 3606 1108 3661 dominus
1138 3616 1205 3653 ea
1228 3597 1415 3666 jubet,
1451 3609 1576 3662 quae
1623 3605 1738 3643 non
1771 3586 1890 3640 sint
1910 3586 2011 3640 ad-

372 3721 540 3762 versa
561 3696 878 3770 Scripturis
902 3683 1498 3755 sanctis,subjiciatur
1524 3693 1724 3733 servus
1746 3675 2010 3740 domino;

378 3797 423 3852 si
455 3809 586 3847 vero
619 3783 911 3844 contraria
933 3776 1209 3852 praecipit,
1253 3770 1442 3841 magis
1472 3767 1705 3824 obediat
1752 3763 2016 3833 spiritus,

377 3898 557 3956 quam
589 3873 846 3948 corporis
861 3869 1118 3926 domino.
1140 3863 1455 3933 Diligenter
1471 3854 1751 3912 attendite
1773 3867 2014 3924 quomo-

383 3974 455 4028 do
487 3981 745 4039 congrua
774 3958 1037 4036 personis
1086 3955 1368 4028 precepta
1414 3947 1721 4002 decernat:
1763 3962 1783 3988 α
1835 3939 2018 4009 Servi,

378 4059 572 4133 inquit
601 4052 854 4112 dominis
886 4049 1008 4104 suis
1039 4040 1257 4101 subditi
1289 4039 1408 4094 sint
1436 4036 1496 4090 in
1526 4032 1820 4089 omnibus.
1858 4051 1886 4079 »

453 4119 481 4200 ξ
514 4143 798 4220 Apparuit
827 4138 982 4195 enim
1014 4133 1200 4208 gratia
1234 4129 1329 4184 Dei
1353 4122 1668 4182 Salvatoris
1691 4119 1873 4175 nostri
1903 4133 2022 4172 om-

381 4241 556 4297 nibus
572 4231 910 4291 hominibus
934 4225 1208 4282 erudiens
1232 4234 1355 4273 nos.
1374 4238 1401 4264 »
1425 4216 1563 4268 Post
1579 4207 1910 4280 catalogum
1927 4206 2022 4260 do.

380 4295 577 4386 ctrina;
613 4325 683 4380 ad
705 4322 922 4382 Titum,
959 4313 1098 4387 quid
1130 4325 1322 4371 senes,
1353 4303 1492 4375 quid
1519 4316 1688 4368 anus,
1712 4297 1852 4368 quid
1884 4295 2021 4349 ado-

379 4413 752 4479 lescentulas,
803 4407 1143 4478 etjuvenes,
1196 4396 1336 4468 quid
1364 4394 1431 4447 ad
1475 4394 1794 4444 extremum
1828 4399 2022 4439 servos

379 4505 609 4562 erudire
641 4470 898 4563 deberet:
917 4496 1067 4548 recte
1091 4501 1245 4543 nunc
1261 4479 1487 4537 intulit:
1507 4500 1532 4526 ‹‹
1560 4471 1845 4545 Apparuit
1866 4470 2020 4524 enim

381 4594 569 4668 gratia
601 4590 700 4646 Dei
723 4562 1039 4644 Salvatoris
1061 4574 1336 4633 omnibus
1357 4563 1766 4622 hominibus.»
1792 4564 1914 4612 Non
1937 4562 2027 4614 est
2055 4567 2101 4632 D

382 4647 437 4668 ο-
456 4647 523 4650 π
546 4647 549 4648 ν

382 4685 537 4740 enim
570 4680 689 4737 ulla
717 4671 1044 4732 diti‘erentia
1070 4661 1258 4726 liberi,
1287 4662 1343 4712 et
1373 4652 1544 4720 servi,
1576 4648 1776 4717 Graeci,
1808 4650 1866 4702 et
1894 4647 2023 4702 bar-

382 4772 528 4841 bari,
559 4761 911 4827 circumcisi,
944 4763 1000 4814 et
1029 4749 1301 4810 habentis
1331 4739 1705 4815 praeputium,
1742 4735 2023 4805 mulieris,

383 4867 438 4918 et
467 4859 595 4929 viri,
629 4856 728 4912 sed
760 4848 954 4908 cuncti
975 4850 1032 4900 in
1053 4840 1283 4896 Christo
1308 4848 1490 4887 unum
1506 4843 1744 4894 sumus;
1769 4825 2025 4882 universi

382 4951 454 5007 ad
487 4948 587 5004 Dei
619 4957 862 5017 regnum
894 4942 1209 4990 vocamur;
1233 4937 1435 4978 omnes
1467 4921 1599 4991 post
1621 4916 1900 4972 offensam
1922 4915 2026 4969 Pa-

383 5040 458 5096 tri
491 5041 690 5093 nostro
719 5015 1133 5086 reconciliandi
1165 5027 1392 5078 sumus,
1418 5025 1529 5064 non
1563 5023 1664 5078 per
1697 5003 1902 5060 merita
1930 5020 2030 5058 no-

385 5092 524 5192 stre,
545 5092 659 5181 sed
692 5137 793 5192 per
850 5109 1095 5185 gratiam
1144 5099 1455 5159 Salvatoris
1487 5096 1705 5153 nostri:
1755 5092 1841 5150 vel
1875 5092 2028 5164 quod

385 5180 711 5273 DeiIPatris.
732 5180 954 5266 vivens,
978 5202 1035 5253 et
1059 5193 1389 5250 subsistens
1412 5187 1602 5261 gratia
1624 5184 1747 5256 ipse
1777 5183 1853 5238 sit
1872 5180 2030 5235 Chri-

385 5269 504 5369 t—uvs,
535 5299 624 5355 vel
655 5295 809 5369 quod
842 5287 1056 5348 Christi
1089 5283 1187 5339 Dei
1209 5277 1522 5336 Salvatoris
1553 5274 1677 5328 hac
1707 5271 1784 5327 sit
1813 5269 2029 5342 gratia;

387 5397 444 5448 et
475 5407 591 5445 non
625 5390 820 5441 nostro
850 5378 1054 5436 merito
1085 5369 1283 5429 salvati
1309 5368 1496 5423 simus
1518 5361 1836 5418 secundum
1862 5356 2029 5411 illud.

389 5480 544 5551 quod
579 5478 636 5532 in
671 5474 784 5531 alio
805 5473 932 5528 loco
963 5466 1174 5522 dicitur
1204 5478 1216 5516 :
1241 5482 1267 5507 ‹‹
1303 5461 1410 5511 Pro
1433 5451 1615 5507 nihilo
1648 5447 1834 5504 salvos
1857 5443 2034 5501 iacies

463 5584 647 5655 (1371)
681 5587 739 5639 D.
777 5580 1011 5637 Hieron.
1043 5568 1330 5626 charitale.

463 5585 620 5655 (1371
681 5587 739 5639 ι).

462 5585 647 5737 (ωπρζ
673 5659 774 5717 Αη.

1336 353 1674 420 ATTONIS
1718 339 2306 412 VERCELLENSIS
2353 331 2705 396 EPlSCOPl

3613 317 3744 377 712

1769 475 1974 550 (1371),
2006 476 2059 540 Α
2091 487 2188 526 eos
2210 468 2379 539 (Psal.
2405 482 2496 531 av,
2529 464 2603 534 8).
2635 483 2663 512 ››
2696 463 2833 550 Quae
2861 455 3052 530 gratia
3080 453 3358 511 omnibus
3393 448 3744 508 hominibus

2092 561 2220 614 ideo
2253 556 2545 627 apparuit,
2580 555 2644 605 ut
2674 548 2930 604 erudiret
2962 561 3088 600 nos.

2162 648 2346 717 (1372)
2381 667 2407 695 ‹‹
2459 643 2532 698 Ut
2554 642 2909 710 abnegantes
2931 633 3313 706 impietatem,
3345 635 3405 686 et
3433 627 3750 685 saecularia

2092 734 2401 791 desideria.
2437 753 2463 780 »
2495 728 2782 786 Saeculare
2803 730 2892 781 est
2913 739 3085 779 omne
3106 719 3463 777 desiderium
3481 715 3744 781 carnale,

2091 830 2149 880 et
2171 823 2363 878 omnis
2384 820 2625 876 ambitio
2639 813 3002 888 temporalis,
3027 811 3140 867 Deo
3165 811 3292 881 ipso
3307 807 3569 863 dicente:
3591 828 3620 855 «
3647 808 3752 860 At-

2091 913 2329 981 tendite,
2372 926 2442 965 ne
2473 912 2786 980 graventur
2815 903 2992 958 corda
3021 903 3216 956 vestra
3270 897 3330 952 in
3379 895 3640 968 crapula,
3683 899 3752 950 et.

2094 1003 2392 1061 ebrietate,
2417 1004 2475 1054 et
2507 996 2664 1052 curis
2691 995 2869 1064 hujus
2901 991 3046 1044 vitae.
3080 987 3307 1052 Sobria,
3347 987 3530 1056 justo,
3561 987 3620 1038 et
3649 983 3748 1055 pie

1867 1114 1896 1152 c
1927 1096 1986 1150 in
2095 1089 2434 1146 vivamusin
2451 1088 2559 1142 hoc
2573 1083 2786 1140 saaculo
2808 1083 2958 1152 (Luc.
2981 1095 3096 1146 xxi,
3119 1077 3230 1148 34).
3251 1100 3274 1127 ι
3313 1075 3605 1130 Admonet
3634 1087 3748 1127 nos

2099 1181 2332 1254 quidem
2367 1176 2481 1232 alio
2511 1174 2636 1229 loco
2666 1173 2821 1228 idem
2853 1171 3058 1226 beatus
3109 1163 3445 1237 Apostolus.
3494 1161 3702 1216 dicens
3729 1177 3745 1215 :

2098 1251 2132 1318 ιζ
2150 1271 2275 1324 Νοη
2305 1267 2434 1339 plus
2455 1279 2676 1336 sapere,
2701 1276 2877 1332 quam
2901 1259 3130 1329 oportet
3152 1270 3374 1325 sapere,
3403 1251 3504 1308 sed
3531 1265 3749 1321 sapere

2100 1361 2170 1416 ad
2193 1357 2568 1413 sobrietatem
2600 1355 2774 1420 (Rom.
2801 1364 2902 1415 xu,
2923 1348 2997 1417 3).
3036 1370 3056 1395 ι
3093 1345 3508 1400 Verumtamen
3540 1340 3598 1394 in
3633 1339 3749 1394 hac

2100 1447 2396 1520 tripertita
2421 1440 2726 1507 divisione,
2757 1438 2816 1492 in
2849 1453 2967 1508 qua
2988 1433 3150 1497 dicit,
3172 1437 3237 1487 ut
3259 1431 3473 1495 sobrie,
3489 1428 3749 1498 etjuste,

2101 1542 2157 1593 et
2187 1536 2278 1608 pie
2306 1534 2590 1598 vivamus,
2618 1528 2845 1582 videtur
2866 1522 3032 1590 mihi,
3065 1521 3204 1592 quia
3232 1517 3330 1574 ille
3359 1516 3552 1572 sobrie
3579 1515 3748 1582 vivit,

2102 1603 2204 1697 qui
2231 1640 2345 1678 non
2379 1619 2644 1692 sequitur
2661 1615 3083 1671 dalectamenta
3102 1608 3348 1663 luxuriae
3371 1607 3566 1676 ;juste
3585 1603 3751 1670 vivit,

2102 1692 2201 1785 qui
2235 1711 2562 1784 proximum
2595 1704 2932 1760 nullatenus
2960 1697 3140 1763 laedit,
3192 1695 3328 1752 etei
3357 1693 3664 1759 beneﬁcia,
3686 1692 3752 1747 in

2103 1781 2392 1874 quantum
2423 1796 2595 1859 valet,
2617 1791 2907 1863 impendit.
2932 1806 2946 1856 ;
2981 1788 3070 1858 pie
3098 1785 3267 1853 vivit,
3289 1783 3390 1856 qrui
3411 1800 3448 1837 a
3471 1781 3754 1838 societate

2106 1869 2511 1947 ecclesiastica
2545 1881 2787 1938 unitatis
2845 1876 3009 1932 nulla
3065 1874 3297 1930 ratione.
3325 1869 3611 1939 discedit;
3644 1869 3752 1925 sed

2107 1982 2262 2035 intra
2285 1974 2602 2032 Ecclesiam
2635 1969 2880 2042 positus,
2913 1983 3002 2033 ea,
3036 1981 3162 2036 quae
3217 1960 3541 2017 certissime
3566 1958 3747 2029 novit,

2109 2072 2177 2123 ad
2198 2064 2498 2122 scientiam
2518 2077 2662 2116 veris
2689 2056 2820 2112 ﬁdei
2845 2048 3544 2127 pertinereindubitanter
3556 2051 3746 2114 tenet;

2108 2158 2207 2212 illa
2237 2171 2391 2218 vero,
2423 2167 2550 2223 quae
2584 2149 2832 2219 ignorat,
2865 2147 2966 2199 aut
2995 2143 3066 2197 de
3109 2140 3328 2212 quibus
3356 2136 3605 2205 dubitat,
3633 2135 3749 2190 hu-

2109 2245 2344 2308 militer,
2375 2257 2441 2296 ac
2473 2239 2759 2312 patienter
2784 2232 3063 2305 explorat,
3095 2231 3300 2296 donec,
3333 2227 3384 2284 si
3417 2225 3557 2298 quid
3581 2223 3754 2280 aliter

2109 2335 2281 2406 sapit,
2305 2333 2420 2388 Deo
2452 2328 2563 2385 sibi
2594 2325 2882 2382 revelante
2913 2323 3246 2393 cognoscat.
3280 2317 3410 2372 Hec
3438 2319 3640 2372 autem
3664 2330 3756 2369 so-

2111 2403 2345 2487 brietas,
2361 2417 2677 2491 justitia,et
2697 2413 2903 2485 pietas,
2931 2426 3060 2481 quae
3078 2406 3304 2464 cunctis
3326 2406 3542 2461 debent
3561 2403 3757 2458 inesse

2111 2510 2401 2574 ﬁdelibus,
2435 2508 2515 2561 ita
2545 2503 2655 2559 sibi
2684 2517 2952 2557 connexa;
2983 2501 3148 2565 sunt,
3203 2499 3268 2550 ut
3289 2494 3356 2565 Isi
3403 2510 3528 2548 una
3553 2507 3758 2547 earum

2113 2598 2378 2660 defuerit,
2399 2597 2603 2659 altera,
2627 2588 3229 2663 qumvideturinesse,
3261 2581 3598 2638 nullatenus
3627 2597 3757 2652 pro-

2113 2691 2208 2744 sit.
2233 2688 2432 2758 Neque
2465 2683 2618 2737 enim
2652 2679 2957 2742 sobrietas,
2991 2691 3110 2746 qua
3133 2673 3384 2744 quisque
3417 2671 3475 2724 in
3508 2670 3702 2741 seipse
3724 2687 3760 2724 a

2114 2776 2352 2849 ﬂagitiis
2384 2773 2656 2836 abstinet,
2693 2768 2806 2824 nisi
2838 2767 2954 2837 pia,
2987 2770 3044 2820 et
3064 2764 3229 2833 justa
3249 2759 3446 2830 fuerit,
3466 2759 3526 2813 id
3553 2763 3663 2827 est,
3695 2762 3762 2813 ut

2115 2871 2173 2921 et
2192 2848 2250 2919 in
2277 2865 2458 2919 Deum
2485 2864 2638 2914 recte
2660 2857 2892 2912 credat:
2919 2869 3021 2908 nec
3047 2854 3345 2906 fructuosa
3387 2848 3622 2918 justitia
3651 2851 3762 2914 est,

2116 2972 2232 3026 qua
2261 2949 2673 3022 unusquisque
2703 2945 2812 3001 hoc
2842 2941 3135 3014 impendit
3165 2937 3622 3011 proximo,quod
3648 2935 3763 2991 sibi

2117 3043 2440 3100 delectatur
2468 3036 2751 3110 impendi,
2785 3034 2834 3089 si
2866 3031 3083 3097 sobria,
3133 3029 3346 3101 pieque
3399 3043 3515 3082 non
3549 3026 3761 3082 fuerit:

2117 3133 2302 3206 pietas
2334 3143 2565 3201 quoque
2599 3128 2831 3180 mortua
2859 3126 2971 3185 est,
3002 3135 3120 3191 qua
3150 3118 3208 3172 in
3243 3122 3426 3171 Deum
3456 3119 3613 3171 recte
3637 3131 3763 3170 cre-

2119 3223 2280 3277 ditur
2303 3238 2317 3288 ;
2340 3219 2388 3274 si
2409 3216 2497 3271 vel
2521 3229 2750 3270 morum
2778 3211 3086 3279 sobrietas,
3111 3205 3199 3262 vel
3221 3203 3468 3278 proximi
3503 3203 3766 3261 charitas

2118 3329 2231 3367 non
2257 3314 2504 3364 tenetur.
2530 3305 2694 3359 Tunc
2719 3301 2897 3373 igitur
2919 3299 3126 3354 animas
3155 3311 3292 3350 vera
3311 3292 3474 3348 salus
3506 3292 3762 3363 acquiri-

2119 3408 2236 3465 tur,
2266 3399 2312 3453 si
2345 3402 2403 3452 et
2433 3395 2618 3466 pietas
2638 3392 2699 3445 in
2731 3389 2863 3455 ﬁde,
2897 3391 2953 3442 et
2975 3385 3213 3456 justitia
3242 3384 3302 3437 in
3353 3381 3662 3447 charitate,
3707 3385 3768 3436 et

2122 3489 2408 3545 sobrietas
2436 3485 2492 3537 in
2524 3481 2812 3548 castitate,
2845 3491 2909 3531 ac
2942 3473 3304 3546 parcimonia
3331 3475 3620 3526 teneatur.

2193 3576 2378 3644 (1373)
2413 3595 2440 3623 ι(
2473 3571 2853 3641 Expectantes
2913 3565 3142 3619 beatam
3201 3576 3389 3632 spem.
3425 3583 3445 3610 ι
3477 3558 3579 3613 llle
3618 3557 3768 3612 ﬁdu-

2126 3666 2350 3722 cialiter
2370 3663 2492 3716 haec
2512 3660 2830 3729 exspectat,
2854 3653 2951 3725 qui
2975 3652 3056 3708 ita
3081 3649 3472 3714 dixerit,sicut
3497 3645 3772 3718 superius

2125 3757 2279 3811 idem
2302 3749 2614 3822 Apostolus
2631 3747 2816 3800 docet.
2853 3744 3026 3798 Beata
3057 3755 3192 3812 spes
3224 3736 3386 3792 nulla
3411 3734 3626 3792 melius
3656 3735 3772 3790 alia

2128 3842 2414 3901 credenda
2433 3843 2542 3903 est,
2567 3850 2742 3906 quam
2767 3831 2932 3901 illud,
2965 3829 3119 3902 quod
3141 3827 3408 3882 dicturus
3447 3829 3542 3881 est
3571 3823 3770 3879 Domi-

2129 3949 2241 3988 nus
2259 3933 2314 3985 in
2341 3924 2644 3997 diejudicii
2671 3920 2982 3992 his,quiaa
3000 3917 3218 3972 dextris
3233 3916 3360 3986 ejus
3383 3917 3588 3968 erunt:
3617 3936 3639 3962 ι
3669 3912 3771 3967 Ve-

2129 4023 2267 4086 nite,
2299 4013 2586 4073 benedicti
2618 4010 2806 4066 Patris
2827 4007 2963 4077 mei,
2987 4004 3280 4077 possidete
3308 4005 3580 4075 paratum
3613 4000 3776 4056 vobis

2129 4123 2376 4182 regnum
2407 4098 2880 4174 a'constitutione
2928 4094 3135 4150 mundi
3181 4091 3384 4161 (Matth.
3429 4107 3564 4158 xxv,
3594 4090 3707 4159 34).
3743 4112 3774 4139 »

2203 4177 2231 4248 ᾇ
2263 4197 2331 4254 Et
2359 4194 2670 4250 adventum
2704 4185 2898 4260 gloriae
2929 4182 3128 4256 magni
3181 4181 3299 4250 Dei,
3351 4185 3411 4236 et
3453 4177 3778 4234 Salvatoris

2132 4285 2316 4343 nostri
2344 4285 2480 4339 .lesu
2510 4277 2745 4334 Christi.
2782 4298 2809 4326 »
2841 4275 3091 4345 Magnus
3145 4271 3300 4326 Deus
3356 4267 3626 4324 Christus
3665 4271 3776 4337 est,

2132 4377 2382 4432 testante
2414 4368 2716 4440 Propheta,
2750 4365 2851 4436 qui
2908 4362 3085 4417 dicit:
3121 4382 3149 4410 «
3179 4360 3430 4431 Magnus
3466 4356 3777 4426 Dominus,

2132 4470 2188 4522 et
2216 4459 2532 4519 laudabilis
2559 4455 2740 4512 nimis
2767 4454 2827 4507 in
2858 4451 3088 4507 civitate
3120 4449 3221 4504 Dei
3252 4447 3458 4513 nostri,
3491 4447 3551 4500 in
3578 4449 3782 4501 monte

2133 4558 2332 4611 sancto
2352 4551 2480 4621 ejus
2503 4546 2672 4618 (Psal.
2696 4558 2867 4606 XLvu,
2924 4540 3002 4606 2).
3057 4539 3189 4610 Ipse
3234 4540 3294 4592 et
3348 4534 3615 4591 Salvator
3657 4550 3785 4591 om-

2137 4644 2323 4708 nium,
2354 4637 2604 4694 maxime
2625 4631 2906 4688 ﬁdelium.
2938 4629 3233 4684 Adventus
3259 4624 3454 4698 gloriae
3503 4624 3638 4693 ejus
3668 4641 3786 4680 non

2134 4733 2232 4790 ille
2252 4725 2669 4798 intelligendus
2693 4726 2923 4792 est,quo
2945 4715 3322 4773 invisibiliter
3366 4714 3634 4786 quotidie
3651 4728 3786 4769 cum

2135 4814 2686 4888 Patre,non!absque
2704 4808 2924 4880 Spiritu
2959 4805 3258 4872 sancto,ad
3284 4801 3482 4858 ﬁdeles
3515 4802 3785 4867 veniunt,

2136 4916 2192 4968 et
2218 4905 2430 4979 impios
2462 4900 2914 4970 derelinquunt;
2958 4896 3058 4951 sed
3091 4893 3186 4949 ille
3215 4891 3639 4964 intelligendus
3671 4896 3782 4960 est,

2138 4997 2371 5072 quando
2394 4995 2450 5048 in
2479 4990 2784 5061 majestate
2813 5003 2939 5055 sua,
2972 4989 3030 5040 et
3059 4983 3246 5067 Patris
3275 4986 3558 5036 venturus
3588 4986 3700 5049 est,
3731 4985 3792 5035 et

2139 5062 2342 5145 omnes
2365 5079 2557 5154 angeli
2585 5078 2713 5149 ejus
2743 5091 2877 5131 cum
2900 5090 2988 5140 eo,
3011 5077 3068 5129 et
3091 5062 3290 5126 mittet
3310 5086 3410 5126 eos
3441 5069 3512 5125 ad
3547 5084 3787 5142 congre-

2139 5175 2398 5250 gandum
2431 5170 2648 5226 electos
2665 5181 2827 5233 suos,
2855 5182 2889 5219 a
2909 5161 3160 5219 summis
3181 5159 3486 5226 cmlorum,
3503 5175 3697 5231 usque
3718 5157 3792 5212 ad

2141 5264 2421 5322 terminos
2452 5273 2675 5326 eorum,
2710 5259 2765 5309 et
2797 5251 3233 5324 congregabunt
3262 5252 3397 5304 ante
3413 5263 3549 5303 eum
3584 5262 3795 5303 omnes

2142 5356 2364 5425 gentes,
2400 5351 2455 5402 ct
2484 5343 2814 5417 segregabit
2843 5356 2940 5396 eos
2972 5339 3044 5394 ab
3075 5338 3345 5402 invicem,
3398 5336 3556 5392 sicut
3592 5340 3800 5408 pastor

2144 5439 2410 5511 segregat
2437 5449 2569 5490 oves
2601 5433 2671 5487 ab
2705 5430 2884 5486 haedis
2915 5428 3131 5500 (Matth.
3167 5442 3294 5494 xxv,
3323 5425 3438 5499 31),
3462 5429 3574 5481 etc.

2216 5541 2399 5617 (1373)
2428 5541 2528 5597 Αῆ.
