3978 6210
139 328 252 386 713

762 322 1179 384 EXPOSITIO
1226 323 1301 382 IN
1351 323 1776 385 EPISTOLAS
1822 322 2079 386 PAULI.
2114 357 2191 371 —
2222 326 2299 387 IN
2347 326 2597 387 EPIST.
2644 331 2747 389 AD
2792 329 2944 389 TIT.

3429 337 3547 395 ’714

214 483 241 509 α
268 459 371 522 Qui
396 457 561 513 dedit
584 456 966 526 semetipsum
991 471 1094 526 pro
1116 454 1301 509 nobis.
1334 478 1354 506 ι
1386 452 1563 517 εἱνὶΗθ
1590 458 1797 509 semet-
1826 458 1879 523 Α
1912 456 2118 523 fuerat,
2144 474 2211 511 ne
2231 458 2603 529 siplusjusto
2626 460 3049 531 infervesceret,
3066 479 3179 519 non
3202 465 3273 519 ad
3297 466 3545 521 salutem

145 551 337 621 ipsum
372 546 553 615 dedit,
590 545 697 599 hoc
730 550 838 609 est,
871 544 1332 615 cruciﬁgcndum
1388 559 1447 597 se
1481 544 1794 615 impiorum

148 638 421 694 manibus
444 634 678 704 obtulit,
704 638 759 687 et
781 635 949 687 Pater
969 649 1103 687 eum
1129 632 1385 695 tradidit,
1407 632 1545 703 quia
1566 631 1797 704 preprio

149 727 289 783 Filio
330 743 446 782 non
479 722 759 796 pepercit,
796 724 895 777 sed
930 739 1032 793 pro
1066 722 1233 776 nobis
1266 722 1541 776 omnibus
1562 722 1799 775 tradidit

148 819 314 873 illum
342 818 518 888 (Rom.
544 831 667 881 VIII,
693 813 781 883 32)
809 830 821 866 :
848 810 981 866 licet
1002 811 1132 879 ipsa
1153 810 1347 882 passio
1373 827 1476 882 pro
1490 808 1676 865 salute
1704 826 1800 865 no-

148 913 270 965 stra
298 907 471 971 facta,
508 903 692 959 solius
724 900 851 956 Filii
893 899 1178 956 exstiterit
1210 899 1551 971 personalis,
1602 904 1797 955 tamen

150 996 313 1053 salus
339 999 543 1050 nostra
572 993 632 1048 in
666 992 852 1058 Patre,
897 994 955 1045 et
984 989 1125 1045 Filio
1153 1006 1285 1043 cum
1326 990 1551 1061 Sptritu
1600 992 1799 1045 sancto

150 1084 483 1143 communis
511 1087 621 1138 est.

225 1199 246 1224 α
282 1174 360 1229 Ut
376 1190 482 1228 nos
506 1170 815 1226 redimeret
837 1169 909 1224 ab
932 1167 1090 1223 omni
1114 1167 1445 1239 iniquitate,
1469 1188 1495 1215 »
1517 1167 1572 1222 id
1596 1172 1702 1231 est,
1727 1167 1798 1221 ab

148 1260 433 1317 omnibus
451 1257 773 1314 actualibus
788 1254 1236 1328 etoriginalibus
1260 1255 1528 1326 peccatis.
1550 1254 1802 1310 Audiant

147 1352 278 1406 haec
306 1348 401 1419 qui
434 1349 503 1402 de
533 1346 781 1419 propriis
810 1344 1037 1399 meritis
1070 1344 1461 1411 extolluntur;
1486 1344 1621 1415 quia
1664 1360 1799 1414 pro-

148 1445 353 1511 pterea
381 1436 642 1491 Christus
673 1452 775 1505 pro
810 1433 1007 1505 impiis
1040 1438 1306 1489 mortuus
1336 1438 1443 1499 est,
1496 1438 1558 1487 ut
1590 1450 1693 1488 nos
1729 1433 1799 1486 ab

150 1527 312 1584 omni
346 1525 653 1596 iniquitate
672 1524 961 1577 liberaret.

226 1640 253 1665 ‹‹
281 1617 349 1671 Et
372 1616 683 1668 mundaret
708 1612 819 1666 sibi
844 1611 1125 1682 populum
1149 1610 1583 1682 acceptabilem,
1618 1615 1801 1666 secta-

150 1713 350 1762 torum
374 1705 663 1758 bonorum
682 1717 981 1771 operum.»
1006 1700 1261 1771 Populus
1280 1700 1799 1771 acceptabilisDeo,

152 1800 407 1851 sectator
428 1807 670 1863 operum
694 1791 977 1844 bonorum
1000 1796 1104 1855 est,
1132 1790 1228 1860 qui
1254 1807 1321 1843 ex
1340 1790 1506 1844 bonis
1530 1789 1803 1859 operibus

151 1902 269 1940 non
302 1881 686 1944 extolluntur,
717 1879 817 1934 sed
849 1895 915 1933 ex
945 1894 1031 1948 eo,
1064 1880 1217 1948 quod
1252 1879 1471 1933 bonum
1503 1882 1703 1949 agunt,
1747 1878 1803 1931 in

153 1974 399 2031 Domino
432 1970 781 2043 gloriantur,
813 1973 1004 2022 etnon
1038 1968 1095 2021 in
1128 1985 1189 2023 se
1222 1967 1386 2039 ipsis.

224 2086 253 2110 α
280 2062 412 2115 Hazc
443 2060 703 2128 loquere,
733 2061 789 2111 et
818 2057 1142 2124 exhortare,
1177 2061 1232 2111 et
1263 2073 1440 2127 argue
1470 2072 1603 2110 cum
1648 2056 1806 2111 omni

156 2150 428 2223 imperio.
455 2170 483 2197 ››
515 2147 641 2201 Non
674 2146 1131 2200 dominationem
1164 2146 1456 2217 potentiae,
1489 2146 1588 2199 sed
1609 2150 1805 2200 aucto-

156 2242 399 2295 ritatem
434 2237 643 2293 suadet
697 2235 845 2289 vitae.
890 2238 1033 2289 Cum
1084 2233 1243 2289 omni
1301 2233 1543 2306 imperio
1594 2233 1809 2305 quippe

152 2332 425 2393 docetur,
460 2325 612 2397 quod
648 2323 812 2396 prius
852 2323 1066 2395 agitur,
1126 2340 1302 2394 quam
1352 2323 1600 2378 dicatur.
1662 2322 1811 2393 Nam,

148 2416 446 2475 doctrinis
475 2413 761 2469 subtrahit
824 2412 1119 2479 fiduciam,
1178 2413 1411 2483 quando
1457 2411 1811 2467 conscientia

150 2504 451 2581 prapedit
474 2503 748 2575 linguam.
784 2502 908 2557 Non
940 2519 1075 2573 ergo
1102 2502 1154 2557 ei
1177 2505 1522 2573 potestatem
1542 2500 1702 2555 elatae
1724 2498 1807 2555 lo-

152 2591 551 2663 cutionis,sed
569 2592 729 2646 bonae
750 2590 1026 2645 ﬁduciam
1049 2588 1810 2645 insinuavitactionis.Unde

146 2686 331 2739 etiam
368 2682 438 2737 de
471 2680 717 2735 Domino
742 2677 1022 2749 scriptum
1052 2681 1140 2733 est
1158 2694 1169 2732 ;
1187 2702 1213 2725 ‹‹
1240 2678 1377 2732 Erat
1394 2678 1548 2733 enim
1571 2678 1805 2744 docens,

145 2774 306 2829 sicut
328 2773 677 2842 potestatem
710 2768 929 2823 habens
951 2766 1164 2835 (Matth.
1189 2784 1288 2820 vn.
1310 2768 1429 2835 29);
1455 2767 1618 2821 Marc.
1648 2784 1685 2831 ι,
1708 2768 1805 2833 22;

142 2867 305 2919 Lua.
342 2878 416 2925 IV,
453 2858 543 2928 32)
572 2876 584 2925 ;
615 2880 641 2905 ››
676 2874 789 2911 non
822 2857 975 2913 sicut
1002 2855 1211 2910 Scriba:
1243 2859 1299 2910 et
1345 2854 1640 2911 Pharisaei.
1685 2854 1811 2910 Sin-

142 2950 437 3025 gulariter
454 2962 711 3017 namque
733 2963 799 3001 ac
826 2944 1225 3017 principaliter
1246 2943 1405 2999 solus
1431 2960 1501 2999 ex
1526 2947 1808 3016 potestate

141 3044 303 3097 bona
338 3038 571 3093 locutus
602 3042 709 3103 est,
746 3035 883 3106 quia
912 3051 979 3090 ex
1034 3033 1394 3102 inﬁrmitate,
1447 3032 1602 3088 mala
1650 3033 1810 3088 nulla

142 3128 476 3186 commisit.
513 3127 591 3179 Ex
620 3124 946 3178 divinitatis
977 3123 1195 3194 quippe
1216 3122 1479 3193 potentia
1500 3121 1706 3176 habuit
1728 3121 1805 3187 id,

1906 544 2208 600 vulnerata
2230 547 2657 609 reduceret,sed
2680 566 2823 605 sana
2840 550 3187 608 vulneraret.
3208 556 3544 612 Curandum

1908 650 2138 705 quoque
2154 640 2438 706 quantum
2462 636 2793 708 loquamur,
2818 656 2908 705 ne,
2932 641 3069 708 sisi,
3090 642 3547 711 quimultafsrre

1909 739 2022 776 non
2048 723 2216 788 valet,
2238 726 2501 792 verbum,
2524 726 2611 781 vel
2636 728 3074 799 exhortationis,
3098 732 3544 806 velincrepatio-

1908 810 2001 865 nis
2032 810 2263 883 longius
2295 812 2605 885 trahimus,
2640 817 2962 873 auditorem
2996 824 3263 877 nostrum
3287 824 3357 878 ad
3385 824 3549 880 fasti-

1909 899 2071 953 dium
2105 901 2513 971 perducamus.

1979 987 2163 1057 (1375)
2197 1012 2223 1037 ‹‹
2258 992 2435 1046 Nemo
2467 996 2522 1046 te
2554 998 2904 1050 contemnat.
2936 1018 2963 1045 ››
2994 996 3136 1053 ΝοΙο
3161 1002 3216 1054 te
3247 999 3425 1057 talem
3450 1019 3544 1058 ex-

1910 1073 2133 1143 hibeas,
2169 1081 2231 1131 ut
2260 1079 2449 1149 possis
2482 1080 2762 1152 abaliquo
2788 1085 2996 1139 merito
3017 1090 3373 1144 contemnui.
3401 1090 3550 1164 Ergo

1911 1180 2037 1234 qua:
2065 1182 2218 1219 nunc
2249 1167 2318 1221 ed
2350 1167 2544 1223 Titum
2576 1171 2831 1240 ponitur,
2864 1171 3030 1228 illum
3062 1191 3302 1232 sensum
3337 1178 3545 1235 habet:

1912 1270 2080 1308 nemo
2118 1271 2340 1323 eorum,
2404 1257 2501 1327 qui
2562 1258 2621 1311 in
2673 1259 2927 1315 Ecclesia
2975 1267 3132 1333 sunt,
3186 1268 3242 1319 te
3292 1266 3548 1338 segniter

1911 1346 2118 1413 agente
2148 1344 2231 1397 sic
2262 1344 2441 1411 vivat,
2474 1349 2537 1398 ut
2568 1362 2629 1399 se
2660 1350 2822 1416 putet
2851 1364 2980 1403 esse
3008 1349 3328 1407 meliorem.
3354 1354 3551 1419 Qualis

1912 1433 2066 1485 enim
2100 1432 2401 1487 aediﬁcatio
2433 1434 2542 1489 erit
2573 1434 2867 1507 discipuli,
2902 1438 2950 1492 si
2976 1438 3247 1512 intelligit
3270 1444 3552 1514 magistro

1914 1535 1974 1574 se
1988 1536 2113 1575 esse
2128 1521 2407 1589 majorem
2432 1523 2459 1575 ?
2481 1522 2641 1578 Unde
2664 1541 2777 1579 non
2801 1525 2991 1581 solum
3015 1529 3290 1601 episcopi,
3316 1534 3556 1603 presby-

1913 1609 2041 1678 teri,
2072 1614 2128 1663 et
2159 1610 2385 1665 diaconi
2430 1611 2643 1666 debent
2695 1630 3047 1687 magnopere
3105 1619 3437 1689 praevidere,
3492 1624 3555 1676 ut

1914 1703 2186 1752 cunctum
2220 1700 2523 1770 populum,
2549 1701 2641 1755 cui
2665 1703 2997 1773 praesident,
3015 1708 3469 1779 conversatione,
3495 1715 3553 1765 et

1917 1802 2184 1842 sermone
2215 1790 2584 1858 prazcedant;
2619 1806 2839 1861 verum,
2876 1798 2930 1848 et
2962 1793 3254 1851 inferioris
3312 1799 3552 1869 gradus,

1918 1876 2236 1941 exorcistae,
2271 1876 2533 1941 lectores,
2566 1879 2785 1945 azditui,
2820 1886 2875 1935 et
2917 1899 3121 1939 omnes
3174 1887 3433 1954 omnino,
3457 1888 3557 1959 qui

1916 1963 2117 2018 domui
2153 1964 2245 2019 Dei
2280 1967 2554 2021 serviunt.
2619 1967 2763 2031 Quia
2820 1970 3191 2027 vehementer
3238 1974 3555 2031 Ecclesiam

1916 2052 2129 2107 Christi
2153 2054 2424 2123 destruit,
2452 2055 2720 2111 meliores
2743 2057 2921 2113 laicos
2938 2075 3065 2116 esse
3088 2078 3265 2133 quam
3296 2063 3557 2120 clericos.

1990 2146 2143 2209 (CAP.
2180 2142 2297 2213 ΙΙΙ.)
2322 2165 2348 2193 ‹‹
2377 2144 2634 2199 Admone
2658 2144 2809 2211 illos,
2834 2148 3291 2221 principibus,et
3312 2158 3563 2224 potesta-

1923 2230 2079 2285 tibus
2103 2232 2369 2287 subditos
2393 2248 2540 2287 esse.
2569 2255 2596 2281 ››
2619 2233 2765 2296 Quia
2785 2236 3045 2293 dixerat:
3071 2240 3381 2297 «Admone
3404 2241 3561 2311 illos,

1921 2319 2305 2390 principibus,
2334 2324 2391 2375 et
2410 2323 2795 2392 potestatibus
2819 2326 3086 2381 subditos
3106 2343 3254 2395 esse,
3285 2351 3305 2376 ι
3337 2334 3564 2401 poterat

1923 2408 2036 2474 his,
2070 2409 2169 2479 qui
2202 2413 2493 2464 tormenta
2521 2411 2858 2478 formidant,
2883 2416 3107 2470 occasio
3130 2418 3201 2471 ad
3225 2420 3561 2490 negandum

1922 2496 2067 2559 dari,
2093 2498 2232 2551 dum
2251 2499 2421 2568 juxta
2439 2500 2699 2571 Apostoli
2719 2502 2964 2571 dictum,
2990 2520 3052 2559 se
3072 2509 3565 2579 assererentprin-

1922 2586 2209 2656 cipatibus
2236 2590 2295 2641 et
2325 2589 2713 2658 potestatibus
2744 2606 2871 2646 esse
2903 2592 3216 2663 subjectos,
3270 2600 3327 2650 et
3374 2598 3561 2654 facere

1920 2674 2073 2743 quod
2098 2674 2411 2744 juberent:
2445 2680 2749 2747 propterea
2778 2680 3059 2749 subjecit:

1993 2784 2019 2810 ‹‹
2056 2761 2217 2818 Dicto
2247 2764 2499 2833 obedire,
2533 2767 2605 2821 ad
2637 2783 2840 2823 omnes
2870 2785 3016 2841 opus
3049 2771 3269 2828 bonum
3327 2778 3560 2845 paratos

1919 2866 2066 2905 esse.
2093 2874 2120 2900 ››
2154 2852 2400 2908 Obedire
2421 2855 2490 2908 ad
2515 2870 2685 2911 omne
2699 2873 2845 2928 opus
2862 2859 3080 2914 bonum
3100 2879 3113 2928 ;
3141 2862 3190 2916 si
3214 2862 3433 2918 bonum
3452 2870 3561 2931 est,

1924 2940 2077 3010 quod
2113 2941 2373 3013 praecipit
2400 2942 2735 3014 imperator,
2769 2951 2826 3001 et
2855 2964 3091 3019 praeses,
3107 2950 3371 3021 jubentis
3394 2953 3563 3008 obse-

1921 3045 2099 3099 quere
2129 3029 2413 3087 voluntati
2441 3048 2452 3085 :
2488 3034 2578 3087 sin
2611 3051 2742 3089 vero
2774 3036 3018 3104 malum,
3052 3043 3109 3093 et
3136 3045 3337 3094 contra
3383 3046 3565 3097 Deum

1921 3118 2097 3189 sapit,
2131 3121 2416 3189 responde
2447 3121 2496 3174 ei
2529 3121 2671 3176 illud
2707 3125 2778 3178 de
2808 3126 3055 3181 Actibus
3114 3128 3513 3199 apostolorum
3548 3148 3562 3185 :

142 3219 309 3293 quod
342 3216 516 3271 nobis
548 3231 651 3286 per
690 3212 1040 3267 humilitatis
1071 3228 1188 3267 sua:
1222 3210 1616 3266 innocentiam
1645 3210 1811 3268 mini-
1841 3196 1883 3262 C
1925 3228 1953 3255 «
1988 3206 2233 3261 Obedire
2291 3213 2515 3279 oportet
2560 3210 2675 3265 Deo
2730 3213 2940 3284 magis,
2996 3196 3169 3284 quam
3222 3216 3563 3273 hominibus

143 3306 388 3364 stravit.
423 3304 539 3361 Nos
565 3302 741 3377 enim,
764 3300 865 3371 qui
890 3300 1107 3355 inﬁrmi
1135 3299 1406 3354 homines
1429 3315 1655 3370 sumus,
1679 3316 1813 3353 cum

146 3399 220 3453 de
258 3397 382 3451 Deo
405 3392 747 3448 hominibus
769 3390 1086 3461 loquimur,
1111 3389 1394 3444 debemus
1417 3388 1677 3460 primum
1692 3403 1813 3443 me-

145 3487 411 3542 minisse
445 3482 600 3555 quod
638 3496 867 3545 sumus,
896 3484 960 3534 ut
978 3496 1047 3534 ex
1069 3477 1659 3551 propriainﬁrmitate
1682 3493 1818 3548 pen-

143 3591 387 3639 semus,
415 3588 529 3643 quo
557 3570 801 3626 docendi
830 3568 1031 3625 ordine
1052 3566 1595 3623 inﬁrmisfratribus
1614 3582 1817 3620 consu-

141 3668 384 3721 lamus.
419 3659 868 3715 Consideremus
899 3656 1079 3729 igitur
1107 3657 1264 3727 quia,
1298 3660 1399 3710 aut
1424 3654 1568 3710 tales
1586 3670 1815 3723 sumus,

146 3752 374 3827 quales
406 3747 720 3804 nonnullos
748 3746 1100 3818 corrigimus
1158 3750 1261 3800 aut
1308 3743 1453 3799 tales
1502 3743 1818 3815 aliquando

145 3845 413 3906 fuimus,
449 3842 505 3893 et
534 3837 718 3907 sijam
742 3835 938 3891 divina
958 3834 1144 3907 gratia
1162 3839 1437 3905 operante
1451 3850 1563 3887 non
1589 3847 1818 3896 sumus,

146 3938 216 3987 ut.
252 3934 426 3985 tanto
458 3924 889 3997 temperantius
940 3923 1113 3978 corde
1170 3921 1379 3976 humili
1435 3922 1817 3992 corrigamus,

145 4024 391 4093 quanto
426 4014 826 4087 nosmetipsos
858 4013 914 4065 in
947 4011 1216 4082 iis(137!i)
1243 4027 1390 4081 quos
1413 4011 1817 4066 emendamus.

148 4107 567 4182 agnoscimus.
588 4105 643 4157 Si
682 4106 876 4157 autem
907 4100 1053 4155 tales
1085 4116 1430 4169 necsumus,
1456 4116 1559 4154 nec
1581 4100 1820 4166 fuimus,

147 4197 377 4271 quales
408 4195 602 4250 adhuc
619 4196 721 4247 aut
744 4190 825 4245 illi
846 4194 1003 4255 sunt,
1024 4206 1170 4260 quos
1191 4190 1502 4243 emendare
1532 4188 1822 4260 cupimus,

146 4305 230 4344 ne
260 4303 366 4341 cor
396 4289 662 4340 nostrum
687 4282 830 4337 forte
856 4279 1330 4351 superbiat,etde
1356 4278 1828 4351 ipsainnocentia

148 4378 341 4450 pejus
376 4379 526 4443 ruat,
562 4387 814 4444 quorum
860 4369 1015 4424 mala
1046 4369 1418 4440 corrigimus,
1469 4366 1583 4421 alia
1626 4383 1825 4422 eorum

149 4468 326 4522 bona
358 4463 525 4519 nobis
559 4466 696 4517 ante
727 4459 925 4515 oculos
947 4474 1305 4513 revocemus.
1329 4456 1697 4511 Pensandum
1722 4472 1827 4509 no-

150 4556 259 4609 bis
298 4568 532 4624 quoque
556 4555 645 4605 est
662 4548 916 4620 qualiter
940 4548 1283 4618 loquamur:
1310 4562 1447 4599 nam
1470 4560 1622 4615 saepe
1638 4543 1830 4611 verba,

153 4660 307 4716 quas
341 4642 500 4694 hunc
531 4640 601 4694 ad
635 4638 889 4695 salutem
922 4640 1212 4702 revocant,
1269 4632 1449 4689 alium
1501 4632 1831 4688 vulnerant.

154 4730 349 4789 Unde
376 4726 585 4782 Paulus
604 4744 833 4800 quoque
857 4725 1176 4796 apostolus,
1198 4724 1298 4796 qui
1322 4724 1520 4778 Titum
1545 4723 1836 4791 admonet,

151 4823 394 4877 dicens
430 4832 443 4871 :
478 4838 506 4865 ‹‹
536 4818 724 4889 Argue
758 4832 892 4871 cum
926 4814 1084 4870 omni
1119 4813 1385 4885 imperio,
1411 4834 1438 4862 ››
1465 4812 1837 4868 Timotheum

155 4911 550 4973 exhortatur,
582 4907 821 4961 dicens:
871 4906 1144 4976 «Argue,
1194 4904 1453 4973 obsecra,
1505 4901 1738 4973 increpa
1784 4903 1843 4956 in

154 4997 344 5056 omni
377 4995 681 5069 patientia,
717 5000 771 5050 et
801 4994 1065 5080 doctrina
1199 4994 1330 5080 Tini.
1381 5008 1456 5080 1v,
1511 4990 1587 5061 2).
1612 5012 1639 5039 ››

157 5085 291 5142 est,
327 5077 487 5149 quod
519 5073 1165 5157 uniimperium,et‘alii
1192 5071 1536 5143 patientiam
1564 5071 1843 5141 praecipit,

157 5166 295 5224 nisi
332 5165 489 5237 quod
524 5180 710 5218 unum
742 5160 1004 5231 lenioris,
1040 5160 1289 5216 alterum
1320 5175 1453 5214 vero
1486 5158 1848 5213 ferventioris

156 5256 435 5328 spiritus
466 5269 596 5308 esse
628 5250 949 5323 conspexit.
985 5250 1124 5305 Leni
1157 5265 1261 5322 per
1302 5248 1705 5303 auctoritatem
1738 5246 1847 5301 im-

157 5344 331 5420 perii
363 5341 735 5415 injungenda
762 5344 885 5395 erat
915 5340 1188 5394 severitas
1211 5336 1372 5393 verbi
1397 5354 1409 5390 :
1434 5336 1483 5391 is
1506 5341 1728 5405 autem,
1752 5336 1850 5408 qui

160 5451 292 5509 per
316 5432 598 5504 spiritum
633 5428 919 5493 fervebat,
943 5444 1043 5499 per
1066 5426 1412 5500 patientiam
1435 5426 1856 5499 temperandus

289 5540 426 5597 1374
480 5539 632 5597 Loco
660 5539 723 5594 in
754 5536 851 5605 iis,
882 5534 943 5590 in
975 5540 1168 5608 autog.
1200 5535 1408 5591 verius.

250 5541 453 5689 $1375)
483 5612 565 5669 1h.
1264 5620 1277 5627 ’

484 5741 756 5803 ΡΑΤιιοι..
806 5730 1122 5797 CXXXIV.

1926 3295 2060 3366 (Act.
2095 3312 2151 3365 ν,
2180 3296 2290 3365 29).
2318 3318 2345 3345 n
2372 3300 2493 3351 Hoc
2523 3297 2717 3369 ipsum
2750 3305 2807 3354 et
2836 3302 2907 3356 de
2938 3302 3118 3357 servis
3168 3303 3565 3377 intelligamus

1927 3384 2081 3455 apud
2104 3383 2393 3451 dominos,
2419 3390 2475 3440 et
2494 3386 2565 3441 de
2595 3387 2871 3445 uxoribus
2894 3390 3049 3462 apud
3065 3390 3237 3459 viros,
3266 3396 3323 3446 et
3340 3393 3410 3448 de
3433 3393 3572 3449 ﬁliis

1926 3472 2077 3543 apud
2113 3476 2411 3543 parentes:
2446 3475 2601 3544 quod
2635 3476 2693 3531 in
2717 3475 2836 3533 illis
2861 3482 3092 3534 tantum
3114 3480 3365 3536 debeant
3381 3481 3571 3537 domi-

1929 3562 2043 3627 nis,
2074 3561 2235 3629 viris,
2269 3563 2609 3633 parentibus
2638 3580 2768 3621 esse
2798 3568 3072 3640 subjecti,
3098 3586 3226 3641 qua:
3252 3577 3453 3627 contra
3474 3571 3576 3627 Dei

1930 3652 2207 3705 mandata
2230 3667 2343 3705 non
2362 3653 2617 3709 veniant.
2643 3656 2804 3720 Quod
2828 3674 2958 3713 vero
2973 3659 3266 3729 sequitur:
3290 3682 3317 3713 α
3340 3661 3575 3718 Paratos

1930 3757 2076 3807 esse,
2102 3762 2130 3791 »
2164 3740 2475 3812 dupliciter
2502 3742 2837 3817 legendum,
2873 3751 2937 3801 ut
2957 3748 3043 3804 vel
3069 3749 3474 3821 subaudiatur,
3499 3752 3572 3805 ad

1930 3844 2101 3884 omne
2133 3846 2279 3900 opus
2311 3830 2530 3887 bonum
2564 3839 2797 3903 paratos
2819 3846 2977 3903 esse;
3022 3837 3108 3892 vel
3131 3844 3283 3893 certe
3307 3856 3440 3893 cum
3474 3856 3573 3894 su-

1931 3918 2256 3989 perioribus
2269 3920 2539 3992 copulato
2561 3922 2690 3988 hoc,
2718 3926 2871 3994 quod
2889 3926 2990 3993 ait,
3005 3949 3031 3975 ‹‹
3058 3928 3291 3983 obedire
3313 3929 3383 3982 ad
3404 3945 3577 3984 omne

1932 4023 2078 4077 opus
2105 4008 2345 4079 bonum,
2374 4031 2401 4058 ››
2434 4015 2490 4064 et
2510 4008 2624 4064 huc
2649 4027 2835 4081 usque
2858 4014 3040 4083 ﬁnito,
3066 4017 3234 4085 quasi
3260 4016 3415 4070 aliud
3443 4034 3576 4088 pru-

1935 4096 2127 4167 prium
2166 4102 2225 4150 et
2255 4097 2507 4169 speciale
2538 4104 2893 4169 praeceptum
2926 4102 3022 4156 sit.
3056 4121 3077 4150 ι
3103 4108 3335 4175 paratos
3376 4120 3523 4175 esse,
3548 4127 3577 4155 »

1927 4185 2099 4255 juxta
2129 4184 2297 4251 illud,
2330 4188 2484 4256 quod
2518 4188 2575 4240 in
2606 4187 2853 4243 Levitico
2903 4190 3187 4260 scriptum
3225 4196 3349 4247 est:
3400 4212 3421 4240 ι
3454 4193 3582 4248 Hir-

1937 4290 2070 4329 cum
2099 4273 2199 4344 qui
2230 4274 2540 4342 emittitur,
2574 4275 2886 4331 maledicta
2926 4278 3124 4349 populi
3172 4281 3582 4351 sustinentem,

1938 4362 2087 4417 tradi
2122 4363 2179 4417 in
2213 4379 2424 4419 manus
2456 4364 2712 4420 hominis
2742 4367 2927 4436 parati
2958 4368 3151 4436 (Leuit.
3187 4386 3302 4437 xvn,
3345 4371 3454 4442 21).
3488 4392 3513 4419 ››

2014 4474 2041 4500 ‹‹
2075 4451 2379 4507 Neminem
2408 4452 3038 4526 blasphemare(1376).
3066 4480 3094 4506 ι)
3120 4458 3179 4513 Id
3204 4463 3312 4524 est,
3336 4458 3590 4515 necillos

1866 4562 1910 4627 Ι)
1948 4539 2485 4613 blasphemare,qui
2503 4542 2901 4615 blasphemari
2920 4550 3250 4609 merentur;
3274 4548 3373 4602 sed
3397 4548 3592 4619 potius

1946 4628 2093 4685 illud
2127 4629 2390 4701 implere,
2425 4633 2580 4702 quod
2608 4634 2763 4688 idem
2786 4635 3098 4706 Apostolus
3122 4635 3232 4692 alio
3256 4635 3380 4693 loco
3400 4637 3597 4709 praeci-

1950 4719 2036 4789 pit
2067 4718 2265 4773 dicens
2294 4738 2305 4775 :
2336 4743 2361 4768 ‹‹
2388 4720 2717 4778 Benedicite
2738 4725 3225 4796 persequentibus
3253 4742 3355 4782 vos
3380 4746 3392 4796 ;
3418 4728 3594 4784 bene-

1952 4806 2148 4873 dicite,
2181 4813 2239 4863 et
2272 4808 2448 4863 nolite
2480 4809 2827 4868 maledicere
2859 4815 3029 4883 (Rom.
3053 4832 3155 4883 xu,
3192 4815 3299 4886 14).
3332 4839 3361 4868 ››

2026 4918 2053 4945 ‹‹
2088 4896 2212 4952 Non
2243 4896 2532 4969 litigiosos
2565 4917 2714 4967 esse,
2749 4903 2849 4957 sed
2883 4904 3199 4960 modestos.
3230 4928 3250 4955 η
3280 4906 3597 4979 Litigiosus

1958 4990 2152 5041 autem
2184 4991 2293 5055 est,
2329 4986 2428 5056 qui
2462 4988 2683 5045 malum
2718 5008 2819 5062 pro
2842 4993 2996 5048 malo
3024 4994 3341 5061 reddendo,
3364 5014 3480 5051 non
3504 5013 3600 5051 ex-

1959 5074 2230 5145 stinguit,
2250 5074 2351 5129 sed
2365 5081 2636 5143 provocat
2656 5077 2841 5135 litem.
2855 5081 3149 5138 Modestus
3173 5087 3281 5151 est,
3304 5084 3405 5155 qui
3420 5083 3602 5151 mitis,

1963 5162 2457 5234 ettranquillusin
2482 5161 2712 5230 injuriis
2746 5169 3093 5237 persistit;et
3118 5187 3231 5226 non
3266 5173 3457 5228 solum
3490 5188 3607 5227 non

1961 5250 2154 5305 reddit
2175 5250 2394 5306 malum
2424 5264 2526 5317 pro
2549 5250 2725 5320 malo,
2741 5257 2839 5309 sed
2863 5256 3037 5312 etiam
3065 5275 3167 5329 pro
3191 5260 3344 5317 malo
3366 5262 3608 5326 bonum,

2035 5360 2063 5387 ‹‹
2089 5343 2127 5391 Α
2139 5340 2174 5393 d
2189 5353 2392 5394 omnes
2406 5336 2693 5393 homines.
2718 5363 2745 5389 »
2769 5343 2893 5397 Non
2909 5343 3101 5399 solum
3116 5346 3415 5417 bonis,sed
3435 5350 3613 5407 etiam

1966 5424 2157 5495 malis,
2189 5431 2254 5482 ut
2282 5424 2512 5480 vincere
2542 5427 2779 5487 studeat
2807 5431 2866 5488 in
2899 5432 3050 5490 bono
3073 5432 3280 5495 malos.

2037 5531 2223 5607 (1376)
2253 5532 2295 5590 A
2345 5570 2359 5588 .

3268 5744 3347 5813 93
