3978 6210
395 368 513 424 715

1416 360 1751 420 ATTONlS
1798 359 2374 418 VEIlCELLENSlS
2422 360 2770 420 EPISCOPI

3685 363 3811 420 716

477 525 496 547 ι
533 505 777 552 Eramus
805 495 958 550 enim
990 499 1047 548 et
1078 511 1183 549 nos
1213 493 1526 564 aliquando
1559 491 1922 562 insipientes,
1984 496 2039 544 et
2067 492 2116 556 A
2150 490 2355 544 ell‘udit
2385 507 2562 561 super
2591 508 2698 546 nos
2729 492 3096 546 abundanter
3126 509 3227 563 per
3255 492 3459 548 Jesum
3499 493 3808 548 Christum

401 585 741 642 increduli.»
765 585 845 638 Ne
867 585 1242 654 desperarent
1265 582 1884 642 correctionem,suum
1908 597 2036 650 pro-

401 676 563 748 ponit
593 673 922 744 exemplum
951 688 962 726 :
996 672 1114 725 sive
1143 671 1281 742 quia
1299 676 1354 724 et
1376 687 1480 724 nos
1505 671 1669 739 tales,
1695 668 1904 739 inquit,
1930 667 2036 721 fui-

401 782 555 829 mus,
579 764 858 818 debemus
890 776 1112 825 eorum,
1146 760 1247 830 qui
1279 758 1424 813 tales
1455 762 1614 824 sunt,
1639 757 2039 829 insipientiam

399 855 547 910 ferre
578 853 881 924 patienter.
919 850 984 903 Et
1013 849 1341 903 notandum
1373 846 1576 918 quales
1622 863 1727 900 nos
1775 846 2040 900 Christus

397 941 700 1006 invenerit,
730 938 816 993 vel
839 937 1042 1008 quales
1065 935 1283 1002 fecerit,
1309 940 1376 989 ut
1393 952 1507 990 non
1531 935 1602 988 de
1627 935 1843 989 nostris
1866 935 2038 988 meri-

396 1031 471 1086 tis
500 1043 926 1102 przssumanus,
960 1042 1065 1080 nec
1098 1025 1169 1079 de
1202 1030 1422 1079 naturae
1454 1025 1604 1079 bono
1628 1023 1966 1095 gloriemur.

467 1142 494 1168 ‹‹
528 1119 822 1182 Errantes,
854 1119 912 1171 et
941 1115 1259 1170 servientes
1284 1113 1611 1180 desideriis,
1645 1118 1702 1168 et
1731 1112 2041 1184 voluptati-

396 1210 506 1264 bus
532 1205 728 1273 variis,
762 1205 821 1260 in
855 1203 1102 1270 malitia,
1127 1209 1182 1258 et
1223 1202 1445 1258 invidia
1486 1207 1746 1274 agentes,
1777 1202 2041 1266 odibiles,

398 1297 662 1354 odlentes
676 1293 946 1348 invicem.
973 1315 1001 1342 »
1016 1293 1160 1347 Ecce
1173 1291 1376 1362 quales
1390 1307 1630 1346 eramus
1652 1297 1784 1346 ante
1797 1291 2043 1361 gratiam

397 1402 502 1458 per
531 1383 700 1440 liberi
731 1381 956 1437 arbitrii
983 1380 1335 1436 libertatem.
1372 1379 1487 1434 Alii
1519 1379 1675 1434 hunc
1722 1380 1913 1435 locum
1966 1379 2046 1433 ita

402 1474 750 1544 istelligunt,
776 1475 840 1526 ut
870 1488 982 1526 non
1016 1471 1086 1525 de
1117 1469 1292 1524 Paulo
1324 1474 1380 1524 et
1425 1469 1725 1540 apostolis,
1775 1469 1875 1523 sed
1935 1469 2045 1523 sub

403 1562 800 1635 apostolorum
832 1576 1079 1631 persona
1108 1560 1180 1614 de
1225 1558 1355 1612 aliis
1413 1559 1633 1612 dictum
1685 1562 1928 1628 putent:
1982 1562 2046 1611 ut

403 1651 696 1724 quomodo
727 1650 837 1705 sub
863 1665 1112 1719 persona
1142 1664 1269 1713 sua,
1303 1652 1359 1702 et
1387 1645 1610 1718 Apollo,
1645 1651 1702 1700 et
1723 1646 1948 1717 Cephea,
1972 1647 2043 1701 de

402 1740 850 1805 dissensione,et
870 1737 1206 1802 schismate,
1223 1737 1375 1807 quod
1393 1738 1673 1806 arguebat
1690 1735 2041 1804 Corinthios,

403 1837 492 1886 est
522 1829 747 1885 locutus
769 1829 816 1897 (I
844 1827 960 1881 Cor.
998 1827 1036 1894 1)
1061 1851 1074 1892 ;
1098 1825 1180 1879 ita
1200 1827 1376 1880 etiam
1400 1824 1456 1879 in
1485 1823 1752 1896 praesenti
1777 1823 1923 1890 loco,
1959 1842 2042 1891 se,

401 1925 459 1976 et
489 1915 780 1989 apostolos
807 1915 1146 1982 nominans,
1169 1930 1392 1979 omnes,
1417 1913 1516 1983 qui
1541 1913 1601 1966 in
1624 1912 1852 1968 Christo
1872 1913 2049 1966 credi-

400 2009 627 2075 derant,
661 2002 863 2075 quales
895 2002 1116 2057 fuerint
1147 2006 1283 2056 ante
1313 2002 1811 2072 regenerationem
1834 1999 2047 2055 lavacri

397 2093 610 2162 vitalis,
645 2091 982 2148 ostenderit.
1014 2091 1201 2144 Simul
1233 2095 1430 2144 autem
1460 2095 1517 2144 et
1565 2089 1868 2143 humilitas
1919 2090 2048 2158 ejus

401 2189 490 2239 est
521 2181 886 2247 admiranda,
918 2181 1070 2250 quod
1096 2181 1154 2232 in
1180 2195 1412 2233 omnem
1438 2177 1852 2244 humilitatem,
1871 2177 2046 2248 justi-

402 2269 840 2342 tiamquelegis,
863 2269 1026 2339 quasi
1053 2266 1490 2338 quisquilias,et
1509 2272 1894 2338 purgamenta
1909 2283 2044 2319 con-

405 2359 663 2431 tempsit,
688 2363 842 2412 recte
855 2374 916 2411 se
934 2357 1060 2412 sine
1079 2355 1308 2410 Christo
1325 2356 1480 2410 vitiis
1503 2357 1778 2410 omnibus
1801 2355 2050 2409 servisse

409 2447 769 2504 memorarit.

481 2558 509 2586 «
545 2540 688 2591 Cum
720 2537 914 2589 autem
946 2533 1296 2604 benignitas,
1328 2537 1384 2586 et
1416 2533 1753 2587 humanitas
1784 2530 2054 2603 apparuit

411 2623 731 2681 Salvatoris
758 2622 942 2676 nostri
965 2621 1064 2676 Dei
1093 2638 1320 2676 :nonex
1343 2621 1897 2691 operibusjustitiaa,
1925 2637 2049 2691 quae

409 2714 773 2769 fecimusnos
795 2711 1042 2781 (1377).»
1069 2712 1201 2773 Quae
1227 2727 1330 2765 nos
1347 2708 1534 2764 Judaei
1560 2709 2050 2780 fecimus,quanto

410 2802 601 2873 magis
631 2798 897 2870 gentiles,
928 2797 1030 2868 qui
1061 2798 1238 2869 ligno,
1272 2803 1330 2853 et
1359 2797 1537 2867 lapidi
1597 2798 1938 2852 servierunt.
1985 2798 2052 2850 Et

409 2889 735 2946 notandum
759 2887 913 2958 quod
937 2887 1017 2942 ait
1038 2887 1371 2958 Apostolus,
1397 2887 1661 2957 quianon
1690 2904 1758 2941 ex
1778 2887 2050 2958 operibus

400 2977 644 3048 justitiae
677 2975 868 3032 salvos
900 2993 1006 3031 nos
1037 2975 1169 3030 fecit
1190 2993 1203 3044 ;
1228 2977 1367 3046 quia
1388 2974 1565 3031 nullis
1587 2976 1804 3030 nostris
1827 2975 2050 3030 meritis

408 3083 616 3122 sumus
648 3065 860 3121 salvati
892 3066 962 3120 de
991 3063 1117 3121 sola
1170 3064 1571 3120 misericordia
1620 3065 2045 3136 Redemptoris.

406 3155 806 3212 Conticescant
821 3153 1288 3226 pracipitatores,
1315 3154 1501 3226 magis
1516 3170 1691 3224 quam
1717 3154 2048 3209 defensores

403 3243 572 3301 liberi
601 3242 848 3299 arbitrii.

478 3356 507 3384 ‹‹
537 3332 869 3389 Secundum
902 3348 1071 3388 suam
1105 3331 1566 3387 misericordiam
1597 3330 1791 3386 salvos
1823 3349 1928 3387 nos
1961 3332 2047 3386 fe-

407 3423 502 3478 cit.
530 3444 558 3470 n
591 3421 925 3476 Secundum
959 3437 1129 3474 suam
1161 3419 1645 3486 misericordiam,
1681 3436 1808 3491 quae
1841 3437 1947 3475 nos
1986 3421 2044 3474 in

409 3510 568 3566 omni
600 3525 770 3580 opere
800 3509 950 3562 bono
983 3513 1036 3561 et
1067 3509 1342 3578 praevenit
1373 3507 1733 3578 inspirando,
1757 3513 1814 3562 et
1843 3509 2049 3564 subse-

409 3599 611 3670 quitur
641 3597 994 3667 adjuvando,
1027 3613 1140 3651 non
1172 3597 1496 3652 secundum
1527 3596 1900 3666 industriam,
1963 3597 2046 3652 vel

407 3686 668 3742 laborem
701 3689 989 3740 nostrum.

488 3796 516 3825 «
545 3775 652 3829 Per
683 3773 979 3829 lavacrum
1013 3775 1490 3844 regenerationis.
1520 3798 1540 3823 ι
1596 3775 2050 3846 Regeneratione

406 3864 510 3920 illa
531 3865 601 3919 de
623 3879 740 3934 qua
759 3861 1235 3918 Dominusdicil:
1268 3887 1287 3912 α
1314 3863 1437 3918 Nisi
1460 3863 1593 3934 quis
1616 3867 1853 3919 renatus
1877 3865 2051 3919 fuerit

405 3971 474 4010 ex
504 3969 658 4025 aqua
683 3957 739 4008 et
769 3951 987 4023 Spiritu
1019 3956 1243 4021 sancto,
1277 3969 1390 4007 non
1426 3952 1688 4006 introibit
1714 3952 1771 4006 in
1804 3968 2049 4024 regnum

405 4042 683 4099 caelorum
718 4043 894 4109 (Joan.
930 4058 1014 4110 In,
1049 4040 1127 4110 3).
1157 4063 1184 4089 »

479 4156 499 4182 ε
538 4132 604 4186 Et
633 4130 1024 4186 renovationis
1056 4129 1312 4200 Spiritus
1339 4129 1549 4193 sancti,
1578 4151 1604 4178 »
1653 4129 1724 4184 de
1755 4146 1871 4200 qua
1898 4131 2049 4202 Apo-

401 4221 587 4279 stolus
619 4221 732 4276 alio
759 4219 885 4274 loco
918 4219 1057 4274 dicit
1083 4236 1096 4274 :
1125 4241 1151 4267 ‹‹
1180 4219 1559 4275 Renovamini
1586 4218 1808 4290 Spiritu
1838 4220 2050 4274 mentis
2099 4219 2104 4224 ’

399 4315 621 4375 vestrae,
655 4315 711 4365 et
743 4308 965 4364 induite
998 4325 1213 4363 novum
1247 4309 1571 4377 hominem,
1600 4307 1703 4378 qui
1727 4308 2048 4363 secundum

399 4398 583 4454 Deum
615 4402 842 4452 creatus
873 4402 961 4453 est
991 4396 1205 4469 (Ep/tes.
1241 4415 1316 4463 ιν,
1347 4398 1441 4464 23)
1461 4420 1488 4444 ››
1523 4413 1536 4451 :
1589 4397 1705 4450 Ista
1756 4396 2048 4452 renovatio

399 4503 513 4543 non
545 4487 600 4540 in
635 4502 750 4541 uno
782 4491 1078 4540 .nomento
1103 4485 1186 4548 ﬁt,
1211 4486 1362 4539 sicut
1385 4484 1442 4538 in
1467 4482 1764 4552 baptismo
1789 4499 1902 4537 uno
1926 4501 2047 4540 mo-

399 4581 595 4632 mento
629 4576 692 4630 ﬁt
721 4574 991 4630 remissio
1023 4572 1288 4627 omnium
1337 4574 1726 4642 peccatorum.

472 4687 500 4714 α
534 4665 712 4728 Quem
745 4663 950 4718 etfudit
972 4662 1030 4715 in
1064 4660 1232 4714 nobis
1266 4658 1501 4714 abunde
1538 4675 1636 4728 per
1663 4659 1868 4714 Jesum
1891 4663 2046 4718 Chri-

399 4758 555 4810 stum
572 4752 923 4808 Salvatorem
947 4753 1233 4803 nostrum.
1260 4768 1288 4795 ››
1319 4746 1539 4802 Nomen
1566 4747 2044 4825 ell'usionislargi-

394 4848 574 4897 tatem
589 4841 910 4914 gratiarum
933 4833 1225 4906 signiﬁcat
1249 4835 1304 4886 in
1335 4833 1664 4891 han-edibus
1677 4837 1816 4893 Novi
1841 4841 2039 4898 Testa-

396 4930 599 4998 menti,
634 4931 946 5003 plusquam
981 4923 1039 4975 in
1073 4920 1370 4990 prioribus
1393 4922 1596 4993 justis.

462 5020 651 5088 (1378)
681 5012 1032 5084 Diligentius
1073 5011 1473 5080 attendamus,
1511 5018 1570 5068 et
1597 5015 2037 5075 invenieinusin

393 5108 664 5180 praesenti
696 5099 949 5172 capitulo
968 5096 1509 5156 manifestissimam
1539 5103 1904 5161 Trinitatem.
1928 5109 2039 5163 Re-

386 5194 644 5266 nignitas
676 5191 893 5264 quippe
925 5191 1096 5255 atque
1127 5187 1432 5244 clementia
1475 5192 1788 5248 Salvatoris
1853 5198 2035 5252 nostri

379 5283 506 5347 Dei,
539 5297 654 5335 non
685 5277 930 5335 alterius
962 5291 1138 5346 quam
1175 5278 1270 5332 Dei
1326 5279 1532 5349 Patris,
1588 5296 1689 5349 per
1735 5281 2030 5341 lavacrum

378 5367 921 5440 regenerationis,et
943 5366 1334 5423 renovationis
1358 5367 1612 5437 Spiritus
1629 5370 1840 5438 sancti,
1857 5389 2029 5444 quem

482 5491 639 5560 1377)
669 5495 774 5550 Art,

483 5561 619 5617 1378
670 5567 750 5624 ΙΙι.

449 5493 760 5730 tm;

483 5561 641 5624 1378)
670 5567 750 5624 ΙΙι.

483 5563 619 5617 1378
670 5567 750 5624 ΙΙι.

480 5563 641 5720 13793
668 5640 760 5697 Αῆ.

2147 578 2501 634 Salvatorem
2561 585 2851 645 nostrum,
2903 580 3247 650 justiﬁcavit
3302 598 3406 637 nos
3484 582 3542 636 in
3621 582 3809 637 vitam

2148 672 2444 722 aeternam.
2481 667 2652 723 Salus
2677 669 3036 723 credentium
3100 669 3444 740 mysterium
3496 670 3810 726 Trinitatis

2151 760 2258 811 est.
3708 809 3714 814 .

2222 845 2406 915 (1379)
2438 868 2465 896 ‹‹
2500 845 2572 900 Ut
2595 846 2903 916 justiﬁcati
2935 848 3126 918 gratia
3166 848 3376 920 ipsius.
3399 868 3426 901 ι)
3481 851 3810 905 Adverten-

2151 933 2293 988 dum
2326 935 2479 1005 quod
2513 934 2700 1006 gratia
2728 934 2886 990 illius
2927 936 3348 1006 justiﬁcamur,
3400 955 3516 994 non
3571 939 3810 995 meritis

2151 1023 2390 1078 nostris.

2227 1134 2254 1162 ‹‹
2285 1112 2550 1168 Ηωτθάθε
2581 1112 2771 1169 simus
2801 1114 3123 1168 secundum
3156 1130 3319 1186 spem
3363 1115 3493 1169 vita:
3547 1119 3803 1174 eterna.

2155 1200 2420 1255 Heredes
2446 1200 2682 1272 quidem
2716 1201 2838 1268 Dei,
2876 1201 3204 1258 cohaeredes
3257 1208 3454 1259 autem
3503 1205 3747 1260 Christi.
3779 1229 3809 1256 ››

2157 1289 2329 1354 (Rom.
2359 1290 2414 1357 8,
2448 1290 2557 1358 17).
2592 1293 2654 1344 Et
2675 1290 2996 1345 notandum
3021 1291 3174 1362 quod
3195 1292 3518 1347 secundum
3547 1294 3809 1364 gratiam

2156 1377 2781 1450 Deiljustiﬁcamur,vel
2802 1379 3058 1434 heredes
3074 1379 3365 1436 efﬁcimur
3385 1382 3514 1437 vitae
3539 1387 3806 1451 aeternae;

2156 1481 2270 1520 non
2303 1467 2626 1521 secundum
2685 1467 2976 1522 carnalem
3027 1467 3449 1536 haereditatem,
3501 1477 3567 1525 ut
3612 1471 3809 1527 Judaei

2156 1561 2465 1609 autumant
2497 1571 2510 1611 :
2539 1572 2724 1628 neque
2756 1557 3086 1611 secundum
3146 1557 3356 1612 merita
3401 1563 3624 1628 nostra,
3675 1577 3809 1631 quae

2155 1647 2322 1698 antea
2351 1644 2504 1698 bona
2559 1661 2674 1700 non
2718 1643 3059 1711 habuimus,
3113 1652 3176 1700 ut
3232 1645 3538 1718 Pelagiani
3596 1667 3810 1720 super-

2155 1731 2345 1786 biunt.
3555 1751 3563 1758 ·

2227 1844 2255 1869 ‹‹
2295 1820 2505 1876 Fidelis
2535 1836 2724 1875 sermo
2765 1825 2888 1876 est:
2949 1824 3006 1875 et
3057 1822 3126 1876 de
3177 1822 3269 1878 his
3315 1822 3437 1878 volo
3487 1827 3546 1880 te
3595 1826 3811 1881 conﬁr-

2157 1925 2334 1976 mare,
2365 1913 2428 1963 ut
2447 1914 2649 1965 curent
2671 1908 2839 1964 bonis
2861 1909 3134 1981 operibus
3157 1927 3406 1982 praeesse
3425 1913 3528 1984 qui
3552 1915 3810 1970 credunt

2156 1995 2290 2050 Deo.
2325 1997 2451 2050 Hac
2484 2002 2622 2052 sunt
2651 1998 2805 2052 bona
2843 2001 2900 2053 et
2951 1997 3117 2054 utilia
3168 1999 3568 2056 hominibus.»
3611 2003 3810 2074 (1380)

2156 2084 2292 2152 Hoc,
2319 2086 2471 2155 quod
2501 2087 2602 2152 ait,
2633 2085 2823 2141 ﬁdelis
2854 2103 3070 2154 sermo,
3113 2089 3184 2142 ad
3219 2089 3518 2160 superiora
3540 2091 3812 2162 jungen-

2157 2173 2298 2227 dum
2331 2180 2439 2240 est,
2482 2174 2538 2228 in
2601 2175 2816 2246 quibus
2865 2177 3263 2246 praemiserat:
3318 2201 3344 2226 ‹‹
3381 2177 3452 2233 Ut
3491 2180 3811 2248 justiﬁcati

2158 2263 2345 2334 ipsius
2377 2267 2583 2334 gratia,
2618 2265 2875 2320 haeredes
2901 2266 3229 2320 efﬁciamur
3259 2269 3584 2323 secundum
3635 2286 3807 2340 spem

2158 2352 2284 2405 vitae
2312 2357 2556 2408 aeternae.
2586 2377 2607 2402 ι
2647 2352 2873 2423 Dignus
2905 2354 3061 2408 enim
3096 2354 3208 2409 ﬁde
3239 2372 3417 2426 super
3461 2356 3813 2415 haereditate

2159 2441 2254 2495 Dei
2290 2457 2501 2509 sermo,
2532 2445 2588 2495 et
2620 2458 2796 2513 super
2825 2459 2928 2514 spe
2956 2443 3081 2497 vitae
3111 2449 3335 2498 mternze
3386 2445 3593 2518 (1381).
3640 2446 3809 2504 Unde

2159 2533 2386 2602 oportet
2415 2531 2484 2585 de
2507 2530 2600 2586 his
2623 2546 2737 2584 non
2760 2531 3027 2601 dubium,
3053 2549 3166 2586 non
3198 2537 3503 2589 timentem
3526 2540 3582 2590 et
3612 2535 3806 2607 ipsam

2160 2620 2412 2681 credere,
2459 2625 2534 2688 et,
2597 2625 2661 2674 ut
2705 2619 2944 2676 credant
2990 2621 3198 2691 caeteri,
3259 2623 3627 2678 conﬁrmare.
3678 2625 3807 2681 Non

2159 2708 2353 2764 solum
2386 2713 2601 2778 autem,
2627 2708 2728 2762 sed
2751 2713 2807 2764 et
2832 2708 2939 2764 hoc
2962 2725 3095 2764 cum
3120 2712 3344 2765 caeteris
3367 2710 3460 2766 his
3483 2713 3584 2784 qui
3605 2713 3813 2770 volue-

2159 2797 2277 2852 rint
2304 2797 2555 2862 credere,
2600 2797 3067 2853 conﬁrmandum
3111 2803 3218 2853 est.
3269 2800 3634 2871 Quapropter
3681 2802 3806 2858 ait:

2166 2907 2193 2940 α
2224 2886 2292 2940 Et
2321 2887 2390 2940 de
2421 2886 2514 2942 his
2544 2886 2670 2941 volo
2700 2890 2756 2941 te
2813 2887 3180 2942 conﬁrmare.
3211 2911 3232 2937 ο
3288 2888 3396 2954 Qui
3443 2895 3640 2945 autem
3692 2891 3810 2947 ista

2159 2991 2292 3030 vera
2313 2989 2440 3030 esse
2461 2975 2830 3045 crediderint,
2859 2991 3096 3030 necesse
3116 2980 3205 3030 est
3226 2981 3290 3031 ut
3310 2993 3511 3032 curam
3550 2978 3813 3034 habeant

2158 3065 2444 3119 bonorum
2477 3080 2743 3135 operum,
2777 3081 2878 3135 per
2907 3081 3033 3136 quae
3067 3065 3375 3121 hereditas
3409 3066 3529 3133 Dei,
3562 3071 3620 3122 et
3669 3084 3810 3139 spes

2157 3152 2282 3207 vitae
2312 3161 2670 3223 praeparatur
2698 3157 2945 3208 aeternae.

2237 3265 2255 3289 α
2290 3240 2508 3296 Stultas
2539 3246 2733 3296 autem
2771 3241 3141 3313 quaestiones,
3196 3247 3253 3298 et
3299 3243 3694 3316 genealogias,
3753 3252 3812 3302 et

2159 3330 2577 3397 contentiones,
2609 3335 2666 3384 et
2718 3347 2946 3402 pugnas
2995 3329 3141 3403 legis
3182 3332 3412 3388 devita:
3460 3338 3602 3388 sunt
3645 3335 3806 3390 enim

2160 3417 2397 3474 inutiles
2427 3425 2484 3473 et
2511 3435 2690 3473 vanis.
2724 3441 2752 3469 »
2814 3419 2976 3483 Quod
3037 3424 3233 3476 autem
3283 3421 3366 3475 ait
3399 3438 3412 3476 :
3462 3443 3491 3473 «
3523 3423 3810 3479 Genealo-

2157 3509 2303 3580 giae,
2328 3512 2384 3563 et
2402 3509 2819 3575 contentiones,
2844 3513 2902 3564 et
2923 3507 3101 3576 rixas,
3120 3525 3248 3580 quae
3279 3510 3523 3566 veniunt
3546 3528 3617 3566 ex
3647 3511 3804 3583 lege,

2159 3597 2368 3652 devita.
2392 3615 2417 3646 π
2447 3595 2676 3668 proprie
2698 3595 2892 3667 pulsat
2911 3597 3166 3665 Judaaos,
3188 3597 3288 3668 qui
3315 3599 3371 3652 in
3390 3615 3456 3654 eo
3479 3616 3543 3654 se
3576 3601 3810 3669 jactant

2159 3693 2211 3742 et
2245 3690 2454 3756 putant
2485 3685 2629 3757 legis
2661 3685 2872 3741 habere
2899 3687 3189 3752 notitiam,
3225 3686 3273 3742 si
3305 3687 3813 3744 nominateneant

2159 3773 2554 3845 singulorum;
2581 3791 2706 3844 quae
2730 3775 2870 3844 quia
2887 3774 3136 3831 barbara
3156 3780 3315 3846 sunt,
3340 3781 3396 3831 et
3415 3776 3809 3850 etymologiae

2158 3880 2359 3918 eorum
2383 3881 2497 3918 non
2522 3863 2809 3930 novimus,
2836 3863 3179 3935 plerumque
3200 3870 3470 3937 corrupte
3495 3868 3811 3938 proferun-

2160 3957 2255 4007 tur
2284 3969 2318 4006 a
2348 3951 2538 4006 nobis.
2572 3952 2638 4007 Et
2671 3952 2718 4007 si
2752 3954 2898 4007 forte
2940 3953 3265 4010 erravimus
3310 3955 3369 4008 in
3423 3961 3694 4021 accentu,
3750 3958 3809 4012 in

2159 4039 2512 4106 extensione,
2544 4047 2599 4095 et
2631 4041 2906 4096 brevitate
2937 4040 3195 4114 syllabis,
3227 4042 3314 4098 vel
3347 4043 3544 4099 brevia
3587 4046 3811 4116 produ-

2159 4134 2376 4198 centes,
2426 4128 2512 4183 vel
2570 4130 2852 4200 producta
2907 4131 3257 4199 breviantes,
3315 4131 3507 4187 solent
3558 4133 3809 4191 irridere

2162 4234 2266 4272 nos
2324 4217 2648 4288 imperitiae,
2717 4220 2969 4274 maxime
3052 4220 3113 4275 in
3193 4220 3682 4293 aspirationibus,
3760 4228 3819 4280 et

2160 4305 2512 4377 quibusdam
2571 4323 2706 4363 cum
2766 4325 2972 4364 rasura
3028 4308 3246 4381 linguae
3328 4309 3536 4366 litteris
3615 4312 3816 4383 profe-

2160 4396 2377 4451 rendis.

2233 4509 2260 4535 α
2290 4485 2631 4540 Haereticum
2665 4486 2965 4543 hominem
2998 4493 3128 4558 post
3159 4505 3338 4544 unam
3372 4493 3428 4544 et
3483 4491 3812 4546 secundam

2077 4597 2122 4662 Ι)
2157 4575 2578 4645 correptionem
2612 4575 2820 4647 devita,
2855 4575 3043 4631 sciens
3075 4576 3213 4647 quia
3243 4579 3561 4633 subversas
3593 4583 3684 4635 est
3707 4581 3812 4652 qui

2153 4663 2442 4733 ejusmodi
2474 4668 2562 4718 est
2591 4667 2647 4717 et
2677 4663 2981 4735 delinquit,
3017 4683 3153 4720 cum
3185 4667 3263 4721 sit
3293 4666 3528 4738 proprio
3575 4667 3807 4738 judicio

2153 4752 2650 4808 condemnatus.»
2687 4752 2922 4824 Legitur
2951 4753 3007 4806 in
3041 4754 3342 4810 codicibus
3371 4756 3553 4826 (quod
3600 4773 3807 4812 verum

2154 4858 2303 4911 papa
2334 4855 2565 4911 quoque
2595 4841 2949 4896 Athanasius
2982 4844 3288 4914 approbat)
3341 4867 3370 4894 (ι
3406 4849 3539 4914 post
3600 4862 3806 4913 unam,

2151 4936 2207 4984 et
2232 4928 2472 4984 alteram
2506 4931 2930 5002 correptionem
2957 4950 2968 4998 ;
3003 4951 3028 4982 ιι
3058 4933 3212 5003 quod
3246 4932 3469 4987 scilicet
3491 4950 3608 4988 non
3634 4935 3804 4990 suffi-

2150 5019 2262 5072 ciat
2295 5022 2529 5072 tantum
2560 5018 2739 5073 semel
2772 5035 2904 5074 eum
2925 5020 3157 5090 corripi,
3182 5020 3268 5076 vel
3292 5023 3680 5090 commoneri,
3706 5023 3810 5094 qui

2148 5106 2342 5178 aliquo
2375 5107 2450 5161 sit
2471 5108 2819 5177 depravatus
2849 5125 3062 5175 errore,
3097 5109 3196 5163 sed
3231 5114 3288 5164 et
3318 5110 3580 5165 secunda
3625 5111 3678 5165 ei
3728 5111 3808 5166 sit

2146 5195 2479 5251 adhibenda
2509 5197 2789 5263 doctrina,
2824 5202 2881 5251 et
2915 5198 2971 5251 in
3026 5215 3123 5252 ore
3155 5197 3429 5264 duorum,
3475 5199 3566 5253 vel
3617 5201 3804 5256 trium

2144 5285 2384 5339 testium
2417 5288 2530 5339 stet
2560 5300 2732 5340 omne
2761 5285 3023 5340 verbum.
3060 5288 3248 5351 Quare
3278 5291 3474 5341 autem
3503 5293 3641 5358 post
3685 5287 3808 5360 pri-

2145 5389 2299 5427 mam
2333 5377 2389 5426 et
2445 5377 2763 5429 secundam
2819 5376 3246 5446 correptionem
3297 5374 3648 5432 devitandus
3703 5377 3807 5444 sit,

2144 5495 2630 5696 exalignlllebrba,
2662 5568 2941 5641 ngnm...
3002 5580 3248 5646 aeternae,
3305 5571 3366 5629 in
3424 5570 3548 5628 imo
3604 5587 3798 5648 marg.
