3978 6210
172 354 279 411 ἨἾ

768 349 1176 408 EXPUSITIO
1226 350 1297 407 IN
1352 352 1777 411 EPIS'I‘OLAS
1827 352 2077 411 PAULI.
2127 383 2202 396 —-
2241 352 2314 410 ΙΝ
2366 351 2611 412 EPIST.
2662 353 2763 411 AD
2808 354 2961 411 'l‘l'l‘.

3448 354 3565 411 718

177 482 352 537 reddit
379 496 613 545 causas,
646 480 883 534 dicens:
920 502 945 527 ‹‹
972 481 1133 545 Quod
1169 482 1490 536 subversus
1521 486 1607 535 est
1653 483 1808 551 ojus-
1844 485 1892 549 Α
1930 483 2083 537 unde
2112 483 2259 547 'l‘ito,
2288 488 2347 535 ut
2376 482 2649 537 viaticum
2684 500 2796 537 non
2829 482 3178 537 habentibus
3211 481 3565 555 largiretur?

178 572 323 626 modi
354 574 407 624 et
441 575 662 640 peccat,
710 586 843 623 cum
905 571 981 623 sit
1041 571 1356 640 semi'tipso
1414 572 1809 625 damnatus.»

181 661 278 725 Qui
309 660 461 713 enim
498 658 701 725 semel,
735 658 941 727 bisque
981 666 1307 729 correptus,
1366 660 1565 713 audito
1623 676 1813 713 errore

179 765 296 816 suo,
328 763 441 801 non
477 746 598 800 vult
627 746 1057 815 corrigi,errare
1091 746 1343 801 aestimat
1393 747 1811 817 corrigentei‘n;

180 841 232 892 et
261 854 289 893 e
319 835 609 891 contrario
641 852 702 890 se
751 835 821 889 ad
868 851 1114 905 pugnas,
1176 840 1233 889 et
1275 836 1475 907 jurgia
1506 837 1813 910 verborum

181 942 540 996 parans,eum
574 923 698 978 vult
724 922 1058 977 lucrifacere
1086 942 1117 977 a
1139 940 1253 994 quo
1279 926 1815 996 docetur.Propter-

180 1031 242 1069 ea
268 1030 395 1068 vero
449 1032 483 1067 a
535 1014 850 1082 semetipso
897 1012 1120 1067 dicetur
1153 1030 1280 1067 esse
1312 1014 1645 1080 damnatus,
1680 1013 1818 1085 quia

182 1102 504 1172 fornicator,
538 1100 785 1167 adulter,
822 1100 1137 1167 homicida,
1169 1109 1223 1156 et
1256 1107 1460 1157 caetera
1504 1103 1658 1171 vitia,
1718 1119 1819 1173 per

181 1192 502 1247 sacerdotes
520 1191 587 1245 de
604 1188 858 1245 Ecclesia
873 1190 1309 1261 propelluntur;
1340 1191 1586 1245 hmrctici
1620 1197 1815 1245 autem

183 1280 240 1334 in
271 1281 493 1350 seipsos
520 1279 866 1333 sententiam
898 1278 1111 1347 ferunt,
1138 1296 1243 1333 suo
1269 1280 1505 1335 arbitrio
1522 1280 1590 1335 de
1635 1278 1819 1334 Eccle-

184 1368 268 1423 sia
298 1369 658 1435 recedentes;
694 1385 820 1439 quae
866 1368 1105 1435 recesio,
1156 1369 1395 1440 pr0pt‘l33
1453 1368 1817 1424 conscientia)

180 1456 401 1511 videtur
431 1472 559 1511 esse
589 1456 1416 1512 damnatio.lnterha3rcsimet
1439 1458 1692 1513 schisma
1713 1458 1817 1511 huc

180 1562 300 1600 esse
330 1546 712 1615 arbitrantur,
748 1546 899 1615 quod
934 1546 1166 1601 hreresis
1212 1564 1545 1615 perversum
1607 1548 1818 1617 dogma

183 1633 381 1688 habeat
405 1632 697 1700 ;schisma
721 1642 955 1705 propter
988 1634 1376 1706 episcopalem
1395 1635 1817 1691 dissensionem

183 1722 249 1776 ab
271 1720 523 1777 Ecclesia
554 1727 892 1793 separetur:
927 1724 1079 1793 quod
1120 1724 1357 1794 quidem
1422 1724 1479 1778 in
1533 1724 1818 1796 principio

183 1810 367 1882 aliqua
395 1828 466 1866 ex
502 1816 663 1882 parte
695 1810 939 1881 intelligi
983 1817 1189 1883 potest.
1250 1814 1531 1867 Caeterum
1593 1812 1819 1868 nullum

1924 571 2104 623 Solvit
2131 571 2275 624 hanc
2309 571 2712 641 quaestionem,
2746 576 2802 625 et
2832 570 2998 641 quasi
3036 570 3177 624 nihil
3228 571 3337 626 sibi
3386 588 3561 642 oppo-

1927 666 2119 724 natur,
2155 660 2336 728 eliilit,
2389 660 2632 714 dicendo
2668 675 2679 713 :
2716 684 2741 709 ι(
2804 659 3039 713 Discant
3098 667 3289 714 autem
3352 660 3565 715 nostris

1924 747 2091 802 bonis
2123 748 2395 819 operibus
2427 765 2669 821 prmesse
2690 748 2747 803 in
2769 748 3111 803 necessariis
3134 749 3560 819 usibus,utnon

1926 836 2270 894 infructuosi
2303 838 2437 892 sint.
2476 860 2503 886 ››
2534 837 2772 894 Nostros
2803 854 2940 892 suos
2973 837 3153 907 (1382)
3184 842 3366 904 vocat,
3389 836 3565 909 quiin

1925 926 2151 980 Christo
2175 926 2562 994 crediderunt,
2596 926 2694 999 qui
2729 926 2867 997 quia
2913 925 3126 981 Christi
3176 929 3360 992 crant,
3415 930 3569 981 recte

1926 1018 1983 1069 et
2032 1013 2187 1069 Pauli
2245 1019 2301 1069 et
2358 1014 2472 1069 Titi
2550 1013 2831 1086 appellari
2903 1015 3296 1069 merebantur.
3356 1014 3565 1082 Habes,

1927 1102 2139 1173 inquit,
2173 1103 2229 1157 in
2262 1101 2579 1174 discipulos
2613 1106 2978 1173 potestatem,
2999 1102 3139 1157 doce
3171 1119 3268 1158 eos
3296 1119 3410 1157 non
3442 1116 3569 1157 esse

1928 1190 2343 1258 infructuosos,
2373 1192 2471 1245 sed
2503 1190 2868 1257 evangelistis
2902 1196 2958 1244 et
3014 1190 3350 1261 apostolicis
3403 1190 3565 1260 viris,

1927 1279 2026 1349 qui
2061 1278 2227 1334 bonis
2259 1280 2531 1350 operibus
2566 1279 2843 1343 serviunt,
2880 1278 3247 1346 ministrare;
3281 1284 3338 1334 et
3397 1279 3570 1334 mini-

1929 1372 2133 1433 strare,
2171 1384 2284 1422 non
2319 1367 2373 1421 in
2390 1366 2841 1439 quibuscunque
2864 1366 3186 1433 causis,sed
3210 1367 3267 1421 in
3302 1384 3569 1422 necessa-

1929 1456 2066 1510 riis:
2102 1455 2381 1511 habcntcs
2412 1455 2627 1527 quippe
2655 1456 2871 1509 victum
2906 1459 2962 1509 et
3008 1456 3438 1523 vestimentum,
3480 1456 3572 1512 his

1930 1545 2183 1599 contenti
2242 1562 2449 1599 sumus
2472 1546 2514 1615 (Ι
2550 1546 2679 1598 Tz'm.
2741 1562 2813 1609 v1,
2874 1545 2965 1615 8):
3000 1547 3055 1598 ct
3085 1544 3184 1615 qui
3218 1543 3420 1599 altario
3452 1562 3571 1600 ser-

1929 1633 2112 1699 viunt,
2148 1634 2216 1687 de
2248 1632 2447 1687 alterio
2479 1632 2679 1687 vivunt
2710 1634 2755 1703 (l
2780 1632 2900 1686 Cor.
2936 1649 3011 1700 ix,
3048 1633 3133 1703 13)
3168 1649 3180 1700 ;
3218 1637 3274 1687 et
3305 1633 3405 1703 qui
3437 1650 3567 1705 par-

1930 1721 2135 1793 ticipes
2169 1721 2523 1792 spiritalium
2556 1726 2890 1776 nostrorum
2948 1720 3083 1775 facti
3140 1726 3301 1792 sunt,
3360 1722 3577 1777 debent

1931 1810 2099 1865 nobis
2132 1827 2239 1865 sua
2270 1810 2616 1881 participare
2649 1810 2923 1864 carnalia.
2958 1810 3022 1864 Et
3054 1826 3123 1864 ne
3184 1810 3427 1865 forsitan
3486 1810 3574 1867 vel

183 1871 429 1956 schisma
463 1871 580 1954 nbn
614 1899 725 1955 sibi
758 1871 1011 1970 aliquam
1044 1900 1211 1972 fingit
1251 1900 1539 1969 haeresim,
1577 1906 1640 1957 ut
1669 1906 1823 1958 recte
1856 1871 1903 1936 B
1931 1871 2443 1970 EpistolauhPauli
2482 1871 2567 1951 vel
2630 1901 2977 1969 praeceptum
3038 1897 3151 1953 Titi
3211 1897 3375 1953 facile
3432 1915 3574 1954 con-

184 1990 247 2042 ab
272 1988 528 2044 Ecclesia
558 1988 869 2043 recessisse
897 1989 1177 2044 videatur.

252 2102 270 2126 ·
303 2079 448 2134 Cum
485 2078 699 2132 misero
731 2078 801 2131 ad
860 2082 915 2132 te
971 2082 1269 2145 Arteman,
1330 2078 1416 2133 vel
1473 2079 1819 2151 Tychicum,

183 2166 382 2221 festina
411 2167 487 2222 ad
523 2182 616 2220 me
638 2167 831 2219 venire
868 2165 1187 2235 Nicopolim
1219 2184 1230 2220 :
1288 2166 1366 2221 ibi
1426 2166 1583 2221 enim
1643 2166 1821 2221 statui

183 2254 493 2310 hiemare.»
525 2254 818 2325 Quiaergo
834 2260 963 2324 post
981 2255 1428 2311 fundamentum
1453 2255 1700 2310 aliarum
1719 2256 1821 2309 Ec—

181 2343 494 2398 clesiarum
528 2344 890 2397 necessarius
917 2348 1040 2398 erat
1070 2345 1365 2416 Titus,qui
1390 2345 1698 2400 aedilicium
1726 2361 1819 2399 su-

185 2436 566 2502 perstrueret,
599 2431 791 2486 scribit
823 2433 893 2502 ei,
928 2438 992 2486 ut
1023 2449 1154 2487 cum
1185 2436 1483 2503 Artcman,
1509 2433 1592 2489 vel
1622 2432 1824 2505 Tychi-

179 2538 335 2588 cum,
370 2536 556 2575 unum
598 2520 810 2575 scilicet
838 2538 867 2575 e
898 2522 1145 2589 duobus,
1181 2522 1279 2592 qui
1313 2539 1510 2578 secum
1574 2522 1821 2588 fuerant,

179 2609 397 2666 Cretum
434 2608 1074 2680 misisset,impleturos
1110 2609 1299 2665 locum
1332 2611 1621 2682 ejus,ipsc
1661 2609 1824 2664 Nico-

182 2697 349 2769 polim
381 2698 635 2762 veniret,
667 2697 743 2751 ibi
776 2713 837 2752 se
862 2696 1257 2753 hiematurum
1307 2715 1436 2754 esse
1466 2702 1821 2753 contestans.

180 2791 252 2841 Ex
280 2804 390 2857 quo
423 2791 709 2857 paternos
742 2785 905 2840 Pauli
936 2786 993 2840 in
1025 2791 1327 2842 Cretenses
1351 2788 1664 2858 probemus
1696 2788 1825 2842 affe-

179 2873 1131 2944 ctus,NecessariumhabetTitum
1155 2876 1213 2930 in
1239 2874 1531 2947 Evangelii
1564 2875 1825 2931 ministe-

179 2963 319 3019 rium
347 2991 360 3033 ;
392 2970 600 3020 tamen
635 2980 747 3017 non
779 2980 913 3018 eum
947 2966 1078 3018 ante
1111 2965 1178 3017 ad
1212 2964 1824 3033 sevultvenire,nisiin

176 3052 357 3109 locum
386 3056 528 3124 ejus
553 3054 824 3107 Artemas
853 3051 937 3107 vel
966 3052 1253 3124 Tychicus
1304 3070 1608 3109 successor
1655 3053 1825 3108 adve-

177 3143 375 3198 nerint.
412 3140 719 3212 Nicopolis
752 3141 880 3213 ipsa
911 3146 1020 3208 est,
1052 3158 1178 3213 quae
1226 3143 1297 3197 ob
1350 3142 1650 3197 victoriam
1704 3148 1824 3195 Au—

174 3233 342 3303 gusti,
377 3229 1476 3304 quodibiAntoniumCleopatramque
1515 3229 1824 3303 superarit,
1860 3239 1901 3303 (ξ

176 3337 375 3376 nomen
408 3318 666 3390 accepit.

249 3434 275 3460 ιι
307 3415 536 3466 Zenam
583 3407 1011 3479 legisperitum,
1045 3411 1100 3462 et
1126 3407 1328 3479 Apollo
1378 3407 1626 3463 sollicite
1684 3425 1827 3479 pra:-

176 3499 350 3565 mitte,
386 3505 450 3554 ut
482 3496 644 3553 nihil
680 3495 795 3551 illis
825 3496 992 3550 desit.
1031 3518 1057 3544 ››
1089 3496 1204 3550 Iste
1235 3502 1291 3550 et
1323 3496 1549 3568 Apollo,
1584 3497 1653 3551 de
1713 3512 1828 3567 quo

173 3592 225 3642 et
250 3588 320 3642 ad
350 3584 702 3644 Corinthios
734 3584 1044 3639 scribitur:
1082 3608 1107 3633 (ι
1136 3584 1554 3656 Unusquisque
1577 3590 1828 3639 vestrum

182 3676 351 3732 dicit:
379 3678 501 3749 Ego
541 3690 679 3729 sum
710 3672 891 3741 Pauli,
920 3689 1024 3743 ego
1050 3672 1384 3745 Apollo,ego
1416 3673 1619 3745 Cephea
1654 3673 1830 3745 (ICor.

173 3782 220 3829 1,
254 3766 359 3837 i2).
394 3786 423 3814 »
462 3763 603 3819 Fuit
635 3766 829 3816 autem
864 3760 951 3814 vir
978 3760 1408 3816 Alexandrinus
1469 3778 1536 3816 ex
1592 3761 1832 3831 Judaeis,

184 3852 344 3908 valde
372 3854 666 3924 eloquens
697 3854 752 3904 et
784 3850 1071 3921 perfectus
1103 3849 1162 3903 in
1208 3849 1331 3922 lege
1390 3851 1697 3922 episcopus
1729 3850 1833 3905 Co-

186 3939 538 3996 rinthiorum
569 3958 582 4007 ;
620 3954 794 4009 quem
827 3938 1628 4010 propterdissensiones,quze
1655 3938 1709 3993 in
1734 3938 1838 3993 Co-

186 4028 395 4085 rinthio
426 4029 701 4094 erant,ad
723 4026 971 4081 vicinam
996 4026 1252 4082 insulam
1277 4032 1500 4083 Cretam
1526 4046 1657 4083 cum
1690 4028 1840 4084 Zeua

188 4115 328 4189 legis
358 4119 606 4174 doctore
639 4116 965 4188 putandum
998 4120 1087 4171 est
1115 4116 1544 4184 transfretasse,
1578 4122 1634 4172 et
1677 4116 1839 4171 Pauli

186 4207 468 4278 Epistola,
503 4204 1133 4277 dissensionibusquae
1168 4204 1580 4260 Corinthiortse
1616 4206 1845 4260 fuerant

186 4296 556 4366 temperatis,
593 4311 829 4349 rursum
858 4294 1198 4350 Corinthum
1246 4292 1573 4349 revertisse.
1632 4296 1842 4350 Zenam

186 4399 318 4439 vero
349 4383 501 4457 legis
535 4384 856 4448 doctorem,
890 4383 959 4438 de
990 4382 1104 4438 alio
1146 4382 1457 4454 Scriptura:
1515 4382 1662 4450 loco,
1713 4382 1847 4453 quis

188 4471 384 4541 fuerit,
419 4490 539 4528 non
573 4488 890 4544 possumus
925 4470 1134 4538 dicere,
1174 4472 1282 4527 nisi
1309 4471 1418 4527 hoc
1437 4474 1848 4542 tantum,quod

186 4566 243 4616 et
271 4562 399 4634 ipse
432 4560 799 4633 apostolicus
828 4560 935 4629 vir,
970 4560 1027 4614 id
1064 4560 1436 4632 cperis,quod
1452 4559 1654 4632 Apollo
1686 4576 1845 4614 exer~

187 4651 379 4717 cebat,
425 4650 717 4717 habuerit,
754 4649 965 4704 Christi
999 4648 1285 4703 Ecclesias
1319 4649 1677 4704 exstruendi.
1702 4650 1851 4704 Prce-

184 4738 335 4809 cipit
364 4737 575 4808 itaque
602 4738 726 4793 Tito
760 4742 842 4803 ut,
876 4738 1150 4809 quoniam
1182 4737 1253 4791 de
1283 4738 1450 4793 Creta
1479 4739 1549 4793 ad
1574 4738 1853 4793 Graeciam

186 4825 531 4897 navigaturi
568 4831 750 4896 erant,
814 4844 929 4881 non
986 4844 1083 4881 eos
1143 4826 1319 4881 faciat
1381 4826 1639 4882 sitarciis
1702 4828 1854 4881 indi-

186 4932 344 4989 gere,
382 4916 488 4971 sed
527 4915 741 4970 habere
772 4932 840 4971 ea
879 4932 1005 4986 qua
1066 4916 1134 4971 ad
1193 4914 1469 4969 viaticum
1530 4915 1858 4971 necessaria

190 5012 354 5060 sunt.

268 5114 289 5142 ι
324 5094 584 5149 Discant
603 5097 793 5145 autem
814 5097 872 5147 et
893 5091 1107 5147 nostris
1130 5091 1299 5147 bonis
1318 5094 1591 5163 operibus
1614 5110 1860 5164 praeesse

190 5184 262 5237 ad
298 5200 450 5237 usus
499 5180 885 5249 necessarios,
946 5184 1009 5233 ut
1069 5198 1181 5235 non
1255 5180 1374 5234 sint
1430 5180 1860 5235 infructuosi.»

190 5275 381 5344 Supra
408 5271 683 5325 dixerat:
720 5290 747 5315 ‹‹
781 5268 991 5323 Zenam
1028 5267 1173 5339 legis
1207 5269 1523 5336 doctorem,
1576 5274 1631 5323 et
1661 5268 1861 5340 Apollo

193 5361 447 5415 sollicite
482 5356 802 5429 praemitte,
838 5362 901 5409 ut
934 5356 1077 5409 nihil
1110 5356 1222 5411 illis
1255 5356 1424 5410 desit.
1466 5379 1492 5405 ››
1525 5358 1671 5422 Quia
1728 5374 1864 5428 ergo

193 5452 427 5521 poterat
459 5443 726 5501 suboriri
761 5442 984 5497 occulta
1015 5444 1407 5515 responsio,ut
1430 5461 1541 5498 non
1566 5450 1683 5498 tam
1700 5447 1865 5500 Titus

192 5552 379 5610 quam
440 5532 798 5606 quicunque
855 5530 1119 5601 Epistolas
1174 5532 1355 5587 lector
1384 5530 1493 5585 hoc
1525 5531 1777 5600 diceret;
1811 5538 1868 5588 et

1930 1992 2254 2042 temnerent
2309 1986 2701 2042 infructuosos
2732 1990 2916 2057 vocat,
2946 1986 3282 2058 quicunque
3328 2003 3576 2059 evange-

1931 2075 2081 2131 listis
2114 2092 2227 2130 non
2262 2074 2737 2130 ministraverint.

2003 2223 2029 2247 ‹‹
2065 2200 2334 2254 Salutant
2364 2204 2421 2255 te
2452 2200 2551 2269 qui
2586 2215 2813 2253 mecum
2844 2204 2985 2254 sunt
3017 2216 3239 2256 omnes.
3275 2222 3302 2251 ι»
3339 2200 3439 2256 Vel
3490 2218 3579 2257 so-

1932 2287 2037 2343 lita
2064 2289 2487 2344 consuetudine
2517 2304 2661 2342 usus
2693 2293 2802 2356 est,
2839 2292 2902 2342 ut
2932 2288 3128 2343 Titum
3161 2289 3233 2344 ab
3262 2290 3576 2358 ,omnibus,

1934 2377 2031 2447 qui
2064 2394 2263 2432 secum
2295 2383 2473 2442 erant,
2507 2377 2724 2432 diceret
2754 2375 3017 2444 salutari,
3050 2376 3137 2431 vel
3170 2382 3318 2433 certe
3349 2378 3581 2449 preprie

1933 2466 1991 2520 in
2026 2466 2246 2533 Titum,
2281 2467 2436 2537 quod
2493 2466 2627 2520 talis
2684 2470 2856 2530 esset,
2919 2471 2982 2521 ut
3024 2481 3283 2521 amorem
3336 2483 3580 2535 ,eorum,

1935 2555 2199 2627 quicum
2244 2555 2421 2609 Paulo
2478 2559 2663 2619 erant,
2723 2553 2989 2609 omnium
3063 2558 3400 2611 mereretur.
3463 2556 3583 2611 Ma-

1934 2659 2049 2715 gna
2078 2661 2209 2699 vero
2244 2643 2371 2697 laus
2402 2644 2517 2698 Titi
2549 2659 2651 2713 per
2690 2642 2937 2699 Paulum
2998 2643 3069 2698 ab
3128 2643 3403 2701 omnibus
3433 2644 3588 2701 salu-

1934 2732 2065 2787 tari.

2011 2871 2031 2896 ιι
2070 2846 2273 2902 Saluta
2303 2863 2423 2911 eos,
2457 2846 2557 2917 qui
2589 2862 2696 2901 nos
2727 2850 2929 2902 amant
2959 2847 3019 2902 in
3053 2848 3187 2903 fide.
3223 2868 3251 2897 ››
3282 2848 3340 2904 Si
3368 2850 3583 2919 omnis,

1936 2937 2033 3007 qui
2070 2940 2245 3003 amat,
2280 2940 2503 2991 amaret
2532 2936 2589 2989 in
2623 2936 2755 3002 fide,
2790 2938 2847 2989 et
2892 2952 3007 2990 non
3047 2941 3245 2992 essent
3300 2937 3421 3003 alii,
3481 2940 3581 3010 qui

1936 3026 2157 3096 absque
2186 3025 2299 3079 fide
2328 3023 2963 3096 diligerent,nunquam
2988 3025 3203 3081 Paulus
3224 3028 3294 3080 ad
3318 3042 3578 3083 amorem

1937 3115 2110 3169 fidem
2146 3113 2537 3185 apposuisset,
2579 3112 2813 3167 dicens:
2851 3133 2879 3161 ‹‹
2934 3112 3133 3168 Saluta
3189 3129 3308 3179 eos,
3342 3114 3441 3185 qui
3472 3131 3581 3172 nos

1943 3207 2143 3258 amant
2174 3202 2231 3255 in
2263 3202 2393 3255 fide.
2432 3222 2461 3250 ››
2490 3202 2702 3253 Amant
2750 3200 2965 3270 quippe
3023 3206 3081 3255 et
3137 3207 3353 3256 matres
3406 3202 3578 3276 filios,

1944 3292 2026 3345 ita
2061 3295 2123 3345 ut
2150 3293 2393 3344 mortem
2428 3304 2530 3360 pro
2561 3287 2643 3343 eis
2667 3292 2935 3358 oppetere
2965 3288 3081 3342 sint
3104 3291 3444 3359 parataa,sed
3468 3308 3585 3348 non

1942 3384 2147 3434 amant
2176 3379 2235 3432 in
2288 3378 2435 3443 ﬁde;
2489 3391 2697 3431 uxores
2746 3375 3011 3442 maritos,
3057 3377 3275 3446 quibus
3307 3379 3590 3450 frequen-

1942 3468 2171 3523 tissime
2204 3464 2710 3531 commoriuntur;
2746 3464 2844 3519 sed
2881 3480 3046 3520 amor
3072 3464 3156 3519 illi
3186 3483 3297 3521 non
3323 3467 3455 3522 fidei
3477 3476 3587 3526 est.

1943 3556 2077 3612 Sola
2109 3558 2445 3610 sanctorum
2479 3552 2709 3608 dilectio
2740 3552 2799 3608 in
2832 3552 2947 3609 fide
2976 3554 3186 3625 diligit,
3222 3556 3278 3611 in
3330 3561 3586 3629 tantum,

1944 3650 2008 3701 ut
2037 3643 2264 3699 etiamsi
2295 3642 2413 3711 ille,
2448 3643 2545 3713 qui
2579 3642 2868 3714 diligitur,
2923 3642 3180 3700 infidelis
3237 3644 3334 3710 sit,
3390 3650 3588 3705 tamen

1944 3739 2184 3792 sanctus
2240 3732 2298 3787 in
2378 3732 2491 3786 fide
2549 3748 2680 3787 cum
2742 3731 2965 3803 diligat,
3016 3736 3341 3791 secundum
3403 3735 3590 3795 illud:

1946 3822 2218 3878 «Omnia
2273 3827 2467 3876 vestra
2526 3821 2584 3875 in
2644 3822 2758 3875 fide
2820 3821 3130 3893 [charitate}
3190 3825 3332 3879 fiant
3358 3830 3413 3893 (Ι
3460 3829 3591 3883 Cor.

1946 3930 2061 3979 xv1,
2098 3913 2205 3980 14).
2243 3933 2270 3960 ››
2302 3914 2370 3964 Et
2427 3909 2601 3964 alibi:
2640 3930 2667 3958 α
2728 3909 2962 3981 Diligite
3017 3911 3289 3969 inimicos
3346 3919 3592 3983 vestros,

1949 4004 2099 4073 (Luc.
2134 4017 2209 4069 v1,
2232 3999 2345 4069 32),
2377 3998 2576 4069 Diligit
2606 4002 2845 4051 sanctus
2875 3997 3145 4053 inimicos
3175 4017 3335 4066 suos,
3378 4005 3435 4055 et
3464 4002 3595 4058 ideo

1950 4092 2009 4146 in
2044 4091 2155 4144 fide
2186 4087 2395 4157 diligit,
2426 4086 2566 4157 quia
2594 4084 2779 4140 credit
2808 4084 2866 4139 in
2898 4102 3057 4153 eum,
3079 4088 3178 4157 qui
3203 4088 3599 4159 pollicitusest

1953 4196 2015 4235 se
2047 4193 2148 4250 pro
2162 4173 2484 4246 expletione
2506 4171 2765 4227 mandati
2790 4172 3213 4229 retributurum
3235 4191 3362 4231 esse
3386 4192 3599 4235 merce-

1955 4269 2108 4323 dem.

2034 4407 2053 4433 ι
2090 4379 2287 4437 Gratia
2317 4378 2417 4434 Dei
2442 4396 2572 4433 cum
2608 4375 2903 4432 omnibus.
2954 4376 3158 4432 Amen.
3196 4400 3223 4426 »
3282 4379 3599 4439 Sciendum

1961 4472 2113 4545 quod
2147 4472 2203 4526 in
2237 4470 2449 4526 Graecis
2480 4465 2872 4523 codicibusita
2894 4465 3177 4538 scriptum
3211 4472 3298 4524 est
3323 4485 3335 4525 :
3362 4469 3607 4526 «Gratia

1962 4578 2094 4617 cum
2110 4558 2383 4615 omnibus
2399 4558 2615 4624 vobis,»
2642 4560 2828 4610 utnec
2859 4554 3189 4623 «Domini,»
3206 4574 3309 4612 nec
3329 4577 3348 4603 α
3368 4558 3551 4613 nostri
3579 4580 3606 4609 »

1962 4650 2021 4704 in
2055 4648 2220 4703 libris
2253 4647 2471 4703 feratur
2499 4643 2873 4701 authenticis.
2923 4648 2984 4699 In
3044 4661 3354 4703 commune
3411 4648 3608 4720 itaque

1963 4737 2200 4804 sanctis,
2229 4741 2405 4807 atque
2437 4733 2829 4802 credentibus,
2861 4734 2989 4788 Tito
3018 4738 3075 4789 et
3096 4736 3443 4808 caeteris,qui
3474 4753 3609 4794 cum

1965 4844 2030 4882 eo
2059 4831 2243 4893 erant,
2296 4825 2650 4896 imprecetur
2706 4822 2914 4893 gratia.
2980 4823 3049 4877 Et
3105 4826 3395 4895 quomodo
3454 4827 3615 4882 Isaac

1966 4912 2296 4987 patriarcha
2326 4911 2622 4967 benedixit
2650 4910 2838 4965 tilium
2871 4927 3045 4966 suum
3079 4911 3256 4968 Jacob
3287 4913 3419 4986 (Gen
3439 4932 3615 4985 xxvn,

1965 5002 2171 5073 27-29),
2205 5005 2260 5056 et
2290 4999 2415 5070 ipse
2448 5000 2622 5055 Jacob
2681 4999 2990 5054 duodecim
3065 5001 3432 5057 Patriarchas
3463 5003 3615 5073 (Gen.

1967 5108 2118 5156 xux,
2156 5089 2304 5158 1.28)
2336 5105 2348 5142 :
2382 5086 2649 5156 Apostoli
2682 5103 2932 5157 quoque,
2956 5089 3197 5143 domum
3224 5089 3619 5161 ingredientes

1970 5179 2275 5234 dicebant:
2319 5198 2337 5223 ι
2377 5174 2492 5227 Pax
2526 5172 2660 5226 huic
2691 5174 2891 5227 domui
2939 5175 3149 5245 (Matth.
3181 5194 3235 5240 Χ,
3270 5177 3376 5246 15).
3416 5198 3442 5224 ››
3474 5181 3541 5232 Et
3571 5178 3621 5233 si

1972 5268 2149 5338 digna
2174 5268 2296 5318 erat
2328 5263 2562 5324 domus,
2597 5260 3000 5330 requiescebat
3029 5279 3140 5332 pax
3186 5279 3387 5319 eorum
3448 5282 3626 5338 super

1973 5370 2100 5411 eam
2128 5370 2139 5418 ;
2175 5351 2225 5406 si
2257 5365 2387 5403 vero
2419 5364 2480 5402 se
2511 5345 2822 5401 exhibebat
2854 5347 3177 5418 indignam,
3232 5354 3628 5408 revertebatur

1976 5441 2047 5496 ad
2080 5456 2177 5494 eos
2201 5437 2300 5508 qui
2323 5451 2448 5489 eam
2480 5434 2709 5488 fuerant
2731 5434 3148 5505 imprecati.lta
3170 5441 3224 5491 et
3245 5454 3401 5494 nunc
3424 5440 3485 5496 in
3509 5441 3629 5498 fine

1976 5526 2247 5601 Epistolas
2278 5539 2395 5579 suae
2412 5520 2727 5592 Apostolus
2749 5522 2997 5597 gratiam
3020 5524 3386 5584 credentibus
3408 5528 3622 5602 impre.

266 5642 464 5723 (1382)
500 5640 571 5698 In
608 5640 804 5708 autog.
835 5638 1093 5708 usus,sed
1122 5653 1247 5695 suos
1278 5654 1346 5695 ex
1367 5638 1497 5696 divo
1521 5637 1868 5708 Hieronymo
1908 5634 2220 5715 legendum
2248 5626 2667 5704 comperimus.
