3978 6210
397 333 515 391 719

402 555 686 623 potestate
717 549 1074 604 credentium
1087 547 1156 614 ,si
1179 545 1354 602 talem
1369 563 1429 602 se
1444 545 2044 617 benedictus,qualem

401 639 772 705 benedicens,
805 637 1060 708 praebere
1091 634 1390 690 voluisset.

1413 327 1749 388 ATTONIS
1797 324 2381 390 VERCELLENSIS
2427 324 2780 386 EPISCOPI

395 468 604 529 catur;
641 479 767 534 qua
798 477 930 516 cum
963 463 1090 514 voto
1123 458 1376 513 habebat
1407 458 1698 526 effectum,
1723 463 1778 512 et
1822 460 1945 512 erat
1981 456 2038 511 in
2072 459 2125 522 Α
2158 456 2393 527 Explicil
2452 457 2527 512 ad
2595 457 2792 525 Titum,
2863 457 3071 526 scripta
3144 455 3208 511 de
3275 456 3542 528 Nicopoli.

3693 324 3817 386 720

3635 458 3817 514 Habet

2802 561 2989 601 versus
3022 562 3199 601 CXVII.

942 977 1408 1076 INCIPIT
1475 975 2088 1071 EPISTOLA
2153 975 2319 1068 AD
2391 975 3266 1072 PHILEMONEM.

975 1332 1504 1390 ARGUMENTUM.

470 1424 797 1483 Philemoni
824 1422 1142 1480 familiares
1174 1421 1397 1477 litteras
1429 1421 1567 1476 facit
1610 1437 1712 1492 pro
1771 1420 2047 1476 Onesimo

401 1532 564 1571 servo
593 1517 744 1585 ejus.
777 1512 1024 1584 Scripsit
1053 1515 1246 1567 autem
1261 1516 1316 1565 et
1338 1511 1408 1565 ab
1431 1510 1574 1563 urbe
1606 1509 1789 1563 Roma
1820 1510 1891 1563 de
1922 1525 2046 1564 car-

400 1621 565 1672 cere;
600 1608 657 1659 et
688 1603 796 1658 hoc
833 1604 963 1674 ejus
993 1599 1349 1672 principium
1380 1603 1468 1653 est
1499 1617 1510 1653 :

474 1715 501 1742 (ι
535 1691 753 1748 Paulus
782 1691 1012 1747 vinctus
1041 1689 1180 1744 Jesu
1207 1687 1478 1742 Christi.»
1512 1687 1574 1740 In
1607 1685 1766 1741 nulla
1790 1686 2047 1758 Epistola

400 1781 509 1838 hoc
522 1780 866 1855 cognomine
888 1795 1031 1834 usus
1053 1782 1141 1833 est
1165 1776 1299 1831 licet
1315 1776 1373 1830 in
1393 1791 1631 1846 corpore
1653 1775 2044 1846 Epistolarum

399 1872 469 1925 ad
497 1870 776 1942 Ephesios
792 1867 1139 1938 videlicet,et
1152 1865 1299 1920 Phili
1305 1879 1556 1936 ppenses
1574 1869 1630 1919 et
1649 1864 2041 1932 Colossenscs,

399 1975 527 2014 esse
549 1974 611 2014 se
635 1959 692 2013 in
713 1957 960 2014 vinculis
981 1973 1084 2029 pro
1105 1953 1466 2011 confessione
1488 1957 1756 2020 testetur;
1782 1953 2042 2024 majoris,

397 2052 592 2103 autem
629 2047 774 2102 mihi
826 2047 1059 2102 videtur
1116 2041 1432 2116 supercilii,
1497 2066 1521 2091 ‹‹
1584 2042 1845 2098 vinctum
1901 2043 2043 2097 Jesu

395 2136 609 2192 Christi
643 2157 671 2186 »
704 2153 765 2191 se
796 2136 1007 2201 dicere,
1041 2149 1218 2206 quam
1247 2129 2039 2202 Apostolum.Gloriabantur

399 2225 616 2298 quippe
637 2223 1068 2297 apostoli,quod
1091 2245 1119 2272 «
1136 2221 1292 2291 digni
1315 2219 1496 2275 habiti
1522 2223 1662 2274 sunt
1683 2235 1784 2290 pro
1805 2220 2042 2276 nomine

391 2313 534 2369 Jesu
564 2311 980 2369 contumeliam
1010 2310 1129 2382 pati
1159 2310 1306 2377 (Act.
1328 2325 1387 2376 v,
1407 2307 1459 2377 1)
1485 2325 1497 2373 ;
1525 2328 1554 2356 »
1587 2307 1688 2362 sed
1711 2309 2043 2364 necessaria

395 2401 713 2459 auctoritas
742 2400 1460 2468 vinculorum.Rogaturus
1481 2412 1584 2466 pro
1606 2396 2042 2464 Onesimo,talis

399 2505 604 2562 rogare
634 2489 857 2558 debuit,
889 2489 992 2559 qui
1022 2490 1220 2558 posset
1249 2485 1561 2555 impetrare
1581 2485 1734 2555 quod
1757 2492 2036 2555 posceret.

393 2578 552 2635 Felix
581 2577 884 2643 nimirum,
915 2577 1016 2648 qui
1047 2592 1164 2630 non
1195 2574 1256 2628 in
1270 2572 1700 2643 sapientia,non
1730 2572 1789 2628 in
1822 2573 2036 2643 divitis,

391 2684 509 2723 non
541 2668 602 2723 in
632 2667 983 2738 eloquentia,
1031 2670 1088 2722 et
1157 2663 1418 2736 potentia
1471 2661 1756 2732 maculari,
1816 2665 1917 2718 sed
1975 2664 2032 2720 in

389 2756 603 2813 Christi
635 2755 1008 2829 passionibus
1037 2754 1472 2826 gloriatur.Non
1494 2754 1686 2810 omnis
1716 2759 1910 2809 autem
1933 2753 2033 2825 qui

391 2847 621 2902 vinctus
650 2849 759 2916 est,
790 2845 1018 2901 vinctus
1045 2848 1136 2900 est
1155 2843 1368 2900 Christi
1393 2865 1406 2912 ς
1440 2845 1541 2901 sed
1575 2843 1909 2914 quicunque
1929 2859 2033 2914 pro

387 2935 601 2991 Christi
634 2933 869 2990 nomine
898 2937 955 2990 et
974 2950 1078 3005 pro
1109 2933 1237 3003 ejus
1267 2932 1634 2990 confessione
1661 2929 2033 3003 vincitur,ille

384 3039 516 3080 vere
536 3024 766 3079 vinctus
797 3022 1011 3078 dicitur
1038 3022 1180 3079 Jesu
1209 3021 1447 3090 Christi,
1479 3029 1536 3077 et
1555 3023 1797 3093 sanguis
1811 3021 2032 3077 effusus

384 3113 484 3170 ille
513 3116 742 3170 tantum
765 3116 1076 3185 martyrem
1106 3109 1245 3167 facit
1269 3110 1370 3183 qui
1400 3127 1504 3183 pro
1525 3109 1774 3166 Christis
1797 3109 2031 3165 nomine

386 3203 671 3259 funditur.

453 3316 481 3343 «
515 3294 585 3347 Et
607 3291 952 3348 Timotheus
984 3291 1179 3346 frater.
1217 3312 1245 3339 ››
1279 3289 1397 3345 Hoc
1441 3289 1596 3355 ideo,
1656 3293 1720 3343 ut
1773 3287 2030 3344 sciamus

380 3383 533 3439 hanc
553 3398 786 3454 quoque
812 3383 883 3437 de
903 3386 1213 3450 carcere,et
1233 3378 1626 3435 intervincula
1647 3377 1827 3434 fuisse
1843 3378 2032 3432 dicta-

383 3476 524 3540 tam,
550 3469 650 3525 ubi
681 3486 911 3542 semper
939 3469 1282 3524 Timotheus
1311 3484 1445 3524 cum
1485 3467 1586 3522 illo
1643 3467 2032 3538 perseveravit

383 3577 498 3632 quo
529 3564 791 3630 tempore
818 3559 1094 3612 videntur
1121 3557 1193 3612 ad
1215 3555 2027 3628 Philippenses,Colossenses

385 3653 442 3705 et
468 3649 540 3703 ad
573 3646 856 3719 Ephesios
885 3644 1152 3717 Epistola
1183 3661 1311 3702 esse
1343 3645 1589 3700 dictatis.

457 3759 483 3786 α
509 3734 835 3791 Philemoni
868 3734 1100 3800 dilecto,
1131 3739 1188 3790 et
1217 3734 1470 3806 adjutori
1496 3737 1720 3802 nostro,
1745 3738 1802 3789 et
1828 3733 2028 3805 Appiae

381 3824 566 3884 sorori
594 3823 972 3881 charissima.
989 3845 1020 3874 ››
1040 3823 1507 3896 Scribuntigitur
1528 3822 1746 3879 Paulus
1762 3829 1819 3879 et
1837 3825 2028 3880 Timo-

383 3915 554 3972 theus
584 3913 910 3970 Philemoni
939 3912 1284 3968 charissimo
1317 3917 1375 3968 et
1389 3911 1877 3984 coeperatori,qui
1899 3912 2026 3970 ideo

384 4004 770 4061 charissimus
799 4003 989 4058 dictus
1019 4003 1288 4074 est,quod
1315 4003 1372 4057 in
1395 4002 1599 4057 eodem
1621 4000 1834 4056 Christi
1857 4018 2026 4072 opere

2077 1335 2123 1400 B
2153 1331 2443 1388 Christo.»
2469 1333 2673 1390 Adhuc
2702 1350 2736 1389 a
2765 1333 2995 1390 duobus
3017 1334 3087 1389 ad
3107 1333 3305 1404 plures
3327 1334 3610 1392 scribitur
3632 1343 3723 1406 ;et
3743 1338 3805 1395 in

2158 1422 2432 1478 omnibus
2463 1438 2608 1493 pene
2639 1421 2910 1495 Epistolis
2939 1422 3164 1495 azquale
3194 1424 3550 1496 principium
3580 1429 3694 1496 est,
3741 1431 3808 1483 ut

2157 1511 2407 1582 gratiam
2439 1511 2488 1567 ei
2519 1515 2576 1566 et
2606 1527 2806 1583 pacem
2839 1529 2872 1567 a
2901 1511 3017 1568 Deo
3045 1513 3209 1568 Patre
3240 1518 3297 1568 et
3326 1530 3360 1568 a
3398 1513 3633 1571 Christo
3692 1521 3806 1573 Do-

2158 1598 2316 1653 mino
2350 1599 2718 1671 imprecetur.
2751 1601 2830 1654 Ex
2861 1616 2974 1670 quo
3005 1600 3341 1656 ossenditur
3372 1619 3491 1659 una
3522 1603 3653 1659 Filii
3692 1609 3804 1660 Pa-

2156 1687 2377 1760 trisque
2407 1705 2535 1744 esse
2565 1693 2793 1755 natura,
2817 1705 2950 1744 cum
2983 1689 3041 1744 id
3072 1694 3264 1762 potest
3294 1690 3476 1746 Filius
3527 1699 3806 1764 pris-stare

2156 1778 2309 1848 quod
2343 1782 2549 1844 Pater;
2583 1782 2640 1832 et
2667 1777 2724 1832 id
2759 1777 2971 1833 dicitur
3002 1778 3168 1834 Pater
3197 1785 3494 1850 praestare,
3528 1783 3685 1854 quod
3710 1783 3805 1839 Fi-

2154 1864 2288 1921 lius.
2325 1890 2351 1916 «
2382 1865 2581 1921 Gratia
2604 1888 2632 1916 »
2665 1871 2860 1921 autem
2892 1870 3000 1935 est,
3025 1868 3164 1940 quia
3214 1869 3373 1925 nullo
3426 1871 3633 1928 merito
3694 1889 3803 1928 nec

2154 1970 2324 2025 opere
2354 1954 2670 2010 salvamur.
2704 1978 2732 2003 ‹‹
2766 1955 2879 2010 Pax
2913 1978 2934 2004 ι»
2981 1973 3097 2028 qua
3125 1958 3479 2016 reconciliati
3526 1965 3641 2016 Deo
3695 1979 3808 2033 per

2152 2043 2446 2099 Christum
2483 2060 2709 2100 sumus.
2745 2044 2918 2100 Licet.
2946 2045 3161 2101 Paulus
3191 2052 3248 2102 et
3269 2047 3605 2106 Timotheus
3635 2051 3802 2122 pari-

2153 2137 2240 2188 ter
2267 2133 2524 2189 scribant
2545 2134 2616 2189 ad
2648 2133 3411 2208 Philemonem,Appiam,et
3430 2138 3803 2211 Archippum

2151 2225 2346 2277 tamen
2378 2223 2436 2277 in
2468 2223 2854 2294 sequentibus
2884 2225 3244 2295 approbatur
3263 2225 3513 2282 Paulum
3534 2231 3802 2286 tantum-

2152 2309 2322 2365 modo
2349 2310 2422 2365 ad
2455 2310 2849 2368 Philemonem
2883 2313 3156 2383 scribere,
3187 2319 3244 2370 et
3274 2332 3457 2372 unum
3495 2333 3631 2373 cum
3681 2336 3800 2376 uno

2150 2399 2547 2455 sermocinari.

2221 2511 2249 2538 ‹‹
2281 2488 2506 2544 Gratias
2538 2506 2643 2561 ago
2675 2490 2791 2546 Deo
2823 2506 2952 2546 meo
3003 2508 3254 2563 semper,
3307 2494 3654 2552 memoriam
3712 2497 3800 2553 tui

2149 2577 2365 2632 faciens
2396 2577 2453 2632 in
2485 2577 2846 2635 orationibus
2877 2579 3090 2635 meis.»
3127 2585 3252 2636 Haec
3265 2582 3390 2652 jam
3410 2600 3528 2639 non
3560 2592 3623 2640 ut
3650 2585 3799 2641 Pau-

2065 2705 2108 2774 C
2143 2664 2238 2721 lus
2267 2669 2324 2774 et
2349 2665 2754 2774 Thimoltheus,
2786 2666 3111 2774 Philemoni
3140 2674 3197 2725 et
3225 2671 3466 2739 caeteris,
3499 2673 3603 2728 sed
3636 2675 3800 2731 solus

2147 2753 2462 2821 Paulus,ad
2483 2755 2674 2810 solum
2693 2755 3562 2828 Philemonemloquitur.Hunc
3593 2767 3794 2819 autem

2145 2858 2367 2898 morem
2389 2843 2679 2899 scribendi
2703 2843 2762 2899 in
2784 2845 2912 2900 aliis
2935 2845 3210 2916 Epistolis
3230 2848 3356 2918 ejus
3377 2849 3640 2907 invenire
3663 2868 3796 2923 pos-

2143 2947 2350 2988 sumus
2377 2949 2388 2985 :
2416 2932 2570 3004 quod
2594 2948 2726 2988 cum
2749 2933 2821 2988 ad
2841 2933 3124 3005 plures,et
3146 2935 3341 3001 plures
3363 2936 3422 2991 in
3445 2939 3792 3009 praefatione

2141 3024 2454 3092 ponantur,
2485 3025 2687 3093 postea
2716 3036 2820 3094 per
2847 3026 3036 3078 totum
3066 3040 3278 3095 corpus
3321 3025 3612 3098 Epistolas,
3636 3046 3796 3087 unus

2142 3108 2451 3180 disputans
2483 3109 2816 3165 inducatur.
2850 3111 3012 3177 Quod
3042 3128 3176 3168 vero
3199 3113 3314 3168 ait:
3349 3136 3377 3164 «
3430 3115 3632 3172 Gratia
3684 3134 3795 3191 ago

2143 3198 2254 3253 Deo
2287 3214 2436 3270 meo,
2469 3203 2526 3254 et
2553 3215 2802 3271 semper,
2837 3201 3179 3258 memoriam
3212 3202 3297 3258 tui
3357 3203 3504 3260 facio
3563 3205 3625 3260 in
3658 3223 3793 3263 ora-

2138 3286 2398 3343 tionibus
2427 3287 2594 3354 meis,
2631 3311 2652 3338 »
2692 3289 2966 3362 ambigue
2996 3291 3217 3346 dictum
3231 3295 3547 3363 est,utrum
3569 3296 3796 3367 gratias

2139 3380 2274 3449 agat
2300 3377 2417 3432 Deo
2449 3393 2699 3450 semper,
2724 3395 2797 3434 an
2832 3380 3176 3435 memoriam
3209 3382 3336 3452 ejus
3367 3382 3540 3438 faciat
3569 3383 3631 3438 in
3659 3402 3792 3440 ora-

2138 3465 2397 3520 tionibus
2429 3466 2552 3521 suis
2582 3469 2946 3539 semper.Sed
2978 3473 3174 3525 tamen
3191 3473 3512 3542 utrumque
3534 3472 3794 3546 intelligi

2139 3558 2361 3626 potest:
2396 3556 2551 3627 quod
2582 3554 2698 3626 ille,
2733 3557 2834 3628 qui
2865 3558 3139 3630 praecepit
3168 3557 3300 3615 aliis
3325 3565 3389 3615 ut
3418 3560 3478 3615 in
3509 3563 3794 3620 omnibus

2137 3645 2354 3716 gratias
2384 3649 2562 3718 agant
2579 3650 2712 3714 Deo,
2735 3645 2916 3702 nullis
2934 3647 3224 3719 angustiis
3246 3649 3458 3720 poterit
3477 3651 3792 3721 coarctari,

2137 3738 2201 3788 ut
2226 3733 2445 3806 gratias
2466 3749 2696 3807 semper
2735 3735 2850 3790 Deo
2881 3735 3006 3807 ipse
3044 3753 3159 3792 non
3217 3738 3448 3794 referat.
3497 3739 3558 3794 Si
3587 3745 3790 3796 autem

2137 3839 2238 3895 pro
2270 3823 2575 3891 sanctis,et
2587 3823 2927 3880 melioribus
2949 3824 3282 3898 quibusque
3305 3826 3518 3884 Paulus
3549 3845 3790 3903 semper

2135 3911 2339 3968 orabat
2369 3912 2629 3983 (sanctus
2659 3917 2856 3968 autem
2884 3917 2943 3968 et
2971 3913 3272 3971 Philemon
3325 3920 3436 3984 est,
3494 3923 3784 3991 tanquam

2134 4001 2281 4055 bene
2310 3999 2369 4054 in
2399 4017 2460 4056 se
2491 4001 2690 4072 ﬁdem,
2722 4006 2781 4056 et
2808 4001 3173 4074 charitatem,
3207 4008 3272 4060 ut
3300 4022 3414 4061 non
3445 4006 3643 4064 solum
3677 4026 3785 4065 au-

381 4097 666 4150 versetur.
697 4092 895 4165 Appiae
927 4108 1159 4164 quoque
1188 4090 1396 4162 sorori,
1429 4107 1555 4161 quas
1582 4089 1670 4145 vel
1731 4106 1897 4146 soror
1937 4093 2024 4149 vel
2061 4077 2103 4141 Ι)
2135 4088 2260 4143 ditu
2292 4088 2367 4156 ei,
2396 4106 2596 4145 verum
2629 4091 2802 4146 etiam
2835 4107 3006 4163 opere
3038 4095 3484 4167 nosceretur),et
3503 4113 3610 4168 pro
3643 4099 3782 4154 Phi-

382 4185 510 4255 conj
521 4202 594 4240 ux
624 4185 754 4255 ejus
783 4183 1038 4239 creditur
1065 4182 1375 4239 esse.Inter
1394 4181 1544 4236 duos
1567 4183 1782 4252 quippe
1801 4181 1954 4237 viros
1969 4187 2026 4238 et

379 4272 750 4346 apostolicos,
782 4272 934 4328 inter
964 4275 1392 4343 cooperatorem
1412 4269 1574 4325 Pauli
1596 4272 1652 4323 et
1673 4269 2022 4326 commilito-

380 4377 513 4419 nem
545 4361 958 4434 ejus,medium
974 4361 1171 4434 Appiae
1203 4375 1414 4416 nomen
1445 4357 1816 4422 inseritur,ut
1834 4357 2023 4414 taliex

379 4451 820 4524 utroquelatere
840 4450 986 4506 fulta
1006 4449 1310 4519 comitatu,
1330 4463 1446 4502 non
1469 4445 1735 4500 videatur
1755 4445 2020 4502 ordinem

378 4559 550 4598 sexus
580 4541 816 4608 habere,
847 4540 949 4595 sed
981 4537 1194 4594 meriti.

449 4653 477 4680 «
510 4629 880 4701 EtArchippo
901 4624 1284 4685 commilitoni
1305 4625 1526 4678 nostro.
1553 4640 1580 4674 ι)
1597 4625 1763 4676 Hunc
1783 4621 2020 4696 Archip-

374 4735 517 4792 pum
549 4719 955 4774 arbitrandum
972 4720 1060 4772 est
1075 4729 1208 4770 cum
1222 4711 1401 4767 Paulo
1421 4714 1479 4766 et
1497 4709 1796 4767 Timotheo
1818 4717 2020 4769 contra

374 4808 732 4866 adversarios
746 4824 848 4878 pro
862 4803 1075 4860 Christi
1089 4800 1323 4858 nomine
1335 4799 1710 4856 dimicantem
1725 4800 2018 4858 exstitisse

373 4899 686 4963 victorem;
719 4899 777 4951 et
807 4898 1114 4966 propterea
1160 4907 1319 4945 nunc
1375 4888 1832 4947 commilitonem
1876 4892 2014 4960 dici,

373 4988 528 5061 quod
561 4987 620 5041 in
651 4985 853 5039 eodem
883 4979 1200 5037 certamine
1227 4979 1496 5052 belloque
1526 4982 1904 5052 superaverit.

444 5099 474 5127 «
503 5077 571 5130 Et
607 5071 895 5137 Ecclesiae,
919 5086 1046 5142 quae
1076 5074 1165 5126 est
1193 5070 1252 5125 in
1283 5070 1456 5127 domo
1488 5075 1611 5127 tua.
1645 5093 1674 5120 »
1727 5070 2015 5127 Scribitur

370 5163 660 5230 Ecclesiae,
691 5177 816 5231 quas
847 5160 907 5214 in
934 5159 1105 5215 domo
1130 5160 1258 5232 ejus
1282 5165 1389 5217 est.
1423 5160 1638 5216 Verum
1670 5159 1778 5214 hoc
1825 5160 2010 5215 ambi-

371 5269 556 5328 gnum
569 5254 676 5318 est,
693 5254 889 5306 utrum
913 5248 1305 5323 ecclesiaqum
1333 5250 1392 5305 in
1423 5251 1596 5306 domo
1619 5248 1895 5320 Archippi
1912 5250 2007 5318 sit,

369 5361 443 5399 an
473 5341 524 5396 ei
547 5356 673 5411 qua:
704 5339 762 5394 in
794 5341 967 5397 domo
995 5340 1586 5404 Philemonis.Sed,ut
1602 5337 2010 5409 certius,puta—

366 5437 606 5500 tur,non
619 5429 690 5484 ad
703 5430 996 5504 Archippi,
1032 5431 1131 5487 sed
1156 5431 1228 5486 ad
1260 5427 1615 5484 Philemonis
1637 5426 2006 5483 referendum

367 5535 495 5580 esse
522 5519 952 5592 personam,cui
983 5520 1113 5591 ipsa
1142 5532 1375 5591 quoque
1390 5515 1647 5587 Epistola
1671 5515 2004 5586 deputatur.

2135 4176 2363 4232 lemone
2392 4177 2638 4233 Paulum
2670 4195 2902 4250 semper
2931 4197 3129 4238 orasse
3157 4182 3432 4239 credibile
3472 4189 3600 4242 est:
3667 4204 3785 4259 quo

2134 4265 2354 4322 scilicet
2390 4265 2534 4322 ﬁdes
2568 4267 2845 4336 charitas,
2894 4285 3072 4341 quam
3103 4270 3358 4328 habebat
3403 4272 3462 4328 in
3521 4274 3781 4346 Christo,

2133 4359 2190 4410 et
2217 4355 2277 4409 in
2295 4372 2498 4412 omnes
2518 4361 2752 4413 sanctos
2765 4358 3024 4431 ejus,per
3038 4361 3630 4420 communicationem
3647 4366 3785 4422 ﬁdei

2130 4447 2188 4500 et
2212 4445 2608 4516 operationem
2640 4446 2956 4519 agnitionis
2976 4449 3035 4505 in
3067 4449 3417 4520 omnibono,
3437 4451 3653 4510 Christi
3679 4456 3786 4512 mi-

2129 4535 2446 4590 sericordia
2474 4541 2822 4592 servaretur.
3331 4583 3336 4586 .

2199 4646 2227 4674 «
2252 4624 2511 4679 Audiens
2539 4624 2878 4682 charitatem
2911 4629 3161 4696 tuam,et
3176 4628 3565 4701 ﬁdem,quam
3596 4631 3783 4690 habes

2126 4711 2185 4767 in
2217 4713 2463 4768 Domino
2493 4713 2653 4784 Jesu,
2687 4719 2744 4770 et
2771 4714 3048 4771 inomnes
3079 4720 3369 4774 sanctos.»
3402 4719 3566 4783 Quod
3591 4721 3782 4778 chari-

2125 4805 2304 4856 tatem
2332 4799 2571 4858 haberet
2599 4801 2900 4858 Philemon
2922 4802 2980 4858 in
3003 4803 3674 4873 Domino,nondifﬁcilis
3694 4809 3782 4866 in-

2123 4890 2461 4962 terpretatio
2491 4895 2613 4960 est;
2648 4891 2786 4964 quia
2799 4898 2933 4963 post
2950 4893 3694 4967 Deum,diligerejuhemur
3721 4903 3782 4956 et

2125 4980 2436 5051 proximos.
2475 4981 2542 5036 Et
2570 4997 2686 5037 non
2727 4980 2920 5036 solum
2979 4983 3154 5038 fidem
3213 4987 3272 5038 et
3329 4984 3684 5044 charitatem
3715 4988 3778 5044 in

2125 5072 2326 5140 Deum,
2359 5075 2414 5126 et
2438 5071 2496 5125 in
2530 5074 2762 5126 sanctos
2791 5072 2918 5141 ejus
2949 5071 3220 5128 sufficere
3249 5073 3419 5130 nobis
3439 5091 3617 5145 posse
3648 5095 3777 5135 cre-

2121 5160 2371 5228 damus;
2405 5160 2507 5215 sed
2549 5163 2614 5214 ut
2659 5159 2739 5228 id,
2795 5159 2950 5230 quod
3009 5160 3325 5232 credimus,
3381 5179 3556 5234 opere
3613 5182 3777 5223 com-

2119 5249 2366 5322 pleatur.

2197 5359 2223 5389 α
2254 5337 2326 5391 Ut
2355 5337 2806 5393 communicatio
2838 5337 2970 5392 fidei
2997 5341 3110 5394 tuis
3140 5339 3378 5396 evidens
3402 5339 3506 5396 ﬁat
3526 5341 3587 5398 in
3610 5344 3777 5416 agni-

2115 5427 2272 5484 tione
2301 5425 2492 5480 omnis
2522 5425 2659 5482 boni
2689 5426 2749 5482 in
2778 5425 3006 5482 Christo
3033 5426 3194 5484 Jesu.
3229 5451 3258 5479 »
3287 5429 3533 5493 Quantis
3565 5431 3774 5504 gradi-

2116 5515 2248 5581 bus,
2283 5514 2637 5587 quantisque
2674 5515 3033 5587 profectibus
3067 5516 3427 5589 apostolicus
3457 5518 3520 5574 in
3551 5519 3776 5579 altiora

433 5631 470 5694 ⁵ις
498 5608 694 5694 ςπιιαιὶα
721 5612 883 5672 vobis
915 5612 972 5667 et
1001 5623 1114 5681 pax
1143 5606 1311 5664 aDeo
1337 5604 1503 5663 Patre
1523 5608 1582 5663 et
1601 5602 1845 5660 Domino
1864 5603 2006 5670 Jesu
2113 5619 2307 5666 sermo
2338 5619 2402 5661 se
2427 5601 2647 5663 tendit!
2685 5603 2758 5665 Ut
2813 5603 3100 5684 quidquid
3129 5606 3264 5665 boni
3313 5606 3374 5666 in
3413 5607 3768 5673 Philemone
