3978 6210
173 362 300 422 721

737 355 1155 418 EXPOSITIO
1198 356 1278 417 IN
1324 356 1745 420 EPISTOLAS
1790 357 2049 421 PAULI.
2082 393 2158 404 —
2190 362 2264 422 IN
2312 363 2557 425 EPIST.
2607 365 2709 426 AD
2758 364 3075 427 PHILEM.

3495 368 3609 426 7‘22

174 494 489 561 laudatur,
512 492 587 548 de
619 488 1019 563 apostolorum
1042 490 1303 562 exemplo
1325 491 1598 559 sumitur,
1623 496 1680 547 et
1710 492 1846 547 inde
1875 492 1928 559 Α
1963 494 2303 567 oaeterisque
2353 512 2456 568 per
2504 496 2771 563 Paulum,
2806 499 2937 570 plus
2986 498 3289 556 charitatis
3332 504 3606 566 meretur,

182 586 417 641 bonum
448 582 549 648 sit,
587 580 727 653 quia
758 580 828 634 de
859 578 1074 634 Christi
1108 578 1265 634 fonte
1300 580 1567 635 ducatur.

261 698 288 723 ‹‹
315 670 613 728 Gaudium
634 669 790 725 enim
817 683 1096 739 magnum
1117 667 1379 734 habui,et
1395 670 1849 725 consolationem

175 763 243 818 in
278 762 570 818 charitate
600 763 705 813 tua
732 777 743 824 ;
779 757 920 830 quia
948 756 1174 812 viscera
1200 762 1534 815 sanctorum
1563 761 1853 831 requieve-

172 856 325 908 runt
365 867 469 922 per
509 854 589 915 te,
637 848 835 902 frater.
874 869 894 898 ι
957 844 1196 901 Plenius
1234 846 1507 918 inculcat,
1542 854 1598 905 et
1628 851 1846 921 edocet,

174 957 370 1016 quare
399 938 652 995 dixerit:
692 957 719 988 ιι
750 935 980 992 Gratias
1010 951 1118 1007 ago
1152 940 1266 991 Deo
1299 953 1447 1003 meo,
1474 955 1704 1010 semper
1734 957 1850 995 me-

174 1030 441 1087 moriam
478 1029 563 1083 tui
595 1025 815 1083 faciens
848 1025 907 1080 in
940 1024 1306 1081 orationibus
1339 1027 1503 1081 meis.
1534 1050 1560 1075 ››
1593 1028 1845 1101 Dignum

173 1120 485 1191 siquidem
504 1121 627 1172 erat
644 1130 813 1187 agere
832 1114 1052 1186 gratias
1067 1114 1178 1169 Deo
1200 1131 1430 1186 semper
1448 1132 1549 1187 pro
1568 1116 1848 1173 charitate

173 1206 571 1274 Philemonis,
605 1205 703 1276 qui
739 1204 1036 1258 internum
1069 1204 1267 1258 cordis
1300 1204 1589 1271 affectum,
1624 1211 1680 1261 et
1712 1224 1844 1278 pro-

180 1298 419 1354 fundos
442 1294 619 1350 animi
642 1296 981 1349 sanctorum
1007 1307 1272 1348 recessus
1295 1294 1664 1365 suscipiendo
1688 1296 1847 1351 refri-

175 1388 515 1460 geraverat.

256 1498 287 1525 ‹‹
322 1476 566 1545 Propter
591 1472 745 1543 quod
774 1469 1022 1526 multam
1047 1471 1322 1526 fiduciam
1353 1471 1573 1527 habens
1598 1472 1656 1527 in
1685 1472 1843 1528 Chri-

175 1568 275 1619 sto
300 1564 446 1618 Jesu
480 1561 813 1633 imperandi
846 1559 954 1613 tibi
980 1560 1131 1630 quod
1165 1561 1235 1613 ad
1271 1576 1391 1614 rem
1424 1560 1750 1631 pertinent:
1788 1565 1843 1616 et

172 1657 424 1725 propter
445 1650 606 1705 chari
622 1654 802 1704 tatem
834 1649 1023 1720 magis
1046 1649 1305 1715 obsecro,
1330 1664 1461 1703 cum
1489 1650 1569 1704 sis
1596 1650 1747 1715 talis,
1778 1654 1843 1705 ut

172 1741 406 1797 Paulus
428 1756 624 1808 senex,
656 1754 810 1793 nunc
836 1742 1032 1793 autem
1056 1742 1112 1792 et
1142 1738 1371 1793 vinctus
1392 1740 1524 1794 Jesu
1552 1739 1785 1794 Christi.
1812 1764 1837 1788 »ι

173 1830 388 1887 Multis
422 1827 821 1883 Philemonem
855 1826 1131 1881 laudibus
1161 1831 1295 1881 ante
1333 1828 1673 1899 praemissis,
1706 1845 1839 1883 cum
1874 1868 1919 1931 B

174 1936 271 1975 res
294 1918 436 1975 talis
465 1917 557 1985 sit,
584 1934 687 1989 pro
710 1933 825 1987 qua
850 1919 1162 1987 rogaturus
1182 1920 1293 1983 est,
1317 1933 1443 1987 qua:
1466 1921 1521 1972 et
1544 1918 1840 1989 praestanti

176 2010 259 2064 sit
311 2007 499 2077 utilis,
532 2011 591 2062 et
638 2005 889 2076 roganti,
923 2008 1149 2076 poterat
1180 2005 1397 2061 Paulus
1438 2006 1625 2078 magis
1656 2006 1840 2078 impe-

176 2113 314 2153 rare
346 2112 526 2168 quam
561 2099 775 2167 petere.
801 2095 909 2149 Sed
942 2093 1052 2149 hoc
1082 2110 1151 2149 ex
1181 2094 1395 2149 fiducia
1425 2094 1523 2150 illa
1553 2096 1840 2161 veniebat,

177 2186 339 2258 quod
372 2185 475 2257 qui
502 2187 670 2239 tanta
700 2183 772 2237 ob
798 2181 1097 2237 Christum
1120 2198 1294 2255 opera
1324 2187 1702 2255 perpetrarat,
1729 2183 1842 2238 uti-

177 2290 299 2346 que
322 2274 520 2345 impar
545 2272 636 2327 sui
670 2272 729 2325 in
763 2272 987 2327 caeteris
1009 2286 1136 2327 esse
1167 2288 1281 2327 non
1315 2276 1558 2343 poterat.
1583 2273 1689 2327 Sed
1722 2272 1845 2326 vult

173 2363 379 2435 magis
403 2366 619 2433 petere,
645 2376 820 2433 quam
840 2361 1068 2431 jubere,
1092 2360 1299 2433 grandi
1326 2361 1577 2433 petentis
1600 2360 1844 2416 auctori-

173 2458 309 2509 tate
345 2449 665 2523 proposita,
697 2466 798 2521 per
826 2465 1006 2521 quam
1042 2454 1099 2505 et
1130 2449 1437 2520 Apostolus
1469 2450 1754 2517 obsecrat,
1788 2454 1843 2505 et

177 2557 396 2611 senex,
419 2545 475 2594 et
496 2540 718 2594 vinctus
733 2539 876 2594 Jesu
896 2537 1129 2594 Christi.
1147 2539 1359 2594 Totum
1384 2542 1577 2594 autem
1602 2555 1703 2610 pro
1727 2556 1841 2611 quo

174 2634 374 2703 rogat,
400 2628 543 2683 illud
568 2633 677 2683 est.
694 2628 1003 2683 Onesimus
1028 2644 1229 2683 servus
1246 2628 1624 2694 Philemonis,
1642 2630 1839 2701 fugam

177 2720 339 2775 furto
360 2717 704 2786 cumulans,
720 2717 988 2788 quaedam
1010 2717 1091 2772 rei
1110 2718 1443 2773 domestica;
1462 2719 1837 2790 compilarat:

176 2808 275 2863 hic
302 2823 561 2879 pergens
592 2806 663 2860 ad
688 2804 937 2871 Italiam,
965 2821 1035 2860 ne
1066 2806 1138 2861 de
1170 2806 1432 2878 proximo
1456 2807 1684 2864 facilius
1715 2826 1843 2881 pos-

180 2903 272 2953 set
296 2894 685 2970 apprehendi,
707 2894 1013 2966 pecuniam
1030 2894 1252 2949 domini
1279 2912 1379 2967 per
1404 2896 1691 2951 luxuriam
1716 2914 1842 2968 pro-

178 2988 446 3057 degerat.
481 2985 599 3040 Hoc
635 3001 703 3039 ne
749 2983 884 3055 quis
922 2987 1088 3055 putet
1130 2988 1364 3050 temere,
1398 2990 1453 3039 et
1502 2990 1565 3040 ut
1614 2985 1774 3053 libet,
1811 3007 1843 3043 a

179 3076 355 3132 nobis
379 3074 606 3139 ﬁctum,
634 3073 688 3127 in
713 3072 1096 3143 sequentibus
1119 3072 1325 3128 discat.
1346 3074 1658 3145 Nunquam
1684 3077 1839 3131 enim

177 3164 405 3221 Paulus
438 3162 690 3218 diceret:
724 3185 751 3211 ‹‹
780 3161 833 3216 Si
867 3161 1005 3232 quid
1033 3161 1230 3218 nocuit
1253 3162 1493 3227 tibi,aut
1516 3164 1706 3233 debet,
1732 3164 1839 3219 hoc

178 3253 329 3311 mihi
358 3253 593 3325 imputa
626 3268 637 3306 :
694 3267 798 3322 ego
831 3250 1047 3307 Paulus
1082 3252 1290 3323 scripsi
1323 3268 1453 3307 mea
1483 3269 1659 3307 manu
1688 3271 1700 3321 ;
1734 3270 1839 3326 ego
1870 3234 1913 3300 (ἶ

178 3343 430 3398 reddam
455 3357 468 3395 :
505 3360 532 3391 ιι
569 3340 685 3395 Nec
715 3356 967 3412 sponsor
996 3340 1077 3396 rei
1106 3341 1271 3396 fieret
1303 3340 1528 3408 ablatae,
1551 3342 1663 3397 nisi
1691 3347 1845 3399 esset

178 3432 259 3497 id,
296 3431 459 3502 quod
513 3428 778 3484 ablatum
828 3430 1037 3498 fuerat,
1082 3429 1456 3501 dissipatum.
1492 3430 1593 3485 Hic
1640 3430 1840 3502 igitur,

178 3537 316 3576 cum
349 3520 425 3574 ob
449 3518 879 3573 confessionem
905 3517 1114 3572 Christi
1144 3516 1359 3573 Paulus
1381 3518 1574 3573 Romae
1597 3524 1751 3574 esset
1782 3520 1840 3574 in

179 3598 440 3675 carcere,
476 3606 723 3663 credidit
756 3607 811 3660 in
851 3606 1160 3661 Dominum
1190 3606 1412 3673 Jesum,
1446 3612 1502 3661 et
1541 3611 1611 3662 ab
1644 3624 1709 3663 eo
1742 3610 1839 3664 ba-

182 3700 463 3771 ptizatus,
486 3698 665 3769 digna
686 3695 1029 3768 paenitentia
1051 3695 1314 3751 maculas
1334 3696 1459 3751 vita:
1483 3696 1693 3768 prioris
1716 3699 1843 3753 abs-

183 3788 358 3843 tersit
396 3803 410 3842 :
462 3786 523 3840 in
561 3790 818 3853 tantum,
851 3789 915 3839 ut
946 3786 1260 3856 Apostolus
1290 3786 1685 3841 conversionis
1713 3788 1840 3857 ejus

184 3875 359 3932 testis
382 3875 568 3939 fieret,
597 3872 695 3946 qui
724 3874 1021 3945 quondam
1052 3873 1285 3929 Petrum
1315 3874 1700 3946 increpuerat,
1726 3893 1839 3932 non

185 3969 343 4021 recto
368 3964 518 4037 pede
542 3963 601 4017 in
632 3961 926 4035 Evangelii
957 3962 1195 4019 veritate
1220 3963 1581 4035 gradientem
1606 3964 1742 4035 (Gal.
1780 3983 1837 4035 ιι,

188 4056 297 4123 11).
323 4056 627 4119 Quantum
654 4052 831 4123 igitur
855 4051 925 4107 ad
950 4055 1273 4123 peccatum,
1297 4056 1352 4107 et
1372 4053 1441 4107 ad
1468 4052 1692 4108 facinus
1718 4070 1841 4125 per-

182 4144 355 4211 tinet,
388 4142 548 4213 quod
581 4139 850 4196 homines
882 4139 1118 4208 laeserit,
1141 4140 1367 4196 veniam
1401 4158 1515 4196 non
1549 4147 1836 4212 meretur;

182 4236 477 4305 quantum
504 4247 638 4286 vero
657 4230 725 4285 ad
740 4228 998 4301 Apostoli
1018 4229 1447 4297 testimonium,
1460 4232 1559 4302 qui
1577 4233 1687 4288 scit
1704 4250 1837 4289 eum

181 4322 356 4394 plene
408 4336 540 4376 esse
590 4334 957 4386 conversum,
990 4319 1197 4390 grandi
1238 4320 1493 4390 pondere
1531 4323 1835 4392 premitur,

182 4410 285 4483 qui
320 4412 583 4480 rogatur,
608 4411 673 4462 ut
702 4408 801 4479 qui
834 4408 904 4463 de
935 4423 1098 4463 servo
1122 4407 1360 4480 fugitivo
1383 4412 1557 4480 atque
1588 4416 1837 4483 raptore,

181 4498 462 4555 minister
492 4495 755 4567 Apostoli
789 4496 976 4551 factus
1008 4500 1150 4552 erat.
1192 4496 1375 4567 (Quod
1434 4502 1628 4553 autem
1679 4499 1835 4555 aliud

1964 599 2138 654 quam
2172 585 2287 639 odii
2320 592 2452 641 ante
2493 593 2804 643 meruerat.
2840 590 3000 645 Unde
3050 590 3133 645 ait
3166 607 3178 645 :

2036 696 2061 721 ‹‹
2095 672 2260 729 Nunc
2287 679 2481 731 autem
2513 681 2569 731 et
2598 677 2701 732 tibi
2735 682 2791 733 et
2821 678 2963 733 mihi
2999 677 3179 734 utilis.
3210 700 3237 727 ››
3270 678 3515 734 Domino
3546 678 3604 734 in

1960 777 2025 815 eo
2074 760 2255 830 utilis,
2290 765 2428 835 quia
2478 770 2674 837 posset
2723 767 2899 822 Paulo
2953 768 3166 823 servire
3212 784 3315 839 pro
3365 767 3601 821 domino

1960 866 2103 917 suo;
2140 851 2318 907 Paulo
2348 870 2481 910 vero
2512 855 2569 909 in
2602 871 2667 909 eo
2700 856 2883 924 utilis,
2918 857 3054 929 quia
3091 857 3191 911 illo
3242 857 3300 911 in
3349 872 3599 924 carcere,

1958 938 2325 1011 vinculisque
2355 942 2609 1010 detento,
2642 948 2837 1015 posset
2885 948 2940 1000 et
2986 945 3045 1000 in
3086 944 3393 1017 Evangelio
3423 944 3598 999 mini-

1958 1033 2165 1084 strare.

2030 1140 2056 1167 «
2088 1123 2169 1173 Tu
2192 1124 2384 1174 autem
2412 1120 2599 1187 illum,
2617 1122 2672 1176 id
2699 1126 2805 1189 est,
2824 1127 2888 1177 ut
2910 1140 3039 1179 mea
3057 1124 3279 1180 viscera
3300 1124 3598 1196 suscipe.»

1956 1206 2192 1261 Viscera
2244 1208 2576 1279 significant
2624 1210 2919 1265 internum
2970 1214 3161 1268 cordis
3208 1215 3500 1279 affectum,
3545 1216 3602 1267 et

1956 1294 2185 1365 plenam
2211 1313 2279 1351 ex
2311 1296 2505 1351 animo
2533 1298 2915 1369 voluntatem,
2939 1317 3073 1355 cum
3104 1305 3291 1356 totum
3316 1301 3600 1373 quidquid

1954 1382 2013 1437 in
2048 1384 2216 1440 nobis
2247 1388 2355 1452 est,
2386 1385 2705 1458 suscipitur
2734 1404 2766 1442 a
2796 1392 3013 1459 rogato.
3037 1388 3215 1444 Aliter
3234 1395 3452 1455 autem,
3476 1406 3601 1445 om-

1954 1486 2057 1526 nes
2089 1471 2278 1537 liberi,
2311 1472 2532 1527 viscera
2565 1478 2705 1528 sunt
2752 1474 3132 1547 intelligenda
3162 1480 3491 1547 parentum.

2025 1583 2051 1607 ‹‹
2088 1563 2269 1626 Quem
2301 1577 2408 1631 ego
2438 1561 2735 1617 volueram
2765 1579 2992 1618 mecum
3020 1564 3289 1629 retinere,
3317 1570 3381 1619 ut
3410 1581 3512 1635 pro
3544 1568 3599 1619 te

1952 1649 2095 1703 mihi
2137 1650 2491 1705 ministraret
2542 1652 2599 1705 in
2653 1652 2903 1707 vinculis
2954 1652 3331 1725 Evangelii.»
3382 1653 3597 1709 Idcirco

1951 1738 2135 1792 illium
2170 1757 2365 1805 suum,
2401 1745 2456 1795 et
2511 1740 2701 1795 ﬁlium
2753 1740 3142 1810 vinculorum,
3177 1746 3231 1797 et
3263 1742 3597 1797 ministrum

1950 1828 2241 1900 Evangelii
2274 1829 2330 1883 in
2364 1829 2615 1885 vinculis
2646 1831 2969 1897 constituti,
3006 1831 3281 1899 inculcat,
3309 1836 3483 1903 atque
3514 1848 3599 1887 re-

1955 1916 2152 1989 plicat,
2179 1921 2242 1971 ut
2268 1918 2569 1973 Philemon
2602 1918 2700 1973 ille
2732 1921 3063 1990 prudenter,
3088 1925 3145 1976 et
3176 1921 3597 1992 dispensatoris

1952 2009 2181 2061 tantum
2207 2006 2264 2060 ln
2291 2007 2624 2077 praefatione
2645 2007 2940 2074 laudatus,
2965 2026 3081 2063 non
3106 2011 3344 2064 auderet
3363 2025 3595 2080 negare,

1954 2110 2024 2149 ne
2058 2094 2181 2149 suis
2212 2093 2485 2151 laudibus
2511 2096 2802 2151 videretur
2830 2097 3129 2169 indignus.

2026 2205 2053 2231 ‹‹
2086 2182 2218 2238 Sine
2248 2184 2490 2239 consilio
2523 2190 2719 2240 autem
2751 2190 2852 2241 tuo
2886 2186 3031 2240 nihil
3063 2185 3218 2241 volui
3254 2187 3479 2243 facere:
3517 2187 3600 2243 uti

1953 2287 2025 2326 ne
2054 2271 2209 2326 velut
2240 2288 2307 2327 ex
2339 2274 2684 2329 necessitate
2715 2275 2933 2330 bonum
2966 2281 3133 2331 tuum
3166 2280 3343 2343 esset,
3369 2276 3469 2331 sed
3501 2293 3598 2332 vo-

1951 2359 2295 2417 luntarium.
2322 2382 2349 2411 ››
2383 2362 2575 2417 Potuit
2599 2363 2795 2434 itaque
2818 2363 3115 2435 apostolus
3140 2364 3353 2420 Paulus
3376 2365 3599 2436 absque

1951 2448 2248 2505 voluntate
2262 2450 2619 2507 Philemonis
2634 2452 2974 2507 Onesimum
2991 2454 3099 2507 sibi
3128 2454 3182 2508 in
3207 2453 3599 2509 ministerium

1951 2542 2271 2605 retentare;
2308 2540 2407 2595 sed
2440 2540 2487 2595 si
2522 2541 2628 2595 hoc
2650 2541 2775 2597 sine
2798 2541 3153 2597 Philemonis
3187 2542 3482 2598 voluntate
3513 2543 3594 2597 fe-

1951 2628 2145 2695 cisset,
2181 2629 2398 2683 bonum
2432 2630 2669 2700 quidem
2706 2635 2830 2685 erat
2862 2632 3009 2700 ejus,
3044 2632 3144 2686 sed
3185 2648 3299 2687 non
3330 2633 3597 2689 volunta-

1951 2717 2298 2781 rium.Quod
2325 2722 2518 2774 autem
2542 2736 2655 2773 non
2680 2724 2804 2774 erat
2822 2718 3239 2788 voluntarium,
3257 2719 3369 2776 alio
3387 2737 3596 2793 genere

1950 2807 2301 2878 arguebatur
2330 2824 2443 2861 non
2476 2823 2603 2863 esse
2636 2809 2877 2863 bonum.
2912 2807 3067 2863 Nihil
3109 2808 3325 2881 quippe
3374 2810 3593 2865 bonum

1951 2895 2062 2949 dici
2099 2899 2305 2966 potest,
2342 2896 2451 2952 nisi
2485 2897 2639 2967 quod
2674 2897 3001 2952 ultroneum
3037 2901 3144 2952 est.
3180 2899 3260 2953 Ex
3300 2916 3413 2969 quo
3445 2902 3597 2971 Apo-

1949 2983 2083 3039 stoli
2108 2984 2532 3039 consideranda
2559 2987 2891 3057 prudentia,
2917 2986 3016 3057 qui
3051 2986 3264 3043 idcirco
3290 2988 3596 3059 fugitivum

1956 3090 2184 3129 servum
2216 3074 2461 3129 remittit
2488 3076 2556 3129 ad
2586 3075 2913 3145 dominum,
2940 3079 3002 3130 ut
3024 3076 3207 3147 possit
3227 3077 3463 3132 domino
3491 3095 3597 3132 suo

1950 3164 2243 3234 prodesse,
2271 3162 2369 3234 qui
2397 3164 2670 3235 prodesse
2696 3181 2809 3217 non
2837 3169 3082 3236 poterat,
3108 3164 3154 3220 si
3178 3165 3415 3221 domino
3439 3170 3595 3221 tene-

1952 3255 2111 3307 retur
2140 3251 2397 3309 absente.

2028 3362 2053 3389 ‹‹
2086 3340 2347 3395 Forsitan
2372 3340 2498 3394 ideo
2516 3340 2801 3395 discessit.
2823 3362 2849 3387 »
2872 3339 3115 3395 Pulchre
3133 3344 3330 3395 autem
3354 3341 3594 3410 addens,

1951 3452 1978 3479 α
2015 3428 2279 3496 forsitan,
2314 3452 2340 3476 »
2387 3430 2734 3484 sententiam
2786 3428 3149 3500 temperavit.
3182 3428 3417 3485 Occulta
3461 3436 3599 3486 sunt

1952 3518 2167 3589 quippe
2186 3517 2414 3587 judicia
2435 3518 2557 3583 Dei,
2575 3521 2629 3571 et
2650 3517 3025 3572 temerarium
3052 3521 3139 3573 est
3160 3518 3327 3589 quasi
3350 3518 3419 3573 de
3442 3524 3595 3574 certo

1951 3606 2349 3679 pronuntiare,
2376 3607 2529 3678 quod
2556 3605 2798 3661 dubium
2820 3612 2925 3661 est.
2958 3630 2983 3655 «
3011 3607 3299 3675 Forsitan,
3326 3630 3353 3656 »
3382 3608 3592 3679 inquit,

1953 3720 1981 3745 «
2013 3696 2140 3751 ideo
2172 3696 2462 3763 discessit,
2494 3719 2513 3743 η
2552 3699 2741 3761 caute,
2764 3694 3363 3769 timide,trcpidando,
3391 3703 3447 3753 et
3478 3714 3593 3754 non

1953 3789 2137 3840 totum
2164 3785 2272 3840 fixo
2296 3786 2503 3857 gradu,
2529 3800 2621 3850 ne,
2646 3784 2694 3838 si
2729 3801 2841 3839 non
2874 3788 3187 3856 posuisset,
3214 3807 3241 3835 ‹‹
3277 3786 3539 3854 forsitan,
3568 3810 3594 3837 n

1951 3874 2228 3930 omnibus
2259 3874 2440 3929 servis
2464 3874 2808 3946 fugiendum
2834 3879 3005 3943 esset,
3031 3878 3093 3930 ut
3114 3875 3373 3947 Apostoli
3396 3878 3598 3932 fierent

1950 3963 2246 4036 discipuli.

2022 4077 2049 4101 ‹‹
2085 4054 2168 4107 Ad
2200 4053 2404 4108 horam
2449 4069 2483 4107 a
2524 4056 2595 4106 te.
2634 4076 2655 4102 ι»
2694 4052 2855 4113 Quod
2891 4057 3107 4121 autem,
3146 4072 3167 4099 α
3200 4054 3271 4107 ad
3304 4052 3528 4120 horam,
3568 4078 3588 4106 ι

1940 4142 2160 4212 junxit,
2195 4140 2398 4195 horam
2439 4157 2543 4211 pro
2590 4144 2851 4210 tempore
2880 4141 3162 4196 debemus
3192 4141 3473 4213 accipere.
3507 4144 3592 4197 Ad

1949 4229 2448 4301 comparationem
2504 4228 2660 4282 enim
2713 4228 3073 4297 aeternitatis,
3128 4245 3299 4284 omne
3359 4233 3592 4300 tempus

1949 4320 2116 4375 breve
2166 4321 2271 4372 est.

2022 4432 2047 4459 ‹‹
2083 4408 2155 4464 Ut
2177 4411 2456 4462 mternum
2482 4405 2647 4460 illum
2672 4405 2957 4476 reciperes
2982 4423 2993 4461 :
3016 4408 3142 4476 jam
3168 4422 3280 4461 non
3304 4406 3456 4463 sicut
3477 4423 3593 4463 ser-

1946 4515 2106 4567 vum,
2130 4498 2229 4553 sed
2265 4512 2366 4568 pro
2397 4512 2561 4550 servo
2593 4494 3006 4549 charissimum
3040 4496 3295 4549 fratrem.
3321 4515 3347 4547 ιο
3382 4494 3593 4552 Nullus

183 4588 447 4643 habebat
474 4584 785 4657 Apostolus
811 4584 1357 4655 ministerium,nisi
1376 4586 1663 4659 Evangelii
1682 4589 1840 4645 Chri-
1870 4604 1916 4668 D
1950 4593 2200 4644 aeternus
2222 4586 2500 4641 dominus
2523 4584 2671 4640 servi
2705 4584 2817 4638 sui.
2841 4585 3105 4640 Potestas
3127 4584 3342 4655 quippe
3364 4585 3513 4656 ejus,
3538 4591 3596 4642 et

186 4677 261 4732 sti
296 4674 529 4742 Jesu?)
556 4674 687 4729 Jam
722 4691 837 4729 non
878 4675 1045 4745 quasi
1094 4691 1129 4730 a
1175 4674 1441 4742 Domino,
1476 4678 1576 4731 sed
1610 4678 1776 4749 quasi
1807 4696 1840 4733 a

189 4778 504 4827 conservo,
556 4767 610 4817 et
663 4763 1109 4834 coevangelista,
1164 4763 1562 4835 ignosceretur
1613 4766 1684 4834 ei,
1736 4770 1837 4838 qui

190 4868 403 4910 servus
436 4856 590 4907 esset
622 4850 835 4906 Christi
866 4851 1159 4919 similiter,
1190 4855 1246 4906 et
1276 4852 1560 4909 minister.

256 4963 285 4994 ‹‹
323 4940 579 4997 Obsecro
602 4944 658 4996 te
690 4956 792 5011 pro
825 4956 953 4995 meo
986 4940 1126 5007 ﬁlio,
1150 4957 1324 5012 quem
1346 4944 1515 5012 genui
1548 4944 1605 4998 in
1636 4944 1836 4999 vincu-

187 5032 277 5101 lis,
298 5029 603 5088 Onesimo.
624 5049 653 5078 η
679 5027 891 5083 Volens
913 5029 1226 5101 impetrare
1248 5030 1398 5101 quod
1424 5031 1837 5105 postulat,jam

185 5138 294 5178 non
319 5136 428 5193 pro
463 5133 634 5174 servo
656 5116 1036 5189 Philemonis,
1063 5120 1163 5173 sed
1190 5136 1293 5190 pro
1320 5119 1437 5175 ﬁlio
1458 5137 1565 5177 suo
1596 5136 1658 5175 se
1680 5137 1837 5176 asse-

183 5211 254 5267 rit
280 5205 617 5282 deprecari,
654 5208 713 5260 et
741 5204 841 5260 illo
872 5205 1011 5274 filio,
1036 5223 1209 5278 quem
1241 5213 1522 5280 genuerat
1550 5209 1608 5262 in
1642 5209 1839 5265 vincu-

181 5300 247 5357 lis
286 5294 619 5369 Evangelii,
654 5292 763 5348 hoc
812 5298 919 5362 est,
952 5311 1080 5366 quae
1129 5312 1230 5367 pro
1275 5296 1486 5352 Christi
1529 5297 1836 5369 Evangelio

180 5388 532 5446 sustinebat.

242 5503 268 5527 υ
303 5476 416 5544 Qui
449 5472 564 5529 tibi
600 5470 915 5541 aliquando
947 5471 1174 5527 inutilis
1206 5474 1335 5529 fuit.
1373 5496 1399 5523 ››
1439 5474 1588 5542 Tibi,
1624 5473 1833 5544 inquit,

178 5568 275 5627 soli
304 5594 319 5636 ;
356 5580 481 5622 non
516 5558 785 5617 caeteris:
821 5577 977 5616 nunc
1006 5578 1035 5617 e
1067 5564 1354 5618 contrario
1386 5562 1654 5617 utilitatis
1685 5578 1836 5617 com-

173 5657 505 5735 paratione,
544 5663 671 5722 qua
712 5651 770 5704 et
812 5649 925 5721 ipsi
954 5650 1212 5720 domino,
1243 5655 1300 5708 et
1330 5649 1505 5707 Paulo
1538 5650 1696 5706 utilis
1726 5654 1834 5716 est,

1951 4678 2259 4747 utriusque
2290 4674 2565 4743 conditio,
2600 4676 2785 4728 morte
2827 4673 3047 4729 finitur.
3082 4672 3393 4729 Onesimus
3437 4690 3592 4743 vero,

1948 4766 2045 4837 qui
2078 4783 2144 4821 ex
2176 4765 2289 4819 fide
2320 4764 2533 4820 Christi
2569 4764 2754 4819 iactus
2784 4766 3036 4818 aeternus
3066 4768 3171 4831 est,
3206 4768 3420 4819 aeterno
3452 4763 3593 4819 Phi-

1949 4854 2186 4919 lemoni,
2210 4853 2350 4925 quia
2383 4853 2440 4907 in
2464 4852 2759 4908 Christum
2782 4857 2837 4908 et
2867 4853 2989 4925 ipse
3013 4853 3355 4922 crediderat,
3381 4854 3591 4926 spiritu

1948 4943 2236 4999 libertatis
2270 4943 2665 5014 accepto,jam
2699 4959 2813 4997 non
2845 4958 3046 4998 servus
3078 4945 3178 4999 sed
3213 4944 3391 4999 frater
3421 4944 3594 5017 ccepit

1947 5050 2095 5099 esse,
2129 5033 2200 5087 de
2249 5048 2432 5099 servo,
2467 5032 2644 5085 frater
2671 5031 3077 5099 charissimus,
3113 5033 3287 5089 frater
3316 5037 3590 5100 mternus,

1948 5127 2159 5178 aeterno
2191 5124 2248 5173 et
2276 5118 2388 5190 ipsi
2418 5118 2712 5189 Apostolo,
2738 5120 3089 5193 dominoque
3120 5138 3245 5188 suo,
3272 5121 3363 5176 cui
3394 5122 3593 5176 Onesi-

1948 5226 2133 5275 mum,
2153 5211 2215 5261 ut
2236 5206 2429 5261 carnis
2456 5210 2588 5259 ante
2612 5207 2887 5276 conditio,
2904 5209 3089 5263 multo
3114 5210 3367 5283 amplius
3390 5212 3594 5281 postea

1947 5296 2189 5369 spiritus
2221 5292 2550 5365 copulabat.
2578 5294 2645 5346 Et
2672 5298 2809 5348 tunc
2839 5296 3097 5365 quidem,
3123 5299 3356 5367 quando
3387 5301 3511 5353 erat
3539 5298 3592 5352 ei

1947 5386 2248 5453 subjectus
2280 5383 2339 5436 in
2373 5395 2566 5445 carne,
2592 5398 2706 5435 non
2729 5389 2851 5437 erat
2882 5384 2932 5437 ei
2956 5386 3201 5453 junctus
3234 5388 3291 5440 in
3319 5387 3588 5454 Domino;

1949 5489 2102 5527 nunc
2126 5475 2317 5524 autem
2342 5471 2397 5521 et
2422 5466 2480 5517 in
2508 5483 2680 5521 carne
2705 5470 2752 5522 ei
2771 5470 3014 5539 junctus
3035 5478 3141 5538 est,
3163 5478 3219 5528 et
3241 5475 3298 5528 in
3322 5474 3587 5529 Domino.

1949 5562 2025 5617 Ex
2057 5573 2171 5628 quo
2195 5553 2583 5623 intelligimus
2608 5573 2861 5625 servum,
2890 5560 2989 5631 qui
3013 5561 3323 5618 crediderit
3354 5564 3409 5618 in
3433 5562 3593 5618 Chri-

1947 5653 2059 5716 sto,
2086 5646 2305 5717 duplici
2325 5640 2560 5700 domino
2583 5660 2691 5701 suo
2718 5645 2841 5719 lege
2861 5650 3199 5725 constringi,
3225 5656 3290 5706 ut
3320 5652 3371 5707 ei
3394 5655 3449 5706 et
3469 5664 3591 5703 car-
