  <div class='ocr_page' id='page_1' title='image "/cluster/home/n/w/nwhite01/storage/ocr_20150623/134-135/uva.x000829784/412.png"; bbox 0 0 3978 6210; ppageno 0'>
   <div class='ocr_carea' id='block_1_1' title="bbox 174 351 301 417">
    <p class='ocr_par' dir='ltr' id='par_1_1' title="bbox 174 351 301 417">
     <span class='ocr_line' id='line_1_1' title="bbox 174 351 301 417; baseline -0.016 0"><span class='ocrx_word' id='word_1_1' title='bbox 174 351 301 417; x_wconf 78' lang='lat'>725</span> 
     </span>
    </p>
   </div>
   <div class='ocr_carea' id='block_1_2' title="bbox 761 350 3017 417">
    <p class='ocr_par' dir='ltr' id='par_1_2' title="bbox 761 350 3017 417">
     <span class='ocr_line' id='line_1_2' title="bbox 761 350 3017 417; baseline 0 -2"><span class='ocrx_word' id='word_1_2' title='bbox 761 350 1179 415; x_wconf 80' lang='lat' dir='ltr'>EXPOSI&#39;I‘IO</span> <span class='ocrx_word' id='word_1_3' title='bbox 1222 354 1298 414; x_wconf 81' lang='grc' dir='ltr'>ΙΝ</span> <span class='ocrx_word' id='word_1_4' title='bbox 1347 351 1773 415; x_wconf 76' lang='lat' dir='ltr'>EPISTOLAS</span> <span class='ocrx_word' id='word_1_5' title='bbox 1819 352 2074 415; x_wconf 80' lang='lat' dir='ltr'>PAULI.</span> <span class='ocrx_word' id='word_1_6' title='bbox 2108 385 2183 399; x_wconf 92' lang='lat'>-—</span> <span class='ocrx_word' id='word_1_7' title='bbox 2212 352 2291 415; x_wconf 88' lang='lat' dir='ltr'>IN</span> <span class='ocrx_word' id='word_1_8' title='bbox 2337 353 2582 417; x_wconf 81' lang='lat' dir='ltr'>EPIST.</span> <span class='ocrx_word' id='word_1_9' title='bbox 2633 355 2734 415; x_wconf 80' lang='lat' dir='ltr'>AD</span> <span class='ocrx_word' id='word_1_10' title='bbox 2784 352 3017 415; x_wconf 79' lang='lat' dir='ltr'>HEBR.</span> 
     </span>
    </p>
   </div>
   <div class='ocr_carea' id='block_1_3' title="bbox 3474 352 3595 415">
    <p class='ocr_par' dir='ltr' id='par_1_3' title="bbox 3474 352 3595 415">
     <span class='ocr_line' id='line_1_3' title="bbox 3474 352 3595 415; baseline 0 0"><span class='ocrx_word' id='word_1_11' title='bbox 3474 352 3595 415; x_wconf 76' lang='grc'>726</span> 
     </span>
    </p>
   </div>
   <div class='ocr_carea' id='block_1_4' title="bbox 174 484 3594 559">
    <p class='ocr_par' dir='ltr' id='par_1_4' title="bbox 174 484 3594 559">
     <span class='ocr_line' id='line_1_4' title="bbox 174 484 3594 559; baseline -0.001 -15"><span class='ocrx_word' id='word_1_12' title='bbox 174 501 465 544; x_wconf 81' lang='lat' dir='ltr'>memores</span> <span class='ocrx_word' id='word_1_13' title='bbox 487 488 676 541; x_wconf 90' lang='lat' dir='ltr'>estote</span> <span class='ocrx_word' id='word_1_14' title='bbox 696 484 1063 541; x_wconf 86' lang='lat' dir='ltr'>vinculorum</span> <span class='ocrx_word' id='word_1_15' title='bbox 1089 502 1373 542; x_wconf 90' lang='lat' dir='ltr'>meorum.</span> <span class='ocrx_word' id='word_1_16' title='bbox 1397 506 1423 537; x_wconf 76' lang='grc' dir='ltr'>ι</span> <span class='ocrx_word' id='word_1_17' title='bbox 1454 487 1511 542; x_wconf 89' lang='lat' dir='ltr'>Si</span> <span class='ocrx_word' id='word_1_18' title='bbox 1536 490 1730 541; x_wconf 90' lang='lat' dir='ltr'>autem</span> <span class='ocrx_word' id='word_1_19' title='bbox 1763 500 1827 540; x_wconf 82' lang='lat' dir='ltr'>ex</span> <span class='ocrx_word' id='word_1_20' title='bbox 1862 489 1905 554; x_wconf 77' lang='grc' dir='ltr'><strong>Α</strong></span> <span class='ocrx_word' id='word_1_21' title='bbox 1943 490 2153 542; x_wconf 89' lang='lat' dir='ltr'>vestro.</span> <span class='ocrx_word' id='word_1_22' title='bbox 2191 510 2217 537; x_wconf 84' lang='grc'><strong>››</strong></span> <span class='ocrx_word' id='word_1_23' title='bbox 2250 488 2392 544; x_wconf 91' lang='lat' dir='ltr'>Cum</span> <span class='ocrx_word' id='word_1_24' title='bbox 2426 488 2580 543; x_wconf 91' lang='lat' dir='ltr'>enim</span> <span class='ocrx_word' id='word_1_25' title='bbox 2606 488 2664 542; x_wconf 90' lang='lat' dir='ltr'>in</span> <span class='ocrx_word' id='word_1_26' title='bbox 2713 488 2919 559; x_wconf 81' lang='lat' dir='ltr'>spiritu</span> <span class='ocrx_word' id='word_1_27' title='bbox 2964 485 3145 557; x_wconf 87' lang='lat' dir='ltr'>gratia</span> <span class='ocrx_word' id='word_1_28' title='bbox 3180 484 3374 542; x_wconf 84' lang='lat' dir='ltr'>divina</span> <span class='ocrx_word' id='word_1_29' title='bbox 3400 486 3594 553; x_wconf 87' lang='lat' dir='ltr'>fuerit,</span> 
     </span>
    </p>
   </div>
   <div class='ocr_carea' id='block_1_5' title="bbox 178 566 1844 648">
    <p class='ocr_par' dir='ltr' id='par_1_5' title="bbox 178 566 1844 648">
     <span class='ocr_line' id='line_1_5' title="bbox 178 566 1844 648; baseline -0.002 -15"><span class='ocrx_word' id='word_1_30' title='bbox 178 595 248 633; x_wconf 94' lang='lat' dir='ltr'>eo</span> <span class='ocrx_word' id='word_1_31' title='bbox 280 576 488 647; x_wconf 82' lang='lat' dir='ltr'>aliquis</span> <span class='ocrx_word' id='word_1_32' title='bbox 522 592 641 631; x_wconf 91' lang='lat' dir='ltr'>non</span> <span class='ocrx_word' id='word_1_33' title='bbox 666 579 831 645; x_wconf 81' lang='lat' dir='ltr'>putat</span> <span class='ocrx_word' id='word_1_34' title='bbox 860 574 1077 647; x_wconf 87' lang='lat' dir='ltr'>pariter</span> <span class='ocrx_word' id='word_1_35' title='bbox 1098 566 1525 648; x_wconf 82' lang='lat' dir='ltr'>scriptas,quod</span> <span class='ocrx_word' id='word_1_36' title='bbox 1560 577 1629 630; x_wconf 91' lang='lat' dir='ltr'>ad</span> <span class='ocrx_word' id='word_1_37' title='bbox 1653 575 1844 630; x_wconf 86' lang='lat' dir='ltr'>Colos-</span> 
     </span>
    </p>
   </div>
   <div class='ocr_carea' id='block_1_6' title="bbox 177 662 1843 735">
    <p class='ocr_par' dir='ltr' id='par_1_6' title="bbox 177 662 1843 735">
     <span class='ocr_line' id='line_1_6' title="bbox 177 662 1843 735; baseline -0.002 -14"><span class='ocrx_word' id='word_1_38' title='bbox 177 682 379 722; x_wconf 90' lang='lat' dir='ltr'>senscs</span> <span class='ocrx_word' id='word_1_39' title='bbox 413 680 602 735; x_wconf 89' lang='lat' dir='ltr'>pauca</span> <span class='ocrx_word' id='word_1_40' title='bbox 643 663 763 717; x_wconf 90' lang='lat' dir='ltr'>sint</span> <span class='ocrx_word' id='word_1_41' title='bbox 812 662 1071 730; x_wconf 91' lang='lat' dir='ltr'>nomina,</span> <span class='ocrx_word' id='word_1_42' title='bbox 1124 682 1247 735; x_wconf 71' lang='lat' dir='ltr'>qua:</span> <span class='ocrx_word' id='word_1_43' title='bbox 1293 665 1386 719; x_wconf 82' lang='lat' dir='ltr'>hic</span> <span class='ocrx_word' id='word_1_44' title='bbox 1438 682 1549 719; x_wconf 78' lang='lat' dir='ltr'>non</span> <span class='ocrx_word' id='word_1_45' title='bbox 1584 666 1843 719; x_wconf 90' lang='lat' dir='ltr'>ferantur</span> 
     </span>
    </p>
   </div>
   <div class='ocr_carea' id='block_1_7' title="bbox 178 753 1842 825">
    <p class='ocr_par' dir='ltr' id='par_1_7' title="bbox 178 753 1842 825">
     <span class='ocr_line' id='line_1_7' title="bbox 178 753 1842 825; baseline -0.001 -16"><span class='ocrx_word' id='word_1_46' title='bbox 178 755 451 825; x_wconf 80' lang='lat' dir='ltr'>ascripta,</span> <span class='ocrx_word' id='word_1_47' title='bbox 487 753 636 807; x_wconf 83' lang='lat' dir='ltr'>sciat</span> <span class='ocrx_word' id='word_1_48' title='bbox 658 768 771 807; x_wconf 91' lang='lat' dir='ltr'>non</span> <span class='ocrx_word' id='word_1_49' title='bbox 807 768 1012 807; x_wconf 89' lang='lat' dir='ltr'>omnes</span> <span class='ocrx_word' id='word_1_50' title='bbox 1038 754 1312 809; x_wconf 88' lang='lat' dir='ltr'>omnibus</span> <span class='ocrx_word' id='word_1_51' title='bbox 1335 760 1437 809; x_wconf 84' lang='lat' dir='ltr'>aut</span> <span class='ocrx_word' id='word_1_52' title='bbox 1462 754 1682 809; x_wconf 91' lang='lat' dir='ltr'>amicos</span> <span class='ocrx_word' id='word_1_53' title='bbox 1714 768 1842 807; x_wconf 90' lang='lat' dir='ltr'>esse</span> 
     </span>
    </p>
   </div>
   <div class='ocr_carea' id='block_1_8' title="bbox 176 841 1838 913">
    <p class='ocr_par' dir='ltr' id='par_1_8' title="bbox 176 841 1838 913">
     <span class='ocr_line' id='line_1_8' title="bbox 176 841 1838 913; baseline -0.002 -15"><span class='ocrx_word' id='word_1_54' title='bbox 176 849 277 899; x_wconf 88' lang='lat' dir='ltr'>aut</span> <span class='ocrx_word' id='word_1_55' title='bbox 304 848 473 898; x_wconf 86' lang='lat' dir='ltr'>notos</span> <span class='ocrx_word' id='word_1_56' title='bbox 502 866 517 909; x_wconf 82' lang='lat'><strong>;</strong></span> <span class='ocrx_word' id='word_1_57' title='bbox 550 846 608 897; x_wconf 95' lang='lat' dir='ltr'>et</span> <span class='ocrx_word' id='word_1_58' title='bbox 639 841 797 896; x_wconf 86' lang='lat' dir='ltr'>aliud</span> <span class='ocrx_word' id='word_1_59' title='bbox 859 842 1142 913; x_wconf 83' lang='lat' dir='ltr'>privatam</span> <span class='ocrx_word' id='word_1_60' title='bbox 1178 844 1246 897; x_wconf 90' lang='lat' dir='ltr'>ad</span> <span class='ocrx_word' id='word_1_61' title='bbox 1304 860 1488 897; x_wconf 90' lang='lat' dir='ltr'>unum</span> <span class='ocrx_word' id='word_1_62' title='bbox 1520 842 1838 909; x_wconf 83' lang='lat' dir='ltr'>hominem,</span> 
     </span>
    </p>
   </div>
   <div class='ocr_carea' id='block_1_9' title="bbox 178 929 1839 1002">
    <p class='ocr_par' dir='ltr' id='par_1_9' title="bbox 178 929 1839 1002">
     <span class='ocr_line' id='line_1_9' title="bbox 178 929 1839 1002; baseline -0.001 -16"><span class='ocrx_word' id='word_1_63' title='bbox 178 931 335 987; x_wconf 86' lang='lat' dir='ltr'>aliud</span> <span class='ocrx_word' id='word_1_64' title='bbox 368 930 666 1001; x_wconf 86' lang='lat' dir='ltr'>publicam</span> <span class='ocrx_word' id='word_1_65' title='bbox 695 930 765 984; x_wconf 86' lang='lat' dir='ltr'>ad</span> <span class='ocrx_word' id='word_1_66' title='bbox 800 930 1133 986; x_wconf 79' lang='lat' dir='ltr'>universam</span> <span class='ocrx_word' id='word_1_67' title='bbox 1168 932 1484 987; x_wconf 87' lang='lat' dir='ltr'>Ecclesiam</span> <span class='ocrx_word' id='word_1_68' title='bbox 1516 929 1839 1002; x_wconf 86' lang='lat' dir='ltr'>Epistolam</span> 
     </span>
    </p>
   </div>
   <div class='ocr_carea' id='block_1_10' title="bbox 183 1018 1837 1091">
    <p class='ocr_par' dir='ltr' id='par_1_10' title="bbox 183 1018 1837 1091">
     <span class='ocr_line' id='line_1_10' title="bbox 183 1018 1837 1091; baseline -0.001 -18"><span class='ocrx_word' id='word_1_69' title='bbox 183 1020 323 1074; x_wconf 89' lang='lat' dir='ltr'>ﬁeri.</span> <span class='ocrx_word' id='word_1_70' title='bbox 357 1018 463 1082; x_wconf 87' lang='lat' dir='ltr'>Qui</span> <span class='ocrx_word' id='word_1_71' title='bbox 507 1020 584 1073; x_wconf 88' lang='lat' dir='ltr'>sit</span> <span class='ocrx_word' id='word_1_72' title='bbox 637 1023 831 1073; x_wconf 88' lang='lat' dir='ltr'>autem</span> <span class='ocrx_word' id='word_1_73' title='bbox 881 1020 1205 1091; x_wconf 87' lang='lat' dir='ltr'>Epaphras,</span> <span class='ocrx_word' id='word_1_74' title='bbox 1250 1021 1623 1090; x_wconf 88' lang='lat' dir='ltr'>concaptivus</span> <span class='ocrx_word' id='word_1_75' title='bbox 1654 1018 1837 1079; x_wconf 82' lang='lat' dir='ltr'>Pauli,</span> 
     </span>
    </p>
   </div>
   <div class='ocr_carea' id='block_1_11' title="bbox 178 1107 1838 1179">
    <p class='ocr_par' dir='ltr' id='par_1_11' title="bbox 178 1107 1838 1179">
     <span class='ocr_line' id='line_1_11' title="bbox 178 1107 1838 1179; baseline -0.001 -16"><span class='ocrx_word' id='word_1_76' title='bbox 178 1125 242 1163; x_wconf 83' lang='lat' dir='ltr'>ex</span> <span class='ocrx_word' id='word_1_77' title='bbox 271 1126 339 1163; x_wconf 93' lang='lat' dir='ltr'>eo</span> <span class='ocrx_word' id='word_1_78' title='bbox 369 1108 524 1179; x_wconf 91' lang='lat' dir='ltr'>quod</span> <span class='ocrx_word' id='word_1_79' title='bbox 558 1108 652 1162; x_wconf 91' lang='lat' dir='ltr'>hic</span> <span class='ocrx_word' id='word_1_80' title='bbox 702 1107 968 1162; x_wconf 88' lang='lat' dir='ltr'>additum</span> <span class='ocrx_word' id='word_1_81' title='bbox 1019 1112 1130 1171; x_wconf 89' lang='lat' dir='ltr'>est,</span> <span class='ocrx_word' id='word_1_82' title='bbox 1171 1131 1189 1155; x_wconf 76' lang='grc' dir='ltr'>α</span> <span class='ocrx_word' id='word_1_83' title='bbox 1244 1108 1303 1162; x_wconf 91' lang='lat' dir='ltr'>in</span> <span class='ocrx_word' id='word_1_84' title='bbox 1350 1109 1580 1164; x_wconf 81' lang='lat' dir='ltr'>Christo</span> <span class='ocrx_word' id='word_1_85' title='bbox 1609 1110 1773 1177; x_wconf 86' lang='lat' dir='ltr'>Jesu,</span> <span class='ocrx_word' id='word_1_86' title='bbox 1811 1130 1838 1156; x_wconf 73' lang='grc' dir='ltr'>ι»</span> 
     </span>
    </p>
   </div>
   <div class='ocr_carea' id='block_1_12' title="bbox 176 1195 1838 1269">
    <p class='ocr_par' dir='ltr' id='par_1_12' title="bbox 176 1195 1838 1269">
     <span class='ocr_line' id='line_1_12' title="bbox 176 1195 1838 1269; baseline 0 -18"><span class='ocrx_word' id='word_1_87' title='bbox 176 1213 499 1268; x_wconf 84' lang='lat' dir='ltr'>possumus</span> <span class='ocrx_word' id='word_1_88' title='bbox 532 1195 816 1267; x_wconf 88' lang='lat' dir='ltr'>suspicari</span> <span class='ocrx_word' id='word_1_89' title='bbox 851 1197 1051 1252; x_wconf 89' lang='lat' dir='ltr'>eadem</span> <span class='ocrx_word' id='word_1_90' title='bbox 1081 1213 1215 1251; x_wconf 91' lang='lat' dir='ltr'>eum</span> <span class='ocrx_word' id='word_1_91' title='bbox 1259 1197 1452 1252; x_wconf 69' lang='lat' dir='ltr'>Romae</span> <span class='ocrx_word' id='word_1_92' title='bbox 1484 1214 1585 1269; x_wconf 92' lang='lat' dir='ltr'>pro</span> <span class='ocrx_word' id='word_1_93' title='bbox 1613 1198 1838 1252; x_wconf 88' lang='lat' dir='ltr'>Christo</span> 
     </span>
    </p>
   </div>
   <div class='ocr_carea' id='block_1_13' title="bbox 172 1284 1835 1356">
    <p class='ocr_par' dir='ltr' id='par_1_13' title="bbox 172 1284 1835 1356">
     <span class='ocr_line' id='line_1_13' title="bbox 172 1284 1835 1356; baseline 0.001 -19"><span class='ocrx_word' id='word_1_94' title='bbox 172 1284 412 1339; x_wconf 84' lang='lat' dir='ltr'>vincula</span> <span class='ocrx_word' id='word_1_95' title='bbox 428 1284 937 1356; x_wconf 74' lang='lat' dir='ltr'>sustinuisse,quze</span> <span class='ocrx_word' id='word_1_96' title='bbox 964 1285 1214 1341; x_wconf 86' lang='lat' dir='ltr'>Paulus:</span> <span class='ocrx_word' id='word_1_97' title='bbox 1244 1291 1301 1341; x_wconf 90' lang='lat' dir='ltr'>et</span> <span class='ocrx_word' id='word_1_98' title='bbox 1322 1286 1577 1341; x_wconf 85' lang='lat' dir='ltr'>vinctum</span> <span class='ocrx_word' id='word_1_99' title='bbox 1602 1286 1835 1351; x_wconf 81' lang='lat' dir='ltr'>Christi,</span> 
     </span>
    </p>
   </div>
   <div class='ocr_carea' id='block_1_14' title="bbox 176 1373 1836 1446">
    <p class='ocr_par' dir='ltr' id='par_1_14' title="bbox 176 1373 1836 1446">
     <span class='ocr_line' id='line_1_14' title="bbox 176 1373 1836 1446; baseline 0.001 -19"><span class='ocrx_word' id='word_1_100' title='bbox 176 1373 259 1427; x_wconf 91' lang='lat' dir='ltr'>ita</span> <span class='ocrx_word' id='word_1_101' title='bbox 290 1373 585 1444; x_wconf 89' lang='lat' dir='ltr'>captivum</span> <span class='ocrx_word' id='word_1_102' title='bbox 636 1391 868 1446; x_wconf 89' lang='lat' dir='ltr'>quoque</span> <span class='ocrx_word' id='word_1_103' title='bbox 900 1375 1029 1445; x_wconf 84' lang='lat' dir='ltr'>ejus</span> <span class='ocrx_word' id='word_1_104' title='bbox 1085 1376 1344 1446; x_wconf 89' lang='lat' dir='ltr'>potuisse</span> <span class='ocrx_word' id='word_1_105' title='bbox 1374 1376 1508 1430; x_wconf 90' lang='lat' dir='ltr'>dici.</span> <span class='ocrx_word' id='word_1_106' title='bbox 1543 1377 1657 1429; x_wconf 86' lang='lat' dir='ltr'>Aut</span> <span class='ocrx_word' id='word_1_107' title='bbox 1685 1379 1836 1429; x_wconf 91' lang='lat' dir='ltr'>certe</span> 
     </span>
    </p>
   </div>
   <div class='ocr_carea' id='block_1_15' title="bbox 170 1461 1833 1534">
    <p class='ocr_par' dir='ltr' id='par_1_15' title="bbox 170 1461 1833 1534">
     <span class='ocr_line' id='line_1_15' title="bbox 170 1461 1833 1534; baseline 0 -18"><span class='ocrx_word' id='word_1_108' title='bbox 170 1463 250 1517; x_wconf 88' lang='lat' dir='ltr'>ita</span> <span class='ocrx_word' id='word_1_109' title='bbox 281 1463 437 1533; x_wconf 90' lang='lat' dir='ltr'>quod</span> <span class='ocrx_word' id='word_1_110' title='bbox 472 1461 682 1517; x_wconf 89' lang='lat' dir='ltr'>nobilis</span> <span class='ocrx_word' id='word_1_111' title='bbox 715 1468 770 1517; x_wconf 92' lang='lat' dir='ltr'>et</span> <span class='ocrx_word' id='word_1_112' title='bbox 815 1462 939 1533; x_wconf 90' lang='lat' dir='ltr'>ipse</span> <span class='ocrx_word' id='word_1_113' title='bbox 970 1462 1046 1519; x_wconf 89' lang='lat' dir='ltr'>sit</span> <span class='ocrx_word' id='word_1_114' title='bbox 1074 1463 1131 1517; x_wconf 91' lang='lat' dir='ltr'>in</span> <span class='ocrx_word' id='word_1_115' title='bbox 1176 1463 1475 1534; x_wconf 82' lang='lat' dir='ltr'>apostolis,</span> <span class='ocrx_word' id='word_1_116' title='bbox 1519 1469 1585 1518; x_wconf 91' lang='lat' dir='ltr'>ut</span> <span class='ocrx_word' id='word_1_117' title='bbox 1613 1465 1833 1518; x_wconf 86' lang='lat' dir='ltr'>Andro-</span> 
     </span>
    </p>
   </div>
   <div class='ocr_carea' id='block_1_16' title="bbox 173 1552 1836 1621">
    <p class='ocr_par' dir='ltr' id='par_1_16' title="bbox 173 1552 1836 1621">
     <span class='ocr_line' id='line_1_16' title="bbox 173 1552 1836 1621; baseline 0.002 -17"><span class='ocrx_word' id='word_1_118' title='bbox 173 1552 339 1605; x_wconf 90' lang='lat' dir='ltr'>nicus</span> <span class='ocrx_word' id='word_1_119' title='bbox 370 1554 429 1604; x_wconf 87' lang='lat' dir='ltr'>et</span> <span class='ocrx_word' id='word_1_120' title='bbox 485 1552 663 1614; x_wconf 83' lang='lat' dir='ltr'>Julia,</span> <span class='ocrx_word' id='word_1_121' title='bbox 699 1552 767 1606; x_wconf 93' lang='lat' dir='ltr'>de</span> <span class='ocrx_word' id='word_1_122' title='bbox 798 1552 1013 1621; x_wconf 85' lang='lat' dir='ltr'>quibus</span> <span class='ocrx_word' id='word_1_123' title='bbox 1045 1552 1115 1607; x_wconf 90' lang='lat' dir='ltr'>ad</span> <span class='ocrx_word' id='word_1_124' title='bbox 1151 1552 1442 1607; x_wconf 83' lang='lat' dir='ltr'>Romanos</span> <span class='ocrx_word' id='word_1_125' title='bbox 1470 1570 1482 1608; x_wconf 92' lang='lat'>:</span> <span class='ocrx_word' id='word_1_126' title='bbox 1520 1574 1547 1601; x_wconf 83' lang='grc'><strong>››</strong></span> <span class='ocrx_word' id='word_1_127' title='bbox 1577 1552 1836 1608; x_wconf 85' lang='lat' dir='ltr'>Salutate</span> 
     </span>
    </p>
   </div>
   <div class='ocr_carea' id='block_1_17' title="bbox 171 1638 1834 1712">
    <p class='ocr_par' dir='ltr' id='par_1_17' title="bbox 171 1638 1834 1712">
     <span class='ocr_line' id='line_1_17' title="bbox 171 1638 1834 1712; baseline 0.002 -19"><span class='ocrx_word' id='word_1_128' title='bbox 171 1638 573 1694; x_wconf 84' lang='lat' dir='ltr'>Andronicum</span> <span class='ocrx_word' id='word_1_129' title='bbox 628 1644 685 1694; x_wconf 91' lang='lat' dir='ltr'>et</span> <span class='ocrx_word' id='word_1_130' title='bbox 739 1638 956 1694; x_wconf 89' lang='lat' dir='ltr'>Juliam</span> <span class='ocrx_word' id='word_1_131' title='bbox 1019 1646 1295 1711; x_wconf 88' lang='lat' dir='ltr'>cognatos</span> <span class='ocrx_word' id='word_1_132' title='bbox 1355 1647 1409 1695; x_wconf 88' lang='lat' dir='ltr'>et</span> <span class='ocrx_word' id='word_1_133' title='bbox 1466 1642 1834 1712; x_wconf 88' lang='lat' dir='ltr'>concaptivos</span> 
     </span>
    </p>
   </div>
   <div class='ocr_carea' id='block_1_18' title="bbox 173 1726 1834 1801">
    <p class='ocr_par' dir='ltr' id='par_1_18' title="bbox 173 1726 1834 1801">
     <span class='ocr_line' id='line_1_18' title="bbox 173 1726 1834 1801; baseline 0.001 -17"><span class='ocrx_word' id='word_1_134' title='bbox 173 1745 347 1797; x_wconf 83' lang='lat' dir='ltr'>meos,</span> <span class='ocrx_word' id='word_1_135' title='bbox 384 1728 489 1799; x_wconf 86' lang='lat' dir='ltr'>qui</span> <span class='ocrx_word' id='word_1_136' title='bbox 527 1732 669 1783; x_wconf 90' lang='lat' dir='ltr'>sunt</span> <span class='ocrx_word' id='word_1_137' title='bbox 691 1726 914 1783; x_wconf 87' lang='lat' dir='ltr'>nobiles</span> <span class='ocrx_word' id='word_1_138' title='bbox 946 1728 1003 1783; x_wconf 92' lang='lat' dir='ltr'>in</span> <span class='ocrx_word' id='word_1_139' title='bbox 1034 1729 1332 1801; x_wconf 87' lang='lat' dir='ltr'>apostolis,</span> <span class='ocrx_word' id='word_1_140' title='bbox 1369 1730 1467 1801; x_wconf 90' lang='lat' dir='ltr'>qui</span> <span class='ocrx_word' id='word_1_141' title='bbox 1499 1735 1553 1785; x_wconf 91' lang='lat' dir='ltr'>et</span> <span class='ocrx_word' id='word_1_142' title='bbox 1582 1735 1715 1785; x_wconf 84' lang='lat' dir='ltr'>ante</span> <span class='ocrx_word' id='word_1_143' title='bbox 1741 1748 1834 1786; x_wconf 93' lang='lat' dir='ltr'>me</span> 
     </span>
    </p>
   </div>
   <div class='ocr_carea' id='block_1_19' title="bbox 172 1816 1829 1891">
    <p class='ocr_par' dir='ltr' id='par_1_19' title="bbox 172 1816 1829 1891">
     <span class='ocr_line' id='line_1_19' title="bbox 172 1816 1829 1891; baseline 0 -19"><span class='ocrx_word' id='word_1_144' title='bbox 172 1819 400 1874; x_wconf 88' lang='lat' dir='ltr'>fuerunt</span> <span class='ocrx_word' id='word_1_145' title='bbox 426 1818 486 1871; x_wconf 92' lang='lat' dir='ltr'>in</span> <span class='ocrx_word' id='word_1_146' title='bbox 512 1816 743 1872; x_wconf 87' lang='lat' dir='ltr'>Christo</span> <span class='ocrx_word' id='word_1_147' title='bbox 769 1818 943 1887; x_wconf 82' lang='lat' dir='ltr'>(Rom.</span> <span class='ocrx_word' id='word_1_148' title='bbox 969 1835 1084 1882; x_wconf 74' lang='lat' dir='ltr'>xvr,</span> <span class='ocrx_word' id='word_1_149' title='bbox 1111 1820 1186 1888; x_wconf 90' lang='lat'>7).</span> <span class='ocrx_word' id='word_1_150' title='bbox 1221 1841 1247 1867; x_wconf 87' lang='grc'><strong>››</strong></span> <span class='ocrx_word' id='word_1_151' title='bbox 1281 1818 1405 1873; x_wconf 66' lang='lat' dir='ltr'>limo</span> <span class='ocrx_word' id='word_1_152' title='bbox 1436 1821 1506 1873; x_wconf 91' lang='lat' dir='ltr'>de</span> <span class='ocrx_word' id='word_1_153' title='bbox 1540 1819 1829 1891; x_wconf 89' lang='lat' dir='ltr'>Epaphra.</span> 
     </span>
    </p>
   </div>
   <div class='ocr_carea' id='block_1_20' title="bbox 174 1906 1832 1978">
    <p class='ocr_par' dir='ltr' id='par_1_20' title="bbox 174 1906 1832 1978">
     <span class='ocr_line' id='line_1_20' title="bbox 174 1906 1832 1978; baseline 0.001 -17"><span class='ocrx_word' id='word_1_154' title='bbox 174 1906 453 1963; x_wconf 72' lang='lat' dir='ltr'>Caeterum</span> <span class='ocrx_word' id='word_1_155' title='bbox 515 1911 922 1977; x_wconf 88' lang='lat' dir='ltr'>cooperatores</span> <span class='ocrx_word' id='word_1_156' title='bbox 980 1907 1294 1978; x_wconf 83' lang='lat' dir='ltr'>Evangelii,</span> <span class='ocrx_word' id='word_1_157' title='bbox 1356 1912 1411 1962; x_wconf 88' lang='lat' dir='ltr'>et</span> <span class='ocrx_word' id='word_1_158' title='bbox 1469 1908 1832 1963; x_wconf 85' lang='lat' dir='ltr'>vinculorum</span> 
     </span>
    </p>
   </div>
   <div class='ocr_carea' id='block_1_21' title="bbox 182 1995 1830 2067">
    <p class='ocr_par' dir='ltr' id='par_1_21' title="bbox 182 1995 1830 2067">
     <span class='ocr_line' id='line_1_21' title="bbox 182 1995 1830 2067; baseline 0.001 -19"><span class='ocrx_word' id='word_1_159' title='bbox 182 2011 444 2063; x_wconf 90' lang='lat' dir='ltr'>suorum,</span> <span class='ocrx_word' id='word_1_160' title='bbox 496 2011 631 2050; x_wconf 91' lang='lat' dir='ltr'>cum</span> <span class='ocrx_word' id='word_1_161' title='bbox 684 1997 754 2050; x_wconf 90' lang='lat' dir='ltr'>ad</span> <span class='ocrx_word' id='word_1_162' title='bbox 809 1995 1205 2051; x_wconf 89' lang='lat' dir='ltr'>Philemonem</span> <span class='ocrx_word' id='word_1_163' title='bbox 1256 1995 1573 2067; x_wconf 90' lang='lat' dir='ltr'>Epistolam</span> <span class='ocrx_word' id='word_1_164' title='bbox 1616 1997 1830 2051; x_wconf 84' lang='lat' dir='ltr'>scribe-</span> 
     </span>
    </p>
   </div>
   <div class='ocr_carea' id='block_1_22' title="bbox 179 2082 1830 2157">
    <p class='ocr_par' dir='ltr' id='par_1_22' title="bbox 179 2082 1830 2157">
     <span class='ocr_line' id='line_1_22' title="bbox 179 2082 1830 2157; baseline 0.002 -20"><span class='ocrx_word' id='word_1_165' title='bbox 179 2087 279 2150; x_wconf 86' lang='lat' dir='ltr'>ret,</span> <span class='ocrx_word' id='word_1_166' title='bbox 307 2083 575 2139; x_wconf 81' lang='lat' dir='ltr'>Marcum</span> <span class='ocrx_word' id='word_1_167' title='bbox 620 2082 805 2154; x_wconf 88' lang='lat' dir='ltr'>ponit,</span> <span class='ocrx_word' id='word_1_168' title='bbox 856 2101 1028 2155; x_wconf 85' lang='lat' dir='ltr'>quem</span> <span class='ocrx_word' id='word_1_169' title='bbox 1082 2089 1217 2155; x_wconf 89' lang='lat' dir='ltr'>puto</span> <span class='ocrx_word' id='word_1_170' title='bbox 1267 2086 1556 2157; x_wconf 83' lang='lat' dir='ltr'>Evangelii</span> <span class='ocrx_word' id='word_1_171' title='bbox 1590 2086 1830 2157; x_wconf 90' lang='lat' dir='ltr'>scripto-</span> 
     </span>
    </p>
   </div>
   <div class='ocr_carea' id='block_1_23' title="bbox 183 2172 1833 2244">
    <p class='ocr_par' dir='ltr' id='par_1_23' title="bbox 183 2172 1833 2244">
     <span class='ocr_line' id='line_1_23' title="bbox 183 2172 1833 2244; baseline 0.001 -17"><span class='ocrx_word' id='word_1_172' title='bbox 183 2188 292 2227; x_wconf 85' lang='lat' dir='ltr'>rem</span> <span class='ocrx_word' id='word_1_173' title='bbox 316 2172 594 2242; x_wconf 73' lang='lat' dir='ltr'>(1384),et</span> <span class='ocrx_word' id='word_1_174' title='bbox 609 2172 1209 2244; x_wconf 86' lang='lat' dir='ltr'>Aristarchum,cujus</span> <span class='ocrx_word' id='word_1_175' title='bbox 1230 2191 1406 2244; x_wconf 89' lang='lat' dir='ltr'>supra</span> <span class='ocrx_word' id='word_1_176' title='bbox 1421 2175 1663 2229; x_wconf 83' lang='lat' dir='ltr'>fecimus</span> <span class='ocrx_word' id='word_1_177' title='bbox 1679 2192 1833 2229; x_wconf 87' lang='lat' dir='ltr'>men-</span> 
     </span>
    </p>
   </div>
   <div class='ocr_carea' id='block_1_24' title="bbox 180 2258 1833 2331">
    <p class='ocr_par' dir='ltr' id='par_1_24' title="bbox 180 2258 1833 2331">
     <span class='ocr_line' id='line_1_24' title="bbox 180 2258 1833 2331; baseline 0.004 -19"><span class='ocrx_word' id='word_1_178' title='bbox 180 2258 410 2329; x_wconf 89' lang='lat' dir='ltr'>tionem)</span> <span class='ocrx_word' id='word_1_179' title='bbox 444 2263 505 2313; x_wconf 91' lang='lat' dir='ltr'>et</span> <span class='ocrx_word' id='word_1_180' title='bbox 536 2263 798 2323; x_wconf 81' lang='lat' dir='ltr'>Damam,</span> <span class='ocrx_word' id='word_1_181' title='bbox 833 2260 903 2314; x_wconf 89' lang='lat' dir='ltr'>de</span> <span class='ocrx_word' id='word_1_182' title='bbox 934 2276 1047 2331; x_wconf 91' lang='lat' dir='ltr'>quo</span> <span class='ocrx_word' id='word_1_183' title='bbox 1078 2260 1135 2315; x_wconf 92' lang='lat' dir='ltr'>in</span> <span class='ocrx_word' id='word_1_184' title='bbox 1170 2261 1281 2316; x_wconf 90' lang='lat' dir='ltr'>alio</span> <span class='ocrx_word' id='word_1_185' title='bbox 1311 2262 1436 2317; x_wconf 91' lang='lat' dir='ltr'>loco</span> <span class='ocrx_word' id='word_1_186' title='bbox 1468 2263 1643 2317; x_wconf 88' lang='lat' dir='ltr'>dicit:</span> <span class='ocrx_word' id='word_1_187' title='bbox 1678 2284 1704 2311; x_wconf 91' lang='grc'>‹‹</span> <span class='ocrx_word' id='word_1_188' title='bbox 1732 2263 1833 2317; x_wconf 89' lang='lat' dir='ltr'>De-</span> 
     </span>
    </p>
   </div>
   <div class='ocr_carea' id='block_1_25' title="bbox 180 2347 1834 2419">
    <p class='ocr_par' dir='ltr' id='par_1_25' title="bbox 180 2347 1834 2419">
     <span class='ocr_line' id='line_1_25' title="bbox 180 2347 1834 2419; baseline 0.004 -19"><span class='ocrx_word' id='word_1_189' title='bbox 180 2363 301 2402; x_wconf 90' lang='lat' dir='ltr'>mas</span> <span class='ocrx_word' id='word_1_190' title='bbox 334 2364 426 2402; x_wconf 91' lang='lat' dir='ltr'>me</span> <span class='ocrx_word' id='word_1_191' title='bbox 459 2347 873 2419; x_wconf 86' lang='lat' dir='ltr'>dereliquit(ll</span> <span class='ocrx_word' id='word_1_192' title='bbox 902 2350 1037 2406; x_wconf 80' lang='lat' dir='ltr'>Tim.</span> <span class='ocrx_word' id='word_1_193' title='bbox 1063 2367 1135 2417; x_wconf 83' lang='lat' dir='ltr'>IV,</span> <span class='ocrx_word' id='word_1_194' title='bbox 1168 2351 1245 2419; x_wconf 86' lang='lat'>9),</span> <span class='ocrx_word' id='word_1_195' title='bbox 1271 2374 1298 2399; x_wconf 85' lang='lat'>»</span> <span class='ocrx_word' id='word_1_196' title='bbox 1321 2356 1376 2405; x_wconf 82' lang='lat' dir='ltr'>et</span> <span class='ocrx_word' id='word_1_197' title='bbox 1410 2351 1621 2405; x_wconf 90' lang='lat' dir='ltr'>Lucam</span> <span class='ocrx_word' id='word_1_198' title='bbox 1656 2352 1834 2405; x_wconf 87' lang='lat' dir='ltr'>medi-</span> 
     </span>
    </p>
   </div>
   <div class='ocr_carea' id='block_1_26' title="bbox 175 2436 1831 2510">
    <p class='ocr_par' dir='ltr' id='par_1_26' title="bbox 175 2436 1831 2510">
     <span class='ocr_line' id='line_1_26' title="bbox 175 2436 1831 2510; baseline 0.003 -21"><span class='ocrx_word' id='word_1_199' title='bbox 175 2451 335 2505; x_wconf 89' lang='lat' dir='ltr'>cum,</span> <span class='ocrx_word' id='word_1_200' title='bbox 369 2437 474 2506; x_wconf 89' lang='lat' dir='ltr'>qui</span> <span class='ocrx_word' id='word_1_201' title='bbox 511 2436 878 2508; x_wconf 89' lang='lat' dir='ltr'>Evangelium</span> <span class='ocrx_word' id='word_1_202' title='bbox 914 2443 970 2492; x_wconf 87' lang='lat' dir='ltr'>et</span> <span class='ocrx_word' id='word_1_203' title='bbox 1000 2442 1163 2493; x_wconf 89' lang='lat' dir='ltr'>actus</span> <span class='ocrx_word' id='word_1_204' title='bbox 1194 2438 1590 2510; x_wconf 89' lang='lat' dir='ltr'>apostolorum</span> <span class='ocrx_word' id='word_1_205' title='bbox 1642 2440 1831 2494; x_wconf 79' lang='lat' dir='ltr'>Eccle-</span> 
     </span>
    </p>
   </div>
   <div class='ocr_carea' id='block_1_27' title="bbox 179 2523 1833 2599">
    <p class='ocr_par' dir='ltr' id='par_1_27' title="bbox 179 2523 1833 2599">
     <span class='ocr_line' id='line_1_27' title="bbox 179 2523 1833 2599; baseline 0.004 -21"><span class='ocrx_word' id='word_1_206' title='bbox 179 2523 284 2578; x_wconf 91' lang='lat' dir='ltr'>siis</span> <span class='ocrx_word' id='word_1_207' title='bbox 316 2524 627 2578; x_wconf 90' lang='lat' dir='ltr'>scribendo</span> <span class='ocrx_word' id='word_1_208' title='bbox 656 2526 913 2580; x_wconf 87' lang='lat' dir='ltr'>tradidit.</span> <span class='ocrx_word' id='word_1_209' title='bbox 970 2527 1267 2589; x_wconf 89' lang='lat' dir='ltr'>Quomodo</span> <span class='ocrx_word' id='word_1_210' title='bbox 1317 2528 1470 2583; x_wconf 89' lang='lat' dir='ltr'>enim</span> <span class='ocrx_word' id='word_1_211' title='bbox 1505 2529 1771 2599; x_wconf 87' lang='lat' dir='ltr'>apostoli,</span> <span class='ocrx_word' id='word_1_212' title='bbox 1804 2546 1833 2584; x_wconf 91' lang='lat' dir='ltr'>e</span> 
     </span>
    </p>
   </div>
   <div class='ocr_carea' id='block_1_28' title="bbox 177 2611 1830 2685">
    <p class='ocr_par' dir='ltr' id='par_1_28' title="bbox 177 2611 1830 2685">
     <span class='ocr_line' id='line_1_28' title="bbox 177 2611 1830 2685; baseline 0.004 -21"><span class='ocrx_word' id='word_1_213' title='bbox 177 2611 571 2681; x_wconf 83' lang='lat' dir='ltr'>piscatoribus</span> <span class='ocrx_word' id='word_1_214' title='bbox 586 2612 765 2684; x_wconf 80' lang='lat' dir='ltr'>pisciu</span> <span class='ocrx_word' id='word_1_215' title='bbox 778 2614 1181 2685; x_wconf 88' lang='lat' dir='ltr'>m,piscatores</span> <span class='ocrx_word' id='word_1_216' title='bbox 1198 2617 1497 2671; x_wconf 88' lang='lat' dir='ltr'>hominum</span> <span class='ocrx_word' id='word_1_217' title='bbox 1519 2618 1646 2672; x_wconf 88' lang='lat' dir='ltr'>facti</span> <span class='ocrx_word' id='word_1_218' title='bbox 1665 2623 1830 2685; x_wconf 89' lang='lat' dir='ltr'>sunt;</span> 
     </span>
    </p>
   </div>
   <div class='ocr_carea' id='block_1_29' title="bbox 179 2700 1833 2775">
    <p class='ocr_par' dir='ltr' id='par_1_29' title="bbox 179 2700 1833 2775">
     <span class='ocr_line' id='line_1_29' title="bbox 179 2700 1833 2775; baseline 0.005 -21"><span class='ocrx_word' id='word_1_219' title='bbox 179 2700 252 2755; x_wconf 91' lang='lat' dir='ltr'>ita</span> <span class='ocrx_word' id='word_1_220' title='bbox 278 2701 388 2765; x_wconf 89' lang='lat' dir='ltr'>hic,</span> <span class='ocrx_word' id='word_1_221' title='bbox 421 2701 499 2756; x_wconf 89' lang='lat' dir='ltr'>de</span> <span class='ocrx_word' id='word_1_222' title='bbox 536 2702 759 2757; x_wconf 91' lang='lat' dir='ltr'>medico</span> <span class='ocrx_word' id='word_1_223' title='bbox 817 2719 1151 2775; x_wconf 87' lang='lat' dir='ltr'>corporum,</span> <span class='ocrx_word' id='word_1_224' title='bbox 1212 2706 1268 2759; x_wconf 91' lang='lat' dir='ltr'>in</span> <span class='ocrx_word' id='word_1_225' title='bbox 1306 2707 1597 2761; x_wconf 89' lang='lat' dir='ltr'>medicum</span> <span class='ocrx_word' id='word_1_226' title='bbox 1629 2724 1833 2763; x_wconf 90' lang='lat' dir='ltr'>versus</span> 
     </span>
    </p>
   </div>
   <div class='ocr_carea' id='block_1_30' title="bbox 185 2790 1833 2863">
    <p class='ocr_par' dir='ltr' id='par_1_30' title="bbox 185 2790 1833 2863">
     <span class='ocr_line' id='line_1_30' title="bbox 185 2790 1833 2863; baseline 0.005 -19"><span class='ocrx_word' id='word_1_227' title='bbox 185 2795 265 2844; x_wconf 88' lang='lat' dir='ltr'>est</span> <span class='ocrx_word' id='word_1_228' title='bbox 296 2790 661 2856; x_wconf 83' lang='lat' dir='ltr'>animarum,</span> <span class='ocrx_word' id='word_1_229' title='bbox 695 2792 764 2846; x_wconf 88' lang='lat' dir='ltr'>de</span> <span class='ocrx_word' id='word_1_230' title='bbox 797 2808 911 2863; x_wconf 90' lang='lat' dir='ltr'>quo</span> <span class='ocrx_word' id='word_1_231' title='bbox 944 2797 1001 2848; x_wconf 90' lang='lat' dir='ltr'>et</span> <span class='ocrx_word' id='word_1_232' title='bbox 1047 2793 1103 2847; x_wconf 92' lang='lat' dir='ltr'>in</span> <span class='ocrx_word' id='word_1_233' title='bbox 1128 2794 1239 2849; x_wconf 91' lang='lat' dir='ltr'>alio</span> <span class='ocrx_word' id='word_1_234' title='bbox 1273 2794 1396 2849; x_wconf 94' lang='lat' dir='ltr'>loco</span> <span class='ocrx_word' id='word_1_235' title='bbox 1430 2795 1604 2850; x_wconf 86' lang='lat' dir='ltr'>dicit:</span> <span class='ocrx_word' id='word_1_236' title='bbox 1641 2820 1667 2845; x_wconf 91' lang='grc'><strong>‹‹</strong></span> <span class='ocrx_word' id='word_1_237' title='bbox 1702 2796 1833 2851; x_wconf 88' lang='lat' dir='ltr'>Misi</span> 
     </span>
    </p>
   </div>
   <div class='ocr_carea' id='block_1_31' title="bbox 182 2879 1834 2957">
    <p class='ocr_par' dir='ltr' id='par_1_31' title="bbox 182 2879 1834 2957">
     <span class='ocr_line' id='line_1_31' title="bbox 182 2879 1834 2957; baseline 0.004 -24"><span class='ocrx_word' id='word_1_238' title='bbox 182 2896 303 2934; x_wconf 90' lang='lat' dir='ltr'>cum</span> <span class='ocrx_word' id='word_1_239' title='bbox 333 2879 430 2934; x_wconf 96' lang='lat' dir='ltr'>illo</span> <span class='ocrx_word' id='word_1_240' title='bbox 468 2880 741 2950; x_wconf 70' lang='lat' dir='ltr'>fratrem,</span> <span class='ocrx_word' id='word_1_241' title='bbox 773 2882 941 2951; x_wconf 86' lang='lat' dir='ltr'>cujus</span> <span class='ocrx_word' id='word_1_242' title='bbox 1001 2881 1129 2938; x_wconf 89' lang='lat' dir='ltr'>laus</span> <span class='ocrx_word' id='word_1_243' title='bbox 1160 2888 1246 2938; x_wconf 91' lang='lat' dir='ltr'>est</span> <span class='ocrx_word' id='word_1_244' title='bbox 1301 2884 1359 2938; x_wconf 92' lang='lat' dir='ltr'>in</span> <span class='ocrx_word' id='word_1_245' title='bbox 1392 2884 1700 2956; x_wconf 86' lang='lat' dir='ltr'>Evangelio</span> <span class='ocrx_word' id='word_1_246' title='bbox 1734 2902 1834 2957; x_wconf 91' lang='lat' dir='ltr'>per</span> 
     </span>
    </p>
   </div>
   <div class='ocr_carea' id='block_1_32' title="bbox 180 2966 1835 3043">
    <p class='ocr_par' dir='ltr' id='par_1_32' title="bbox 180 2966 1835 3043">
     <span class='ocr_line' id='line_1_32' title="bbox 180 2966 1835 3043; baseline 0.005 -22"><span class='ocrx_word' id='word_1_247' title='bbox 180 2984 368 3024; x_wconf 89' lang='lat' dir='ltr'>omnes</span> <span class='ocrx_word' id='word_1_248' title='bbox 397 2966 701 3024; x_wconf 79' lang='lat' dir='ltr'>Ecclesiae</span> <span class='ocrx_word' id='word_1_249' title='bbox 750 2971 844 3039; x_wconf 86' lang='lat' dir='ltr'>(Il</span> <span class='ocrx_word' id='word_1_250' title='bbox 894 2971 1012 3026; x_wconf 84' lang='lat' dir='ltr'>Cor.</span> <span class='ocrx_word' id='word_1_251' title='bbox 1074 2989 1193 3040; x_wconf 86' lang='lat' dir='ltr'>vm,</span> <span class='ocrx_word' id='word_1_252' title='bbox 1240 2973 1367 3043; x_wconf 82' lang='lat'>18);</span> <span class='ocrx_word' id='word_1_253' title='bbox 1427 2994 1456 3022; x_wconf 87' lang='grc'><strong>››</strong></span> <span class='ocrx_word' id='word_1_254' title='bbox 1489 2975 1656 3043; x_wconf 85' lang='lat' dir='ltr'>cujus</span> <span class='ocrx_word' id='word_1_255' title='bbox 1690 2975 1835 3029; x_wconf 90' lang='lat' dir='ltr'>liber</span> 
     </span>
    </p>
   </div>
   <div class='ocr_carea' id='block_1_33' title="bbox 182 3058 1829 3133">
    <p class='ocr_par' dir='ltr' id='par_1_33' title="bbox 182 3058 1829 3133">
     <span class='ocr_line' id='line_1_33' title="bbox 182 3058 1829 3133; baseline 0.002 -21"><span class='ocrx_word' id='word_1_256' title='bbox 182 3058 641 3129; x_wconf 87' lang='lat' dir='ltr'>quotiescunque</span> <span class='ocrx_word' id='word_1_257' title='bbox 676 3058 889 3130; x_wconf 85' lang='lat' dir='ltr'>legitur</span> <span class='ocrx_word' id='word_1_258' title='bbox 917 3060 974 3115; x_wconf 92' lang='lat' dir='ltr'>in</span> <span class='ocrx_word' id='word_1_259' title='bbox 1009 3060 1461 3131; x_wconf 87' lang='lat' dir='ltr'>Ecclesia,toties</span> <span class='ocrx_word' id='word_1_260' title='bbox 1492 3063 1619 3133; x_wconf 84' lang='lat' dir='ltr'>ejus</span> <span class='ocrx_word' id='word_1_261' title='bbox 1646 3064 1829 3117; x_wconf 89' lang='lat' dir='ltr'>medi-</span> 
     </span>
    </p>
   </div>
   <div class='ocr_carea' id='block_1_34' title="bbox 178 3148 690 3203">
    <p class='ocr_par' dir='ltr' id='par_1_34' title="bbox 178 3148 690 3203">
     <span class='ocr_line' id='line_1_34' title="bbox 178 3148 690 3203; baseline 0 -2"><span class='ocrx_word' id='word_1_262' title='bbox 178 3148 297 3202; x_wconf 86' lang='lat' dir='ltr'>cina</span> <span class='ocrx_word' id='word_1_263' title='bbox 322 3164 431 3203; x_wconf 90' lang='lat' dir='ltr'>non</span> <span class='ocrx_word' id='word_1_264' title='bbox 468 3152 690 3203; x_wconf 85' lang='lat' dir='ltr'>cessat.</span> 
     </span>
    </p>
   </div>
   <div class='ocr_carea' id='block_1_35' title="bbox 247 3224 1900 3311">
    <p class='ocr_par' dir='ltr' id='par_1_35' title="bbox 247 3224 1900 3311">
     <span class='ocr_line' id='line_1_35' title="bbox 247 3224 1900 3311; baseline 0 -20"><span class='ocrx_word' id='word_1_265' title='bbox 247 3254 268 3285; x_wconf 72' lang='lat' dir='ltr'>c</span> <span class='ocrx_word' id='word_1_266' title='bbox 291 3238 483 3293; x_wconf 89' lang='lat' dir='ltr'>Gratia</span> <span class='ocrx_word' id='word_1_267' title='bbox 522 3236 756 3292; x_wconf 90' lang='lat' dir='ltr'>Domini</span> <span class='ocrx_word' id='word_1_268' title='bbox 785 3238 969 3294; x_wconf 89' lang='lat' dir='ltr'>nostri</span> <span class='ocrx_word' id='word_1_269' title='bbox 1018 3238 1156 3294; x_wconf 86' lang='lat' dir='ltr'>Jesu</span> <span class='ocrx_word' id='word_1_270' title='bbox 1196 3238 1403 3294; x_wconf 89' lang='lat' dir='ltr'>Christi</span> <span class='ocrx_word' id='word_1_271' title='bbox 1452 3256 1585 3295; x_wconf 91' lang='lat' dir='ltr'>cum</span> <span class='ocrx_word' id='word_1_272' title='bbox 1618 3240 1826 3311; x_wconf 86' lang='lat' dir='ltr'>spiritu</span> <span class='ocrx_word' id='word_1_273' title='bbox 1856 3224 1900 3291; x_wconf 88' lang='lat' dir='ltr'>C</span> 
     </span>
    </p>
   </div>
   <div class='ocr_carea' id='block_1_36' title="bbox 1950 575 3596 647">
    <p class='ocr_par' dir='ltr' id='par_1_36' title="bbox 1950 575 3596 647">
     <span class='ocr_line' id='line_1_36' title="bbox 1950 575 3596 647; baseline 0.002 -20"><span class='ocrx_word' id='word_1_274' title='bbox 1950 579 2136 630; x_wconf 89' lang='lat' dir='ltr'>totum</span> <span class='ocrx_word' id='word_1_275' title='bbox 2154 576 2445 631; x_wconf 87' lang='lat' dir='ltr'>hominem</span> <span class='ocrx_word' id='word_1_276' title='bbox 2476 578 2613 631; x_wconf 81' lang='lat' dir='ltr'>facit</span> <span class='ocrx_word' id='word_1_277' title='bbox 2632 575 3343 647; x_wconf 69' lang='lat' dir='ltr'>spiritalem,utadhzereat</span> <span class='ocrx_word' id='word_1_278' title='bbox 3356 576 3596 631; x_wconf 92' lang='lat' dir='ltr'>Domino</span> 
     </span>
    </p>
   </div>
   <div class='ocr_carea' id='block_1_37' title="bbox 1950 665 3595 737">
    <p class='ocr_par' dir='ltr' id='par_1_37' title="bbox 1950 665 3595 737">
     <span class='ocr_line' id='line_1_37' title="bbox 1950 665 3595 737; baseline 0 -19"><span class='ocrx_word' id='word_1_279' title='bbox 1950 670 2143 718; x_wconf 87' lang='lat' dir='ltr'>mente</span> <span class='ocrx_word' id='word_1_280' title='bbox 2174 670 2229 720; x_wconf 89' lang='lat' dir='ltr'>et</span> <span class='ocrx_word' id='word_1_281' title='bbox 2259 682 2516 736; x_wconf 89' lang='lat' dir='ltr'>corpore,</span> <span class='ocrx_word' id='word_1_282' title='bbox 2540 672 2595 720; x_wconf 90' lang='lat' dir='ltr'>et</span> <span class='ocrx_word' id='word_1_283' title='bbox 2628 665 3015 737; x_wconf 88' lang='lat' dir='ltr'>impleaturin</span> <span class='ocrx_word' id='word_1_284' title='bbox 3047 681 3111 719; x_wconf 89' lang='lat' dir='ltr'>eo</span> <span class='ocrx_word' id='word_1_285' title='bbox 3134 666 3285 736; x_wconf 89' lang='lat' dir='ltr'>quod</span> <span class='ocrx_word' id='word_1_286' title='bbox 3314 666 3595 735; x_wconf 88' lang='lat' dir='ltr'>scriptum</span> 
     </span>
    </p>
   </div>
   <div class='ocr_carea' id='block_1_38' title="bbox 1950 754 3601 825">
    <p class='ocr_par' dir='ltr' id='par_1_38' title="bbox 1950 754 3601 825">
     <span class='ocr_line' id='line_1_38' title="bbox 1950 754 3601 825; baseline 0.001 -19"><span class='ocrx_word' id='word_1_287' title='bbox 1950 756 2073 807; x_wconf 89' lang='lat' dir='ltr'>est:</span> <span class='ocrx_word' id='word_1_288' title='bbox 2142 775 2167 805; x_wconf 79' lang='grc' dir='ltr'>α</span> <span class='ocrx_word' id='word_1_289' title='bbox 2224 754 2329 817; x_wconf 87' lang='lat' dir='ltr'>Qui</span> <span class='ocrx_word' id='word_1_290' title='bbox 2388 754 2644 809; x_wconf 72' lang='lat' dir='ltr'>adhteret</span> <span class='ocrx_word' id='word_1_291' title='bbox 2693 756 2951 821; x_wconf 75' lang='lat' dir='ltr'>llomino,</span> <span class='ocrx_word' id='word_1_292' title='bbox 3013 771 3167 809; x_wconf 89' lang='lat' dir='ltr'>unus</span> <span class='ocrx_word' id='word_1_293' title='bbox 3213 754 3452 825; x_wconf 87' lang='lat' dir='ltr'>spiritus</span> <span class='ocrx_word' id='word_1_294' title='bbox 3511 755 3601 807; x_wconf 86' lang='lat' dir='ltr'>est</span> 
     </span>
    </p>
   </div>
   <div class='ocr_carea' id='block_1_39' title="bbox 1950 840 3595 915">
    <p class='ocr_par' dir='ltr' id='par_1_39' title="bbox 1950 840 3595 915">
     <span class='ocr_line' id='line_1_39' title="bbox 1950 840 3595 915; baseline 0.002 -22"><span class='ocrx_word' id='word_1_295' title='bbox 1950 841 1993 910; x_wconf 90' lang='grc' dir='ltr'>(Ι</span> <span class='ocrx_word' id='word_1_296' title='bbox 2030 840 2147 897; x_wconf 88' lang='lat' dir='ltr'>Cor.</span> <span class='ocrx_word' id='word_1_297' title='bbox 2208 860 2282 907; x_wconf 81' lang='lat' dir='ltr'>v1,</span> <span class='ocrx_word' id='word_1_298' title='bbox 2347 845 2516 915; x_wconf 74' lang='lat'>17).»</span> <span class='ocrx_word' id='word_1_299' title='bbox 2572 844 2990 915; x_wconf 88' lang='lat' dir='ltr'>Interpretatur</span> <span class='ocrx_word' id='word_1_300' title='bbox 3046 848 3239 898; x_wconf 90' lang='lat' dir='ltr'>autem</span> <span class='ocrx_word' id='word_1_301' title='bbox 3271 842 3595 898; x_wconf 89' lang='lat' dir='ltr'>secundum</span> 
     </span>
    </p>
   </div>
   <div class='ocr_carea' id='block_1_40' title="bbox 1952 931 3599 999">
    <p class='ocr_par' dir='ltr' id='par_1_40' title="bbox 1952 931 3599 999">
     <span class='ocr_line' id='line_1_40' title="bbox 1952 931 3599 999; baseline 0.001 -16"><span class='ocrx_word' id='word_1_302' title='bbox 1952 931 2236 997; x_wconf 74' lang='lat' dir='ltr'>Hebraeos,</span> <span class='ocrx_word' id='word_1_303' title='bbox 2286 932 2501 987; x_wconf 90' lang='lat' dir='ltr'>Paulus</span> <span class='ocrx_word' id='word_1_304' title='bbox 2558 932 2955 988; x_wconf 85' lang='lat' dir='ltr'>admirabilis:</span> <span class='ocrx_word' id='word_1_305' title='bbox 3018 932 3377 999; x_wconf 89' lang='lat' dir='ltr'>Timotheus,</span> <span class='ocrx_word' id='word_1_306' title='bbox 3422 932 3599 985; x_wconf 87' lang='lat' dir='ltr'>bene-</span> 
     </span>
    </p>
   </div>
   <div class='ocr_carea' id='block_1_41' title="bbox 1952 1019 3595 1093">
    <p class='ocr_par' dir='ltr' id='par_1_41' title="bbox 1952 1019 3595 1093">
     <span class='ocr_line' id='line_1_41' title="bbox 1952 1019 3595 1093; baseline 0.002 -21"><span class='ocrx_word' id='word_1_307' title='bbox 1952 1019 2135 1074; x_wconf 88' lang='lat' dir='ltr'>ﬁcus:</span> <span class='ocrx_word' id='word_1_308' title='bbox 2196 1021 2517 1086; x_wconf 91' lang='lat' dir='ltr'>Philemon,</span> <span class='ocrx_word' id='word_1_309' title='bbox 2581 1022 2725 1075; x_wconf 87' lang='lat' dir='ltr'>mire</span> <span class='ocrx_word' id='word_1_310' title='bbox 2773 1023 3044 1087; x_wconf 89' lang='lat' dir='ltr'>donatus,</span> <span class='ocrx_word' id='word_1_311' title='bbox 3107 1022 3228 1077; x_wconf 89' lang='lat' dir='ltr'>sive</span> <span class='ocrx_word' id='word_1_312' title='bbox 3284 1038 3347 1076; x_wconf 94' lang='lat' dir='ltr'>os</span> <span class='ocrx_word' id='word_1_313' title='bbox 3405 1021 3595 1093; x_wconf 88' lang='lat' dir='ltr'>panis,</span> 
     </span>
    </p>
   </div>
   <div class='ocr_carea' id='block_1_42' title="bbox 1949 1108 3600 1181">
    <p class='ocr_par' dir='ltr' id='par_1_42' title="bbox 1949 1108 3600 1181">
     <span class='ocr_line' id='line_1_42' title="bbox 1949 1108 3600 1181; baseline 0 -19"><span class='ocrx_word' id='word_1_314' title='bbox 1949 1108 2019 1162; x_wconf 88' lang='lat' dir='ltr'>ah</span> <span class='ocrx_word' id='word_1_315' title='bbox 2051 1125 2167 1172; x_wconf 91' lang='lat' dir='ltr'>ore,</span> <span class='ocrx_word' id='word_1_316' title='bbox 2201 1126 2313 1162; x_wconf 90' lang='lat' dir='ltr'>non</span> <span class='ocrx_word' id='word_1_317' title='bbox 2348 1111 2418 1163; x_wconf 90' lang='lat' dir='ltr'>ab</span> <span class='ocrx_word' id='word_1_318' title='bbox 2470 1127 2636 1175; x_wconf 85' lang='lat' dir='ltr'>osse;</span> <span class='ocrx_word' id='word_1_319' title='bbox 2670 1111 2871 1181; x_wconf 78' lang='lat' dir='ltr'>Appia,</span> <span class='ocrx_word' id='word_1_320' title='bbox 2925 1111 3247 1175; x_wconf 89' lang='lat' dir='ltr'>continens,</span> <span class='ocrx_word' id='word_1_321' title='bbox 3294 1115 3395 1164; x_wconf 89' lang='lat' dir='ltr'>aut</span> <span class='ocrx_word' id='word_1_322' title='bbox 3423 1108 3600 1163; x_wconf 91' lang='lat' dir='ltr'>liber-</span> 
     </span>
    </p>
   </div>
   <div class='ocr_carea' id='block_1_43' title="bbox 1948 1197 3599 1271">
    <p class='ocr_par' dir='ltr' id='par_1_43' title="bbox 1948 1197 3599 1271">
     <span class='ocr_line' id='line_1_43' title="bbox 1948 1197 3599 1271; baseline 0.002 -22"><span class='ocrx_word' id='word_1_323' title='bbox 1948 1201 2035 1250; x_wconf 81' lang='lat' dir='ltr'>tas</span> <span class='ocrx_word' id='word_1_324' title='bbox 2060 1215 2072 1261; x_wconf 85' lang='lat'><strong>;</strong></span> <span class='ocrx_word' id='word_1_325' title='bbox 2094 1197 2440 1268; x_wconf 84' lang='lat' dir='ltr'>Archippus,</span> <span class='ocrx_word' id='word_1_326' title='bbox 2462 1199 2761 1269; x_wconf 79' lang='lat' dir='ltr'>longitudo</span> <span class='ocrx_word' id='word_1_327' title='bbox 2780 1200 2999 1269; x_wconf 89' lang='lat' dir='ltr'>operis;</span> <span class='ocrx_word' id='word_1_328' title='bbox 3024 1200 3599 1271; x_wconf 90' lang='lat' dir='ltr'>Onesimus,respon-</span> 
     </span>
    </p>
   </div>
   <div class='ocr_carea' id='block_1_44' title="bbox 1947 1286 3594 1357">
    <p class='ocr_par' dir='ltr' id='par_1_44' title="bbox 1947 1286 3594 1357">
     <span class='ocr_line' id='line_1_44' title="bbox 1947 1286 3594 1357; baseline 0.001 -19"><span class='ocrx_word' id='word_1_329' title='bbox 1947 1286 2128 1339; x_wconf 88' lang='lat' dir='ltr'>dens:</span> <span class='ocrx_word' id='word_1_330' title='bbox 2179 1286 2496 1356; x_wconf 83' lang='lat' dir='ltr'>Epaphras,</span> <span class='ocrx_word' id='word_1_331' title='bbox 2558 1288 2818 1357; x_wconf 81' lang='lat' dir='ltr'>frugifer,</span> <span class='ocrx_word' id='word_1_332' title='bbox 2879 1292 2955 1351; x_wconf 89' lang='lat' dir='ltr'>et,</span> <span class='ocrx_word' id='word_1_333' title='bbox 3002 1288 3226 1351; x_wconf 84' lang='lat' dir='ltr'>videns,</span> <span class='ocrx_word' id='word_1_334' title='bbox 3288 1289 3429 1351; x_wconf 85' lang='lat' dir='ltr'>sive,</span> <span class='ocrx_word' id='word_1_335' title='bbox 3462 1303 3594 1341; x_wconf 91' lang='lat' dir='ltr'>suc-</span> 
     </span>
    </p>
   </div>
   <div class='ocr_carea' id='block_1_45' title="bbox 1946 1375 3595 1442">
    <p class='ocr_par' dir='ltr' id='par_1_45' title="bbox 1946 1375 3595 1442">
     <span class='ocr_line' id='line_1_45' title="bbox 1946 1375 3595 1442; baseline 0.001 -15"><span class='ocrx_word' id='word_1_336' title='bbox 1946 1390 2212 1429; x_wconf 88' lang='lat' dir='ltr'>crescens</span> <span class='ocrx_word' id='word_1_337' title='bbox 2237 1393 2248 1441; x_wconf 90' lang='lat'><strong>;</strong></span> <span class='ocrx_word' id='word_1_338' title='bbox 2287 1375 2536 1438; x_wconf 83' lang='lat' dir='ltr'>Marcus,</span> <span class='ocrx_word' id='word_1_339' title='bbox 2562 1376 2833 1429; x_wconf 88' lang='lat' dir='ltr'>sublimis</span> <span class='ocrx_word' id='word_1_340' title='bbox 2868 1376 3141 1430; x_wconf 91' lang='lat' dir='ltr'>mandato</span> <span class='ocrx_word' id='word_1_341' title='bbox 3168 1394 3180 1442; x_wconf 89' lang='lat'><strong>;</strong></span> <span class='ocrx_word' id='word_1_342' title='bbox 3204 1376 3595 1438; x_wconf 82' lang='lat' dir='ltr'>Aristarchus,</span> 
     </span>
    </p>
   </div>
   <div class='ocr_carea' id='block_1_46' title="bbox 1948 1463 3598 1535">
    <p class='ocr_par' dir='ltr' id='par_1_46' title="bbox 1948 1463 3598 1535">
     <span class='ocr_line' id='line_1_46' title="bbox 1948 1463 3598 1535; baseline 0.002 -20"><span class='ocrx_word' id='word_1_343' title='bbox 1948 1478 2115 1516; x_wconf 89' lang='lat' dir='ltr'>mons</span> <span class='ocrx_word' id='word_1_344' title='bbox 2145 1464 2336 1533; x_wconf 91' lang='lat' dir='ltr'>operis</span> <span class='ocrx_word' id='word_1_345' title='bbox 2369 1463 2704 1534; x_wconf 89' lang='lat' dir='ltr'>amplioris;</span> <span class='ocrx_word' id='word_1_346' title='bbox 2742 1464 2971 1533; x_wconf 89' lang='lat' dir='ltr'>Demas,</span> <span class='ocrx_word' id='word_1_347' title='bbox 3006 1464 3184 1519; x_wconf 88' lang='lat' dir='ltr'>silens</span> <span class='ocrx_word' id='word_1_348' title='bbox 3212 1483 3223 1531; x_wconf 92' lang='lat'>;</span> <span class='ocrx_word' id='word_1_349' title='bbox 3260 1464 3598 1535; x_wconf 89' lang='lat' dir='ltr'>Lucas,ipse</span> 
     </span>
    </p>
   </div>
   <div class='ocr_carea' id='block_1_47' title="bbox 1945 1554 3598 1624">
    <p class='ocr_par' dir='ltr' id='par_1_47' title="bbox 1945 1554 3598 1624">
     <span class='ocr_line' id='line_1_47' title="bbox 1945 1554 3598 1624; baseline 0.001 -19"><span class='ocrx_word' id='word_1_350' title='bbox 1945 1567 2325 1623; x_wconf 76' lang='lat' dir='ltr'>consurgens.</span> <span class='ocrx_word' id='word_1_351' title='bbox 2360 1555 2491 1618; x_wconf 67' lang='lat' dir='ltr'>Qua:</span> <span class='ocrx_word' id='word_1_352' title='bbox 2528 1554 2743 1618; x_wconf 89' lang='lat' dir='ltr'>omnia,</span> <span class='ocrx_word' id='word_1_353' title='bbox 2780 1554 2825 1607; x_wconf 91' lang='lat' dir='ltr'>si</span> <span class='ocrx_word' id='word_1_354' title='bbox 2860 1554 3032 1623; x_wconf 56' lang='lat' dir='ltr'>juxta</span> <span class='ocrx_word' id='word_1_355' title='bbox 3062 1554 3598 1624; x_wconf 89' lang='lat' dir='ltr'>interpretationem</span> 
     </span>
    </p>
   </div>
   <div class='ocr_carea' id='block_1_48' title="bbox 1946 1640 3602 1713">
    <p class='ocr_par' dir='ltr' id='par_1_48' title="bbox 1946 1640 3602 1713">
     <span class='ocr_line' id='line_1_48' title="bbox 1946 1640 3602 1713; baseline 0.001 -19"><span class='ocrx_word' id='word_1_356' title='bbox 1946 1658 2111 1695; x_wconf 91' lang='lat' dir='ltr'>suam</span> <span class='ocrx_word' id='word_1_357' title='bbox 2141 1641 2496 1696; x_wconf 87' lang='lat' dir='ltr'>voluerimus</span> <span class='ocrx_word' id='word_1_358' title='bbox 2530 1642 2870 1713; x_wconf 83' lang='lat' dir='ltr'>intelligere,</span> <span class='ocrx_word' id='word_1_359' title='bbox 2896 1660 3010 1697; x_wconf 89' lang='lat' dir='ltr'>non</span> <span class='ocrx_word' id='word_1_360' title='bbox 3043 1646 3128 1697; x_wconf 92' lang='lat' dir='ltr'>est</span> <span class='ocrx_word' id='word_1_361' title='bbox 3152 1641 3385 1697; x_wconf 89' lang='lat' dir='ltr'>difﬁcile</span> <span class='ocrx_word' id='word_1_362' title='bbox 3418 1640 3602 1697; x_wconf 90' lang='lat' dir='ltr'>admi-</span> 
     </span>
    </p>
   </div>
   <div class='ocr_carea' id='block_1_49' title="bbox 1946 1729 3597 1802">
    <p class='ocr_par' dir='ltr' id='par_1_49' title="bbox 1946 1729 3597 1802">
     <span class='ocr_line' id='line_1_49' title="bbox 1946 1729 3597 1802; baseline 0.002 -19"><span class='ocrx_word' id='word_1_363' title='bbox 1946 1729 2209 1796; x_wconf 88' lang='lat' dir='ltr'>rabilem,</span> <span class='ocrx_word' id='word_1_364' title='bbox 2234 1734 2408 1801; x_wconf 91' lang='lat' dir='ltr'>atque</span> <span class='ocrx_word' id='word_1_365' title='bbox 2432 1731 2753 1785; x_wconf 89' lang='lat' dir='ltr'>beneﬁcum</span> <span class='ocrx_word' id='word_1_366' title='bbox 2772 1732 3056 1802; x_wconf 69' lang='lat' dir='ltr'>prmcipue</span> <span class='ocrx_word' id='word_1_367' title='bbox 3078 1732 3148 1787; x_wconf 88' lang='lat' dir='ltr'>ad</span> <span class='ocrx_word' id='word_1_368' title='bbox 3164 1748 3296 1786; x_wconf 90' lang='lat' dir='ltr'>eum</span> <span class='ocrx_word' id='word_1_369' title='bbox 3321 1731 3597 1799; x_wconf 85' lang='lat' dir='ltr'>scribere,</span> 
     </span>
    </p>
   </div>
   <div class='ocr_carea' id='block_1_50' title="bbox 1944 1818 3599 1891">
    <p class='ocr_par' dir='ltr' id='par_1_50' title="bbox 1944 1818 3599 1891">
     <span class='ocr_line' id='line_1_50' title="bbox 1944 1818 3599 1891; baseline 0.002 -20"><span class='ocrx_word' id='word_1_370' title='bbox 1944 1818 2035 1872; x_wconf 92' lang='lat' dir='ltr'>cui</span> <span class='ocrx_word' id='word_1_371' title='bbox 2064 1819 2333 1873; x_wconf 90' lang='lat' dir='ltr'>universa</span> <span class='ocrx_word' id='word_1_372' title='bbox 2364 1836 2639 1875; x_wconf 84' lang='lat' dir='ltr'>concessa</span> <span class='ocrx_word' id='word_1_373' title='bbox 2670 1824 2807 1874; x_wconf 88' lang='lat' dir='ltr'>sunt</span> <span class='ocrx_word' id='word_1_374' title='bbox 2857 1820 3013 1883; x_wconf 89' lang='lat' dir='ltr'>vitia,</span> <span class='ocrx_word' id='word_1_375' title='bbox 3056 1824 3112 1874; x_wconf 91' lang='lat' dir='ltr'>et</span> <span class='ocrx_word' id='word_1_376' title='bbox 3155 1837 3217 1874; x_wconf 89' lang='lat' dir='ltr'>os</span> <span class='ocrx_word' id='word_1_377' title='bbox 3248 1824 3373 1888; x_wconf 90' lang='lat' dir='ltr'>ejus</span> <span class='ocrx_word' id='word_1_378' title='bbox 3404 1823 3599 1891; x_wconf 86' lang='lat' dir='ltr'>pateat</span> 
     </span>
    </p>
   </div>
   <div class='ocr_carea' id='block_1_51' title="bbox 1945 1907 3600 1979">
    <p class='ocr_par' dir='ltr' id='par_1_51' title="bbox 1945 1907 3600 1979">
     <span class='ocr_line' id='line_1_51' title="bbox 1945 1907 3600 1979; baseline 0.001 -18"><span class='ocrx_word' id='word_1_379' title='bbox 1945 1908 2015 1961; x_wconf 92' lang='lat' dir='ltr'>ad</span> <span class='ocrx_word' id='word_1_380' title='bbox 2049 1907 2339 1963; x_wconf 73' lang='lat' dir='ltr'>caelestem</span> <span class='ocrx_word' id='word_1_381' title='bbox 2373 1908 2828 1979; x_wconf 89' lang='lat' dir='ltr'>panem.Deinde</span> <span class='ocrx_word' id='word_1_382' title='bbox 2853 1909 2919 1962; x_wconf 88' lang='lat' dir='ltr'>ad</span> <span class='ocrx_word' id='word_1_383' title='bbox 2947 1909 3362 1975; x_wconf 84' lang='lat' dir='ltr'>continentem,</span> <span class='ocrx_word' id='word_1_384' title='bbox 3386 1908 3600 1964; x_wconf 89' lang='lat' dir='ltr'>etlibe-</span> 
     </span>
    </p>
   </div>
   <div class='ocr_carea' id='block_1_52' title="bbox 1945 1996 3601 2068">
    <p class='ocr_par' dir='ltr' id='par_1_52' title="bbox 1945 1996 3601 2068">
     <span class='ocr_line' id='line_1_52' title="bbox 1945 1996 3601 2068; baseline 0.001 -18"><span class='ocrx_word' id='word_1_385' title='bbox 1945 2013 2092 2061; x_wconf 89' lang='lat' dir='ltr'>ram,</span> <span class='ocrx_word' id='word_1_386' title='bbox 2122 2001 2175 2050; x_wconf 91' lang='lat' dir='ltr'>et</span> <span class='ocrx_word' id='word_1_387' title='bbox 2208 1998 2275 2051; x_wconf 89' lang='lat' dir='ltr'>ad</span> <span class='ocrx_word' id='word_1_388' title='bbox 2309 1996 2734 2067; x_wconf 87' lang='lat' dir='ltr'>longitudinem</span> <span class='ocrx_word' id='word_1_389' title='bbox 2786 1998 3011 2067; x_wconf 89' lang='lat' dir='ltr'>operis;</span> <span class='ocrx_word' id='word_1_390' title='bbox 3048 1998 3201 2068; x_wconf 89' lang='lat' dir='ltr'>quod</span> <span class='ocrx_word' id='word_1_391' title='bbox 3234 2014 3537 2067; x_wconf 87' lang='lat' dir='ltr'>nunquam</span> <span class='ocrx_word' id='word_1_392' title='bbox 3566 2015 3601 2052; x_wconf 88' lang='lat' dir='ltr'>a</span> 
     </span>
    </p>
   </div>
   <div class='ocr_carea' id='block_1_53' title="bbox 1944 2085 3596 2156">
    <p class='ocr_par' dir='ltr' id='par_1_53' title="bbox 1944 2085 3596 2156">
     <span class='ocr_line' id='line_1_53' title="bbox 1944 2085 3596 2156; baseline -0.001 -15"><span class='ocrx_word' id='word_1_393' title='bbox 1944 2091 2145 2141; x_wconf 87' lang='lat' dir='ltr'>sancto</span> <span class='ocrx_word' id='word_1_394' title='bbox 2177 2085 2371 2141; x_wconf 90' lang='lat' dir='ltr'>labore</span> <span class='ocrx_word' id='word_1_395' title='bbox 2419 2086 2679 2141; x_wconf 89' lang='lat' dir='ltr'>desistat.</span> <span class='ocrx_word' id='word_1_396' title='bbox 2706 2086 2933 2141; x_wconf 87' lang='lat' dir='ltr'>Scribat</span> <span class='ocrx_word' id='word_1_397' title='bbox 2981 2090 3173 2140; x_wconf 89' lang='lat' dir='ltr'>autem</span> <span class='ocrx_word' id='word_1_398' title='bbox 3226 2102 3328 2156; x_wconf 91' lang='lat' dir='ltr'>pro</span> <span class='ocrx_word' id='word_1_399' title='bbox 3377 2103 3462 2153; x_wconf 90' lang='lat' dir='ltr'>eo,</span> <span class='ocrx_word' id='word_1_400' title='bbox 3498 2086 3596 2156; x_wconf 89' lang='lat' dir='ltr'>qui</span> 
     </span>
    </p>
   </div>
   <div class='ocr_carea' id='block_1_54' title="bbox 1945 2174 3594 2245">
    <p class='ocr_par' dir='ltr' id='par_1_54' title="bbox 1945 2174 3594 2245">
     <span class='ocr_line' id='line_1_54' title="bbox 1945 2174 3594 2245; baseline 0 -17"><span class='ocrx_word' id='word_1_401' title='bbox 1945 2174 2294 2245; x_wconf 88' lang='lat' dir='ltr'>respondeat</span> <span class='ocrx_word' id='word_1_402' title='bbox 2324 2174 2658 2229; x_wconf 85' lang='lat' dir='ltr'>testimonio</span> <span class='ocrx_word' id='word_1_403' title='bbox 2708 2192 2834 2243; x_wconf 90' lang='lat' dir='ltr'>suo,</span> <span class='ocrx_word' id='word_1_404' title='bbox 2884 2191 3103 2229; x_wconf 88' lang='lat' dir='ltr'>necnon</span> <span class='ocrx_word' id='word_1_405' title='bbox 3154 2190 3311 2239; x_wconf 89' lang='lat' dir='ltr'>eum,</span> <span class='ocrx_word' id='word_1_406' title='bbox 3344 2174 3435 2228; x_wconf 91' lang='lat' dir='ltr'>cui</span> <span class='ocrx_word' id='word_1_407' title='bbox 3466 2190 3594 2244; x_wconf 91' lang='lat' dir='ltr'>spe-</span> 
     </span>
    </p>
   </div>
   <div class='ocr_carea' id='block_1_55' title="bbox 1945 2262 3595 2333">
    <p class='ocr_par' dir='ltr' id='par_1_55' title="bbox 1945 2262 3595 2333">
     <span class='ocr_line' id='line_1_55' title="bbox 1945 2262 3595 2333; baseline 0 -16"><span class='ocrx_word' id='word_1_408' title='bbox 1945 2262 2166 2317; x_wconf 83' lang='lat' dir='ltr'>cialiter</span> <span class='ocrx_word' id='word_1_409' title='bbox 2194 2262 2449 2333; x_wconf 89' lang='lat' dir='ltr'>Epistola</span> <span class='ocrx_word' id='word_1_410' title='bbox 2481 2264 2803 2327; x_wconf 87' lang='lat' dir='ltr'>dedicatur,</span> <span class='ocrx_word' id='word_1_411' title='bbox 2828 2262 3064 2317; x_wconf 89' lang='lat' dir='ltr'>salutari</span> <span class='ocrx_word' id='word_1_412' title='bbox 3092 2264 3161 2317; x_wconf 89' lang='lat' dir='ltr'>ab</span> <span class='ocrx_word' id='word_1_413' title='bbox 3190 2264 3453 2318; x_wconf 86' lang='lat' dir='ltr'>ubertate</span> <span class='ocrx_word' id='word_1_414' title='bbox 3474 2279 3595 2317; x_wconf 90' lang='lat' dir='ltr'>cre-</span> 
     </span>
    </p>
   </div>
   <div class='ocr_carea' id='block_1_56' title="bbox 1944 2350 3595 2422">
    <p class='ocr_par' dir='ltr' id='par_1_56' title="bbox 1944 2350 3595 2422">
     <span class='ocr_line' id='line_1_56' title="bbox 1944 2350 3595 2422; baseline 0 -17"><span class='ocrx_word' id='word_1_415' title='bbox 1944 2355 2159 2406; x_wconf 91' lang='lat' dir='ltr'>scente.</span> <span class='ocrx_word' id='word_1_416' title='bbox 2193 2352 2262 2405; x_wconf 89' lang='lat' dir='ltr'>Et</span> <span class='ocrx_word' id='word_1_417' title='bbox 2292 2366 2379 2415; x_wconf 90' lang='lat' dir='ltr'>eo,</span> <span class='ocrx_word' id='word_1_418' title='bbox 2405 2350 2501 2422; x_wconf 90' lang='lat' dir='ltr'>qui</span> <span class='ocrx_word' id='word_1_419' title='bbox 2529 2352 2714 2405; x_wconf 77' lang='lat' dir='ltr'>factus</span> <span class='ocrx_word' id='word_1_420' title='bbox 2738 2351 2813 2405; x_wconf 89' lang='lat' dir='ltr'>sit</span> <span class='ocrx_word' id='word_1_421' title='bbox 2834 2367 2936 2422; x_wconf 85' lang='lat' dir='ltr'>per</span> <span class='ocrx_word' id='word_1_422' title='bbox 2959 2352 3233 2406; x_wconf 85' lang='lat' dir='ltr'>mandata</span> <span class='ocrx_word' id='word_1_423' title='bbox 3264 2350 3595 2415; x_wconf 88' lang='lat' dir='ltr'>sublimior,</span> 
     </span>
    </p>
   </div>
   <div class='ocr_carea' id='block_1_57' title="bbox 1945 2439 3601 2511">
    <p class='ocr_par' dir='ltr' id='par_1_57' title="bbox 1945 2439 3601 2511">
     <span class='ocr_line' id='line_1_57' title="bbox 1945 2439 3601 2511; baseline 0.001 -18"><span class='ocrx_word' id='word_1_424' title='bbox 1945 2439 2183 2510; x_wconf 83' lang='lat' dir='ltr'>illoque,</span> <span class='ocrx_word' id='word_1_425' title='bbox 2208 2439 2309 2509; x_wconf 90' lang='lat' dir='ltr'>qui</span> <span class='ocrx_word' id='word_1_426' title='bbox 2334 2456 2434 2510; x_wconf 92' lang='lat' dir='ltr'>per</span> <span class='ocrx_word' id='word_1_427' title='bbox 2456 2440 2681 2509; x_wconf 87' lang='lat' dir='ltr'>majora</span> <span class='ocrx_word' id='word_1_428' title='bbox 2701 2456 2875 2511; x_wconf 88' lang='lat' dir='ltr'>opera</span> <span class='ocrx_word' id='word_1_429' title='bbox 2896 2440 2953 2494; x_wconf 93' lang='lat' dir='ltr'>in</span> <span class='ocrx_word' id='word_1_430' title='bbox 2980 2444 3239 2495; x_wconf 85' lang='lat' dir='ltr'>montem</span> <span class='ocrx_word' id='word_1_431' title='bbox 3263 2454 3450 2510; x_wconf 89' lang='lat' dir='ltr'>usque</span> <span class='ocrx_word' id='word_1_432' title='bbox 3468 2457 3601 2494; x_wconf 86' lang='lat' dir='ltr'>suc-</span> 
     </span>
    </p>
   </div>
   <div class='ocr_carea' id='block_1_58' title="bbox 1944 2528 3601 2599">
    <p class='ocr_par' dir='ltr' id='par_1_58' title="bbox 1944 2528 3601 2599">
     <span class='ocr_line' id='line_1_58' title="bbox 1944 2528 3601 2599; baseline 0.001 -17"><span class='ocrx_word' id='word_1_433' title='bbox 1944 2528 2205 2598; x_wconf 87' lang='lat' dir='ltr'>creverit,</span> <span class='ocrx_word' id='word_1_434' title='bbox 2235 2528 2305 2583; x_wconf 90' lang='lat' dir='ltr'>ab</span> <span class='ocrx_word' id='word_1_435' title='bbox 2328 2545 2394 2583; x_wconf 94' lang='lat' dir='ltr'>eo</span> <span class='ocrx_word' id='word_1_436' title='bbox 2418 2529 2775 2599; x_wconf 88' lang='lat' dir='ltr'>quoque,qui</span> <span class='ocrx_word' id='word_1_437' title='bbox 2800 2529 2994 2598; x_wconf 89' lang='lat' dir='ltr'>posuit</span> <span class='ocrx_word' id='word_1_438' title='bbox 3012 2528 3337 2583; x_wconf 87' lang='lat' dir='ltr'>custodiam</span> <span class='ocrx_word' id='word_1_439' title='bbox 3361 2528 3446 2582; x_wconf 92' lang='lat' dir='ltr'>ori</span> <span class='ocrx_word' id='word_1_440' title='bbox 3470 2545 3601 2593; x_wconf 92' lang='lat' dir='ltr'>suo,</span> 
     </span>
    </p>
   </div>
   <div class='ocr_carea' id='block_1_59' title="bbox 1944 2616 3599 2687">
    <p class='ocr_par' dir='ltr' id='par_1_59' title="bbox 1944 2616 3599 2687">
     <span class='ocr_line' id='line_1_59' title="bbox 1944 2616 3599 2687; baseline 0.001 -16"><span class='ocrx_word' id='word_1_441' title='bbox 1944 2623 1999 2671; x_wconf 88' lang='lat' dir='ltr'>et</span> <span class='ocrx_word' id='word_1_442' title='bbox 2026 2617 2239 2671; x_wconf 86' lang='lat' dir='ltr'>ostium</span> <span class='ocrx_word' id='word_1_443' title='bbox 2270 2617 2562 2671; x_wconf 85' lang='lat' dir='ltr'>munitum</span> <span class='ocrx_word' id='word_1_444' title='bbox 2597 2616 2767 2671; x_wconf 81' lang='lat' dir='ltr'>labiis</span> <span class='ocrx_word' id='word_1_445' title='bbox 2792 2618 2953 2672; x_wconf 89' lang='lat' dir='ltr'>suis:</span> <span class='ocrx_word' id='word_1_446' title='bbox 2989 2617 3087 2687; x_wconf 87' lang='lat' dir='ltr'>qui</span> <span class='ocrx_word' id='word_1_447' title='bbox 3112 2616 3326 2671; x_wconf 91' lang='lat' dir='ltr'>idcirco</span> <span class='ocrx_word' id='word_1_448' title='bbox 3360 2616 3599 2672; x_wconf 89' lang='lat' dir='ltr'>forsitan</span> 
     </span>
    </p>
   </div>
   <div class='ocr_carea' id='block_1_60' title="bbox 1944 2704 3603 2777">
    <p class='ocr_par' dir='ltr' id='par_1_60' title="bbox 1944 2704 3603 2777">
     <span class='ocr_line' id='line_1_60' title="bbox 1944 2704 3603 2777; baseline 0.001 -17"><span class='ocrx_word' id='word_1_449' title='bbox 1944 2706 2148 2776; x_wconf 86' lang='lat' dir='ltr'>tacuit,</span> <span class='ocrx_word' id='word_1_450' title='bbox 2172 2706 2311 2776; x_wconf 90' lang='lat' dir='ltr'>quia</span> <span class='ocrx_word' id='word_1_451' title='bbox 2330 2706 2397 2759; x_wconf 89' lang='lat' dir='ltr'>ad</span> <span class='ocrx_word' id='word_1_452' title='bbox 2415 2706 2710 2759; x_wconf 89' lang='lat' dir='ltr'>modicum</span> <span class='ocrx_word' id='word_1_453' title='bbox 2735 2706 3079 2777; x_wconf 83' lang='lat' dir='ltr'>Apostolum</span> <span class='ocrx_word' id='word_1_454' title='bbox 3096 2704 3505 2776; x_wconf 89' lang='lat' dir='ltr'>dereliquerat.</span> <span class='ocrx_word' id='word_1_455' title='bbox 3537 2708 3603 2761; x_wconf 85' lang='lat' dir='ltr'>Et</span> 
     </span>
    </p>
   </div>
   <div class='ocr_carea' id='block_1_61' title="bbox 1944 2794 3599 2866">
    <p class='ocr_par' dir='ltr' id='par_1_61' title="bbox 1944 2794 3599 2866">
     <span class='ocr_line' id='line_1_61' title="bbox 1944 2794 3599 2866; baseline 0.001 -17"><span class='ocrx_word' id='word_1_456' title='bbox 1944 2794 2013 2849; x_wconf 89' lang='lat' dir='ltr'>ad</span> <span class='ocrx_word' id='word_1_457' title='bbox 2047 2800 2367 2849; x_wconf 80' lang='lat' dir='ltr'>extremum</span> <span class='ocrx_word' id='word_1_458' title='bbox 2402 2794 2472 2848; x_wconf 89' lang='lat' dir='ltr'>ab</span> <span class='ocrx_word' id='word_1_459' title='bbox 2531 2810 2619 2861; x_wconf 89' lang='lat' dir='ltr'>eo,</span> <span class='ocrx_word' id='word_1_460' title='bbox 2673 2794 2769 2866; x_wconf 91' lang='lat' dir='ltr'>qui</span> <span class='ocrx_word' id='word_1_461' title='bbox 2832 2810 2934 2865; x_wconf 88' lang='lat' dir='ltr'>per</span> <span class='ocrx_word' id='word_1_462' title='bbox 2980 2810 3042 2849; x_wconf 91' lang='lat' dir='ltr'>se</span> <span class='ocrx_word' id='word_1_463' title='bbox 3085 2794 3210 2865; x_wconf 89' lang='lat' dir='ltr'>ipse</span> <span class='ocrx_word' id='word_1_464' title='bbox 3240 2811 3599 2865; x_wconf 83' lang='lat' dir='ltr'>consurgens</span> 
     </span>
    </p>
   </div>
   <div class='ocr_carea' id='block_1_62' title="bbox 1945 2883 3601 2955">
    <p class='ocr_par' dir='ltr' id='par_1_62' title="bbox 1945 2883 3601 2955">
     <span class='ocr_line' id='line_1_62' title="bbox 1945 2883 3601 2955; baseline 0.001 -18"><span class='ocrx_word' id='word_1_465' title='bbox 1945 2883 2201 2953; x_wconf 88' lang='lat' dir='ltr'>quotidie</span> <span class='ocrx_word' id='word_1_466' title='bbox 2223 2888 2522 2953; x_wconf 88' lang='lat' dir='ltr'>augeatur,</span> <span class='ocrx_word' id='word_1_467' title='bbox 2552 2898 2973 2955; x_wconf 90' lang='lat' dir='ltr'>processusque</span> <span class='ocrx_word' id='word_1_468' title='bbox 2994 2883 3224 2948; x_wconf 88' lang='lat' dir='ltr'>habeat,</span> <span class='ocrx_word' id='word_1_469' title='bbox 3248 2883 3389 2938; x_wconf 91' lang='lat' dir='ltr'>dum</span> <span class='ocrx_word' id='word_1_470' title='bbox 3422 2885 3601 2939; x_wconf 85' lang='lat' dir='ltr'>Evan-</span> 
     </span>
    </p>
   </div>
   <div class='ocr_carea' id='block_1_63' title="bbox 1943 2972 3597 3043">
    <p class='ocr_par' dir='ltr' id='par_1_63' title="bbox 1943 2972 3597 3043">
     <span class='ocr_line' id='line_1_63' title="bbox 1943 2972 3597 3043; baseline 0.003 -18"><span class='ocrx_word' id='word_1_471' title='bbox 1943 2972 2092 3043; x_wconf 85' lang='lat' dir='ltr'>gelio</span> <span class='ocrx_word' id='word_1_472' title='bbox 2124 2972 2251 3042; x_wconf 88' lang='lat' dir='ltr'>ejus</span> <span class='ocrx_word' id='word_1_473' title='bbox 2284 2972 2440 3026; x_wconf 86' lang='lat' dir='ltr'>orbis</span> <span class='ocrx_word' id='word_1_474' title='bbox 2470 2972 2767 3042; x_wconf 89' lang='lat' dir='ltr'>impletur,</span> <span class='ocrx_word' id='word_1_475' title='bbox 2796 2972 2896 3043; x_wconf 89' lang='lat' dir='ltr'>qui</span> <span class='ocrx_word' id='word_1_476' title='bbox 2928 2972 3099 3027; x_wconf 87' lang='lat' dir='ltr'>toties</span> <span class='ocrx_word' id='word_1_477' title='bbox 3130 2973 3338 3027; x_wconf 86' lang='lat' dir='ltr'>crescit</span> <span class='ocrx_word' id='word_1_478' title='bbox 3368 2972 3597 3043; x_wconf 87' lang='lat' dir='ltr'>quoties</span> 
     </span>
    </p>
   </div>
   <div class='ocr_carea' id='block_1_64' title="bbox 1944 3060 2740 3116">
    <p class='ocr_par' dir='ltr' id='par_1_64' title="bbox 1944 3060 2740 3116">
     <span class='ocr_line' id='line_1_64' title="bbox 1944 3060 2740 3116; baseline -0.003 -1"><span class='ocrx_word' id='word_1_479' title='bbox 1944 3061 2182 3116; x_wconf 88' lang='lat' dir='ltr'>auditus</span> <span class='ocrx_word' id='word_1_480' title='bbox 2213 3060 2299 3115; x_wconf 93' lang='lat' dir='ltr'>vel</span> <span class='ocrx_word' id='word_1_481' title='bbox 2330 3060 2514 3116; x_wconf 91' lang='lat' dir='ltr'>lectus</span> <span class='ocrx_word' id='word_1_482' title='bbox 2546 3060 2740 3116; x_wconf 86' lang='lat' dir='ltr'>fuerit.</span> 
     </span>
    </p>
   </div>
   <div class='ocr_carea' id='block_1_65' title="bbox 1942 3150 3598 3219">
    <p class='ocr_par' dir='ltr' id='par_1_65' title="bbox 1942 3150 3598 3219">
     <span class='ocr_line' id='line_1_65' title="bbox 1942 3150 3598 3219; baseline 0 -14"><span class='ocrx_word' id='word_1_483' title='bbox 1942 3152 2186 3219; x_wconf 74' lang='lat' dir='ltr'>Explz&#39;cit</span> <span class='ocrx_word' id='word_1_484' title='bbox 2242 3150 2321 3205; x_wconf 83' lang='lat' dir='ltr'>ad</span> <span class='ocrx_word' id='word_1_485' title='bbox 2379 3151 2747 3205; x_wconf 78' lang='lat' dir='ltr'>Philemonem</span> <span class='ocrx_word' id='word_1_486' title='bbox 2801 3152 3003 3219; x_wconf 74' lang='lat' dir='ltr'>scripta</span> <span class='ocrx_word' id='word_1_487' title='bbox 3057 3152 3125 3204; x_wconf 86' lang='lat' dir='ltr'>ab</span> <span class='ocrx_word' id='word_1_488' title='bbox 3184 3153 3369 3205; x_wconf 83' lang='lat' dir='ltr'>Roma.</span> <span class='ocrx_word' id='word_1_489' title='bbox 3434 3150 3598 3206; x_wconf 82' lang='lat' dir='ltr'>Habet</span> 
     </span>
    </p>
   </div>
   <div class='ocr_carea' id='block_1_66' title="bbox 2564 3254 2960 3294">
    <p class='ocr_par' dir='ltr' id='par_1_66' title="bbox 2564 3254 2960 3294">
     <span class='ocr_line' id='line_1_66' title="bbox 2564 3254 2960 3294; baseline -0.003 -1"><span class='ocrx_word' id='word_1_490' title='bbox 2564 3254 2754 3294; x_wconf 73' lang='lat' dir='ltr'>versu:</span> <span class='ocrx_word' id='word_1_491' title='bbox 2773 3255 2960 3293; x_wconf 75' lang='lat' dir='ltr'><strong>XXXIV.</strong></span> 
     </span>
    </p>
   </div>
   <div class='ocr_carea' id='block_1_67' title="bbox 240 3361 3596 3436">
    <p class='ocr_par' dir='ltr' id='par_1_67' title="bbox 240 3361 3596 3436">
     <span class='ocr_line' id='line_1_67' title="bbox 240 3361 3596 3436; baseline 0 -21"><span class='ocrx_word' id='word_1_492' title='bbox 240 3362 411 3433; x_wconf 75' lang='grc'>(1384)</span> <span class='ocrx_word' id='word_1_493' title='bbox 444 3364 587 3436; x_wconf 54' lang='grc' dir='ltr'>Πεβο</span> <span class='ocrx_word' id='word_1_494' title='bbox 620 3362 736 3436; x_wconf 81' lang='lat' dir='ltr'>divi</span> <span class='ocrx_word' id='word_1_495' title='bbox 769 3362 1100 3436; x_wconf 87' lang='lat' dir='ltr'>Hieronymi</span> <span class='ocrx_word' id='word_1_496' title='bbox 1134 3367 1292 3420; x_wconf 88' lang='lat' dir='ltr'>sunt.</span> <span class='ocrx_word' id='word_1_497' title='bbox 1327 3364 1471 3419; x_wconf 89' lang='lat' dir='ltr'>Vide</span> <span class='ocrx_word' id='word_1_498' title='bbox 1502 3369 1699 3421; x_wconf 91' lang='lat' dir='ltr'>tamen</span> <span class='ocrx_word' id='word_1_499' title='bbox 1731 3382 1857 3436; x_wconf 65' lang='lat' dir='ltr'>quae</span> <span class='ocrx_word' id='word_1_500' title='bbox 1909 3364 1981 3419; x_wconf 90' lang='lat' dir='ltr'>ad</span> <span class='ocrx_word' id='word_1_501' title='bbox 2038 3362 2254 3418; x_wconf 84' lang='lat' dir='ltr'>Coloss.</span> <span class='ocrx_word' id='word_1_502' title='bbox 2288 3363 2358 3417; x_wconf 91' lang='lat' dir='ltr'>de</span> <span class='ocrx_word' id='word_1_503' title='bbox 2393 3362 2502 3417; x_wconf 91' lang='lat' dir='ltr'>hoc</span> <span class='ocrx_word' id='word_1_504' title='bbox 2551 3362 2763 3429; x_wconf 89' lang='lat' dir='ltr'>Marco,</span> <span class='ocrx_word' id='word_1_505' title='bbox 2800 3362 2918 3417; x_wconf 89' lang='lat' dir='ltr'>sive</span> <span class='ocrx_word' id='word_1_506' title='bbox 2959 3364 3200 3433; x_wconf 84' lang='lat' dir='ltr'>Joanne,</span> <span class='ocrx_word' id='word_1_507' title='bbox 3237 3362 3450 3429; x_wconf 88' lang='lat' dir='ltr'>Marco,</span> <span class='ocrx_word' id='word_1_508' title='bbox 3483 3361 3596 3418; x_wconf 91' lang='lat' dir='ltr'>alio</span> 
     </span>
    </p>
   </div>
   <div class='ocr_carea' id='block_1_68' title="bbox 177 3432 1100 3507">
    <p class='ocr_par' dir='ltr' id='par_1_68' title="bbox 177 3432 1100 3507">
     <span class='ocr_line' id='line_1_68' title="bbox 177 3432 1100 3507; baseline 0.003 -22"><span class='ocrx_word' id='word_1_509' title='bbox 177 3432 240 3486; x_wconf 85' lang='lat' dir='ltr'>ab</span> <span class='ocrx_word' id='word_1_510' title='bbox 270 3432 636 3507; x_wconf 86' lang='lat' dir='ltr'>evangelista</span> <span class='ocrx_word' id='word_1_511' title='bbox 668 3432 1100 3490; x_wconf 85' lang='lat' dir='ltr'>adnotavimus.</span> 
     </span>
    </p>
   </div>
   <div class='ocr_carea' id='block_1_69' title="bbox 1112 3666 2682 3762">
    <p class='ocr_par' dir='ltr' id='par_1_69' title="bbox 1112 3666 2682 3762">
     <span class='ocr_line' id='line_1_69' title="bbox 1112 3666 2682 3762; baseline 0.001 -3"><span class='ocrx_word' id='word_1_512' title='bbox 1112 3666 1723 3761; x_wconf 73' lang='lat' dir='ltr'>EPISTULA</span> <span class='ocrx_word' id='word_1_513' title='bbox 1792 3668 1957 3762; x_wconf 89' lang='lat' dir='ltr'><strong>AD</strong></span> <span class='ocrx_word' id='word_1_514' title='bbox 2030 3667 2682 3760; x_wconf 70' lang='lat' dir='ltr'>HEBBAEOS.</span> 
     </span>
    </p>
   </div>
   <div class='ocr_carea' id='block_1_70' title="bbox 1227 3918 2535 3976">
    <p class='ocr_par' dir='ltr' id='par_1_70' title="bbox 1227 3918 2535 3976">
     <span class='ocr_line' id='line_1_70' title="bbox 1227 3918 2535 3976; baseline -0.001 -2"><span class='ocrx_word' id='word_1_515' title='bbox 1227 3918 1486 3975; x_wconf 87' lang='lat' dir='ltr'>INCIPIT</span> <span class='ocrx_word' id='word_1_516' title='bbox 1525 3919 1991 3976; x_wconf 82' lang='lat' dir='ltr'>CAPITULATIO</span> <span class='ocrx_word' id='word_1_517' title='bbox 2031 3923 2127 3974; x_wconf 83' lang='lat' dir='ltr'><strong>AD</strong></span> <span class='ocrx_word' id='word_1_518' title='bbox 2166 3919 2535 3975; x_wconf 61' lang='lat' dir='ltr'>HEBRJEUS.</span> 
     </span>
    </p>
   </div>
   <div class='ocr_carea' id='block_1_71' title="bbox 248 4041 3601 4114">
    <p class='ocr_par' dir='ltr' id='par_1_71' title="bbox 248 4041 3601 4114">
     <span class='ocr_line' id='line_1_71' title="bbox 248 4041 3601 4114; baseline 0.004 -22"><span class='ocrx_word' id='word_1_519' title='bbox 248 4042 293 4093; x_wconf 88' lang='grc'>1.</span> <span class='ocrx_word' id='word_1_520' title='bbox 327 4041 469 4107; x_wconf 87' lang='lat' dir='ltr'>Quia</span> <span class='ocrx_word' id='word_1_521' title='bbox 498 4041 560 4096; x_wconf 90' lang='lat' dir='ltr'>in</span> <span class='ocrx_word' id='word_1_522' title='bbox 598 4041 938 4096; x_wconf 88' lang='lat' dir='ltr'>novissimis</span> <span class='ocrx_word' id='word_1_523' title='bbox 971 4041 1178 4098; x_wconf 84' lang='lat' dir='ltr'>diebus</span> <span class='ocrx_word' id='word_1_524' title='bbox 1209 4044 1377 4099; x_wconf 89' lang='lat' dir='ltr'>Pater</span> <span class='ocrx_word' id='word_1_525' title='bbox 1408 4045 1485 4100; x_wconf 88' lang='lat' dir='ltr'>sit</span> <span class='ocrx_word' id='word_1_526' title='bbox 1514 4044 1746 4100; x_wconf 90' lang='lat' dir='ltr'>locutus</span> <span class='ocrx_word' id='word_1_527' title='bbox 1777 4044 1836 4098; x_wconf 91' lang='lat' dir='ltr'>in</span> <span class='ocrx_word' id='word_1_528' title='bbox 1866 4046 1913 4110; x_wconf 89' lang='lat' dir='ltr'><strong>D</strong></span> <span class='ocrx_word' id='word_1_529' title='bbox 1936 4044 2348 4114; x_wconf 89' lang='lat' dir='ltr'>jurejurando,</span> <span class='ocrx_word' id='word_1_530' title='bbox 2379 4044 2535 4114; x_wconf 91' lang='lat' dir='ltr'>quod</span> <span class='ocrx_word' id='word_1_531' title='bbox 2569 4044 2721 4098; x_wconf 89' lang='lat' dir='ltr'>sicut</span> <span class='ocrx_word' id='word_1_532' title='bbox 2751 4044 3063 4099; x_wconf 89' lang='lat' dir='ltr'>anchoram</span> <span class='ocrx_word' id='word_1_533' title='bbox 3096 4046 3413 4101; x_wconf 88' lang='lat' dir='ltr'>habemus:</span> <span class='ocrx_word' id='word_1_534' title='bbox 3445 4050 3501 4101; x_wconf 85' lang='lat' dir='ltr'>et</span> <span class='ocrx_word' id='word_1_535' title='bbox 3530 4048 3601 4104; x_wconf 88' lang='lat' dir='ltr'>de</span> 
     </span>
    </p>
   </div>
   <div class='ocr_carea' id='block_1_72' title="bbox 184 4126 1831 4202">
    <p class='ocr_par' dir='ltr' id='par_1_72' title="bbox 184 4126 1831 4202">
     <span class='ocr_line' id='line_1_72' title="bbox 184 4126 1831 4202; baseline 0.005 -24"><span class='ocrx_word' id='word_1_536' title='bbox 184 4126 349 4183; x_wconf 88' lang='lat' dir='ltr'>Filio:</span> <span class='ocrx_word' id='word_1_537' title='bbox 384 4130 481 4199; x_wconf 91' lang='lat' dir='ltr'>qui</span> <span class='ocrx_word' id='word_1_538' title='bbox 514 4128 821 4201; x_wconf 88' lang='lat' dir='ltr'>splendor,</span> <span class='ocrx_word' id='word_1_539' title='bbox 868 4134 923 4185; x_wconf 88' lang='lat' dir='ltr'>et</span> <span class='ocrx_word' id='word_1_540' title='bbox 981 4131 1167 4202; x_wconf 82' lang='lat' dir='ltr'>ﬁgura</span> <span class='ocrx_word' id='word_1_541' title='bbox 1211 4133 1549 4187; x_wconf 75' lang='lat' dir='ltr'>substantire</span> <span class='ocrx_word' id='word_1_542' title='bbox 1582 4134 1730 4188; x_wconf 88' lang='lat' dir='ltr'>sedit</span> <span class='ocrx_word' id='word_1_543' title='bbox 1759 4133 1831 4188; x_wconf 89' lang='lat' dir='ltr'>ad</span> 
     </span>
    </p>
   </div>
   <div class='ocr_carea' id='block_1_73' title="bbox 182 4215 1296 4289">
    <p class='ocr_par' dir='ltr' id='par_1_73' title="bbox 182 4215 1296 4289">
     <span class='ocr_line' id='line_1_73' title="bbox 182 4215 1296 4289; baseline 0.006 -21"><span class='ocrx_word' id='word_1_544' title='bbox 182 4215 459 4274; x_wconf 82' lang='lat' dir='ltr'>dexteram</span> <span class='ocrx_word' id='word_1_545' title='bbox 487 4236 499 4274; x_wconf 92' lang='lat'>:</span> <span class='ocrx_word' id='word_1_546' title='bbox 536 4217 751 4272; x_wconf 90' lang='lat' dir='ltr'>melior</span> <span class='ocrx_word' id='word_1_547' title='bbox 784 4217 1007 4289; x_wconf 88' lang='lat' dir='ltr'>angelis</span> <span class='ocrx_word' id='word_1_548' title='bbox 1038 4219 1296 4277; x_wconf 74' lang='lat' dir='ltr'>effectus.</span> 
     </span>
    </p>
   </div>
   <div class='ocr_carea' id='block_1_74' title="bbox 243 4304 1828 4377">
    <p class='ocr_par' dir='ltr' id='par_1_74' title="bbox 243 4304 1828 4377">
     <span class='ocr_line' id='line_1_74' title="bbox 243 4304 1828 4377; baseline 0.005 -21"><span class='ocrx_word' id='word_1_549' title='bbox 243 4304 293 4358; x_wconf 84' lang='lat'>2.</span> <span class='ocrx_word' id='word_1_550' title='bbox 317 4306 696 4361; x_wconf 89' lang='lat' dir='ltr'>Ohservanda</span> <span class='ocrx_word' id='word_1_551' title='bbox 719 4324 845 4377; x_wconf 76' lang='lat' dir='ltr'>quae</span> <span class='ocrx_word' id='word_1_552' title='bbox 871 4307 1305 4375; x_wconf 86' lang='lat' dir='ltr'>audivimus,ne</span> <span class='ocrx_word' id='word_1_553' title='bbox 1324 4310 1465 4363; x_wconf 84' lang='lat' dir='ltr'>forte</span> <span class='ocrx_word' id='word_1_554' title='bbox 1484 4310 1828 4364; x_wconf 84' lang='lat' dir='ltr'>efﬂuamus:</span> 
     </span>
    </p>
   </div>
   <div class='ocr_carea' id='block_1_75' title="bbox 182 4392 1833 4469">
    <p class='ocr_par' dir='ltr' id='par_1_75' title="bbox 182 4392 1833 4469">
     <span class='ocr_line' id='line_1_75' title="bbox 182 4392 1833 4469; baseline 0.005 -25"><span class='ocrx_word' id='word_1_555' title='bbox 182 4395 233 4444; x_wconf 88' lang='lat' dir='ltr'>et</span> <span class='ocrx_word' id='word_1_556' title='bbox 252 4392 382 4462; x_wconf 88' lang='lat' dir='ltr'>quia</span> <span class='ocrx_word' id='word_1_557' title='bbox 400 4395 579 4451; x_wconf 85' lang='lat' dir='ltr'>Jesus</span> <span class='ocrx_word' id='word_1_558' title='bbox 606 4395 834 4449; x_wconf 90' lang='lat' dir='ltr'>modico</span> <span class='ocrx_word' id='word_1_559' title='bbox 864 4411 1039 4466; x_wconf 91' lang='lat' dir='ltr'>quam</span> <span class='ocrx_word' id='word_1_560' title='bbox 1066 4397 1254 4469; x_wconf 91' lang='lat' dir='ltr'>angeli</span> <span class='ocrx_word' id='word_1_561' title='bbox 1278 4398 1604 4452; x_wconf 88' lang='lat' dir='ltr'>minoratus</span> <span class='ocrx_word' id='word_1_562' title='bbox 1627 4403 1715 4453; x_wconf 90' lang='lat' dir='ltr'>est</span> <span class='ocrx_word' id='word_1_563' title='bbox 1741 4414 1753 4451; x_wconf 92' lang='lat'>:</span> <span class='ocrx_word' id='word_1_564' title='bbox 1775 4403 1833 4453; x_wconf 88' lang='lat' dir='ltr'>et</span> 
     </span>
    </p>
   </div>
   <div class='ocr_carea' id='block_1_76' title="bbox 183 4484 1831 4557">
    <p class='ocr_par' dir='ltr' id='par_1_76' title="bbox 183 4484 1831 4557">
     <span class='ocr_line' id='line_1_76' title="bbox 183 4484 1831 4557; baseline 0.006 -26"><span class='ocrx_word' id='word_1_565' title='bbox 183 4496 289 4533; x_wconf 93' lang='lat' dir='ltr'>non</span> <span class='ocrx_word' id='word_1_566' title='bbox 321 4484 724 4538; x_wconf 88' lang='lat' dir='ltr'>confundetur</span> <span class='ocrx_word' id='word_1_567' title='bbox 746 4484 952 4539; x_wconf 87' lang='lat' dir='ltr'>fratres</span> <span class='ocrx_word' id='word_1_568' title='bbox 973 4501 1196 4553; x_wconf 91' lang='lat' dir='ltr'>vocare,</span> <span class='ocrx_word' id='word_1_569' title='bbox 1230 4491 1294 4540; x_wconf 90' lang='lat' dir='ltr'>ut</span> <span class='ocrx_word' id='word_1_570' title='bbox 1324 4502 1425 4557; x_wconf 90' lang='lat' dir='ltr'>per</span> <span class='ocrx_word' id='word_1_571' title='bbox 1454 4492 1701 4541; x_wconf 85' lang='lat' dir='ltr'>mortem</span> <span class='ocrx_word' id='word_1_572' title='bbox 1734 4487 1831 4541; x_wconf 88' lang='lat' dir='ltr'>dc-</span> 
     </span>
    </p>
   </div>
   <div class='ocr_carea' id='block_1_77' title="bbox 184 4571 1583 4646">
    <p class='ocr_par' dir='ltr' id='par_1_77' title="bbox 184 4571 1583 4646">
     <span class='ocr_line' id='line_1_77' title="bbox 184 4571 1583 4646; baseline 0.005 -25"><span class='ocrx_word' id='word_1_573' title='bbox 184 4572 423 4626; x_wconf 88' lang='lat' dir='ltr'>strueret</span> <span class='ocrx_word' id='word_1_574' title='bbox 452 4571 780 4639; x_wconf 90' lang='lat' dir='ltr'>diabolum,</span> <span class='ocrx_word' id='word_1_575' title='bbox 811 4577 868 4627; x_wconf 93' lang='lat' dir='ltr'>et</span> <span class='ocrx_word' id='word_1_576' title='bbox 898 4573 1060 4629; x_wconf 89' lang='lat' dir='ltr'>ﬁeret</span> <span class='ocrx_word' id='word_1_577' title='bbox 1088 4574 1276 4630; x_wconf 90' lang='lat' dir='ltr'>ﬁdelis</span> <span class='ocrx_word' id='word_1_578' title='bbox 1310 4576 1583 4646; x_wconf 85' lang='lat' dir='ltr'>pontifex.</span> 
     </span>
    </p>
   </div>
   <div class='ocr_carea' id='block_1_78' title="bbox 251 4658 1832 4733">
    <p class='ocr_par' dir='ltr' id='par_1_78' title="bbox 251 4658 1832 4733">
     <span class='ocr_line' id='line_1_78' title="bbox 251 4658 1832 4733; baseline 0.006 -24"><span class='ocrx_word' id='word_1_579' title='bbox 251 4658 303 4709; x_wconf 88' lang='lat'>3.</span> <span class='ocrx_word' id='word_1_580' title='bbox 360 4658 433 4713; x_wconf 90' lang='lat' dir='ltr'>Ut</span> <span class='ocrx_word' id='word_1_581' title='bbox 479 4660 919 4715; x_wconf 90' lang='lat' dir='ltr'>consideremus</span> <span class='ocrx_word' id='word_1_582' title='bbox 970 4662 1330 4733; x_wconf 80' lang='lat' dir='ltr'>Apostolum,</span> <span class='ocrx_word' id='word_1_583' title='bbox 1377 4668 1435 4718; x_wconf 91' lang='lat' dir='ltr'>et</span> <span class='ocrx_word' id='word_1_584' title='bbox 1492 4664 1832 4718; x_wconf 86' lang='lat' dir='ltr'>Pontiﬁcem</span> 
     </span>
    </p>
   </div>
   <div class='ocr_carea' id='block_1_79' title="bbox 184 4743 1836 4824">
    <p class='ocr_par' dir='ltr' id='par_1_79' title="bbox 184 4743 1836 4824">
     <span class='ocr_line' id='line_1_79' title="bbox 184 4743 1836 4824; baseline 0.005 -26"><span class='ocrx_word' id='word_1_585' title='bbox 184 4743 408 4814; x_wconf 87' lang='lat' dir='ltr'>Jesum,</span> <span class='ocrx_word' id='word_1_586' title='bbox 438 4748 536 4817; x_wconf 88' lang='lat' dir='ltr'>qui</span> <span class='ocrx_word' id='word_1_587' title='bbox 568 4748 760 4803; x_wconf 88' lang='lat' dir='ltr'>ﬁdelis</span> <span class='ocrx_word' id='word_1_588' title='bbox 818 4754 926 4813; x_wconf 91' lang='lat' dir='ltr'>est,</span> <span class='ocrx_word' id='word_1_589' title='bbox 961 4750 1115 4806; x_wconf 89' lang='lat' dir='ltr'>sicut</span> <span class='ocrx_word' id='word_1_590' title='bbox 1161 4756 1384 4824; x_wconf 89' lang='lat' dir='ltr'>Moyses</span> <span class='ocrx_word' id='word_1_591' title='bbox 1437 4752 1494 4806; x_wconf 93' lang='lat' dir='ltr'>in</span> <span class='ocrx_word' id='word_1_592' title='bbox 1528 4753 1700 4807; x_wconf 91' lang='lat' dir='ltr'>domo</span> <span class='ocrx_word' id='word_1_593' title='bbox 1737 4769 1749 4807; x_wconf 93' lang='lat'>:</span> <span class='ocrx_word' id='word_1_594' title='bbox 1779 4757 1836 4807; x_wconf 91' lang='lat' dir='ltr'>et</span> 
     </span>
    </p>
   </div>
   <div class='ocr_carea' id='block_1_80' title="bbox 183 4830 1834 4909">
    <p class='ocr_par' dir='ltr' id='par_1_80' title="bbox 183 4830 1834 4909">
     <span class='ocr_line' id='line_1_80' title="bbox 183 4830 1834 4909; baseline 0.006 -24"><span class='ocrx_word' id='word_1_595' title='bbox 183 4830 356 4887; x_wconf 87' lang='lat' dir='ltr'>hodie</span> <span class='ocrx_word' id='word_1_596' title='bbox 386 4835 434 4888; x_wconf 90' lang='lat' dir='ltr'>si</span> <span class='ocrx_word' id='word_1_597' title='bbox 464 4851 658 4892; x_wconf 91' lang='lat' dir='ltr'>vocem</span> <span class='ocrx_word' id='word_1_598' title='bbox 683 4839 811 4909; x_wconf 86' lang='lat' dir='ltr'>ejus</span> <span class='ocrx_word' id='word_1_599' title='bbox 848 4840 1151 4896; x_wconf 90' lang='lat' dir='ltr'>audieritis</span> <span class='ocrx_word' id='word_1_600' title='bbox 1176 4859 1187 4897; x_wconf 90' lang='lat'>:</span> <span class='ocrx_word' id='word_1_601' title='bbox 1211 4846 1267 4897; x_wconf 88' lang='lat' dir='ltr'>et</span> <span class='ocrx_word' id='word_1_602' title='bbox 1306 4845 1371 4896; x_wconf 93' lang='lat' dir='ltr'>ut</span> <span class='ocrx_word' id='word_1_603' title='bbox 1402 4841 1741 4909; x_wconf 88' lang='lat' dir='ltr'>timeamus,</span> <span class='ocrx_word' id='word_1_604' title='bbox 1763 4857 1834 4896; x_wconf 92' lang='lat' dir='ltr'>ne</span> 
     </span>
    </p>
   </div>
   <div class='ocr_carea' id='block_1_81' title="bbox 183 4920 1617 5001">
    <p class='ocr_par' dir='ltr' id='par_1_81' title="bbox 183 4920 1617 5001">
     <span class='ocr_line' id='line_1_81' title="bbox 183 4920 1617 5001; baseline 0.006 -27"><span class='ocrx_word' id='word_1_605' title='bbox 183 4920 325 4978; x_wconf 87' lang='lat' dir='ltr'>forte</span> <span class='ocrx_word' id='word_1_606' title='bbox 355 4926 752 4982; x_wconf 83' lang='lat' dir='ltr'>exacerbando</span> <span class='ocrx_word' id='word_1_607' title='bbox 784 4945 899 4983; x_wconf 92' lang='lat' dir='ltr'>non</span> <span class='ocrx_word' id='word_1_608' title='bbox 932 4929 1218 4985; x_wconf 90' lang='lat' dir='ltr'>intremus</span> <span class='ocrx_word' id='word_1_609' title='bbox 1250 4930 1308 4985; x_wconf 91' lang='lat' dir='ltr'>in</span> <span class='ocrx_word' id='word_1_610' title='bbox 1337 4930 1617 5001; x_wconf 86' lang='lat' dir='ltr'>requiem.</span> 
     </span>
    </p>
   </div>
   <div class='ocr_carea' id='block_1_82' title="bbox 249 5011 1836 5091">
    <p class='ocr_par' dir='ltr' id='par_1_82' title="bbox 249 5011 1836 5091">
     <span class='ocr_line' id='line_1_82' title="bbox 249 5011 1836 5091; baseline 0.006 -27"><span class='ocrx_word' id='word_1_611' title='bbox 249 5011 299 5064; x_wconf 83' lang='grc'>4.</span> <span class='ocrx_word' id='word_1_612' title='bbox 332 5012 412 5068; x_wconf 93' lang='lat' dir='ltr'>De</span> <span class='ocrx_word' id='word_1_613' title='bbox 444 5014 651 5085; x_wconf 90' lang='lat' dir='ltr'>requie</span> <span class='ocrx_word' id='word_1_614' title='bbox 701 5017 978 5074; x_wconf 87' lang='lat' dir='ltr'>Sabbati:</span> <span class='ocrx_word' id='word_1_615' title='bbox 1029 5023 1087 5073; x_wconf 90' lang='lat' dir='ltr'>et</span> <span class='ocrx_word' id='word_1_616' title='bbox 1136 5020 1273 5091; x_wconf 90' lang='lat' dir='ltr'>quia</span> <span class='ocrx_word' id='word_1_617' title='bbox 1316 5020 1526 5073; x_wconf 88' lang='lat' dir='ltr'>iterum</span> <span class='ocrx_word' id='word_1_618' title='bbox 1560 5018 1836 5074; x_wconf 89' lang='lat' dir='ltr'>terminat</span> 
     </span>
    </p>
   </div>
   <div class='ocr_carea' id='block_1_83' title="bbox 182 5098 1834 5180">
    <p class='ocr_par' dir='ltr' id='par_1_83' title="bbox 182 5098 1834 5180">
     <span class='ocr_line' id='line_1_83' title="bbox 182 5098 1834 5180; baseline 0.005 -28"><span class='ocrx_word' id='word_1_619' title='bbox 182 5098 329 5155; x_wconf 89' lang='lat' dir='ltr'>diem</span> <span class='ocrx_word' id='word_1_620' title='bbox 356 5119 368 5156; x_wconf 95' lang='lat'>:</span> <span class='ocrx_word' id='word_1_621' title='bbox 402 5106 461 5158; x_wconf 94' lang='lat' dir='ltr'>et</span> <span class='ocrx_word' id='word_1_622' title='bbox 486 5104 659 5160; x_wconf 88' lang='lat' dir='ltr'>vivus</span> <span class='ocrx_word' id='word_1_623' title='bbox 689 5110 777 5160; x_wconf 86' lang='lat' dir='ltr'>est</span> <span class='ocrx_word' id='word_1_624' title='bbox 807 5123 998 5162; x_wconf 91' lang='lat' dir='ltr'>sermo</span> <span class='ocrx_word' id='word_1_625' title='bbox 1031 5108 1146 5163; x_wconf 93' lang='lat' dir='ltr'>Deo</span> <span class='ocrx_word' id='word_1_626' title='bbox 1173 5124 1185 5162; x_wconf 88' lang='lat'>:</span> <span class='ocrx_word' id='word_1_627' title='bbox 1220 5112 1277 5162; x_wconf 77' lang='lat' dir='ltr'>et</span> <span class='ocrx_word' id='word_1_628' title='bbox 1305 5108 1405 5180; x_wconf 92' lang='lat' dir='ltr'>qui</span> <span class='ocrx_word' id='word_1_629' title='bbox 1431 5108 1605 5163; x_wconf 88' lang='lat' dir='ltr'>Jesus</span> <span class='ocrx_word' id='word_1_630' title='bbox 1636 5108 1834 5161; x_wconf 86' lang='lat' dir='ltr'>Ponti-</span> 
     </span>
    </p>
   </div>
   <div class='ocr_carea' id='block_1_84' title="bbox 185 5187 1271 5265">
    <p class='ocr_par' dir='ltr' id='par_1_84' title="bbox 185 5187 1271 5265">
     <span class='ocr_line' id='line_1_84' title="bbox 185 5187 1271 5265; baseline 0.007 -23"><span class='ocrx_word' id='word_1_631' title='bbox 185 5187 272 5243; x_wconf 89' lang='lat' dir='ltr'>fex</span> <span class='ocrx_word' id='word_1_632' title='bbox 302 5207 560 5263; x_wconf 88' lang='lat' dir='ltr'>magnus</span> <span class='ocrx_word' id='word_1_633' title='bbox 596 5208 936 5265; x_wconf 86' lang='lat' dir='ltr'>compassus</span> <span class='ocrx_word' id='word_1_634' title='bbox 965 5200 1053 5251; x_wconf 91' lang='lat' dir='ltr'>est</span> <span class='ocrx_word' id='word_1_635' title='bbox 1083 5197 1271 5252; x_wconf 92' lang='lat' dir='ltr'>nobis.</span> 
     </span>
    </p>
   </div>
   <div class='ocr_carea' id='block_1_85' title="bbox 246 5280 1838 5357">
    <p class='ocr_par' dir='ltr' id='par_1_85' title="bbox 246 5280 1838 5357">
     <span class='ocr_line' id='line_1_85' title="bbox 246 5280 1838 5357; baseline 0.006 -25"><span class='ocrx_word' id='word_1_636' title='bbox 246 5280 297 5333; x_wconf 88' lang='grc'>5.</span> <span class='ocrx_word' id='word_1_637' title='bbox 338 5282 414 5335; x_wconf 90' lang='lat' dir='ltr'>De</span> <span class='ocrx_word' id='word_1_638' title='bbox 446 5280 877 5339; x_wconf 89' lang='lat' dir='ltr'>Melchisedech</span> <span class='ocrx_word' id='word_1_639' title='bbox 904 5302 917 5351; x_wconf 91' lang='lat'><strong>;</strong></span> <span class='ocrx_word' id='word_1_640' title='bbox 951 5286 1049 5355; x_wconf 92' lang='lat' dir='ltr'>qui</span> <span class='ocrx_word' id='word_1_641' title='bbox 1075 5286 1463 5357; x_wconf 87' lang='lat' dir='ltr'>perfectorum</span> <span class='ocrx_word' id='word_1_642' title='bbox 1496 5289 1583 5340; x_wconf 92' lang='lat' dir='ltr'>est</span> <span class='ocrx_word' id='word_1_643' title='bbox 1614 5283 1838 5341; x_wconf 88' lang='lat' dir='ltr'>solidus</span> 
     </span>
    </p>
   </div>
   <div class='ocr_carea' id='block_1_86' title="bbox 185 5366 1838 5445">
    <p class='ocr_par' dir='ltr' id='par_1_86' title="bbox 185 5366 1838 5445">
     <span class='ocr_line' id='line_1_86' title="bbox 185 5366 1838 5445; baseline 0.006 -26"><span class='ocrx_word' id='word_1_644' title='bbox 185 5366 379 5424; x_wconf 91' lang='lat' dir='ltr'>cibus:</span> <span class='ocrx_word' id='word_1_645' title='bbox 416 5374 475 5424; x_wconf 90' lang='lat' dir='ltr'>et</span> <span class='ocrx_word' id='word_1_646' title='bbox 506 5370 792 5440; x_wconf 90' lang='lat' dir='ltr'>possibile</span> <span class='ocrx_word' id='word_1_647' title='bbox 843 5377 953 5441; x_wconf 90' lang='lat' dir='ltr'>est,</span> <span class='ocrx_word' id='word_1_648' title='bbox 1007 5390 1126 5441; x_wconf 89' lang='lat' dir='ltr'>eos,</span> <span class='ocrx_word' id='word_1_649' title='bbox 1179 5374 1279 5445; x_wconf 89' lang='lat' dir='ltr'>qui</span> <span class='ocrx_word' id='word_1_650' title='bbox 1309 5374 1487 5429; x_wconf 88' lang='lat' dir='ltr'>semel</span> <span class='ocrx_word' id='word_1_651' title='bbox 1519 5373 1838 5429; x_wconf 88' lang='lat' dir='ltr'>illuminati</span> 
     </span>
    </p>
   </div>
   <div class='ocr_carea' id='block_1_87' title="bbox 187 5456 1839 5533">
    <p class='ocr_par' dir='ltr' id='par_1_87' title="bbox 187 5456 1839 5533">
     <span class='ocr_line' id='line_1_87' title="bbox 187 5456 1839 5533; baseline 0.006 -25"><span class='ocrx_word' id='word_1_652' title='bbox 187 5461 338 5527; x_wconf 89' lang='lat' dir='ltr'>sunt,</span> <span class='ocrx_word' id='word_1_653' title='bbox 371 5456 643 5513; x_wconf 86' lang='lat' dir='ltr'>renovari</span> <span class='ocrx_word' id='word_1_654' title='bbox 672 5475 684 5511; x_wconf 91' lang='lat'>:</span> <span class='ocrx_word' id='word_1_655' title='bbox 716 5463 773 5513; x_wconf 90' lang='lat' dir='ltr'>et</span> <span class='ocrx_word' id='word_1_656' title='bbox 830 5460 900 5516; x_wconf 93' lang='lat' dir='ltr'>de</span> <span class='ocrx_word' id='word_1_657' title='bbox 938 5465 1111 5529; x_wconf 89' lang='lat' dir='ltr'>terra,</span> <span class='ocrx_word' id='word_1_658' title='bbox 1163 5479 1288 5533; x_wconf 69' lang='lat' dir='ltr'>quae</span> <span class='ocrx_word' id='word_1_659' title='bbox 1338 5462 1485 5516; x_wconf 90' lang='lat' dir='ltr'>bibit</span> <span class='ocrx_word' id='word_1_660' title='bbox 1517 5461 1839 5518; x_wconf 88' lang='lat' dir='ltr'>venientem</span> 
     </span>
    </p>
   </div>
   <div class='ocr_carea' id='block_1_88' title="bbox 187 5546 762 5617">
    <p class='ocr_par' dir='ltr' id='par_1_88' title="bbox 187 5546 762 5617">
     <span class='ocr_line' id='line_1_88' title="bbox 187 5546 762 5617; baseline 0.005 -19"><span class='ocrx_word' id='word_1_661' title='bbox 187 5559 357 5617; x_wconf 87' lang='lat' dir='ltr'>super</span> <span class='ocrx_word' id='word_1_662' title='bbox 387 5563 451 5601; x_wconf 86' lang='lat' dir='ltr'>se</span> <span class='ocrx_word' id='word_1_663' title='bbox 481 5546 762 5601; x_wconf 81' lang='lat' dir='ltr'>imbrem.</span> 
     </span>
    </p>
   </div>
   <div class='ocr_carea' id='block_1_89' title="bbox 258 5633 1844 5707">
    <p class='ocr_par' dir='ltr' id='par_1_89' title="bbox 258 5633 1844 5707">
     <span class='ocr_line' id='line_1_89' title="bbox 258 5633 1844 5707; baseline 0.006 -21"><span class='ocrx_word' id='word_1_664' title='bbox 258 5635 313 5688; x_wconf 85' lang='lat'>6.</span> <span class='ocrx_word' id='word_1_665' title='bbox 335 5635 417 5691; x_wconf 90' lang='lat' dir='ltr'>De</span> <span class='ocrx_word' id='word_1_666' title='bbox 429 5633 722 5704; x_wconf 75' lang='lat' dir='ltr'>Hebraeis,</span> <span class='ocrx_word' id='word_1_667' title='bbox 746 5639 897 5707; x_wconf 89' lang='lat' dir='ltr'>quod</span> <span class='ocrx_word' id='word_1_668' title='bbox 921 5639 1400 5697; x_wconf 88' lang='lat' dir='ltr'>ministraverunt</span> <span class='ocrx_word' id='word_1_669' title='bbox 1421 5638 1640 5696; x_wconf 89' lang='lat' dir='ltr'>sanctis</span> <span class='ocrx_word' id='word_1_670' title='bbox 1665 5655 1677 5692; x_wconf 88' lang='lat'>:</span> <span class='ocrx_word' id='word_1_671' title='bbox 1699 5643 1755 5693; x_wconf 91' lang='lat' dir='ltr'>et</span> <span class='ocrx_word' id='word_1_672' title='bbox 1774 5640 1844 5695; x_wconf 91' lang='lat' dir='ltr'>de</span> 
     </span>
    </p>
   </div>
   <div class='ocr_carea' id='block_1_90' title="bbox 1945 4132 3599 4205">
    <p class='ocr_par' dir='ltr' id='par_1_90' title="bbox 1945 4132 3599 4205">
     <span class='ocr_line' id='line_1_90' title="bbox 1945 4132 3599 4205; baseline 0.004 -19"><span class='ocrx_word' id='word_1_673' title='bbox 1945 4132 2499 4199; x_wconf 89' lang='lat' dir='ltr'>Melchisedech,ubi</span> <span class='ocrx_word' id='word_1_674' title='bbox 2520 4132 2773 4186; x_wconf 90' lang='lat' dir='ltr'>occurrit</span> <span class='ocrx_word' id='word_1_675' title='bbox 2789 4133 3030 4187; x_wconf 70' lang='lat' dir='ltr'>Abrahae</span> <span class='ocrx_word' id='word_1_676' title='bbox 3053 4152 3065 4188; x_wconf 89' lang='lat'>:</span> <span class='ocrx_word' id='word_1_677' title='bbox 3086 4135 3407 4189; x_wconf 89' lang='lat' dir='ltr'>secundum</span> <span class='ocrx_word' id='word_1_678' title='bbox 3429 4135 3599 4205; x_wconf 90' lang='lat' dir='ltr'>cujus</span> 
     </span>
    </p>
   </div>
   <div class='ocr_carea' id='block_1_91' title="bbox 1942 4220 3597 4290">
    <p class='ocr_par' dir='ltr' id='par_1_91' title="bbox 1942 4220 3597 4290">
     <span class='ocr_line' id='line_1_91' title="bbox 1942 4220 3597 4290; baseline 0.002 -15"><span class='ocrx_word' id='word_1_679' title='bbox 1942 4220 2334 4275; x_wconf 84' lang='lat' dir='ltr'>sacerdotium</span> <span class='ocrx_word' id='word_1_680' title='bbox 2366 4220 2543 4274; x_wconf 88' lang='lat' dir='ltr'>Jesus</span> <span class='ocrx_word' id='word_1_681' title='bbox 2602 4220 2882 4274; x_wconf 88' lang='lat' dir='ltr'>innocens</span> <span class='ocrx_word' id='word_1_682' title='bbox 2940 4220 3283 4290; x_wconf 90' lang='lat' dir='ltr'>impollutus</span> <span class='ocrx_word' id='word_1_683' title='bbox 3312 4227 3509 4277; x_wconf 88' lang='lat' dir='ltr'>manet</span> <span class='ocrx_word' id='word_1_684' title='bbox 3539 4224 3597 4279; x_wconf 90' lang='lat' dir='ltr'>in</span> 
     </span>
    </p>
   </div>
   <div class='ocr_carea' id='block_1_92' title="bbox 1938 4314 2243 4363">
    <p class='ocr_par' dir='ltr' id='par_1_92' title="bbox 1938 4314 2243 4363">
     <span class='ocr_line' id='line_1_92' title="bbox 1938 4314 2243 4363; baseline -0.007 0"><span class='ocrx_word' id='word_1_685' title='bbox 1938 4314 2243 4363; x_wconf 66' lang='lat' dir='ltr'>mternum.</span> 
     </span>
    </p>
   </div>
   <div class='ocr_carea' id='block_1_93' title="bbox 2014 4395 3599 4467">
    <p class='ocr_par' dir='ltr' id='par_1_93' title="bbox 2014 4395 3599 4467">
     <span class='ocr_line' id='line_1_93' title="bbox 2014 4395 3599 4467; baseline 0.004 -18"><span class='ocrx_word' id='word_1_686' title='bbox 2014 4398 2067 4450; x_wconf 88' lang='lat'>7.</span> <span class='ocrx_word' id='word_1_687' title='bbox 2101 4397 2246 4459; x_wconf 91' lang='lat' dir='ltr'>Quia</span> <span class='ocrx_word' id='word_1_688' title='bbox 2276 4395 2419 4449; x_wconf 92' lang='lat' dir='ltr'>nihil</span> <span class='ocrx_word' id='word_1_689' title='bbox 2453 4397 2521 4449; x_wconf 91' lang='lat' dir='ltr'>ad</span> <span class='ocrx_word' id='word_1_690' title='bbox 2558 4396 2875 4467; x_wconf 88' lang='lat' dir='ltr'>perfectum</span> <span class='ocrx_word' id='word_1_691' title='bbox 2902 4396 3141 4451; x_wconf 85' lang='lat' dir='ltr'>adduxit</span> <span class='ocrx_word' id='word_1_692' title='bbox 3169 4398 3295 4453; x_wconf 83' lang='lat' dir='ltr'>lex:</span> <span class='ocrx_word' id='word_1_693' title='bbox 3328 4402 3384 4453; x_wconf 87' lang='lat' dir='ltr'>et</span> <span class='ocrx_word' id='word_1_694' title='bbox 3414 4399 3485 4454; x_wconf 92' lang='lat' dir='ltr'>de</span> <span class='ocrx_word' id='word_1_695' title='bbox 3511 4404 3599 4455; x_wconf 88' lang='lat' dir='ltr'>ta-</span> 
     </span>
    </p>
   </div>
   <div class='ocr_carea' id='block_1_94' title="bbox 1944 4484 3487 4556">
    <p class='ocr_par' dir='ltr' id='par_1_94' title="bbox 1944 4484 3487 4556">
     <span class='ocr_line' id='line_1_94' title="bbox 1944 4484 3487 4556; baseline 0 -15"><span class='ocrx_word' id='word_1_696' title='bbox 1944 4485 2259 4541; x_wconf 90' lang='lat' dir='ltr'>bernaculo</span> <span class='ocrx_word' id='word_1_697' title='bbox 2288 4501 2421 4539; x_wconf 88' lang='lat' dir='ltr'>vero</span> <span class='ocrx_word' id='word_1_698' title='bbox 2448 4501 2459 4538; x_wconf 91' lang='lat'>:</span> <span class='ocrx_word' id='word_1_699' title='bbox 2495 4490 2551 4540; x_wconf 88' lang='lat' dir='ltr'>et</span> <span class='ocrx_word' id='word_1_700' title='bbox 2573 4485 2727 4556; x_wconf 90' lang='lat' dir='ltr'>quod</span> <span class='ocrx_word' id='word_1_701' title='bbox 2762 4484 2841 4539; x_wconf 90' lang='lat' dir='ltr'>ait</span> <span class='ocrx_word' id='word_1_702' title='bbox 2867 4503 2878 4539; x_wconf 86' lang='lat'>:</span> <span class='ocrx_word' id='word_1_703' title='bbox 2914 4487 3053 4541; x_wconf 90' lang='lat' dir='ltr'>Ecce</span> <span class='ocrx_word' id='word_1_704' title='bbox 3084 4487 3210 4543; x_wconf 86' lang='lat' dir='ltr'>dies</span> <span class='ocrx_word' id='word_1_705' title='bbox 3229 4488 3487 4542; x_wconf 90' lang='lat' dir='ltr'>veniunt.</span> 
     </span>
    </p>
   </div>
   <div class='ocr_carea' id='block_1_95' title="bbox 2013 4573 3600 4646">
    <p class='ocr_par' dir='ltr' id='par_1_95' title="bbox 2013 4573 3600 4646">
     <span class='ocr_line' id='line_1_95' title="bbox 2013 4573 3600 4646; baseline 0.003 -18"><span class='ocrx_word' id='word_1_706' title='bbox 2013 4576 2065 4630; x_wconf 91' lang='lat'>8.</span> <span class='ocrx_word' id='word_1_707' title='bbox 2100 4574 2180 4629; x_wconf 94' lang='lat' dir='ltr'>De</span> <span class='ocrx_word' id='word_1_708' title='bbox 2237 4573 2636 4639; x_wconf 88' lang='lat' dir='ltr'>tabernaculo,</span> <span class='ocrx_word' id='word_1_709' title='bbox 2687 4578 2743 4629; x_wconf 91' lang='lat' dir='ltr'>et</span> <span class='ocrx_word' id='word_1_710' title='bbox 2773 4591 2898 4646; x_wconf 61' lang='lat' dir='ltr'>quae</span> <span class='ocrx_word' id='word_1_711' title='bbox 2956 4574 3013 4628; x_wconf 91' lang='lat' dir='ltr'>in</span> <span class='ocrx_word' id='word_1_712' title='bbox 3065 4574 3192 4646; x_wconf 93' lang='lat' dir='ltr'>ipso</span> <span class='ocrx_word' id='word_1_713' title='bbox 3236 4576 3507 4631; x_wconf 88' lang='lat' dir='ltr'>fuerunt:</span> <span class='ocrx_word' id='word_1_714' title='bbox 3541 4581 3600 4633; x_wconf 90' lang='lat' dir='ltr'>et</span> 
     </span>
    </p>
   </div>
   <div class='ocr_carea' id='block_1_96' title="bbox 1947 4664 3600 4737">
    <p class='ocr_par' dir='ltr' id='par_1_96' title="bbox 1947 4664 3600 4737">
     <span class='ocr_line' id='line_1_96' title="bbox 1947 4664 3600 4737; baseline 0.001 -19"><span class='ocrx_word' id='word_1_715' title='bbox 1947 4664 2085 4735; x_wconf 89' lang='lat' dir='ltr'>quia</span> <span class='ocrx_word' id='word_1_716' title='bbox 2112 4682 2225 4719; x_wconf 92' lang='lat' dir='ltr'>non</span> <span class='ocrx_word' id='word_1_717' title='bbox 2260 4664 2502 4736; x_wconf 83' lang='lat' dir='ltr'>sanguis</span> <span class='ocrx_word' id='word_1_718' title='bbox 2532 4664 2848 4735; x_wconf 86' lang='lat' dir='ltr'>hircorum,</span> <span class='ocrx_word' id='word_1_719' title='bbox 2873 4665 2971 4720; x_wconf 87' lang='lat' dir='ltr'>sed</span> <span class='ocrx_word' id='word_1_720' title='bbox 3004 4666 3245 4737; x_wconf 87' lang='lat' dir='ltr'>sanguis</span> <span class='ocrx_word' id='word_1_721' title='bbox 3264 4665 3403 4720; x_wconf 88' lang='lat' dir='ltr'>Jcsu</span> <span class='ocrx_word' id='word_1_722' title='bbox 3426 4682 3600 4721; x_wconf 88' lang='lat' dir='ltr'>mun-</span> 
     </span>
    </p>
   </div>
   <div class='ocr_carea' id='block_1_97' title="bbox 1945 4752 3521 4827">
    <p class='ocr_par' dir='ltr' id='par_1_97' title="bbox 1945 4752 3521 4827">
     <span class='ocr_line' id='line_1_97' title="bbox 1945 4752 3521 4827; baseline 0.001 -20"><span class='ocrx_word' id='word_1_723' title='bbox 1945 4754 2044 4807; x_wconf 87' lang='lat' dir='ltr'>dat</span> <span class='ocrx_word' id='word_1_724' title='bbox 2075 4753 2395 4821; x_wconf 86' lang='lat' dir='ltr'>credentes,</span> <span class='ocrx_word' id='word_1_725' title='bbox 2428 4758 2485 4808; x_wconf 92' lang='lat' dir='ltr'>et</span> <span class='ocrx_word' id='word_1_726' title='bbox 2516 4752 2641 4808; x_wconf 88' lang='lat' dir='ltr'>sine</span> <span class='ocrx_word' id='word_1_727' title='bbox 2671 4754 2957 4827; x_wconf 85' lang='lat' dir='ltr'>sanguine</span> <span class='ocrx_word' id='word_1_728' title='bbox 2988 4772 3102 4810; x_wconf 91' lang='lat' dir='ltr'>non</span> <span class='ocrx_word' id='word_1_729' title='bbox 3136 4755 3200 4809; x_wconf 83' lang='lat' dir='ltr'>ﬁt</span> <span class='ocrx_word' id='word_1_730' title='bbox 3232 4754 3521 4810; x_wconf 89' lang='lat' dir='ltr'>remissio.</span> 
     </span>
    </p>
   </div>
   <div class='ocr_carea' id='block_1_98' title="bbox 2013 4842 3596 4908">
    <p class='ocr_par' dir='ltr' id='par_1_98' title="bbox 2013 4842 3596 4908">
     <span class='ocr_line' id='line_1_98' title="bbox 2013 4842 3596 4908; baseline 0.003 -13"><span class='ocrx_word' id='word_1_731' title='bbox 2013 4842 2066 4895; x_wconf 86' lang='lat'>9.</span> <span class='ocrx_word' id='word_1_732' title='bbox 2101 4842 2243 4907; x_wconf 90' lang='lat' dir='ltr'>Quia</span> <span class='ocrx_word' id='word_1_733' title='bbox 2276 4859 2389 4898; x_wconf 92' lang='lat' dir='ltr'>non</span> <span class='ocrx_word' id='word_1_734' title='bbox 2422 4844 2479 4897; x_wconf 88' lang='lat' dir='ltr'>in</span> <span class='ocrx_word' id='word_1_735' title='bbox 2513 4842 2862 4899; x_wconf 87' lang='lat' dir='ltr'>manufactis</span> <span class='ocrx_word' id='word_1_736' title='bbox 2894 4844 3158 4899; x_wconf 89' lang='lat' dir='ltr'>introibit</span> <span class='ocrx_word' id='word_1_737' title='bbox 3186 4845 3380 4908; x_wconf 86' lang='lat' dir='ltr'>Jesus,</span> <span class='ocrx_word' id='word_1_738' title='bbox 3403 4845 3503 4899; x_wconf 90' lang='lat' dir='ltr'>sed</span> <span class='ocrx_word' id='word_1_739' title='bbox 3534 4845 3596 4901; x_wconf 91' lang='lat' dir='ltr'>in</span> 
     </span>
    </p>
   </div>
   <div class='ocr_carea' id='block_1_99' title="bbox 1943 4931 3595 5006">
    <p class='ocr_par' dir='ltr' id='par_1_99' title="bbox 1943 4931 3595 5006">
     <span class='ocr_line' id='line_1_99' title="bbox 1943 4931 3595 5006; baseline 0.001 -18"><span class='ocrx_word' id='word_1_740' title='bbox 1943 4931 2179 5000; x_wconf 86' lang='lat' dir='ltr'>ccelum,</span> <span class='ocrx_word' id='word_1_741' title='bbox 2240 4933 2744 4988; x_wconf 78' lang='lat' dir='ltr'>consummatione</span> <span class='ocrx_word' id='word_1_742' title='bbox 2800 4933 3185 4989; x_wconf 81' lang='lat' dir='ltr'>saeculorum:</span> <span class='ocrx_word' id='word_1_743' title='bbox 3241 4938 3297 4988; x_wconf 91' lang='lat' dir='ltr'>et</span> <span class='ocrx_word' id='word_1_744' title='bbox 3348 4934 3487 5006; x_wconf 89' lang='lat' dir='ltr'>quia</span> <span class='ocrx_word' id='word_1_745' title='bbox 3534 4936 3595 4991; x_wconf 92' lang='lat' dir='ltr'>in</span> 
     </span>
    </p>
   </div>
   <div class='ocr_carea' id='block_1_100' title="bbox 1942 5019 3596 5093">
    <p class='ocr_par' dir='ltr' id='par_1_100' title="bbox 1942 5019 3596 5093">
     <span class='ocr_line' id='line_1_100' title="bbox 1942 5019 3596 5093; baseline 0.002 -18"><span class='ocrx_word' id='word_1_746' title='bbox 1942 5019 2229 5093; x_wconf 86' lang='lat' dir='ltr'>legalibus</span> <span class='ocrx_word' id='word_1_747' title='bbox 2260 5021 2469 5075; x_wconf 91' lang='lat' dir='ltr'>hostiis</span> <span class='ocrx_word' id='word_1_748' title='bbox 2499 5022 2972 5077; x_wconf 89' lang='lat' dir='ltr'>commemoratio</span> <span class='ocrx_word' id='word_1_749' title='bbox 3021 5023 3212 5091; x_wconf 87' lang='lat' dir='ltr'>fuerit,</span> <span class='ocrx_word' id='word_1_750' title='bbox 3240 5039 3356 5079; x_wconf 90' lang='lat' dir='ltr'>non</span> <span class='ocrx_word' id='word_1_751' title='bbox 3388 5040 3596 5079; x_wconf 89' lang='lat' dir='ltr'>emun-</span> 
     </span>
    </p>
   </div>
   <div class='ocr_carea' id='block_1_101' title="bbox 1944 5110 3591 5181">
    <p class='ocr_par' dir='ltr' id='par_1_101' title="bbox 1944 5110 3591 5181">
     <span class='ocr_line' id='line_1_101' title="bbox 1944 5110 3591 5181; baseline 0.001 -16"><span class='ocrx_word' id='word_1_752' title='bbox 1944 5111 2098 5165; x_wconf 87' lang='lat' dir='ltr'>datio</span> <span class='ocrx_word' id='word_1_753' title='bbox 2134 5115 2499 5181; x_wconf 89' lang='lat' dir='ltr'>peccatorum</span> <span class='ocrx_word' id='word_1_754' title='bbox 2527 5126 2539 5163; x_wconf 91' lang='lat'>:</span> <span class='ocrx_word' id='word_1_755' title='bbox 2577 5116 2631 5163; x_wconf 88' lang='lat' dir='ltr'>et</span> <span class='ocrx_word' id='word_1_756' title='bbox 2658 5111 2808 5181; x_wconf 89' lang='lat' dir='ltr'>quod</span> <span class='ocrx_word' id='word_1_757' title='bbox 2859 5110 2974 5165; x_wconf 88' lang='lat' dir='ltr'>ait:</span> <span class='ocrx_word' id='word_1_758' title='bbox 3025 5111 3312 5177; x_wconf 87' lang='lat' dir='ltr'>Hostiam,</span> <span class='ocrx_word' id='word_1_759' title='bbox 3346 5116 3403 5164; x_wconf 89' lang='lat' dir='ltr'>et</span> <span class='ocrx_word' id='word_1_760' title='bbox 3433 5111 3591 5167; x_wconf 87' lang='lat' dir='ltr'>obla-</span> 
     </span>
    </p>
   </div>
   <div class='ocr_carea' id='block_1_102' title="bbox 1941 5195 2451 5254">
    <p class='ocr_par' dir='ltr' id='par_1_102' title="bbox 1941 5195 2451 5254">
     <span class='ocr_line' id='line_1_102' title="bbox 1941 5195 2451 5254; baseline -0.01 0"><span class='ocrx_word' id='word_1_761' title='bbox 1941 5200 2160 5254; x_wconf 90' lang='lat' dir='ltr'>tionem</span> <span class='ocrx_word' id='word_1_762' title='bbox 2191 5195 2451 5251; x_wconf 89' lang='lat' dir='ltr'>noluisti.</span> 
     </span>
    </p>
   </div>
   <div class='ocr_carea' id='block_1_103' title="bbox 2019 5284 3593 5361">
    <p class='ocr_par' dir='ltr' id='par_1_103' title="bbox 2019 5284 3593 5361">
     <span class='ocr_line' id='line_1_103' title="bbox 2019 5284 3593 5361; baseline 0.001 -20"><span class='ocrx_word' id='word_1_763' title='bbox 2019 5288 2103 5342; x_wconf 88' lang='grc'>10.</span> <span class='ocrx_word' id='word_1_764' title='bbox 2137 5285 2281 5347; x_wconf 92' lang='lat' dir='ltr'>Quia</span> <span class='ocrx_word' id='word_1_765' title='bbox 2312 5300 2441 5338; x_wconf 90' lang='lat' dir='ltr'>caro</span> <span class='ocrx_word' id='word_1_766' title='bbox 2488 5284 2700 5338; x_wconf 91' lang='lat' dir='ltr'>Christi</span> <span class='ocrx_word' id='word_1_767' title='bbox 2751 5285 3009 5341; x_wconf 87' lang='lat' dir='ltr'>velamen</span> <span class='ocrx_word' id='word_1_768' title='bbox 3052 5288 3163 5342; x_wconf 88' lang='lat' dir='ltr'>sit:</span> <span class='ocrx_word' id='word_1_769' title='bbox 3219 5295 3274 5345; x_wconf 90' lang='lat' dir='ltr'>et</span> <span class='ocrx_word' id='word_1_770' title='bbox 3303 5290 3373 5343; x_wconf 92' lang='lat' dir='ltr'>de</span> <span class='ocrx_word' id='word_1_771' title='bbox 3405 5290 3593 5361; x_wconf 85' lang='lat' dir='ltr'>bapti-</span> 
     </span>
    </p>
   </div>
   <div class='ocr_carea' id='block_1_104' title="bbox 1948 5370 3595 5442">
    <p class='ocr_par' dir='ltr' id='par_1_104' title="bbox 1948 5370 3595 5442">
     <span class='ocr_line' id='line_1_104' title="bbox 1948 5370 3595 5442; baseline 0.002 -12"><span class='ocrx_word' id='word_1_772' title='bbox 1948 5390 2111 5431; x_wconf 87' lang='lat' dir='ltr'>smo:</span> <span class='ocrx_word' id='word_1_773' title='bbox 2145 5376 2201 5426; x_wconf 89' lang='lat' dir='ltr'>et</span> <span class='ocrx_word' id='word_1_774' title='bbox 2231 5372 2369 5441; x_wconf 89' lang='lat' dir='ltr'>quia</span> <span class='ocrx_word' id='word_1_775' title='bbox 2398 5370 2720 5426; x_wconf 82' lang='lat' dir='ltr'>voluntarie</span> <span class='ocrx_word' id='word_1_776' title='bbox 2742 5374 3139 5442; x_wconf 90' lang='lat' dir='ltr'>peccantibus,</span> <span class='ocrx_word' id='word_1_777' title='bbox 3173 5382 3228 5432; x_wconf 90' lang='lat' dir='ltr'>et</span> <span class='ocrx_word' id='word_1_778' title='bbox 3256 5377 3466 5432; x_wconf 86' lang='lat' dir='ltr'>Filium</span> <span class='ocrx_word' id='word_1_779' title='bbox 3495 5378 3595 5433; x_wconf 88' lang='lat' dir='ltr'>Dei</span> 
     </span>
    </p>
   </div>
   <div class='ocr_carea' id='block_1_105' title="bbox 1950 5459 3600 5536">
    <p class='ocr_par' dir='ltr' id='par_1_105' title="bbox 1950 5459 3600 5536">
     <span class='ocr_line' id='line_1_105' title="bbox 1950 5459 3600 5536; baseline 0.002 -19"><span class='ocrx_word' id='word_1_780' title='bbox 1950 5459 2428 5536; x_wconf 89' lang='lat' dir='ltr'>conculcantibus</span> <span class='ocrx_word' id='word_1_781' title='bbox 2458 5459 2737 5514; x_wconf 88' lang='lat' dir='ltr'>terribilis</span> <span class='ocrx_word' id='word_1_782' title='bbox 2758 5460 2867 5513; x_wconf 88' lang='lat' dir='ltr'>erit</span> <span class='ocrx_word' id='word_1_783' title='bbox 2896 5465 3246 5533; x_wconf 86' lang='lat' dir='ltr'>exspectatio</span> <span class='ocrx_word' id='word_1_784' title='bbox 3270 5466 3477 5535; x_wconf 89' lang='lat' dir='ltr'>judicii</span> <span class='ocrx_word' id='word_1_785' title='bbox 3504 5483 3516 5519; x_wconf 92' lang='lat'>:</span> <span class='ocrx_word' id='word_1_786' title='bbox 3543 5470 3600 5521; x_wconf 89' lang='lat' dir='ltr'>et</span> 
     </span>
    </p>
   </div>
   <div class='ocr_carea' id='block_1_106' title="bbox 1951 5546 3600 5625">
    <p class='ocr_par' dir='ltr' id='par_1_106' title="bbox 1951 5546 3600 5625">
     <span class='ocr_line' id='line_1_106' title="bbox 1951 5546 3600 5625; baseline 0.002 -21"><span class='ocrx_word' id='word_1_787' title='bbox 1951 5551 2020 5604; x_wconf 91' lang='lat' dir='ltr'>de</span> <span class='ocrx_word' id='word_1_788' title='bbox 2052 5546 2326 5611; x_wconf 63' lang='lat' dir='ltr'>Hebraeis,</span> <span class='ocrx_word' id='word_1_789' title='bbox 2361 5546 2460 5617; x_wconf 89' lang='lat' dir='ltr'>qui</span> <span class='ocrx_word' id='word_1_790' title='bbox 2490 5547 2699 5602; x_wconf 89' lang='lat' dir='ltr'>vinctis</span> <span class='ocrx_word' id='word_1_791' title='bbox 2720 5551 3009 5621; x_wconf 83' lang='lat' dir='ltr'>compassi</span> <span class='ocrx_word' id='word_1_792' title='bbox 3038 5557 3175 5606; x_wconf 90' lang='lat' dir='ltr'>sunt</span> <span class='ocrx_word' id='word_1_793' title='bbox 3201 5571 3213 5609; x_wconf 87' lang='lat'>:</span> <span class='ocrx_word' id='word_1_794' title='bbox 3238 5562 3294 5607; x_wconf 82' lang='lat' dir='ltr'>et</span> <span class='ocrx_word' id='word_1_795' title='bbox 3319 5554 3600 5625; x_wconf 84' lang='lat' dir='ltr'>patientia</span> 
     </span>
    </p>
   </div>
   <div class='ocr_carea' id='block_1_107' title="bbox 1954 5635 3436 5711">
    <p class='ocr_par' dir='ltr' id='par_1_107' title="bbox 1954 5635 3436 5711">
     <span class='ocr_line' id='line_1_107' title="bbox 1954 5635 3436 5711; baseline 0.003 -18"><span class='ocrx_word' id='word_1_796' title='bbox 1954 5635 2283 5693; x_wconf 86' lang='lat' dir='ltr'>necessaria</span> <span class='ocrx_word' id='word_1_797' title='bbox 2312 5640 2420 5704; x_wconf 88' lang='lat' dir='ltr'>est,</span> <span class='ocrx_word' id='word_1_798' title='bbox 2455 5636 2636 5692; x_wconf 89' lang='lat' dir='ltr'>donec</span> <span class='ocrx_word' id='word_1_799' title='bbox 2668 5639 2859 5695; x_wconf 85' lang='lat' dir='ltr'>veniat</span> <span class='ocrx_word' id='word_1_800' title='bbox 2890 5641 2987 5711; x_wconf 88' lang='lat' dir='ltr'>qui</span> <span class='ocrx_word' id='word_1_801' title='bbox 3018 5646 3298 5697; x_wconf 88' lang='lat' dir='ltr'>venturus</span> <span class='ocrx_word' id='word_1_802' title='bbox 3330 5647 3436 5698; x_wconf 89' lang='lat' dir='ltr'>est.</span> 
     </span>
    </p>
   </div>
  </div>
