3966 6210
305 325 420 382 ’727

1336 323 1668 384 ATTONIS
1713 319 2292 382 VERCELLENSIS
2337 319 2688 382 EPlSCOPl

3605 309 3744 380 728’

384 457 468 511 11.
506 461 581 511 De
614 456 725 511 fide
752 448 1084 512 sanctorum
1108 455 1605 528 peregrinantium
1629 455 1686 510 in
1711 457 1960 523 terra,et
1987 462 2040 527 Α
2071 454 2141 508 ad
2175 455 2472 508 ardentem
2505 458 2782 522 montem,
2817 454 2917 510 sed
2953 454 3022 509 ad
3067 454 3204 509 Sion
3235 455 3635 520 eccessimus;
3674 460 3736 510 et

313 545 774 618 exspectantium
808 545 1122 600 civitatem.

388 637 472 690 12.
505 640 584 690 De
615 633 1109 701 tribulationibus,
1172 638 1228 688 et
1272 635 1559 690 mortibus
1600 639 1963 701 sanctorum,

317 740 565 796 quorum
598 723 943 794 patientiam
977 723 1193 778 imitari
1226 740 1331 779 nos
1363 727 1622 796 oportet:
1651 728 1707 778 et
1729 726 1792 777 ut
1814 723 1966 793 aspi-

317 814 534 869 cientes
565 811 896 885 passionem
925 812 1089 881 Jesu,
1139 812 1197 867 in
1230 812 1509 884 diciplina
1547 817 1827 883 tanquam
1857 811 1962 865 filii

317 918 776 974 perseveremus.

391 994 473 1048 13.
536 993 606 1048 Ut
661 1009 872 1046 manus
923 991 1169 1048 remissa
1235 991 1567 1063 erigamus:
1629 1005 1855 1061 pacem,
1909 991 1966 1043 et

318 1080 766 1138 sanctimoniam
799 1085 1128 1137 sectantes:
1165 1084 1222 1136 et
1268 1081 1340 1136 de
1369 1080 1553 1135 Esau:
1581 1083 1637 1133 et
1680 1078 1819 1149 quia
1849 1093 1964 1132 non

2072 559 2185 596 non
2217 548 2665 598 contemnamus
2695 543 2767 597 de
2798 543 2940 598 ccslo
2971 542 3333 615 loquentem.

2145 634 2229 687 14.
2264 632 2334 687 Ut
2365 632 2934 704 regnumimmobile
2956 632 3374 704 suscipiamus,
3399 633 3542 704 quia
3571 634 3735 688 Deus

2073 719 2225 790 ignis
2245 735 2600 775 consumens
2618 724 2792 775 estzet
2811 721 2883 774 de
2907 720 3276 787 charitate,et
3298 720 3736 792 hospitalitate,

2072 815 2131 864 et
2151 813 2275 863 toro
2301 808 2677 864 immaculato
2703 825 2715 862 :
2742 814 2798 864 et
2814 810 2884 865 de
2904 809 3315 881 praepositis,et
3330 810 3470 866 Jesu
3493 811 3739 866 Christo

2071 898 2217 967 heri,
2249 903 2305 953 et
2335 898 2544 952 hodie:
2579 901 2635 953 et
2664 899 2735 953 de
2767 899 2937 965 escis,
2971 915 3100 970 quas
3135 915 3249 953 non
3284 903 3552 970 prosunt.

2145 988 2232 1042 45.
2268 991 2344 1043 De
2402 987 2594 1054 altari,
2648 988 2805 1059 quod
2865 988 3185 1043 habemus:
3250 992 3306 1043 et
3364 989 3505 1060 quia
3555 990 3737 1044 Jesus

2075 1081 2238 1132 extra
2267 1083 2457 1131 castra
2488 1092 2698 1147 passus
2729 1079 2816 1131 est
2842 1092 2854 1131 :
2890 1080 2946 1131 et
2982 1076 3054 1132 de
3087 1077 3438 1149 praepositis.

1139 1249 1692 1312 ARGUMENTUM
1738 1250 1816 1309 IN
1861 1249 2303 1310 EPISTOLAM
2348 1250 2450 1307 AD
2497 1247 2908 1309 HEBRIEOS.

393 1401 614 1457 Hebraei
646 1401 879 1472 proprio
909 1401 1099 1473 gentis
1131 1419 1247 1456 suae
1290 1400 1571 1456 vocabulo
1597 1398 1970 1472 appellaban-

323 1495 439 1556 tur,
474 1490 572 1562 qui
606 1489 664 1544 in
695 1489 924 1545 Christo
949 1489 1321 1546 crediderunt
1341 1505 1410 1544 ex
1437 1489 1658 1545 Judzeis
1684 1514 1698 1556 ς
1723 1504 1972 1559 quorum

323 1577 594 1635 Ecclesia:
625 1579 698 1634 ab
727 1578 1000 1650 Apostolo
1034 1578 1286 1634 fundatae
1329 1582 1496 1633 erant
1517 1593 1619 1650 per
1641 1577 1973 1632 universam

326 1668 612 1739 Judisam,
645 1668 715 1723 de
774 1667 989 1740 quibus
1036 1666 1130 1722 hic
1189 1667 1337 1722 idem
1372 1667 1588 1723 Paulus
1639 1667 1709 1721 ad
1741 1664 1974 1720 Galatas

329 1757 614 1826 scribens,
671 1757 752 1812 ita
795 1756 970 1812 dicit:
1001 1779 1028 1806 «
1091 1758 1262 1812 Eram
1323 1760 1518 1812 autem
1562 1757 1798 1827 ignotus
1829 1755 1976 1810 faeie

330 1845 602 1901 Ecclesiis
657 1845 890 1914 Judaeaa,
948 1862 1076 1918 quze
1132 1849 1293 1902 erant
1354 1846 1410 1900 in
1470 1845 1696 1902 Christo
1737 1844 1879 1917 (Gal.
1935 1862 1973 1908 1,

328 1935 504 2007 22).»
539 1934 603 1989 Hi
652 1951 785 2008 ergo
828 1938 1187 2002 caeterorum,
1247 1933 1346 2006 qui
1396 1934 1690 1991 Christum
1741 1951 1855 1989 non
1887 1949 1975 1989 re-

331 2028 626 2096 ceperunt,
711 2023 1047 2080 Judaaorum
1128 2023 1508 2082 acerbissima
1575 2022 1980 2097 persecutione

2081 1397 2141 1452 in
2177 1397 2547 1454 festinatione
2598 1396 2908 1468 perterriti,
2955 1397 3347 1453 Christianam
3389 1396 3742 1470 religionem

2083 1488 2154 1544 ab
2188 1487 2465 1559 apostolis
2525 1486 2637 1543 sibi
2697 1487 2976 1542 traditam
3036 1487 3403 1543 deserebant.
3438 1489 3552 1543 llos
3584 1487 3743 1543 Pau-

2082 1575 2176 1632 lus
2206 1575 2504 1648 apostolus
2564 1576 2968 1632 adhortatione
3024 1593 3132 1632 sua
3181 1577 3463 1633 roborans
3509 1577 3580 1631 ad
3619 1577 3744 1648 pri-

2084 1664 2298 1719 stinam
2330 1667 2556 1719 revocat
2615 1664 2787 1718 {idem
2845 1664 3109 1720 scribens
3168 1663 3252 1719 eis
3303 1665 3376 1719 ab
3433 1663 3606 1720 Italia
3636 1681 3745 1736 per

2084 1751 2481 1817 Timotheum,
2517 1751 2732 1822 quibus
2757 1752 3106 1824 prooemium.
3130 1752 3371 1808 solitum
3394 1753 3466 1809 de
3494 1753 3742 1809 nomine

2084 1858 2189 1898 suo
2220 1841 2347 1896 ideo
2379 1841 2438 1895 in
2469 1839 2578 1896 hac
2632 1840 2886 1912 Epistola
2928 1857 3045 1896 non
3095 1840 3398 1912 praemisit,
3433 1842 3574 1912 quia
3607 1842 3741 1913 ipse

2086 1928 2416 2003 specialiter
2447 1930 2520 1984 ad
2551 1933 2755 2001 gentes
2787 1930 3005 1986 missus
3035 1934 3181 1999 erat,
3215 1930 3404 1987 caeteri
3433 1946 3563 1986 vero
3597 1947 3746 2002 apo-

2086 2019 2221 2076 stoli
2255 2019 2328 2074 ad
2356 2018 2609 2075 Judaeos.

1360 2193 1652 2255 INCIPIT
1694 2192 2108 2254 PROLOGUS
2154 2193 2258 2251 AD
2305 2191 2720 2253 HEBRJEOS.

400 2348 465 2398 In
490 2343 698 2415 primis
719 2343 1034 2398 dicendum
1057 2347 1356 2414 est,quare
1379 2340 1978 2414 apostolusPaulusin
2011 2344 2057 2408 Β
2087 2340 2204 2395 Hoc
2237 2339 2296 2395 in
2327 2339 2454 2412 ipso
2485 2339 2720 2395 exordio
2755 2339 3019 2396 scribens
3041 2343 3192 2414 apud
3227 2342 3497 2397 Hebraeos
3531 2341 3752 2398 beatus

333 2433 444 2488 hac
474 2431 752 2503 Epistola,
775 2447 954 2502 quam
985 2432 1208 2487 Judaeis
1231 2431 1490 2502 scripsit,
1524 2447 1668 2500 quos
1692 2431 1982 2495 Hebraeos,

336 2525 396 2577 et
423 2537 539 2575 non
574 2519 864 2575 Israelitas
909 2519 1090 2575 voluit
1148 2521 1472 2587 nominare,
1525 2537 1641 2575 non
1675 2518 1988 2575 servaverit

340 2625 564 2665 morem
595 2624 792 2678 suum,
825 2613 890 2664 ut
937 2609 1025 2664 vel
1066 2609 1412 2664 vocabulum
1464 2608 1719 2664 nominis
1752 2608 1864 2678 sui,
1899 2610 1986 2664 vel

341 2697 567 2753 ordinis
598 2697 875 2753 scriberet
905 2697 1268 2768 dignitatem.
1308 2699 1431 2753 Ηωο
1471 2713 1651 2753 causa
1680 2702 1769 2752 est
1795 2715 1807 2752 :
1834 2699 1985 2768 quod

344 2787 415 2842 ad
449 2803 548 2842 eos
577 2784 798 2854 scribit,
853 2786 952 2856 qui
1003 2803 1072 2840 ex
1119 2786 1566 2842 circumcisione
1598 2786 1986 2852 crediderant,

346 2874 515 2947 quasi
572 2874 837 2946 gentium
906 2873 1243 2946 Apostolus,
1303 2878 1360 2930 et
1417 2892 1532 2930 non
1594 2876 1987 2930 Hebraeorum.

345 2963 548 3020 Sciens
577 2979 811 3036 quoque
831 2980 1033 3020 eorum
1055 2962 1414 3036 superbiam,
1438 2979 1724 3035 suamque
1749 2963 1991 3018 humili-

345 3057 524 3110 tatem
554 3053 679 3125 ipse
711 3053 1144 3122 demonstrans,
1169 3053 1445 3108 meritum
1476 3053 1648 3109 ofﬁcii
1681 3051 1772 3108 sui
1805 3051 1994 3107 noluit

348 3141 654 3197 anteferre.
699 3139 806 3196 Pro
837 3157 903 3196 eo
934 3141 1089 3212 quod
1120 3141 1274 3213 apud
1307 3141 1678 3197 Hebraeorum
1710 3139 1996 3196 Ecclesias

351 3230 521 3303 quasi
547 3232 876 3286 destructor
923 3229 1071 3303 legis
1101 3230 1244 3286 falsa
1276 3231 1609 3303 suspicione
1647 3230 1994 3297 habebatur,

350 3319 533 3376 voluit
561 3319 734 3376 tacito
791 3319 1028 3375 nomine
1075 3320 1146 3376 de
1203 3320 1407 3392 figuris
1453 3319 1622 3391 legis,
1669 3322 1727 3373 et
1755 3317 1996 3374 veritate

349 3408 562 3466 Christi
588 3408 827 3464 reddere
859 3408 1162 3477 rationem,
1199 3425 1270 3464 ne
1299 3408 1500 3464 odium
1533 3407 1788 3463 nominis
1811 3407 1998 3462 fronte

353 3497 576 3570 praefati
607 3497 784 3562 tituli,
818 3498 1133 3553 utilitatem
1163 3497 1494 3553 excluderet
1523 3496 1811 3552 lectionis.
1836 3496 1996 3559 Quod

354 3587 453 3643 alii
483 3586 567 3642 sic
615 3585 985 3658 intelligunt:
1047 3587 1196 3657 quod
1243 3589 1548 3659 prepterea
1596 3585 1809 3641 Paulus
1831 3585 2002 3640 solita

358 3675 780 3730 consuetudine
821 3691 925 3729 nec
972 3691 1183 3730 nomen
1217 3692 1412 3746 suum,
1444 3691 1549 3730 nec
1571 3673 1816 3746 apostoli
1838 3690 2000 3729 voca-

358 3763 562 3818 bulum
597 3762 1026 3834 praeposuisset,
1050 3762 1189 3832 quia
1211 3763 1280 3818 de
1305 3763 1530 3818 Christo
1555 3768 1676 3818 erat
1707 3763 1997 3817 dicturus:

358 3874 387 3901 «
420 3850 711 3906 Habentes
733 3867 869 3923 ergo
900 3852 1255 3923 pontiﬁcem,
1282 3852 1735 3920 Sacerdotem,et
1755 3853 2006 3923 Aposto-

360 3940 486 3995 lum
518 3939 902 3996 confessionis
935 3953 1144 3997 nostra:
1173 3941 1378 3997 Jesum
1412 3965 1440 3991 υ
1467 3959 1480 3997 :
1515 3957 1620 3996 nec
1653 3940 1836 3996 fuisse
1868 3956 2003 3994 eon-

362 4045 597 4102 gruum,
633 4034 718 4101 ut,
753 4028 851 4084 ubi
883 4028 1149 4086 Christus
1199 4029 1516 4102 Apostolus
1547 4029 1831 4085 dicendus
1859 4033 2003 4097 erat,

364 4119 445 4176 ibi
477 4119 653 4175 etiam
681 4119 897 4175 Paulus
927 4119 1226 4193 apostolus
1257 4119 1755 4192 poneretur.Hanc
1785 4120 2007 4192 Episto-

361 4207 480 4262 lam
513 4207 697 4262 fertur
723 4206 1036 4279 Apostolus
1061 4208 1132 4264 ad
1165 4208 1433 4264 Hebraeos
1473 4206 1863 4279 conscriptam
1897 4210 2005 4262 He-

363 4296 518 4352 braea
547 4295 751 4368 lingua
801 4297 1053 4355 misisse.
1115 4297 1293 4368 Cujus
1353 4313 1594 4353 sensum
1655 4301 1712 4351 et
1739 4296 2004 4352 ordinem

363 4384 621 4439 retinens
665 4384 850 4439 Lucas
897 4385 1275 4458 evangelista,
1336 4390 1468 4457 post
1516 4400 1817 4440 excessum
1850 4383 2003 4438 beati

365 4471 626 4544 Apostoli
658 4472 851 4528 Graeco
902 4489 1171 4530 sermone
1223 4473 1572 4541 composuit.
1624 4476 1691 4525 Et
1730 4476 1850 4526 tota
1879 4472 2006 4541 ejus

363 4559 608 4617 intentio
640 4561 698 4616 in
731 4561 840 4617 hac
897 4561 1155 4634 Epistola
1214 4563 1342 4627 luit,
1402 4565 1466 4615 ut
1494 4560 1800 4628 Hebraeos,
1834 4559 1891 4613 id
1921 4564 2009 4614 est

362 4655 596 4722 gentem
619 4667 809 4717 suam,
843 4651 914 4706 ad
937 4650 1149 4708 Christi
1176 4652 1517 4705 convocaret
1546 4649 1718 4701 fidem
1743 4665 1755 4702 :
1780 4653 1838 4703 et
1869 4649 2008 4704 emi-

363 4739 621 4794 nentiam
652 4739 871 4811 gratize,
905 4756 1030 4810 quis
1064 4756 1165 4811 per
1194 4738 1404 4794 Filium
1437 4737 1574 4791 data
1604 4740 1711 4805 est,
1745 4754 1778 4792 a
1806 4736 2007 4810 legali-

363 4827 474 4883 bus
497 4826 854 4883 discerneret
888 4827 1138 4894 umbris,
1174 4843 1301 4897 quaa
1323 4824 1603 4896 angelicis
1626 4826 2005 4883 ministratio-

365 4915 542 4972 nibus
575 4915 811 4969 fuerunt
842 4914 1110 4984 patribus
1138 4915 1295 4968 visis.
1346 4913 1564 4970 Idcirco
1595 4915 1782 4987 primo
1813 4917 2010 4988 posuit

364 5003 682 5076 prophetas
713 5000 958 5057 diversis
990 5001 1179 5056 modis
1211 5002 1476 5074 patribus
1507 5003 1730 5061 locutos
1759 5006 2004 5077 esse,di-

366 5108 542 5149 09118:

429 5267 594 5339 (CAP.
614 5261 682 5331 Ι.)
714 5283 744 5312 ‹‹
772 5263 1106 5340 Multifarie,
1133 5271 1452 5344 multisque
1475 5272 1665 5328 modis
1687 5272 1828 5327 olim
1851 5273 2005 5328 Deus

359 5355 616 5423 loquens
647 5351 915 5417 patribus
967 5359 1184 5415 nostris
1224 5362 1241 5432 (
1282 5361 1406 5432 385)
1434 5361 1491 5413 in
1526 5359 1862 5432 prophetis:
1899 5377 2000 5414 no-

360 5437 608 5497 vissime
630 5435 836 5499 diebus
859 5445 989 5506 istis
1010 5448 1243 5504 locutus
1265 5462 1354 5504 est
1380 5448 1548 5503 nobis
1573 5451 1629 5503 in
1658 5448 1799 5504 Filio
1822 5466 1946 5504 suo.
1981 5470 2007 5496 »

429 5575 618 5648 (1385)
645 5575 858 5644 Νοείνίς
887 5592 1057 5666 Vulg.
1095 5605 1211 5645 non
1243 5588 1438 5645 habet.

2098 2428 2331 2497 Paulus,
2365 2430 2511 2484 bene
2561 2429 2704 2484 satis
2757 2435 2993 2485 exortus
3049 2435 3158 2487 est.
3215 2431 3463 2486 Dicendo
3509 2437 3750 2487 autem:

2101 2539 2128 2567 «
2159 2517 2492 2584 Multifarie,
2527 2518 2845 2590 multisque
2877 2520 3088 2586 modis,
3128 2542 3148 2568 «ι
3177 2519 3431 2576 ostendit
3465 2521 3749 2592 quoniam

2099 2623 2202 2662 nec
2225 2607 2334 2678 ipsi
2357 2606 2649 2679 prophetae
2673 2609 2920 2679 gratiam
2945 2609 3128 2663 Deum
3151 2607 3382 2664 videndi
3409 2625 3754 2680 promerue-

2099 2701 2274 2751 runt:
2312 2695 2466 2767 quod
2501 2713 2670 2750 nemo
2694 2695 2930 2751 illorum
2962 2696 3128 2764 vidit,
3148 2697 3298 2752 sicut
3329 2697 3426 2752 ille
3455 2703 3564 2768 est,
3599 2697 3759 2753 sicut

2101 2785 2239 2842 alibi
2271 2785 2491 2839 dictum
2523 2789 2645 2840 est:
2687 2806 2715 2834 ‹‹
2750 2785 2863 2856 Ego
2895 2785 3148 2842 visiones
3182 2785 3668 2858 multiplicavi,et
3693 2787 3755 2841 in

2103 2891 2280 2929 manu
2314 2873 2730 2945 prophetarum
2763 2873 3144 2930 assimulatus
3177 2875 3358 2947 (1386)
3394 2892 3565 2943 sum;
3601 2899 3624 2927 υ
3663 2875 3761 2929 Fi-

2101 2963 2245 3019 lium
2278 2966 2476 3018 autem
2503 2961 2870 3033 unigenitum
2894 2962 3130 3032 vidisse,
3154 2967 3382 3019 constat
3402 2980 3528 3019 esse
3563 2963 3762 3018 mani-

2104 3053 2338 3108 festum.
2375 3051 2691 3107 Considera
2719 3052 3325 3123 prudenter.Primum
3352 3069 3419 3107 ex
3449 3052 3763 3125 prophetis

2105 3139 2483 3195 eminentiam
2514 3139 2679 3194 nisus
2711 3145 2798 3196 est
2830 3141 3398 3212 approbare.Deinde
3429 3141 3606 3197 veluti
3641 3142 3759 3198 hoc

2106 3245 2400 3296 concesso,
2435 3229 2646 3284 astruit
2676 3233 2732 3284 et
2771 3230 3113 3302 pronuntiat
3160 3231 3438 3302 quoniam
3473 3230 3591 3287 illis
3625 3233 3766 3303 qui-
3797 3261 3810 3268 ι

2107 3319 2240 3374 dem
2263 3334 2366 3389 per
2385 3316 2699 3389 prophetas
2721 3316 2952 3374 locutus
2981 3323 3088 3388 est,
3117 3318 3324 3374 deinde
3347 3335 3450 3391 per
3473 3319 3721 3392 angelos
3747 3339 3763 3390 ;

2109 3407 2398 3478 siquidem
2429 3410 2486 3462 et
2515 3405 2704 3478 angeli
2740 3405 2916 3462 locuti
2964 3411 3105 3462 sunt
3133 3406 3384 3463 Judaeis:
3419 3421 3485 3462 ac
3515 3409 3564 3463 si
3596 3409 3764 3465 dice-

2110 3501 2234 3551 ret:
2267 3496 2412 3560 Quid
2465 3512 2768 3568 magnum,
2831 3495 2878 3550 si
2931 3496 3254 3567 prophetas
3297 3496 3460 3552 misit
3491 3498 3766 3568 patribus

2110 3584 2328 3640 nostris
2349 3585 2377 3640 ?
2399 3583 2578 3640 Nobis
2599 3584 2752 3640 enim
2779 3585 2972 3658 ipsum
2998 3585 3297 3658 proprium
3323 3585 3535 3641 Filium
3557 3587 3764 3660 unige-

2114 3671 2302 3727 nitum
2336 3671 2517 3738 misit,
2549 3675 2605 3727 et
2635 3673 2948 3744 peripsum
2980 3673 3343 3744 unigenitum
3369 3673 3529 3746 loqui
3554 3675 3766 3748 digna-

2115 3765 2210 3818 tus
2240 3765 2344 3817 est.
2381 3761 2496 3816 Nos
2527 3778 2658 3816 vero
2707 3760 2764 3814 in
2811 3763 2920 3816 hoc
2977 3762 3150 3817 etiam
3197 3763 3530 3834 superiores
3557 3764 3767 3820 existi—

2117 3867 2270 3922 mus,
2292 3855 2349 3906 et
2370 3850 2552 3906 multo
2575 3850 2832 3922 amplius
2855 3851 3140 3906 habemus
3165 3852 3302 3923 quia
3328 3851 3498 3907 nobis
3523 3852 3765 3923 quidem

2119 3940 2398 3996 Dominus
2418 3944 2506 3995 est
2534 3939 2764 3995 locutus
2791 3965 2804 4007 ;
2836 3939 2954 3995 illis
2975 3945 3194 4011 autem,
3224 3941 3372 3996 servi
3399 3946 3454 3995 et
3475 3941 3765 4008 conservi,

2117 4029 2223 4084 hoc
2255 4031 2362 4097 est,
2393 4028 2479 4084 vel
2513 4029 2805 4101 prophetae
2851 4028 3182 4101 vel'angeli.
3235 4029 3488 4085 Dicendo
3524 4035 3764 4087 autem:

2117 4140 2144 4168 ‹α
2181 4117 2330 4172 Olim
2373 4122 2429 4172 et
2482 4117 2820 4174 novissimis
2877 4119 3103 4186 diebus,
3167 4141 3194 4167 ››
3247 4119 3511 4174 insinuat
3569 4119 3766 4190 nobis,

2118 4205 2301 4261 multo
2327 4206 2386 4260 in
2418 4207 2607 4262 medio
2637 4214 2898 4278 tempore
2947 4211 3340 4276 percurrente,
3375 4209 3614 4280 quando
3637 4209 3766 4279 jam

2119 4293 2362 4366 proximi
2399 4311 2635 4350 eramus
2657 4297 2726 4350 ad
2763 4311 2991 4368 pmnam
3016 4314 3029 4364 ;
3057 4297 3290 4368 quando
3318 4296 3518 4351 omnia
3547 4297 3770 4354 charis-

2118 4388 2276 4439 mata
2308 4386 2686 4455 quieverunt;
2721 4386 2955 4457 quando
3011 4402 3145 4457 spes
3195 4385 3404 4441 salutis
3449 4385 3615 4442 nulla
3637 4387 3767 4458 jam

2117 4478 2267 4540 erat;
2296 4475 2528 4544 quando
2551 4475 2624 4529 ab
2645 4474 2919 4530 omnibus
2940 4475 3199 4551 minores
3222 4491 3350 4530 esse
3372 4477 3767 4547 putabamur;

2117 4568 2256 4617 tunc
2288 4562 2601 4633 ampliores
2627 4563 3574 4620 existimus.Animadvertendum
3610 4566 3768 4636 quod

2118 4673 2146 4700 «
2180 4651 2238 4705 in
2274 4675 2302 4700 »
2335 4651 2689 4723 prmpositio,
2724 4653 2895 4708 etiam
2931 4670 3031 4724 pro
3066 4674 3093 4703 «
3123 4670 3226 4724 per
3259 4676 3286 4702 »
3315 4652 3624 4724 accipitur.
3643 4654 3769 4708 Non

2116 4739 2271 4796 enim
2289 4739 2434 4794 dixit
2458 4757 2470 4795 :
2501 4763 2528 4789 «
2552 4740 2819 4796 Christus
2842 4741 3070 4797 locutus
3093 4746 3200 4806 est,
3223 4766 3244 4794 »
3274 4740 3544 4812 quamvis
3568 4741 3771 4813 ipsum

2115 4830 2378 4884 locutum
2438 4834 2662 4886 constet
2692 4847 2819 4885 esse
2878 4830 3298 4897 manifestum;
3350 4831 3450 4886 sed
3484 4831 3778 4901 quoniam

2119 4919 2309 4974 adhuc
2360 4919 2570 4975 animae
2631 4936 2854 4988 eorum,
2916 4919 3132 4991 quibus
3189 4919 3502 4991 scribebat,
3547 4919 3774 4976 debiles

2118 5011 2302 5076 erant,
2336 5011 2393 5064 et
2425 5009 2672 5064 necdum
2706 5013 2974 5080 poterant
2996 5008 3242 5080 pleniter
3273 5008 3345 5063 de
3376 5007 3608 5064 Christo
3641 5026 3771 5082 per-

2041 5081 2086 5144 D
2117 5097 2327 5170 cipere,
2361 5097 2505 5152 dixit
2537 5097 2689 5169 quod
2721 5097 2876 5152 Deus
2926 5114 3028 5168 per
3067 5096 3275 5151 Filium
3327 5113 3503 5152 suum
3537 5081 3773 5156 locutus

2121 5191 2212 5242 est
2241 5185 2429 5240 nobis.
2478 5185 2623 5241 Vide
2671 5185 2961 5256 quomodo
3012 5201 3389 5240 communem
3437 5186 3578 5240 facit
3619 5186 3773 5244 hanc

2118 5289 2378 5338 causam,
2412 5277 2468 5329 et
2496 5290 2558 5329 se
2588 5273 2784 5346 ipsum
2819 5274 3098 5344 apostolis
3129 5273 3330 5329 ordine
3356 5273 3483 5346 pari
3517 5277 3770 5345 conjun-

2119 5363 2225 5434 git,
2259 5362 2494 5418 dicens:
2530 5386 2558 5412 «
2610 5363 2860 5417 Locutus
2917 5367 3006 5416 est
3046 5362 3213 5416 nobis
3271 5361 3330 5416 in
3365 5361 3508 5416 Filio
3569 5380 3699 5419 suo.
3738 5386 3767 5412 η

2120 5447 2249 5503 Filii
2283 5448 2496 5521 quippe
2522 5465 2732 5505 nomen
2765 5466 3076 5505 commune
3107 5455 3194 5505 est
3221 5467 3232 5503 :

2192 5588 2375 5660 (1386)
2409 5590 2574 5663 Vulg.
2613 5591 2976 5647 assimilatas.
