  <div class='ocr_page' id='page_1' title='image "/cluster/home/n/w/nwhite01/storage/ocr_20150623/134-135/uva.x000829784/414.png"; bbox 0 0 3966 6210; ppageno 0'>
   <div class='ocr_carea' id='block_1_1' title="bbox 145 350 270 411">
    <p class='ocr_par' dir='ltr' id='par_1_1' title="bbox 145 350 270 411">
     <span class='ocr_line' id='line_1_1' title="bbox 145 350 270 411; baseline 0.016 -2"><span class='ocrx_word' id='word_1_1' title='bbox 145 350 270 411; x_wconf 72' lang='grc'>729</span> 
     </span>
    </p>
   </div>
   <div class='ocr_carea' id='block_1_2' title="bbox 744 346 2997 411">
    <p class='ocr_par' dir='ltr' id='par_1_2' title="bbox 744 346 2997 411">
     <span class='ocr_line' id='line_1_2' title="bbox 744 346 2997 411; baseline -0.001 -3"><span class='ocrx_word' id='word_1_2' title='bbox 744 347 1161 409; x_wconf 86' lang='lat' dir='ltr'>EXPOSI&#39;I‘IO</span> <span class='ocrx_word' id='word_1_3' title='bbox 1205 349 1282 409; x_wconf 88' lang='lat' dir='ltr'><strong>IN</strong></span> <span class='ocrx_word' id='word_1_4' title='bbox 1329 348 1754 411; x_wconf 82' lang='lat' dir='ltr'>EPISTOLAS</span> <span class='ocrx_word' id='word_1_5' title='bbox 1801 346 2055 410; x_wconf 83' lang='lat' dir='ltr'>PAULI.</span> <span class='ocrx_word' id='word_1_6' title='bbox 2090 377 2169 394; x_wconf 87' lang='lat'>--</span> <span class='ocrx_word' id='word_1_7' title='bbox 2197 348 2274 409; x_wconf 87' lang='lat' dir='ltr'><strong>IN</strong></span> <span class='ocrx_word' id='word_1_8' title='bbox 2319 348 2568 409; x_wconf 88' lang='lat' dir='ltr'>EPIST.</span> <span class='ocrx_word' id='word_1_9' title='bbox 2614 347 2716 408; x_wconf 88' lang='lat' dir='ltr'><strong>AD</strong></span> <span class='ocrx_word' id='word_1_10' title='bbox 2762 346 2997 407; x_wconf 82' lang='lat' dir='ltr'>HEBR.</span> 
     </span>
    </p>
   </div>
   <div class='ocr_carea' id='block_1_3' title="bbox 3448 344 3568 406">
    <p class='ocr_par' dir='ltr' id='par_1_3' title="bbox 3448 344 3568 406">
     <span class='ocr_line' id='line_1_3' title="bbox 3448 344 3568 406; baseline 0.017 -2"><span class='ocrx_word' id='word_1_11' title='bbox 3448 344 3568 406; x_wconf 80' lang='lat'>730</span> 
     </span>
    </p>
   </div>
   <div class='ocr_carea' id='block_1_4' title="bbox 226 477 3565 554">
    <p class='ocr_par' dir='ltr' id='par_1_4' title="bbox 226 477 3565 554">
     <span class='ocr_line' id='line_1_4' title="bbox 226 477 3565 554; baseline -0.002 -16"><span class='ocrx_word' id='word_1_12' title='bbox 226 482 346 538; x_wconf 85' lang='lat' dir='ltr'>Ubi</span> <span class='ocrx_word' id='word_1_13' title='bbox 376 482 531 537; x_wconf 91' lang='lat' dir='ltr'>enim</span> <span class='ocrx_word' id='word_1_14' title='bbox 564 480 838 553; x_wconf 85' lang='lat' dir='ltr'>preprius</span> <span class='ocrx_word' id='word_1_15' title='bbox 870 480 1196 552; x_wconf 87' lang='lat' dir='ltr'>inteligitur</span> <span class='ocrx_word' id='word_1_16' title='bbox 1230 481 1703 554; x_wconf 87' lang='lat' dir='ltr'>Filius,superior</span> <span class='ocrx_word' id='word_1_17' title='bbox 1728 486 1817 537; x_wconf 88' lang='lat' dir='ltr'>est</span> <span class='ocrx_word' id='word_1_18' title='bbox 1844 480 1898 547; x_wconf 77' lang='grc' dir='ltr'><strong>Α</strong></span> <span class='ocrx_word' id='word_1_19' title='bbox 1928 480 1998 534; x_wconf 92' lang='lat' dir='ltr'>ad</span> <span class='ocrx_word' id='word_1_20' title='bbox 2031 481 2587 537; x_wconf 77' lang='lat' dir='ltr'>demonstrationem</span> <span class='ocrx_word' id='word_1_21' title='bbox 2619 480 2795 535; x_wconf 89' lang='lat' dir='ltr'>trium</span> <span class='ocrx_word' id='word_1_22' title='bbox 2830 495 3230 552; x_wconf 87' lang='lat' dir='ltr'>personarum,</span> <span class='ocrx_word' id='word_1_23' title='bbox 3272 477 3371 551; x_wconf 86' lang='lat' dir='ltr'>qui</span> <span class='ocrx_word' id='word_1_24' title='bbox 3404 477 3565 533; x_wconf 86' lang='lat' dir='ltr'>scili-</span> 
     </span>
    </p>
   </div>
   <div class='ocr_carea' id='block_1_5' title="bbox 151 571 1815 635">
    <p class='ocr_par' dir='ltr' id='par_1_5' title="bbox 151 571 1815 635">
     <span class='ocr_line' id='line_1_5' title="bbox 151 571 1815 635; baseline -0.001 -6"><span class='ocrx_word' id='word_1_25' title='bbox 151 579 214 629; x_wconf 89' lang='lat' dir='ltr'>et</span> <span class='ocrx_word' id='word_1_26' title='bbox 245 571 664 630; x_wconf 82' lang='lat' dir='ltr'>excellentior:</span> <span class='ocrx_word' id='word_1_27' title='bbox 704 596 724 620; x_wconf 80' lang='grc' dir='ltr'>ι</span> <span class='ocrx_word' id='word_1_28' title='bbox 760 572 941 635; x_wconf 85' lang='lat' dir='ltr'>Quem</span> <span class='ocrx_word' id='word_1_29' title='bbox 975 572 1279 626; x_wconf 80' lang='lat' dir='ltr'>constituit</span> <span class='ocrx_word' id='word_1_30' title='bbox 1335 572 1624 628; x_wconf 63' lang='lat' dir='ltr'>haeredem</span> <span class='ocrx_word' id='word_1_31' title='bbox 1685 574 1815 627; x_wconf 90' lang='lat' dir='ltr'>uni-</span> 
     </span>
    </p>
   </div>
   <div class='ocr_carea' id='block_1_6' title="bbox 151 661 1815 734">
    <p class='ocr_par' dir='ltr' id='par_1_6' title="bbox 151 661 1815 734">
     <span class='ocr_line' id='line_1_6' title="bbox 151 661 1815 734; baseline 0.002 -17"><span class='ocrx_word' id='word_1_32' title='bbox 151 679 490 727; x_wconf 83' lang='lat' dir='ltr'>versorum,</span> <span class='ocrx_word' id='word_1_33' title='bbox 531 684 557 709; x_wconf 87' lang='grc'>››</span> <span class='ocrx_word' id='word_1_34' title='bbox 592 661 649 715; x_wconf 92' lang='lat' dir='ltr'>id</span> <span class='ocrx_word' id='word_1_35' title='bbox 681 667 789 729; x_wconf 88' lang='lat' dir='ltr'>est,</span> <span class='ocrx_word' id='word_1_36' title='bbox 824 661 1005 716; x_wconf 82' lang='lat' dir='ltr'>totius</span> <span class='ocrx_word' id='word_1_37' title='bbox 1037 662 1263 717; x_wconf 91' lang='lat' dir='ltr'>mundi.</span> <span class='ocrx_word' id='word_1_38' title='bbox 1296 662 1419 717; x_wconf 88' lang='lat' dir='ltr'>Non</span> <span class='ocrx_word' id='word_1_39' title='bbox 1444 663 1570 732; x_wconf 89' lang='lat' dir='ltr'>jam</span> <span class='ocrx_word' id='word_1_40' title='bbox 1629 664 1815 734; x_wconf 91' lang='lat' dir='ltr'>portio</span> 
     </span>
    </p>
   </div>
   <div class='ocr_carea' id='block_1_7' title="bbox 156 751 1811 822">
    <p class='ocr_par' dir='ltr' id='par_1_7' title="bbox 156 751 1811 822">
     <span class='ocr_line' id='line_1_7' title="bbox 156 751 1811 822; baseline 0.001 -15"><span class='ocrx_word' id='word_1_41' title='bbox 156 751 397 807; x_wconf 86' lang='lat' dir='ltr'>Domini</span> <span class='ocrx_word' id='word_1_42' title='bbox 449 754 678 805; x_wconf 91' lang='lat' dir='ltr'>tantum</span> <span class='ocrx_word' id='word_1_43' title='bbox 731 752 935 815; x_wconf 86' lang='lat' dir='ltr'>Jacob,</span> <span class='ocrx_word' id='word_1_44' title='bbox 969 755 1025 805; x_wconf 90' lang='lat' dir='ltr'>et</span> <span class='ocrx_word' id='word_1_45' title='bbox 1075 768 1210 822; x_wconf 87' lang='lat' dir='ltr'>pars</span> <span class='ocrx_word' id='word_1_46' title='bbox 1270 753 1397 821; x_wconf 86' lang='lat' dir='ltr'>ejus</span> <span class='ocrx_word' id='word_1_47' title='bbox 1458 753 1652 819; x_wconf 81' lang='lat' dir='ltr'>Israel,</span> <span class='ocrx_word' id='word_1_48' title='bbox 1714 754 1811 808; x_wconf 91' lang='lat' dir='ltr'>sed</span> 
     </span>
    </p>
   </div>
   <div class='ocr_carea' id='block_1_8' title="bbox 155 840 1812 909">
    <p class='ocr_par' dir='ltr' id='par_1_8' title="bbox 155 840 1812 909">
     <span class='ocr_line' id='line_1_8' title="bbox 155 840 1812 909; baseline 0.001 -12"><span class='ocrx_word' id='word_1_49' title='bbox 155 858 370 897; x_wconf 87' lang='lat' dir='ltr'>omnes</span> <span class='ocrx_word' id='word_1_50' title='bbox 418 841 662 895; x_wconf 90' lang='lat' dir='ltr'>omnino</span> <span class='ocrx_word' id='word_1_51' title='bbox 714 840 978 895; x_wconf 88' lang='lat' dir='ltr'>nationes</span> <span class='ocrx_word' id='word_1_52' title='bbox 1009 862 1024 909; x_wconf 67' lang='grc' dir='ltr'><strong>ς</strong></span> <span class='ocrx_word' id='word_1_53' title='bbox 1054 841 1161 896; x_wconf 87' lang='lat' dir='ltr'>hoc</span> <span class='ocrx_word' id='word_1_54' title='bbox 1219 848 1330 902; x_wconf 88' lang='lat' dir='ltr'>est,</span> <span class='ocrx_word' id='word_1_55' title='bbox 1380 842 1591 897; x_wconf 86' lang='lat' dir='ltr'>Filium</span> <span class='ocrx_word' id='word_1_56' title='bbox 1638 860 1812 898; x_wconf 91' lang='lat' dir='ltr'>suum</span> 
     </span>
    </p>
   </div>
   <div class='ocr_carea' id='block_1_9' title="bbox 152 928 1812 986">
    <p class='ocr_par' dir='ltr' id='par_1_9' title="bbox 152 928 1812 986">
     <span class='ocr_line' id='line_1_9' title="bbox 152 928 1812 986; baseline -0.001 0"><span class='ocrx_word' id='word_1_57' title='bbox 152 930 475 986; x_wconf 89' lang='lat' dir='ltr'>Dominum</span> <span class='ocrx_word' id='word_1_58' title='bbox 494 933 763 983; x_wconf 89' lang='lat' dir='ltr'>nostrum</span> <span class='ocrx_word' id='word_1_59' title='bbox 781 928 1069 982; x_wconf 61' lang='lat' dir='ltr'>heredem</span> <span class='ocrx_word' id='word_1_60' title='bbox 1091 929 1812 985; x_wconf 88' lang='lat' dir='ltr'>constituituniversorum</span> 
     </span>
    </p>
   </div>
   <div class='ocr_carea' id='block_1_10' title="bbox 152 1016 1811 1088">
    <p class='ocr_par' dir='ltr' id='par_1_10' title="bbox 152 1016 1811 1088">
     <span class='ocr_line' id='line_1_10' title="bbox 152 1016 1811 1088; baseline -0.001 -14"><span class='ocrx_word' id='word_1_61' title='bbox 152 1019 310 1075; x_wconf 92' lang='lat' dir='ltr'>sicut</span> <span class='ocrx_word' id='word_1_62' title='bbox 341 1017 402 1072; x_wconf 90' lang='lat' dir='ltr'>in</span> <span class='ocrx_word' id='word_1_63' title='bbox 433 1018 678 1072; x_wconf 85' lang='lat' dir='ltr'>Actibus</span> <span class='ocrx_word' id='word_1_64' title='bbox 724 1016 1122 1087; x_wconf 85' lang='lat' dir='ltr'>apostolorum</span> <span class='ocrx_word' id='word_1_65' title='bbox 1177 1017 1381 1071; x_wconf 87' lang='lat' dir='ltr'>Petrus</span> <span class='ocrx_word' id='word_1_66' title='bbox 1425 1017 1704 1088; x_wconf 84' lang='lat' dir='ltr'>loquitur,</span> <span class='ocrx_word' id='word_1_67' title='bbox 1755 1018 1811 1072; x_wconf 90' lang='lat' dir='ltr'>di</span> 
     </span>
    </p>
   </div>
   <div class='ocr_carea' id='block_1_11' title="bbox 154 1106 1817 1171">
    <p class='ocr_par' dir='ltr' id='par_1_11' title="bbox 154 1106 1817 1171">
     <span class='ocr_line' id='line_1_11' title="bbox 154 1106 1817 1171; baseline -0.002 -7"><span class='ocrx_word' id='word_1_68' title='bbox 154 1124 292 1164; x_wconf 85' lang='lat' dir='ltr'>cens</span> <span class='ocrx_word' id='word_1_69' title='bbox 329 1126 343 1162; x_wconf 87' lang='lat'>:</span> <span class='ocrx_word' id='word_1_70' title='bbox 383 1127 412 1158; x_wconf 78' lang='grc' dir='ltr'>α</span> <span class='ocrx_word' id='word_1_71' title='bbox 444 1108 513 1161; x_wconf 87' lang='lat' dir='ltr'>Et</span> <span class='ocrx_word' id='word_1_72' title='bbox 544 1106 855 1161; x_wconf 92' lang='lat' dir='ltr'>Dominum</span> <span class='ocrx_word' id='word_1_73' title='bbox 890 1122 1047 1171; x_wconf 87' lang='lat' dir='ltr'>eum,</span> <span class='ocrx_word' id='word_1_74' title='bbox 1082 1111 1138 1160; x_wconf 91' lang='lat' dir='ltr'>et</span> <span class='ocrx_word' id='word_1_75' title='bbox 1167 1106 1463 1162; x_wconf 83' lang='lat' dir='ltr'>Christum</span> <span class='ocrx_word' id='word_1_76' title='bbox 1497 1107 1651 1161; x_wconf 88' lang='lat' dir='ltr'>Deus</span> <span class='ocrx_word' id='word_1_77' title='bbox 1683 1106 1817 1161; x_wconf 76' lang='lat' dir='ltr'>fecit</span> 
     </span>
    </p>
   </div>
   <div class='ocr_carea' id='block_1_12' title="bbox 156 1194 1813 1267">
    <p class='ocr_par' dir='ltr' id='par_1_12' title="bbox 156 1194 1813 1267">
     <span class='ocr_line' id='line_1_12' title="bbox 156 1194 1813 1267; baseline -0.001 -16"><span class='ocrx_word' id='word_1_78' title='bbox 156 1198 292 1267; x_wconf 81' lang='lat' dir='ltr'>(Act.</span> <span class='ocrx_word' id='word_1_79' title='bbox 330 1214 396 1262; x_wconf 88' lang='grc' dir='ltr'>ιι,</span> <span class='ocrx_word' id='word_1_80' title='bbox 426 1197 538 1265; x_wconf 84' lang='lat'>36).</span> <span class='ocrx_word' id='word_1_81' title='bbox 572 1218 599 1245; x_wconf 82' lang='grc'><strong>››</strong></span> <span class='ocrx_word' id='word_1_82' title='bbox 636 1194 889 1250; x_wconf 65' lang='lat' dir='ltr'>Haaredis</span> <span class='ocrx_word' id='word_1_83' title='bbox 935 1200 1131 1250; x_wconf 85' lang='lat' dir='ltr'>autem</span> <span class='ocrx_word' id='word_1_84' title='bbox 1193 1194 1382 1250; x_wconf 86' lang='lat' dir='ltr'>utitur</span> <span class='ocrx_word' id='word_1_85' title='bbox 1438 1196 1695 1261; x_wconf 87' lang='lat' dir='ltr'>nomine,</span> <span class='ocrx_word' id='word_1_86' title='bbox 1749 1200 1813 1251; x_wconf 90' lang='lat' dir='ltr'>ut</span> 
     </span>
    </p>
   </div>
   <div class='ocr_carea' id='block_1_13' title="bbox 156 1284 1813 1355">
    <p class='ocr_par' dir='ltr' id='par_1_13' title="bbox 156 1284 1813 1355">
     <span class='ocr_line' id='line_1_13' title="bbox 156 1284 1813 1355; baseline 0 -16"><span class='ocrx_word' id='word_1_87' title='bbox 156 1286 241 1340; x_wconf 89' lang='lat' dir='ltr'>ibi</span> <span class='ocrx_word' id='word_1_88' title='bbox 276 1284 527 1355; x_wconf 87' lang='lat' dir='ltr'>quidem</span> <span class='ocrx_word' id='word_1_89' title='bbox 557 1300 656 1355; x_wconf 89' lang='lat' dir='ltr'>per</span> <span class='ocrx_word' id='word_1_90' title='bbox 686 1284 795 1338; x_wconf 90' lang='lat' dir='ltr'>hoc</span> <span class='ocrx_word' id='word_1_91' title='bbox 827 1289 1075 1351; x_wconf 87' lang='lat' dir='ltr'>astruat,</span> <span class='ocrx_word' id='word_1_92' title='bbox 1109 1288 1165 1338; x_wconf 88' lang='lat' dir='ltr'>et</span> <span class='ocrx_word' id='word_1_93' title='bbox 1195 1284 1463 1339; x_wconf 81' lang='lat' dir='ltr'>ostendat</span> <span class='ocrx_word' id='word_1_94' title='bbox 1494 1285 1644 1353; x_wconf 89' lang='lat' dir='ltr'>quod</span> <span class='ocrx_word' id='word_1_95' title='bbox 1681 1300 1813 1355; x_wconf 92' lang='lat' dir='ltr'>pro-</span> 
     </span>
    </p>
   </div>
   <div class='ocr_carea' id='block_1_14' title="bbox 161 1372 1811 1445">
    <p class='ocr_par' dir='ltr' id='par_1_14' title="bbox 161 1372 1811 1445">
     <span class='ocr_line' id='line_1_14' title="bbox 161 1372 1811 1445; baseline -0.001 -16"><span class='ocrx_word' id='word_1_96' title='bbox 161 1375 339 1445; x_wconf 88' lang='lat' dir='ltr'>prius</span> <span class='ocrx_word' id='word_1_97' title='bbox 373 1373 451 1428; x_wconf 89' lang='lat' dir='ltr'>sit</span> <span class='ocrx_word' id='word_1_98' title='bbox 474 1373 733 1437; x_wconf 90' lang='lat' dir='ltr'>Filius,et</span> <span class='ocrx_word' id='word_1_99' title='bbox 764 1374 916 1444; x_wconf 90' lang='lat' dir='ltr'>quod</span> <span class='ocrx_word' id='word_1_100' title='bbox 933 1372 1348 1428; x_wconf 84' lang='lat' dir='ltr'>dominationis</span> <span class='ocrx_word' id='word_1_101' title='bbox 1380 1373 1463 1427; x_wconf 90' lang='lat' dir='ltr'>illi</span> <span class='ocrx_word' id='word_1_102' title='bbox 1496 1374 1655 1428; x_wconf 91' lang='lat' dir='ltr'>nulla</span> <span class='ocrx_word' id='word_1_103' title='bbox 1677 1390 1811 1428; x_wconf 91' lang='lat' dir='ltr'>con-</span> 
     </span>
    </p>
   </div>
   <div class='ocr_carea' id='block_1_15' title="bbox 158 1462 1813 1534">
    <p class='ocr_par' dir='ltr' id='par_1_15' title="bbox 158 1462 1813 1534">
     <span class='ocr_line' id='line_1_15' title="bbox 158 1462 1813 1534; baseline 0 -17"><span class='ocrx_word' id='word_1_104' title='bbox 158 1463 355 1534; x_wconf 81' lang='lat' dir='ltr'>tingat</span> <span class='ocrx_word' id='word_1_105' title='bbox 386 1463 656 1519; x_wconf 82' lang='lat' dir='ltr'>amissio.</span> <span class='ocrx_word' id='word_1_106' title='bbox 694 1463 907 1517; x_wconf 91' lang='lat' dir='ltr'>Deinde</span> <span class='ocrx_word' id='word_1_107' title='bbox 937 1464 1008 1516; x_wconf 91' lang='lat' dir='ltr'>ad</span> <span class='ocrx_word' id='word_1_108' title='bbox 1041 1462 1246 1517; x_wconf 83' lang='lat' dir='ltr'>altiora</span> <span class='ocrx_word' id='word_1_109' title='bbox 1268 1479 1596 1517; x_wconf 89' lang='lat' dir='ltr'>sermonem</span> <span class='ocrx_word' id='word_1_110' title='bbox 1626 1462 1813 1517; x_wconf 87' lang='lat' dir='ltr'>tendit</span> 
     </span>
    </p>
   </div>
   <div class='ocr_carea' id='block_1_16' title="bbox 160 1551 1813 1623">
    <p class='ocr_par' dir='ltr' id='par_1_16' title="bbox 160 1551 1813 1623">
     <span class='ocr_line' id='line_1_16' title="bbox 160 1551 1813 1623; baseline -0.002 -16"><span class='ocrx_word' id='word_1_111' title='bbox 160 1553 412 1607; x_wconf 91' lang='lat' dir='ltr'>dicendo</span> <span class='ocrx_word' id='word_1_112' title='bbox 445 1571 457 1607; x_wconf 89' lang='lat'>:</span> <span class='ocrx_word' id='word_1_113' title='bbox 494 1574 519 1600; x_wconf 93' lang='grc'>‹‹</span> <span class='ocrx_word' id='word_1_114' title='bbox 558 1552 663 1606; x_wconf 91' lang='lat' dir='ltr'>Per</span> <span class='ocrx_word' id='word_1_115' title='bbox 693 1568 865 1623; x_wconf 89' lang='lat' dir='ltr'>quem</span> <span class='ocrx_word' id='word_1_116' title='bbox 898 1551 1031 1606; x_wconf 80' lang='lat' dir='ltr'>fecit</span> <span class='ocrx_word' id='word_1_117' title='bbox 1060 1556 1116 1606; x_wconf 92' lang='lat' dir='ltr'>et</span> <span class='ocrx_word' id='word_1_118' title='bbox 1146 1551 1410 1619; x_wconf 63' lang='lat' dir='ltr'>saecula,»</span> <span class='ocrx_word' id='word_1_119' title='bbox 1449 1556 1513 1605; x_wconf 92' lang='lat' dir='ltr'>ut</span> <span class='ocrx_word' id='word_1_120' title='bbox 1546 1551 1813 1606; x_wconf 84' lang='lat' dir='ltr'>ostende-</span> 
     </span>
    </p>
   </div>
   <div class='ocr_carea' id='block_1_17' title="bbox 157 1640 1811 1697">
    <p class='ocr_par' dir='ltr' id='par_1_17' title="bbox 157 1640 1811 1697">
     <span class='ocr_line' id='line_1_17' title="bbox 157 1640 1811 1697; baseline -0.001 -1"><span class='ocrx_word' id='word_1_121' title='bbox 157 1647 242 1697; x_wconf 90' lang='lat' dir='ltr'>ret</span> <span class='ocrx_word' id='word_1_122' title='bbox 271 1641 554 1696; x_wconf 88' lang='lat' dir='ltr'>eumdem</span> <span class='ocrx_word' id='word_1_123' title='bbox 586 1640 925 1695; x_wconf 87' lang='lat' dir='ltr'>novissimis</span> <span class='ocrx_word' id='word_1_124' title='bbox 947 1640 1152 1695; x_wconf 90' lang='lat' dir='ltr'>diebus</span> <span class='ocrx_word' id='word_1_125' title='bbox 1174 1641 1403 1697; x_wconf 81' lang='lat' dir='ltr'>venisse</span> <span class='ocrx_word' id='word_1_126' title='bbox 1434 1641 1490 1694; x_wconf 92' lang='lat' dir='ltr'>in</span> <span class='ocrx_word' id='word_1_127' title='bbox 1526 1641 1811 1695; x_wconf 88' lang='lat' dir='ltr'>mundum</span> 
     </span>
    </p>
   </div>
   <div class='ocr_carea' id='block_1_18' title="bbox 158 1730 1811 1803">
    <p class='ocr_par' dir='ltr' id='par_1_18' title="bbox 158 1730 1811 1803">
     <span class='ocr_line' id='line_1_18' title="bbox 158 1730 1811 1803; baseline -0.002 -17"><span class='ocrx_word' id='word_1_128' title='bbox 158 1747 258 1803; x_wconf 89' lang='lat' dir='ltr'>per</span> <span class='ocrx_word' id='word_1_129' title='bbox 287 1746 468 1802; x_wconf 89' lang='lat' dir='ltr'>quem</span> <span class='ocrx_word' id='word_1_130' title='bbox 508 1730 700 1785; x_wconf 83' lang='lat' dir='ltr'>factus</span> <span class='ocrx_word' id='word_1_131' title='bbox 721 1734 810 1784; x_wconf 89' lang='lat' dir='ltr'>est</span> <span class='ocrx_word' id='word_1_132' title='bbox 841 1731 1120 1798; x_wconf 89' lang='lat' dir='ltr'>mundus,</span> <span class='ocrx_word' id='word_1_133' title='bbox 1184 1730 1650 1800; x_wconf 84' lang='lat' dir='ltr'>magnitudinem</span> <span class='ocrx_word' id='word_1_134' title='bbox 1683 1730 1811 1799; x_wconf 83' lang='lat' dir='ltr'>ejus</span> 
     </span>
    </p>
   </div>
   <div class='ocr_carea' id='block_1_19' title="bbox 157 1818 1891 1917">
    <p class='ocr_par' dir='ltr' id='par_1_19' title="bbox 157 1818 1891 1917">
     <span class='ocr_line' id='line_1_19' title="bbox 157 1818 1891 1917; baseline -0.002 -42"><span class='ocrx_word' id='word_1_135' title='bbox 157 1820 611 1890; x_wconf 88' lang='lat' dir='ltr'>ostendens,qui</span> <span class='ocrx_word' id='word_1_136' title='bbox 649 1820 759 1872; x_wconf 81' lang='lat' dir='ltr'>fuit</span> <span class='ocrx_word' id='word_1_137' title='bbox 784 1819 923 1873; x_wconf 92' lang='lat' dir='ltr'>Novi</span> <span class='ocrx_word' id='word_1_138' title='bbox 957 1820 1313 1873; x_wconf 89' lang='lat' dir='ltr'>Testamenti</span> <span class='ocrx_word' id='word_1_139' title='bbox 1349 1818 1497 1873; x_wconf 82' lang='lat' dir='ltr'>lator</span> <span class='ocrx_word' id='word_1_140' title='bbox 1526 1823 1583 1873; x_wconf 88' lang='lat' dir='ltr'>et</span> <span class='ocrx_word' id='word_1_141' title='bbox 1613 1823 1814 1874; x_wconf 89' lang='lat' dir='ltr'>auctor</span> <span class='ocrx_word' id='word_1_142' title='bbox 1845 1854 1891 1917; x_wconf 79' lang='grc' dir='ltr'><strong>Β</strong></span> 
     </span>
    </p>
   </div>
   <div class='ocr_carea' id='block_1_20' title="bbox 160 1908 1814 1980">
    <p class='ocr_par' dir='ltr' id='par_1_20' title="bbox 160 1908 1814 1980">
     <span class='ocr_line' id='line_1_20' title="bbox 160 1908 1814 1980; baseline -0.001 -15"><span class='ocrx_word' id='word_1_143' title='bbox 160 1910 263 1965; x_wconf 90' lang='lat' dir='ltr'>Ubi</span> <span class='ocrx_word' id='word_1_144' title='bbox 298 1926 461 1964; x_wconf 84' lang='lat' dir='ltr'>nunc</span> <span class='ocrx_word' id='word_1_145' title='bbox 494 1913 637 1963; x_wconf 87' lang='lat' dir='ltr'>sunt</span> <span class='ocrx_word' id='word_1_146' title='bbox 668 1908 767 1979; x_wconf 87' lang='lat' dir='ltr'>qui</span> <span class='ocrx_word' id='word_1_147' title='bbox 801 1908 1006 1962; x_wconf 86' lang='lat' dir='ltr'>dicunt</span> <span class='ocrx_word' id='word_1_148' title='bbox 1037 1926 1049 1973; x_wconf 91' lang='lat'><strong>;</strong></span> <span class='ocrx_word' id='word_1_149' title='bbox 1086 1910 1220 1963; x_wconf 85' lang='lat' dir='ltr'>Erat</span> <span class='ocrx_word' id='word_1_150' title='bbox 1250 1910 1481 1980; x_wconf 85' lang='lat' dir='ltr'>quando</span> <span class='ocrx_word' id='word_1_151' title='bbox 1513 1924 1626 1963; x_wconf 90' lang='lat' dir='ltr'>non</span> <span class='ocrx_word' id='word_1_152' title='bbox 1660 1908 1814 1964; x_wconf 82' lang='lat' dir='ltr'>erat?</span> 
     </span>
    </p>
   </div>
   <div class='ocr_carea' id='block_1_21' title="bbox 160 1996 1816 2070">
    <p class='ocr_par' dir='ltr' id='par_1_21' title="bbox 160 1996 1816 2070">
     <span class='ocr_line' id='line_1_21' title="bbox 160 1996 1816 2070; baseline 0.001 -17"><span class='ocrx_word' id='word_1_153' title='bbox 160 1999 316 2063; x_wconf 89' lang='lat' dir='ltr'>Quod</span> <span class='ocrx_word' id='word_1_154' title='bbox 344 1997 509 2053; x_wconf 88' lang='lat' dir='ltr'>enim</span> <span class='ocrx_word' id='word_1_155' title='bbox 540 1996 899 2069; x_wconf 84' lang='lat' dir='ltr'>evangelista</span> <span class='ocrx_word' id='word_1_156' title='bbox 917 1998 1173 2053; x_wconf 86' lang='lat' dir='ltr'>Joannes</span> <span class='ocrx_word' id='word_1_157' title='bbox 1196 1998 1337 2052; x_wconf 88' lang='lat' dir='ltr'>dicit</span> <span class='ocrx_word' id='word_1_158' title='bbox 1369 2015 1380 2051; x_wconf 90' lang='lat'>:</span> <span class='ocrx_word' id='word_1_159' title='bbox 1420 2018 1446 2047; x_wconf 92' lang='grc'>‹‹</span> <span class='ocrx_word' id='word_1_160' title='bbox 1479 1997 1687 2052; x_wconf 88' lang='lat' dir='ltr'>Omnia</span> <span class='ocrx_word' id='word_1_161' title='bbox 1714 2014 1816 2070; x_wconf 92' lang='lat' dir='ltr'>per</span> 
     </span>
    </p>
   </div>
   <div class='ocr_carea' id='block_1_22' title="bbox 160 2086 1812 2160">
    <p class='ocr_par' dir='ltr' id='par_1_22' title="bbox 160 2086 1812 2160">
     <span class='ocr_line' id='line_1_22' title="bbox 160 2086 1812 2160; baseline 0 -18"><span class='ocrx_word' id='word_1_162' title='bbox 160 2087 351 2160; x_wconf 87' lang='lat' dir='ltr'>ipsum</span> <span class='ocrx_word' id='word_1_163' title='bbox 387 2088 549 2144; x_wconf 81' lang='lat' dir='ltr'>facta</span> <span class='ocrx_word' id='word_1_164' title='bbox 580 2089 722 2141; x_wconf 89' lang='lat' dir='ltr'>sunt</span> <span class='ocrx_word' id='word_1_165' title='bbox 750 2087 938 2157; x_wconf 86' lang='lat' dir='ltr'>(Joan.</span> <span class='ocrx_word' id='word_1_166' title='bbox 970 2103 1009 2153; x_wconf 85' lang='lat'>1,</span> <span class='ocrx_word' id='word_1_167' title='bbox 1043 2087 1118 2153; x_wconf 88' lang='lat'>3),</span> <span class='ocrx_word' id='word_1_168' title='bbox 1156 2108 1181 2133; x_wconf 87' lang='grc'>››</span> <span class='ocrx_word' id='word_1_169' title='bbox 1244 2086 1349 2140; x_wconf 89' lang='lat' dir='ltr'>hoc</span> <span class='ocrx_word' id='word_1_170' title='bbox 1380 2086 1490 2141; x_wconf 87' lang='lat' dir='ltr'>iste</span> <span class='ocrx_word' id='word_1_171' title='bbox 1521 2086 1812 2159; x_wconf 86' lang='lat' dir='ltr'>signiﬁca-</span> 
     </span>
    </p>
   </div>
   <div class='ocr_carea' id='block_1_23' title="bbox 156 2174 1815 2245">
    <p class='ocr_par' dir='ltr' id='par_1_23' title="bbox 156 2174 1815 2245">
     <span class='ocr_line' id='line_1_23' title="bbox 156 2174 1815 2245; baseline 0.001 -15"><span class='ocrx_word' id='word_1_172' title='bbox 156 2176 252 2243; x_wconf 88' lang='lat' dir='ltr'>vit,</span> <span class='ocrx_word' id='word_1_173' title='bbox 283 2175 542 2231; x_wconf 86' lang='lat' dir='ltr'>dicendo</span> <span class='ocrx_word' id='word_1_174' title='bbox 576 2193 589 2230; x_wconf 92' lang='lat'><strong>:</strong></span> <span class='ocrx_word' id='word_1_175' title='bbox 625 2198 653 2225; x_wconf 84' lang='grc'><em>‹‹</em></span> <span class='ocrx_word' id='word_1_176' title='bbox 690 2175 800 2229; x_wconf 91' lang='lat' dir='ltr'>Per</span> <span class='ocrx_word' id='word_1_177' title='bbox 830 2191 1005 2245; x_wconf 87' lang='lat' dir='ltr'>quem</span> <span class='ocrx_word' id='word_1_178' title='bbox 1038 2175 1173 2229; x_wconf 80' lang='lat' dir='ltr'>fecit</span> <span class='ocrx_word' id='word_1_179' title='bbox 1226 2179 1283 2230; x_wconf 91' lang='lat' dir='ltr'>et</span> <span class='ocrx_word' id='word_1_180' title='bbox 1326 2174 1559 2231; x_wconf 61' lang='lat' dir='ltr'>secula.</span> <span class='ocrx_word' id='word_1_181' title='bbox 1598 2198 1624 2223; x_wconf 87' lang='grc'>››</span> <span class='ocrx_word' id='word_1_182' title='bbox 1654 2176 1815 2231; x_wconf 91' lang='lat' dir='ltr'>Unde</span> 
     </span>
    </p>
   </div>
   <div class='ocr_carea' id='block_1_24' title="bbox 158 2262 1813 2334">
    <p class='ocr_par' dir='ltr' id='par_1_24' title="bbox 158 2262 1813 2334">
     <span class='ocr_line' id='line_1_24' title="bbox 158 2262 1813 2334; baseline 0.001 -15"><span class='ocrx_word' id='word_1_183' title='bbox 158 2264 327 2320; x_wconf 87' lang='lat' dir='ltr'>etiam</span> <span class='ocrx_word' id='word_1_184' title='bbox 358 2264 474 2320; x_wconf 90' lang='lat' dir='ltr'>iste</span> <span class='ocrx_word' id='word_1_185' title='bbox 506 2268 565 2318; x_wconf 87' lang='lat' dir='ltr'>et</span> <span class='ocrx_word' id='word_1_186' title='bbox 596 2268 731 2319; x_wconf 87' lang='lat' dir='ltr'>ante</span> <span class='ocrx_word' id='word_1_187' title='bbox 762 2263 961 2318; x_wconf 88' lang='lat' dir='ltr'>omnia</span> <span class='ocrx_word' id='word_1_188' title='bbox 992 2262 1225 2331; x_wconf 74' lang='lat' dir='ltr'>saecula,</span> <span class='ocrx_word' id='word_1_189' title='bbox 1258 2268 1315 2317; x_wconf 92' lang='lat' dir='ltr'>et</span> <span class='ocrx_word' id='word_1_190' title='bbox 1373 2263 1639 2334; x_wconf 86' lang='lat' dir='ltr'>opiﬁcem</span> <span class='ocrx_word' id='word_1_191' title='bbox 1679 2281 1813 2320; x_wconf 91' lang='lat' dir='ltr'>eum</span> 
     </span>
    </p>
   </div>
   <div class='ocr_carea' id='block_1_25' title="bbox 157 2351 1813 2423">
    <p class='ocr_par' dir='ltr' id='par_1_25' title="bbox 157 2351 1813 2423">
     <span class='ocr_line' id='line_1_25' title="bbox 157 2351 1813 2423; baseline 0.001 -15"><span class='ocrx_word' id='word_1_192' title='bbox 157 2369 283 2409; x_wconf 89' lang='lat' dir='ltr'>esse</span> <span class='ocrx_word' id='word_1_193' title='bbox 314 2353 602 2408; x_wconf 86' lang='lat' dir='ltr'>declarat.</span> <span class='ocrx_word' id='word_1_194' title='bbox 636 2352 770 2407; x_wconf 91' lang='lat' dir='ltr'>Post</span> <span class='ocrx_word' id='word_1_195' title='bbox 801 2352 943 2418; x_wconf 85' lang='lat' dir='ltr'>haec,</span> <span class='ocrx_word' id='word_1_196' title='bbox 979 2351 1335 2423; x_wconf 91' lang='lat' dir='ltr'>quibusdam</span> <span class='ocrx_word' id='word_1_197' title='bbox 1366 2353 1649 2423; x_wconf 85' lang='lat' dir='ltr'>gradibus</span> <span class='ocrx_word' id='word_1_198' title='bbox 1701 2353 1813 2411; x_wconf 87' lang='lat' dir='ltr'>ele-</span> 
     </span>
    </p>
   </div>
   <div class='ocr_carea' id='block_1_26' title="bbox 157 2442 1815 2515">
    <p class='ocr_par' dir='ltr' id='par_1_26' title="bbox 157 2442 1815 2515">
     <span class='ocr_line' id='line_1_26' title="bbox 157 2442 1815 2515; baseline 0.001 -19"><span class='ocrx_word' id='word_1_199' title='bbox 157 2446 370 2515; x_wconf 89' lang='lat' dir='ltr'>ganter</span> <span class='ocrx_word' id='word_1_200' title='bbox 402 2446 600 2509; x_wconf 88' lang='lat' dir='ltr'>utens,</span> <span class='ocrx_word' id='word_1_201' title='bbox 631 2442 890 2513; x_wconf 88' lang='lat' dir='ltr'>pervenit</span> <span class='ocrx_word' id='word_1_202' title='bbox 918 2442 987 2495; x_wconf 89' lang='lat' dir='ltr'>ad</span> <span class='ocrx_word' id='word_1_203' title='bbox 1032 2442 1112 2506; x_wconf 92' lang='lat' dir='ltr'>id,</span> <span class='ocrx_word' id='word_1_204' title='bbox 1167 2442 1322 2513; x_wconf 92' lang='lat' dir='ltr'>quod</span> <span class='ocrx_word' id='word_1_205' title='bbox 1382 2442 1655 2497; x_wconf 85' lang='lat' dir='ltr'>omnibus</span> <span class='ocrx_word' id='word_1_206' title='bbox 1686 2444 1815 2499; x_wconf 89' lang='lat' dir='ltr'>istis</span> 
     </span>
    </p>
   </div>
   <div class='ocr_carea' id='block_1_27' title="bbox 158 2529 1814 2603">
    <p class='ocr_par' dir='ltr' id='par_1_27' title="bbox 158 2529 1814 2603">
     <span class='ocr_line' id='line_1_27' title="bbox 158 2529 1814 2603; baseline 0.001 -17"><span class='ocrx_word' id='word_1_207' title='bbox 158 2548 289 2603; x_wconf 59' lang='lat' dir='ltr'>qua</span> <span class='ocrx_word' id='word_1_208' title='bbox 322 2546 511 2602; x_wconf 85' lang='lat' dir='ltr'>supra</span> <span class='ocrx_word' id='word_1_209' title='bbox 541 2531 704 2594; x_wconf 76' lang='lat' dir='ltr'>dixit,</span> <span class='ocrx_word' id='word_1_210' title='bbox 738 2529 927 2585; x_wconf 91' lang='lat' dir='ltr'>multo</span> <span class='ocrx_word' id='word_1_211' title='bbox 958 2530 1147 2602; x_wconf 84' lang='lat' dir='ltr'>magis</span> <span class='ocrx_word' id='word_1_212' title='bbox 1208 2535 1296 2585; x_wconf 88' lang='lat' dir='ltr'>est</span> <span class='ocrx_word' id='word_1_213' title='bbox 1325 2536 1382 2586; x_wconf 90' lang='lat' dir='ltr'>et</span> <span class='ocrx_word' id='word_1_214' title='bbox 1412 2532 1694 2599; x_wconf 83' lang='lat' dir='ltr'>insonuit,</span> <span class='ocrx_word' id='word_1_215' title='bbox 1726 2532 1814 2587; x_wconf 92' lang='lat' dir='ltr'>di-</span> 
     </span>
    </p>
   </div>
   <div class='ocr_carea' id='block_1_28' title="bbox 158 2618 1811 2693">
    <p class='ocr_par' dir='ltr' id='par_1_28' title="bbox 158 2618 1811 2693">
     <span class='ocr_line' id='line_1_28' title="bbox 158 2618 1811 2693; baseline 0.001 -19"><span class='ocrx_word' id='word_1_216' title='bbox 158 2636 294 2675; x_wconf 89' lang='lat' dir='ltr'>cens</span> <span class='ocrx_word' id='word_1_217' title='bbox 327 2637 342 2674; x_wconf 92' lang='lat'><strong><em>:</em></strong></span> <span class='ocrx_word' id='word_1_218' title='bbox 377 2643 405 2670; x_wconf 87' lang='lat'><strong>«</strong></span> <span class='ocrx_word' id='word_1_219' title='bbox 441 2618 553 2682; x_wconf 87' lang='lat' dir='ltr'>Qui</span> <span class='ocrx_word' id='word_1_220' title='bbox 595 2624 683 2674; x_wconf 88' lang='lat' dir='ltr'>est</span> <span class='ocrx_word' id='word_1_221' title='bbox 717 2619 993 2691; x_wconf 88' lang='lat' dir='ltr'>splendor</span> <span class='ocrx_word' id='word_1_222' title='bbox 1052 2619 1268 2690; x_wconf 66' lang='lat' dir='ltr'>gloriae,</span> <span class='ocrx_word' id='word_1_223' title='bbox 1328 2626 1384 2675; x_wconf 93' lang='lat' dir='ltr'>et</span> <span class='ocrx_word' id='word_1_224' title='bbox 1439 2622 1625 2693; x_wconf 89' lang='lat' dir='ltr'>ﬁgura</span> <span class='ocrx_word' id='word_1_225' title='bbox 1674 2622 1811 2677; x_wconf 84' lang='lat' dir='ltr'>sub-</span> 
     </span>
    </p>
   </div>
   <div class='ocr_carea' id='block_1_29' title="bbox 161 2708 1811 2780">
    <p class='ocr_par' dir='ltr' id='par_1_29' title="bbox 161 2708 1811 2780">
     <span class='ocr_line' id='line_1_29' title="bbox 161 2708 1811 2780; baseline 0.001 -16"><span class='ocrx_word' id='word_1_226' title='bbox 161 2709 383 2764; x_wconf 65' lang='lat' dir='ltr'>stantiae</span> <span class='ocrx_word' id='word_1_227' title='bbox 415 2711 945 2780; x_wconf 87' lang='lat' dir='ltr'>ejus,portansque</span> <span class='ocrx_word' id='word_1_228' title='bbox 987 2708 1183 2763; x_wconf 87' lang='lat' dir='ltr'>omnia</span> <span class='ocrx_word' id='word_1_229' title='bbox 1212 2710 1388 2765; x_wconf 89' lang='lat' dir='ltr'>verbo</span> <span class='ocrx_word' id='word_1_230' title='bbox 1417 2711 1652 2765; x_wconf 89' lang='lat' dir='ltr'>virtutis</span> <span class='ocrx_word' id='word_1_231' title='bbox 1674 2727 1811 2779; x_wconf 66' lang='lat' dir='ltr'>suae,</span> 
     </span>
    </p>
   </div>
   <div class='ocr_carea' id='block_1_30' title="bbox 164 2798 1817 2872">
    <p class='ocr_par' dir='ltr' id='par_1_30' title="bbox 164 2798 1817 2872">
     <span class='ocr_line' id='line_1_30' title="bbox 164 2798 1817 2872; baseline 0.001 -19"><span class='ocrx_word' id='word_1_232' title='bbox 164 2799 577 2872; x_wconf 69' lang='lat' dir='ltr'>purgationmn</span> <span class='ocrx_word' id='word_1_233' title='bbox 596 2802 968 2869; x_wconf 88' lang='lat' dir='ltr'>peccatorum</span> <span class='ocrx_word' id='word_1_234' title='bbox 1002 2798 1275 2853; x_wconf 80' lang='lat' dir='ltr'>faciens.»</span> <span class='ocrx_word' id='word_1_235' title='bbox 1307 2799 1649 2853; x_wconf 84' lang='lat' dir='ltr'>Multaenim</span> <span class='ocrx_word' id='word_1_236' title='bbox 1684 2816 1817 2854; x_wconf 88' lang='lat' dir='ltr'>vera</span> 
     </span>
    </p>
   </div>
   <div class='ocr_carea' id='block_1_31' title="bbox 167 2885 1815 2959">
    <p class='ocr_par' dir='ltr' id='par_1_31' title="bbox 167 2885 1815 2959">
     <span class='ocr_line' id='line_1_31' title="bbox 167 2885 1815 2959; baseline 0.001 -16"><span class='ocrx_word' id='word_1_237' title='bbox 167 2889 230 2943; x_wconf 90' lang='lat' dir='ltr'>de</span> <span class='ocrx_word' id='word_1_238' title='bbox 266 2890 372 2944; x_wconf 86' lang='lat' dir='ltr'>Deo</span> <span class='ocrx_word' id='word_1_239' title='bbox 404 2885 827 2959; x_wconf 83' lang='lat' dir='ltr'>intelligimus,</span> <span class='ocrx_word' id='word_1_240' title='bbox 862 2904 988 2958; x_wconf 69' lang='lat' dir='ltr'>quae</span> <span class='ocrx_word' id='word_1_241' title='bbox 1020 2886 1178 2958; x_wconf 89' lang='lat' dir='ltr'>loqui</span> <span class='ocrx_word' id='word_1_242' title='bbox 1221 2887 1452 2959; x_wconf 89' lang='lat' dir='ltr'>penitus</span> <span class='ocrx_word' id='word_1_243' title='bbox 1511 2905 1622 2942; x_wconf 91' lang='lat' dir='ltr'>non</span> <span class='ocrx_word' id='word_1_244' title='bbox 1658 2887 1815 2944; x_wconf 88' lang='lat' dir='ltr'>vale-</span> 
     </span>
    </p>
   </div>
   <div class='ocr_carea' id='block_1_32' title="bbox 164 2975 1814 3049">
    <p class='ocr_par' dir='ltr' id='par_1_32' title="bbox 164 2975 1814 3049">
     <span class='ocr_line' id='line_1_32' title="bbox 164 2975 1814 3049; baseline 0.001 -17"><span class='ocrx_word' id='word_1_245' title='bbox 164 2994 309 3033; x_wconf 91' lang='lat' dir='ltr'>mus.</span> <span class='ocrx_word' id='word_1_246' title='bbox 344 2976 546 3033; x_wconf 77' lang='lat' dir='ltr'>Multa</span> <span class='ocrx_word' id='word_1_247' title='bbox 574 2975 714 3032; x_wconf 87' lang='lat' dir='ltr'>item</span> <span class='ocrx_word' id='word_1_248' title='bbox 747 2976 1063 3046; x_wconf 87' lang='lat' dir='ltr'>loquimur,</span> <span class='ocrx_word' id='word_1_249' title='bbox 1098 2980 1155 3031; x_wconf 89' lang='lat' dir='ltr'>et</span> <span class='ocrx_word' id='word_1_250' title='bbox 1212 2993 1280 3032; x_wconf 86' lang='lat' dir='ltr'>ea</span> <span class='ocrx_word' id='word_1_251' title='bbox 1336 2977 1658 3049; x_wconf 86' lang='lat' dir='ltr'>intelligere</span> <span class='ocrx_word' id='word_1_252' title='bbox 1701 2996 1814 3034; x_wconf 91' lang='lat' dir='ltr'>non</span> 
     </span>
    </p>
   </div>
   <div class='ocr_carea' id='block_1_33' title="bbox 164 3065 1814 3137">
    <p class='ocr_par' dir='ltr' id='par_1_33' title="bbox 164 3065 1814 3137">
     <span class='ocr_line' id='line_1_33' title="bbox 164 3065 1814 3137; baseline 0.001 -15"><span class='ocrx_word' id='word_1_253' title='bbox 164 3084 364 3123; x_wconf 89' lang='lat' dir='ltr'>sumus</span> <span class='ocrx_word' id='word_1_254' title='bbox 397 3065 606 3121; x_wconf 87' lang='lat' dir='ltr'>idonei</span> <span class='ocrx_word' id='word_1_255' title='bbox 642 3081 655 3119; x_wconf 92' lang='lat'>:</span> <span class='ocrx_word' id='word_1_256' title='bbox 690 3065 847 3119; x_wconf 89' lang='lat' dir='ltr'>verbi</span> <span class='ocrx_word' id='word_1_257' title='bbox 881 3065 1069 3137; x_wconf 89' lang='lat' dir='ltr'>gratia</span> <span class='ocrx_word' id='word_1_258' title='bbox 1100 3066 1239 3136; x_wconf 87' lang='lat' dir='ltr'>quia</span> <span class='ocrx_word' id='word_1_259' title='bbox 1270 3066 1488 3137; x_wconf 86' lang='lat' dir='ltr'>ubique</span> <span class='ocrx_word' id='word_1_260' title='bbox 1520 3072 1610 3121; x_wconf 90' lang='lat' dir='ltr'>est</span> <span class='ocrx_word' id='word_1_261' title='bbox 1642 3071 1814 3134; x_wconf 87' lang='lat' dir='ltr'>Deus,</span> 
     </span>
    </p>
   </div>
   <div class='ocr_carea' id='block_1_34' title="bbox 164 3152 1813 3227">
    <p class='ocr_par' dir='ltr' id='par_1_34' title="bbox 164 3152 1813 3227">
     <span class='ocr_line' id='line_1_34' title="bbox 164 3152 1813 3227; baseline 0 -16"><span class='ocrx_word' id='word_1_262' title='bbox 164 3156 396 3223; x_wconf 88' lang='lat' dir='ltr'>scimus,</span> <span class='ocrx_word' id='word_1_263' title='bbox 431 3154 741 3227; x_wconf 88' lang='lat' dir='ltr'>quomodo</span> <span class='ocrx_word' id='word_1_264' title='bbox 775 3152 992 3225; x_wconf 88' lang='lat' dir='ltr'>ubique</span> <span class='ocrx_word' id='word_1_265' title='bbox 1023 3153 1119 3220; x_wconf 86' lang='lat' dir='ltr'>sit,</span> <span class='ocrx_word' id='word_1_266' title='bbox 1152 3154 1448 3209; x_wconf 88' lang='lat' dir='ltr'>intellectu</span> <span class='ocrx_word' id='word_1_267' title='bbox 1510 3172 1623 3211; x_wconf 92' lang='lat' dir='ltr'>non</span> <span class='ocrx_word' id='word_1_268' title='bbox 1656 3156 1813 3227; x_wconf 91' lang='lat' dir='ltr'>capi-</span> 
     </span>
    </p>
   </div>
   <div class='ocr_carea' id='block_1_35' title="bbox 166 3242 1819 3316">
    <p class='ocr_par' dir='ltr' id='par_1_35' title="bbox 166 3242 1819 3316">
     <span class='ocr_line' id='line_1_35' title="bbox 166 3242 1819 3316; baseline 0.001 -16"><span class='ocrx_word' id='word_1_269' title='bbox 166 3261 291 3300; x_wconf 88' lang='lat' dir='ltr'>mus</span> <span class='ocrx_word' id='word_1_270' title='bbox 324 3263 336 3301; x_wconf 90' lang='lat'><strong>:</strong></span> <span class='ocrx_word' id='word_1_271' title='bbox 370 3245 539 3300; x_wconf 89' lang='lat' dir='ltr'>item:</span> <span class='ocrx_word' id='word_1_272' title='bbox 580 3242 865 3307; x_wconf 87' lang='lat' dir='ltr'>Quoniam</span> <span class='ocrx_word' id='word_1_273' title='bbox 881 3251 968 3298; x_wconf 89' lang='lat' dir='ltr'>est</span> <span class='ocrx_word' id='word_1_274' title='bbox 988 3242 1328 3314; x_wconf 90' lang='lat' dir='ltr'>incorporea</span> <span class='ocrx_word' id='word_1_275' title='bbox 1344 3246 1611 3316; x_wconf 65' lang='lat' dir='ltr'>quaedam</span> <span class='ocrx_word' id='word_1_276' title='bbox 1632 3245 1819 3301; x_wconf 88' lang='lat' dir='ltr'>virtus</span> 
     </span>
    </p>
   </div>
   <div class='ocr_carea' id='block_1_36' title="bbox 166 3333 1820 3405">
    <p class='ocr_par' dir='ltr' id='par_1_36' title="bbox 166 3333 1820 3405">
     <span class='ocr_line' id='line_1_36' title="bbox 166 3333 1820 3405; baseline 0.001 -15"><span class='ocrx_word' id='word_1_277' title='bbox 166 3350 285 3405; x_wconf 53' lang='lat' dir='ltr'>qua}</span> <span class='ocrx_word' id='word_1_278' title='bbox 305 3334 598 3390; x_wconf 90' lang='lat' dir='ltr'>omnibus</span> <span class='ocrx_word' id='word_1_279' title='bbox 620 3335 709 3387; x_wconf 90' lang='lat' dir='ltr'>est</span> <span class='ocrx_word' id='word_1_280' title='bbox 735 3348 914 3386; x_wconf 87' lang='lat' dir='ltr'>causa</span> <span class='ocrx_word' id='word_1_281' title='bbox 942 3333 1502 3402; x_wconf 89' lang='lat' dir='ltr'>bonorum,scimus;</span> <span class='ocrx_word' id='word_1_282' title='bbox 1529 3336 1820 3405; x_wconf 90' lang='lat' dir='ltr'>quomodo</span> 
     </span>
    </p>
   </div>
   <div class='ocr_carea' id='block_1_37' title="bbox 165 3420 1821 3493">
    <p class='ocr_par' dir='ltr' id='par_1_37' title="bbox 165 3420 1821 3493">
     <span class='ocr_line' id='line_1_37' title="bbox 165 3420 1821 3493; baseline 0.001 -15"><span class='ocrx_word' id='word_1_283' title='bbox 165 3428 373 3490; x_wconf 86' lang='lat' dir='ltr'>autem,</span> <span class='ocrx_word' id='word_1_284' title='bbox 407 3423 497 3479; x_wconf 87' lang='lat' dir='ltr'>vel</span> <span class='ocrx_word' id='word_1_285' title='bbox 532 3438 667 3491; x_wconf 62' lang='lat' dir='ltr'>qua</span> <span class='ocrx_word' id='word_1_286' title='bbox 700 3420 815 3475; x_wconf 89' lang='lat' dir='ltr'>ista</span> <span class='ocrx_word' id='word_1_287' title='bbox 844 3421 938 3490; x_wconf 89' lang='lat' dir='ltr'>sit,</span> <span class='ocrx_word' id='word_1_288' title='bbox 981 3422 1217 3492; x_wconf 90' lang='lat' dir='ltr'>penitus</span> <span class='ocrx_word' id='word_1_289' title='bbox 1276 3422 1642 3493; x_wconf 85' lang='lat' dir='ltr'>ignoramus.</span> <span class='ocrx_word' id='word_1_290' title='bbox 1678 3424 1821 3479; x_wconf 89' lang='lat' dir='ltr'>Ecce</span> 
     </span>
    </p>
   </div>
   <div class='ocr_carea' id='block_1_38' title="bbox 164 3508 1821 3580">
    <p class='ocr_par' dir='ltr' id='par_1_38' title="bbox 164 3508 1821 3580">
     <span class='ocr_line' id='line_1_38' title="bbox 164 3508 1821 3580; baseline 0 -14"><span class='ocrx_word' id='word_1_291' title='bbox 164 3511 409 3566; x_wconf 87' lang='lat' dir='ltr'>dicimus</span> <span class='ocrx_word' id='word_1_292' title='bbox 446 3512 520 3566; x_wconf 91' lang='lat' dir='ltr'>de</span> <span class='ocrx_word' id='word_1_293' title='bbox 549 3526 623 3564; x_wconf 89' lang='lat' dir='ltr'>ea</span> <span class='ocrx_word' id='word_1_294' title='bbox 653 3508 965 3579; x_wconf 86' lang='lat' dir='ltr'>aliquid,et</span> <span class='ocrx_word' id='word_1_295' title='bbox 993 3524 1121 3564; x_wconf 90' lang='lat' dir='ltr'>eam</span> <span class='ocrx_word' id='word_1_296' title='bbox 1156 3508 1479 3580; x_wconf 88' lang='lat' dir='ltr'>intelligere</span> <span class='ocrx_word' id='word_1_297' title='bbox 1519 3527 1631 3565; x_wconf 94' lang='lat' dir='ltr'>non</span> <span class='ocrx_word' id='word_1_298' title='bbox 1663 3511 1821 3567; x_wconf 89' lang='lat' dir='ltr'>vale-</span> 
     </span>
    </p>
   </div>
   <div class='ocr_carea' id='block_1_39' title="bbox 166 3597 1822 3670">
    <p class='ocr_par' dir='ltr' id='par_1_39' title="bbox 166 3597 1822 3670">
     <span class='ocr_line' id='line_1_39' title="bbox 166 3597 1822 3670; baseline -0.001 -15"><span class='ocrx_word' id='word_1_299' title='bbox 166 3617 310 3657; x_wconf 86' lang='lat' dir='ltr'>mus.</span> <span class='ocrx_word' id='word_1_300' title='bbox 348 3600 472 3656; x_wconf 80' lang='lat' dir='ltr'>Dixi</span> <span class='ocrx_word' id='word_1_301' title='bbox 507 3598 733 3670; x_wconf 88' lang='lat' dir='ltr'>quippe</span> <span class='ocrx_word' id='word_1_302' title='bbox 764 3597 901 3669; x_wconf 90' lang='lat' dir='ltr'>quia</span> <span class='ocrx_word' id='word_1_303' title='bbox 933 3598 1151 3669; x_wconf 91' lang='lat' dir='ltr'>ubique</span> <span class='ocrx_word' id='word_1_304' title='bbox 1181 3602 1288 3661; x_wconf 86' lang='lat' dir='ltr'>est,</span> <span class='ocrx_word' id='word_1_305' title='bbox 1323 3600 1423 3653; x_wconf 91' lang='lat' dir='ltr'>sed</span> <span class='ocrx_word' id='word_1_306' title='bbox 1459 3616 1572 3653; x_wconf 90' lang='lat' dir='ltr'>non</span> <span class='ocrx_word' id='word_1_307' title='bbox 1603 3599 1822 3656; x_wconf 83' lang='lat' dir='ltr'>intelli-</span> 
     </span>
    </p>
   </div>
   <div class='ocr_carea' id='block_1_40' title="bbox 166 3686 1820 3761">
    <p class='ocr_par' dir='ltr' id='par_1_40' title="bbox 166 3686 1820 3761">
     <span class='ocr_line' id='line_1_40' title="bbox 166 3686 1820 3761; baseline 0.001 -17"><span class='ocrx_word' id='word_1_308' title='bbox 166 3706 232 3761; x_wconf 86' lang='lat' dir='ltr'>go</span> <span class='ocrx_word' id='word_1_309' title='bbox 265 3707 279 3757; x_wconf 91' lang='lat'><strong>;</strong></span> <span class='ocrx_word' id='word_1_310' title='bbox 312 3691 465 3759; x_wconf 92' lang='lat' dir='ltr'>dico,</span> <span class='ocrx_word' id='word_1_311' title='bbox 501 3686 644 3759; x_wconf 87' lang='lat' dir='ltr'>quia</span> <span class='ocrx_word' id='word_1_312' title='bbox 669 3687 795 3741; x_wconf 89' lang='lat' dir='ltr'>sine</span> <span class='ocrx_word' id='word_1_313' title='bbox 825 3686 1132 3758; x_wconf 88' lang='lat' dir='ltr'>principio,</span> <span class='ocrx_word' id='word_1_314' title='bbox 1161 3689 1260 3742; x_wconf 89' lang='lat' dir='ltr'>sed</span> <span class='ocrx_word' id='word_1_315' title='bbox 1293 3686 1565 3758; x_wconf 89' lang='lat' dir='ltr'>qualiter,</span> <span class='ocrx_word' id='word_1_316' title='bbox 1600 3688 1820 3745; x_wconf 91' lang='lat' dir='ltr'>sit.non</span> 
     </span>
    </p>
   </div>
   <div class='ocr_carea' id='block_1_41' title="bbox 168 3774 1819 3849">
    <p class='ocr_par' dir='ltr' id='par_1_41' title="bbox 168 3774 1819 3849">
     <span class='ocr_line' id='line_1_41' title="bbox 168 3774 1819 3849; baseline 0.001 -17"><span class='ocrx_word' id='word_1_317' title='bbox 168 3777 419 3849; x_wconf 85' lang='lat' dir='ltr'>intelligo</span> <span class='ocrx_word' id='word_1_318' title='bbox 455 3796 469 3845; x_wconf 91' lang='lat'><strong>;</strong></span> <span class='ocrx_word' id='word_1_319' title='bbox 504 3776 642 3831; x_wconf 88' lang='lat' dir='ltr'>dico</span> <span class='ocrx_word' id='word_1_320' title='bbox 676 3774 953 3846; x_wconf 91' lang='lat' dir='ltr'>quoniam</span> <span class='ocrx_word' id='word_1_321' title='bbox 986 3775 1190 3847; x_wconf 87' lang='lat' dir='ltr'>genuit</span> <span class='ocrx_word' id='word_1_322' title='bbox 1233 3775 1445 3830; x_wconf 88' lang='lat' dir='ltr'>Filium</span> <span class='ocrx_word' id='word_1_323' title='bbox 1477 3778 1548 3831; x_wconf 89' lang='lat' dir='ltr'>de</span> <span class='ocrx_word' id='word_1_324' title='bbox 1578 3794 1639 3832; x_wconf 92' lang='lat' dir='ltr'>se</span> <span class='ocrx_word' id='word_1_325' title='bbox 1672 3778 1819 3849; x_wconf 87' lang='lat' dir='ltr'>ipso,</span> 
     </span>
    </p>
   </div>
   <div class='ocr_carea' id='block_1_42' title="bbox 171 3864 1823 3937">
    <p class='ocr_par' dir='ltr' id='par_1_42' title="bbox 171 3864 1823 3937">
     <span class='ocr_line' id='line_1_42' title="bbox 171 3864 1823 3937; baseline 0 -15"><span class='ocrx_word' id='word_1_326' title='bbox 171 3868 263 3922; x_wconf 89' lang='lat' dir='ltr'>sed</span> <span class='ocrx_word' id='word_1_327' title='bbox 297 3867 494 3922; x_wconf 86' lang='lat' dir='ltr'>nescio</span> <span class='ocrx_word' id='word_1_328' title='bbox 551 3864 805 3936; x_wconf 90' lang='lat' dir='ltr'>qualitsr</span> <span class='ocrx_word' id='word_1_329' title='bbox 853 3864 963 3919; x_wconf 91' lang='lat' dir='ltr'>hoc</span> <span class='ocrx_word' id='word_1_330' title='bbox 1021 3865 1319 3920; x_wconf 89' lang='lat' dir='ltr'>intellectu</span> <span class='ocrx_word' id='word_1_331' title='bbox 1372 3865 1711 3937; x_wconf 90' lang='lat' dir='ltr'>percipiam,</span> <span class='ocrx_word' id='word_1_332' title='bbox 1760 3872 1823 3923; x_wconf 88' lang='lat' dir='ltr'>ut</span> 
     </span>
    </p>
   </div>
   <div class='ocr_carea' id='block_1_43' title="bbox 170 3954 1823 4028">
    <p class='ocr_par' dir='ltr' id='par_1_43' title="bbox 170 3954 1823 4028">
     <span class='ocr_line' id='line_1_43' title="bbox 170 3954 1823 4028; baseline 0.001 -18"><span class='ocrx_word' id='word_1_333' title='bbox 170 3957 394 4028; x_wconf 90' lang='lat' dir='ltr'>genitus</span> <span class='ocrx_word' id='word_1_334' title='bbox 427 3973 550 4011; x_wconf 91' lang='lat' dir='ltr'>non</span> <span class='ocrx_word' id='word_1_335' title='bbox 587 3954 663 4008; x_wconf 88' lang='lat' dir='ltr'>sit</span> <span class='ocrx_word' id='word_1_336' title='bbox 693 3954 982 4025; x_wconf 88' lang='lat' dir='ltr'>posterior</span> <span class='ocrx_word' id='word_1_337' title='bbox 1011 3954 1438 4025; x_wconf 85' lang='lat' dir='ltr'>genitori.Sunt</span> <span class='ocrx_word' id='word_1_338' title='bbox 1466 3957 1643 4010; x_wconf 91' lang='lat' dir='ltr'>etiam</span> <span class='ocrx_word' id='word_1_339' title='bbox 1674 3972 1823 4027; x_wconf 71' lang='lat' dir='ltr'>quaa-</span> 
     </span>
    </p>
   </div>
   <div class='ocr_carea' id='block_1_44' title="bbox 170 4042 1820 4116">
    <p class='ocr_par' dir='ltr' id='par_1_44' title="bbox 170 4042 1820 4116">
     <span class='ocr_line' id='line_1_44' title="bbox 170 4042 1820 4116; baseline 0.001 -17"><span class='ocrx_word' id='word_1_340' title='bbox 170 4044 317 4113; x_wconf 83' lang='lat' dir='ltr'>dam,</span> <span class='ocrx_word' id='word_1_341' title='bbox 342 4061 473 4116; x_wconf 74' lang='lat' dir='ltr'>qua:</span> <span class='ocrx_word' id='word_1_342' title='bbox 500 4043 621 4098; x_wconf 91' lang='lat' dir='ltr'>dici</span> <span class='ocrx_word' id='word_1_343' title='bbox 654 4059 771 4097; x_wconf 91' lang='lat' dir='ltr'>non</span> <span class='ocrx_word' id='word_1_344' title='bbox 786 4042 1346 4114; x_wconf 87' lang='lat' dir='ltr'>possunt,quamvis</span> <span class='ocrx_word' id='word_1_345' title='bbox 1376 4048 1571 4099; x_wconf 89' lang='lat' dir='ltr'>mente</span> <span class='ocrx_word' id='word_1_346' title='bbox 1587 4044 1820 4116; x_wconf 91' lang='lat' dir='ltr'>capian-</span> 
     </span>
    </p>
   </div>
   <div class='ocr_carea' id='block_1_45' title="bbox 168 4130 1824 4204">
    <p class='ocr_par' dir='ltr' id='par_1_45' title="bbox 168 4130 1824 4204">
     <span class='ocr_line' id='line_1_45' title="bbox 168 4130 1824 4204; baseline 0.002 -18"><span class='ocrx_word' id='word_1_347' title='bbox 168 4136 258 4187; x_wconf 87' lang='lat' dir='ltr'>tur</span> <span class='ocrx_word' id='word_1_348' title='bbox 289 4151 301 4189; x_wconf 89' lang='lat'>:</span> <span class='ocrx_word' id='word_1_349' title='bbox 331 4130 593 4204; x_wconf 83' lang='lat' dir='ltr'>exempli</span> <span class='ocrx_word' id='word_1_350' title='bbox 624 4132 830 4203; x_wconf 85' lang='lat' dir='ltr'>gratia,</span> <span class='ocrx_word' id='word_1_351' title='bbox 868 4130 1143 4203; x_wconf 88' lang='lat' dir='ltr'>intelligit</span> <span class='ocrx_word' id='word_1_352' title='bbox 1187 4148 1354 4187; x_wconf 89' lang='lat' dir='ltr'>mens</span> <span class='ocrx_word' id='word_1_353' title='bbox 1386 4134 1487 4187; x_wconf 92' lang='lat' dir='ltr'>sed</span> <span class='ocrx_word' id='word_1_354' title='bbox 1519 4150 1635 4188; x_wconf 91' lang='lat' dir='ltr'>non</span> <span class='ocrx_word' id='word_1_355' title='bbox 1675 4133 1824 4190; x_wconf 88' lang='lat' dir='ltr'>valet</span> 
     </span>
    </p>
   </div>
   <div class='ocr_carea' id='block_1_46' title="bbox 172 4218 1821 4294">
    <p class='ocr_par' dir='ltr' id='par_1_46' title="bbox 172 4218 1821 4294">
     <span class='ocr_line' id='line_1_46' title="bbox 172 4218 1821 4294; baseline 0.002 -20"><span class='ocrx_word' id='word_1_356' title='bbox 172 4221 391 4277; x_wconf 89' lang='lat' dir='ltr'>dicere:</span> <span class='ocrx_word' id='word_1_357' title='bbox 428 4220 691 4276; x_wconf 79' lang='lat' dir='ltr'>maxime</span> <span class='ocrx_word' id='word_1_358' title='bbox 721 4218 915 4276; x_wconf 84' lang='lat' dir='ltr'>autem</span> <span class='ocrx_word' id='word_1_359' title='bbox 941 4220 1039 4275; x_wconf 90' lang='lat' dir='ltr'>ubi</span> <span class='ocrx_word' id='word_1_360' title='bbox 1072 4222 1143 4275; x_wconf 92' lang='lat' dir='ltr'>de</span> <span class='ocrx_word' id='word_1_361' title='bbox 1172 4226 1285 4276; x_wconf 89' lang='lat' dir='ltr'>Deo</span> <span class='ocrx_word' id='word_1_362' title='bbox 1311 4220 1571 4291; x_wconf 90' lang='lat' dir='ltr'>loquitur</span> <span class='ocrx_word' id='word_1_363' title='bbox 1602 4221 1821 4294; x_wconf 87' lang='lat' dir='ltr'>aliquid</span> 
     </span>
    </p>
   </div>
   <div class='ocr_carea' id='block_1_47' title="bbox 169 4309 1819 4381">
    <p class='ocr_par' dir='ltr' id='par_1_47' title="bbox 169 4309 1819 4381">
     <span class='ocr_line' id='line_1_47' title="bbox 169 4309 1819 4381; baseline 0.003 -20"><span class='ocrx_word' id='word_1_364' title='bbox 169 4310 250 4363; x_wconf 91' lang='lat' dir='ltr'>vel</span> <span class='ocrx_word' id='word_1_365' title='bbox 282 4311 585 4374; x_wconf 88' lang='lat' dir='ltr'>audimus,</span> <span class='ocrx_word' id='word_1_366' title='bbox 620 4309 701 4363; x_wconf 90' lang='lat' dir='ltr'>ita</span> <span class='ocrx_word' id='word_1_367' title='bbox 732 4314 796 4364; x_wconf 90' lang='lat' dir='ltr'>ut</span> <span class='ocrx_word' id='word_1_368' title='bbox 824 4309 1002 4365; x_wconf 88' lang='lat' dir='ltr'>etiam</span> <span class='ocrx_word' id='word_1_369' title='bbox 1037 4309 1233 4381; x_wconf 91' lang='lat' dir='ltr'>ipsum</span> <span class='ocrx_word' id='word_1_370' title='bbox 1259 4309 1504 4364; x_wconf 91' lang='lat' dir='ltr'>Paulum</span> <span class='ocrx_word' id='word_1_371' title='bbox 1535 4310 1731 4366; x_wconf 91' lang='lat' dir='ltr'>videas</span> <span class='ocrx_word' id='word_1_372' title='bbox 1762 4312 1819 4366; x_wconf 87' lang='lat' dir='ltr'>in</span> 
     </span>
    </p>
   </div>
   <div class='ocr_carea' id='block_1_48' title="bbox 172 4398 1823 4470">
    <p class='ocr_par' dir='ltr' id='par_1_48' title="bbox 172 4398 1823 4470">
     <span class='ocr_line' id='line_1_48' title="bbox 172 4398 1823 4470; baseline 0.002 -18"><span class='ocrx_word' id='word_1_373' title='bbox 172 4399 530 4470; x_wconf 85' lang='lat' dir='ltr'>quibusdam</span> <span class='ocrx_word' id='word_1_374' title='bbox 565 4398 784 4454; x_wconf 87' lang='lat' dir='ltr'>talibus</span> <span class='ocrx_word' id='word_1_375' title='bbox 817 4399 993 4455; x_wconf 90' lang='lat' dir='ltr'>rebus</span> <span class='ocrx_word' id='word_1_376' title='bbox 1021 4399 1405 4468; x_wconf 90' lang='lat' dir='ltr'>inﬁrmari,et</span> <span class='ocrx_word' id='word_1_377' title='bbox 1436 4416 1549 4453; x_wconf 92' lang='lat' dir='ltr'>non</span> <span class='ocrx_word' id='word_1_378' title='bbox 1579 4399 1823 4470; x_wconf 85' lang='lat' dir='ltr'>pleniter</span> 
     </span>
    </p>
   </div>
   <div class='ocr_carea' id='block_1_49' title="bbox 171 4486 1821 4561">
    <p class='ocr_par' dir='ltr' id='par_1_49' title="bbox 171 4486 1821 4561">
     <span class='ocr_line' id='line_1_49' title="bbox 171 4486 1821 4561; baseline 0.003 -20"><span class='ocrx_word' id='word_1_379' title='bbox 171 4487 473 4558; x_wconf 85' lang='lat' dir='ltr'>explicare.</span> <span class='ocrx_word' id='word_1_380' title='bbox 508 4488 797 4554; x_wconf 83' lang='lat' dir='ltr'>Quoniam</span> <span class='ocrx_word' id='word_1_381' title='bbox 829 4503 1019 4560; x_wconf 90' lang='lat' dir='ltr'>neque</span> <span class='ocrx_word' id='word_1_382' title='bbox 1076 4489 1147 4543; x_wconf 89' lang='lat' dir='ltr'>ad</span> <span class='ocrx_word' id='word_1_383' title='bbox 1202 4486 1560 4560; x_wconf 88' lang='lat' dir='ltr'>loquendum</span> <span class='ocrx_word' id='word_1_384' title='bbox 1622 4486 1821 4561; x_wconf 86' lang='lat' dir='ltr'>lingua</span> 
     </span>
    </p>
   </div>
   <div class='ocr_carea' id='block_1_50' title="bbox 1926 568 3563 642">
    <p class='ocr_par' dir='ltr' id='par_1_50' title="bbox 1926 568 3563 642">
     <span class='ocr_line' id='line_1_50' title="bbox 1926 568 3563 642; baseline -0.001 -19"><span class='ocrx_word' id='word_1_385' title='bbox 1926 575 2014 624; x_wconf 85' lang='lat' dir='ltr'>cet</span> <span class='ocrx_word' id='word_1_386' title='bbox 2046 570 2104 626; x_wconf 92' lang='lat' dir='ltr'>in</span> <span class='ocrx_word' id='word_1_387' title='bbox 2136 570 2289 641; x_wconf 89' lang='lat' dir='ltr'>igne,</span> <span class='ocrx_word' id='word_1_388' title='bbox 2322 574 2378 625; x_wconf 89' lang='lat' dir='ltr'>et</span> <span class='ocrx_word' id='word_1_389' title='bbox 2408 571 2685 642; x_wconf 88' lang='lat' dir='ltr'>splendor</span> <span class='ocrx_word' id='word_1_390' title='bbox 2731 574 2788 625; x_wconf 87' lang='lat' dir='ltr'>et</span> <span class='ocrx_word' id='word_1_391' title='bbox 2835 570 2990 625; x_wconf 91' lang='lat' dir='ltr'>calor</span> <span class='ocrx_word' id='word_1_392' title='bbox 3034 574 3139 623; x_wconf 89' lang='lat' dir='ltr'>est.</span> <span class='ocrx_word' id='word_1_393' title='bbox 3172 568 3335 624; x_wconf 91' lang='lat' dir='ltr'>Unde</span> <span class='ocrx_word' id='word_1_394' title='bbox 3390 568 3563 623; x_wconf 88' lang='lat' dir='ltr'>etiam</span> 
     </span>
    </p>
   </div>
   <div class='ocr_carea' id='block_1_51' title="bbox 1925 660 2275 731">
    <p class='ocr_par' dir='ltr' id='par_1_51' title="bbox 1925 660 2275 731">
     <span class='ocr_line' id='line_1_51' title="bbox 1925 660 2275 731; baseline 0.003 -18"><span class='ocrx_word' id='word_1_395' title='bbox 1925 660 2232 731; x_wconf 86' lang='lat' dir='ltr'>subjungit</span> <span class='ocrx_word' id='word_1_396' title='bbox 2263 676 2275 714; x_wconf 94' lang='lat'>:</span> 
     </span>
    </p>
   </div>
   <div class='ocr_carea' id='block_1_52' title="bbox 1995 748 3565 820">
    <p class='ocr_par' dir='ltr' id='par_1_52' title="bbox 1995 748 3565 820">
     <span class='ocr_line' id='line_1_52' title="bbox 1995 748 3565 820; baseline 0.003 -20"><span class='ocrx_word' id='word_1_397' title='bbox 1995 770 2021 796; x_wconf 86' lang='grc'>‹‹</span> <span class='ocrx_word' id='word_1_398' title='bbox 2057 748 2160 811; x_wconf 88' lang='lat' dir='ltr'>Qui</span> <span class='ocrx_word' id='word_1_399' title='bbox 2186 754 2274 803; x_wconf 89' lang='lat' dir='ltr'>est</span> <span class='ocrx_word' id='word_1_400' title='bbox 2306 749 2493 820; x_wconf 86' lang='lat' dir='ltr'>ﬁgura</span> <span class='ocrx_word' id='word_1_401' title='bbox 2524 749 2864 804; x_wconf 62' lang='lat' dir='ltr'>substantiae</span> <span class='ocrx_word' id='word_1_402' title='bbox 2889 750 3074 820; x_wconf 79' lang='lat' dir='ltr'>ejus.»</span> <span class='ocrx_word' id='word_1_403' title='bbox 3106 748 3319 819; x_wconf 87' lang='lat' dir='ltr'>Figura</span> <span class='ocrx_word' id='word_1_404' title='bbox 3348 748 3565 819; x_wconf 85' lang='lat' dir='ltr'>quippe</span> 
     </span>
    </p>
   </div>
   <div class='ocr_carea' id='block_1_53' title="bbox 1924 836 3564 908">
    <p class='ocr_par' dir='ltr' id='par_1_53' title="bbox 1924 836 3564 908">
     <span class='ocr_line' id='line_1_53' title="bbox 1924 836 3564 908; baseline 0 -17"><span class='ocrx_word' id='word_1_405' title='bbox 1924 836 2104 893; x_wconf 87' lang='lat' dir='ltr'>altera</span> <span class='ocrx_word' id='word_1_406' title='bbox 2134 842 2223 892; x_wconf 88' lang='lat' dir='ltr'>est</span> <span class='ocrx_word' id='word_1_407' title='bbox 2260 840 2331 893; x_wconf 91' lang='lat' dir='ltr'>ab</span> <span class='ocrx_word' id='word_1_408' title='bbox 2379 856 2465 907; x_wconf 92' lang='lat' dir='ltr'>eo,</span> <span class='ocrx_word' id='word_1_409' title='bbox 2520 840 2687 908; x_wconf 89' lang='lat' dir='ltr'>cujus</span> <span class='ocrx_word' id='word_1_410' title='bbox 2735 838 3000 893; x_wconf 89' lang='lat' dir='ltr'>enuntiat</span> <span class='ocrx_word' id='word_1_411' title='bbox 3055 838 3299 893; x_wconf 85' lang='lat' dir='ltr'>formam</span> <span class='ocrx_word' id='word_1_412' title='bbox 3337 855 3351 904; x_wconf 89' lang='lat'><strong>;</strong></span> <span class='ocrx_word' id='word_1_413' title='bbox 3384 836 3564 892; x_wconf 90' lang='lat' dir='ltr'>altera</span> 
     </span>
    </p>
   </div>
   <div class='ocr_carea' id='block_1_54' title="bbox 1925 928 3558 998">
    <p class='ocr_par' dir='ltr' id='par_1_54' title="bbox 1925 928 3558 998">
     <span class='ocr_line' id='line_1_54' title="bbox 1925 928 3558 998; baseline -0.001 -18"><span class='ocrx_word' id='word_1_414' title='bbox 1925 932 2141 993; x_wconf 86' lang='lat' dir='ltr'>autem,</span> <span class='ocrx_word' id='word_1_415' title='bbox 2178 944 2291 982; x_wconf 90' lang='lat' dir='ltr'>non</span> <span class='ocrx_word' id='word_1_416' title='bbox 2322 928 2380 982; x_wconf 92' lang='lat' dir='ltr'>in</span> <span class='ocrx_word' id='word_1_417' title='bbox 2412 930 2709 995; x_wconf 86' lang='lat' dir='ltr'>omnibus,</span> <span class='ocrx_word' id='word_1_418' title='bbox 2740 930 2838 982; x_wconf 87' lang='lat' dir='ltr'>sed</span> <span class='ocrx_word' id='word_1_419' title='bbox 2873 928 3192 982; x_wconf 89' lang='lat' dir='ltr'>secundum</span> <span class='ocrx_word' id='word_1_420' title='bbox 3226 943 3558 998; x_wconf 89' lang='lat' dir='ltr'>personam.</span> 
     </span>
    </p>
   </div>
   <div class='ocr_carea' id='block_1_55' title="bbox 1923 1015 3562 1089">
    <p class='ocr_par' dir='ltr' id='par_1_55' title="bbox 1923 1015 3562 1089">
     <span class='ocr_line' id='line_1_55' title="bbox 1923 1015 3562 1089; baseline 0 -20"><span class='ocrx_word' id='word_1_421' title='bbox 1923 1015 2066 1070; x_wconf 85' lang='lat' dir='ltr'>Nam</span> <span class='ocrx_word' id='word_1_422' title='bbox 2099 1021 2154 1071; x_wconf 90' lang='lat' dir='ltr'>et</span> <span class='ocrx_word' id='word_1_423' title='bbox 2184 1017 2277 1071; x_wconf 86' lang='lat' dir='ltr'>hic</span> <span class='ocrx_word' id='word_1_424' title='bbox 2310 1019 2498 1089; x_wconf 89' lang='lat' dir='ltr'>ﬁgura</span> <span class='ocrx_word' id='word_1_425' title='bbox 2528 1018 2878 1089; x_wconf 64' lang='lat' dir='ltr'>aequalitatis</span> <span class='ocrx_word' id='word_1_426' title='bbox 2911 1018 3148 1071; x_wconf 87' lang='lat' dir='ltr'>omnino</span> <span class='ocrx_word' id='word_1_427' title='bbox 3171 1018 3385 1088; x_wconf 58' lang='lat' dir='ltr'>praebet</span> <span class='ocrx_word' id='word_1_428' title='bbox 3415 1015 3562 1070; x_wconf 92' lang='lat' dir='ltr'>indi-</span> 
     </span>
    </p>
   </div>
   <div class='ocr_carea' id='block_1_56' title="bbox 1923 1104 3559 1177">
    <p class='ocr_par' dir='ltr' id='par_1_56' title="bbox 1923 1104 3559 1177">
     <span class='ocr_line' id='line_1_56' title="bbox 1923 1104 3559 1177; baseline 0.001 -20"><span class='ocrx_word' id='word_1_429' title='bbox 1923 1104 2079 1159; x_wconf 90' lang='lat' dir='ltr'>cium</span> <span class='ocrx_word' id='word_1_430' title='bbox 2113 1107 2183 1160; x_wconf 91' lang='lat' dir='ltr'>ad</span> <span class='ocrx_word' id='word_1_431' title='bbox 2218 1106 2383 1173; x_wconf 90' lang='lat' dir='ltr'>illud,</span> <span class='ocrx_word' id='word_1_432' title='bbox 2419 1108 2588 1177; x_wconf 87' lang='lat' dir='ltr'>cujus</span> <span class='ocrx_word' id='word_1_433' title='bbox 2620 1108 2805 1177; x_wconf 89' lang='lat' dir='ltr'>ﬁgura</span> <span class='ocrx_word' id='word_1_434' title='bbox 2828 1106 3221 1177; x_wconf 89' lang='lat' dir='ltr'>suspicionem</span> <span class='ocrx_word' id='word_1_435' title='bbox 3257 1106 3341 1159; x_wconf 85' lang='lat' dir='ltr'>vel</span> <span class='ocrx_word' id='word_1_436' title='bbox 3374 1121 3559 1176; x_wconf 67' lang='lat' dir='ltr'>pravas</span> 
     </span>
    </p>
   </div>
   <div class='ocr_carea' id='block_1_57' title="bbox 1924 1192 3559 1267">
    <p class='ocr_par' dir='ltr' id='par_1_57' title="bbox 1924 1192 3559 1267">
     <span class='ocr_line' id='line_1_57' title="bbox 1924 1192 3559 1267; baseline -0.001 -19"><span class='ocrx_word' id='word_1_437' title='bbox 1924 1192 2421 1250; x_wconf 89' lang='lat' dir='ltr'>dissimilitudinis</span> <span class='ocrx_word' id='word_1_438' title='bbox 2455 1196 2651 1267; x_wconf 90' lang='lat' dir='ltr'>procul</span> <span class='ocrx_word' id='word_1_439' title='bbox 2681 1196 2861 1250; x_wconf 92' lang='lat' dir='ltr'>dubio</span> <span class='ocrx_word' id='word_1_440' title='bbox 2894 1213 3007 1249; x_wconf 91' lang='lat' dir='ltr'>non</span> <span class='ocrx_word' id='word_1_441' title='bbox 3032 1195 3381 1265; x_wconf 87' lang='lat' dir='ltr'>recipit.Hoc</span> <span class='ocrx_word' id='word_1_442' title='bbox 3403 1193 3559 1248; x_wconf 90' lang='lat' dir='ltr'>enim</span> 
     </span>
    </p>
   </div>
   <div class='ocr_carea' id='block_1_58' title="bbox 1926 1282 3559 1356">
    <p class='ocr_par' dir='ltr' id='par_1_58' title="bbox 1926 1282 3559 1356">
     <span class='ocr_line' id='line_1_58' title="bbox 1926 1282 3559 1356; baseline -0.001 -18"><span class='ocrx_word' id='word_1_443' title='bbox 1926 1286 2173 1356; x_wconf 86' lang='lat' dir='ltr'>ﬁguram</span> <span class='ocrx_word' id='word_1_444' title='bbox 2206 1284 2369 1351; x_wconf 80' lang='lat' dir='ltr'>dixit,</span> <span class='ocrx_word' id='word_1_445' title='bbox 2405 1286 2558 1355; x_wconf 88' lang='lat' dir='ltr'>quod</span> <span class='ocrx_word' id='word_1_446' title='bbox 2594 1284 2704 1338; x_wconf 90' lang='lat' dir='ltr'>alio</span> <span class='ocrx_word' id='word_1_447' title='bbox 2738 1284 2859 1339; x_wconf 90' lang='lat' dir='ltr'>loco</span> <span class='ocrx_word' id='word_1_448' title='bbox 2893 1284 3139 1338; x_wconf 84' lang='lat' dir='ltr'>formam</span> <span class='ocrx_word' id='word_1_449' title='bbox 3174 1282 3559 1353; x_wconf 85' lang='lat' dir='ltr'>nominat,ubi</span> 
     </span>
    </p>
   </div>
   <div class='ocr_carea' id='block_1_59' title="bbox 1923 1372 3556 1443">
    <p class='ocr_par' dir='ltr' id='par_1_59' title="bbox 1923 1372 3556 1443">
     <span class='ocr_line' id='line_1_59' title="bbox 1923 1372 3556 1443; baseline -0.004 -16"><span class='ocrx_word' id='word_1_450' title='bbox 1923 1372 2003 1429; x_wconf 85' lang='lat' dir='ltr'>ait</span> <span class='ocrx_word' id='word_1_451' title='bbox 2035 1388 2047 1428; x_wconf 89' lang='lat'><strong>:</strong></span> <span class='ocrx_word' id='word_1_452' title='bbox 2081 1396 2109 1421; x_wconf 74' lang='grc' dir='ltr'>«ι</span> <span class='ocrx_word' id='word_1_453' title='bbox 2145 1374 2249 1436; x_wconf 91' lang='lat' dir='ltr'>Qui</span> <span class='ocrx_word' id='word_1_454' title='bbox 2284 1390 2417 1427; x_wconf 90' lang='lat' dir='ltr'>cum</span> <span class='ocrx_word' id='word_1_455' title='bbox 2450 1373 2507 1427; x_wconf 92' lang='lat' dir='ltr'>in</span> <span class='ocrx_word' id='word_1_456' title='bbox 2544 1374 2729 1427; x_wconf 85' lang='lat' dir='ltr'>forma</span> <span class='ocrx_word' id='word_1_457' title='bbox 2759 1373 2859 1427; x_wconf 92' lang='lat' dir='ltr'>Dei</span> <span class='ocrx_word' id='word_1_458' title='bbox 2891 1376 3040 1427; x_wconf 84' lang='lat' dir='ltr'>esset</span> <span class='ocrx_word' id='word_1_459' title='bbox 3074 1372 3495 1443; x_wconf 79' lang='lat' dir='ltr'>(Philipp.n,7).</span> <span class='ocrx_word' id='word_1_460' title='bbox 3528 1394 3556 1421; x_wconf 81' lang='grc'><strong>››</strong></span> 
     </span>
    </p>
   </div>
   <div class='ocr_carea' id='block_1_60' title="bbox 1922 1461 3559 1533">
    <p class='ocr_par' dir='ltr' id='par_1_60' title="bbox 1922 1461 3559 1533">
     <span class='ocr_line' id='line_1_60' title="bbox 1922 1461 3559 1533; baseline 0.001 -18"><span class='ocrx_word' id='word_1_461' title='bbox 1922 1462 2129 1516; x_wconf 86' lang='lat' dir='ltr'>Forma</span> <span class='ocrx_word' id='word_1_462' title='bbox 2158 1462 2312 1517; x_wconf 90' lang='lat' dir='ltr'>enim</span> <span class='ocrx_word' id='word_1_463' title='bbox 2347 1462 2481 1529; x_wconf 82' lang='lat' dir='ltr'>illic,</span> <span class='ocrx_word' id='word_1_464' title='bbox 2515 1467 2569 1517; x_wconf 91' lang='lat' dir='ltr'>et</span> <span class='ocrx_word' id='word_1_465' title='bbox 2600 1463 2788 1533; x_wconf 89' lang='lat' dir='ltr'>ﬁgura</span> <span class='ocrx_word' id='word_1_466' title='bbox 2817 1461 2909 1515; x_wconf 88' lang='lat' dir='ltr'>hic</span> <span class='ocrx_word' id='word_1_467' title='bbox 2960 1478 3136 1516; x_wconf 91' lang='lat' dir='ltr'>unam</span> <span class='ocrx_word' id='word_1_468' title='bbox 3196 1461 3449 1515; x_wconf 90' lang='lat' dir='ltr'>declarat</span> <span class='ocrx_word' id='word_1_469' title='bbox 3471 1478 3559 1517; x_wconf 83' lang='lat' dir='ltr'>es-</span> 
     </span>
    </p>
   </div>
   <div class='ocr_carea' id='block_1_61' title="bbox 1922 1551 2564 1623">
    <p class='ocr_par' dir='ltr' id='par_1_61' title="bbox 1922 1551 2564 1623">
     <span class='ocr_line' id='line_1_61' title="bbox 1922 1551 2564 1623; baseline 0.002 -18"><span class='ocrx_word' id='word_1_470' title='bbox 1922 1551 2119 1605; x_wconf 66' lang='lat' dir='ltr'>sentia)</span> <span class='ocrx_word' id='word_1_471' title='bbox 2152 1552 2564 1623; x_wconf 65' lang='lat' dir='ltr'>aequalitatem.</span> 
     </span>
    </p>
   </div>
   <div class='ocr_carea' id='block_1_62' title="bbox 1994 1639 3559 1712">
    <p class='ocr_par' dir='ltr' id='par_1_62' title="bbox 1994 1639 3559 1712">
     <span class='ocr_line' id='line_1_62' title="bbox 1994 1639 3559 1712; baseline 0.001 -19"><span class='ocrx_word' id='word_1_472' title='bbox 1994 1663 2021 1690; x_wconf 85' lang='lat'><strong>«</strong></span> <span class='ocrx_word' id='word_1_473' title='bbox 2056 1640 2416 1712; x_wconf 88' lang='lat' dir='ltr'>Portansque</span> <span class='ocrx_word' id='word_1_474' title='bbox 2446 1641 2643 1696; x_wconf 89' lang='lat' dir='ltr'>omnia</span> <span class='ocrx_word' id='word_1_475' title='bbox 2671 1641 2843 1695; x_wconf 91' lang='lat' dir='ltr'>verbo</span> <span class='ocrx_word' id='word_1_476' title='bbox 2874 1640 3105 1695; x_wconf 91' lang='lat' dir='ltr'>virtutis</span> <span class='ocrx_word' id='word_1_477' title='bbox 3137 1656 3272 1694; x_wconf 71' lang='lat' dir='ltr'>suae.</span> <span class='ocrx_word' id='word_1_478' title='bbox 3307 1662 3326 1687; x_wconf 78' lang='grc' dir='ltr'>ι</span> <span class='ocrx_word' id='word_1_479' title='bbox 3363 1639 3419 1694; x_wconf 89' lang='lat' dir='ltr'>id</span> <span class='ocrx_word' id='word_1_480' title='bbox 3453 1643 3559 1709; x_wconf 89' lang='lat' dir='ltr'>est,</span> 
     </span>
    </p>
   </div>
   <div class='ocr_carea' id='block_1_63' title="bbox 1920 1728 3563 1801">
    <p class='ocr_par' dir='ltr' id='par_1_63' title="bbox 1920 1728 3563 1801">
     <span class='ocr_line' id='line_1_63' title="bbox 1920 1728 3563 1801; baseline 0 -19"><span class='ocrx_word' id='word_1_481' title='bbox 1920 1729 2573 1801; x_wconf 85' lang='lat' dir='ltr'>gubernans,siquidem</span> <span class='ocrx_word' id='word_1_482' title='bbox 2607 1730 2959 1794; x_wconf 85' lang='lat' dir='ltr'>cadentia,et</span> <span class='ocrx_word' id='word_1_483' title='bbox 2973 1731 3037 1784; x_wconf 91' lang='lat' dir='ltr'>ad</span> <span class='ocrx_word' id='word_1_484' title='bbox 3057 1728 3306 1783; x_wconf 87' lang='lat' dir='ltr'>nihilum</span> <span class='ocrx_word' id='word_1_485' title='bbox 3325 1728 3563 1784; x_wconf 89' lang='lat' dir='ltr'>tenden-</span> 
     </span>
    </p>
   </div>
   <div class='ocr_carea' id='block_1_64' title="bbox 1921 1818 3561 1875">
    <p class='ocr_par' dir='ltr' id='par_1_64' title="bbox 1921 1818 3561 1875">
     <span class='ocr_line' id='line_1_64' title="bbox 1921 1818 3561 1875; baseline 0 -3"><span class='ocrx_word' id='word_1_486' title='bbox 1921 1818 2292 1874; x_wconf 89' lang='lat' dir='ltr'>tiacontinet.</span> <span class='ocrx_word' id='word_1_487' title='bbox 2310 1820 2433 1875; x_wconf 88' lang='lat' dir='ltr'>Non</span> <span class='ocrx_word' id='word_1_488' title='bbox 2459 1820 2612 1873; x_wconf 91' lang='lat' dir='ltr'>enim</span> <span class='ocrx_word' id='word_1_489' title='bbox 2637 1820 2937 1874; x_wconf 88' lang='lat' dir='ltr'>minusest</span> <span class='ocrx_word' id='word_1_490' title='bbox 2958 1819 3255 1873; x_wconf 89' lang='lat' dir='ltr'>continere</span> <span class='ocrx_word' id='word_1_491' title='bbox 3274 1819 3561 1873; x_wconf 91' lang='lat' dir='ltr'>mundum</span> 
     </span>
    </p>
   </div>
   <div class='ocr_carea' id='block_1_65' title="bbox 1924 1906 3562 1979">
    <p class='ocr_par' dir='ltr' id='par_1_65' title="bbox 1924 1906 3562 1979">
     <span class='ocr_line' id='line_1_65' title="bbox 1924 1906 3562 1979; baseline -0.001 -18"><span class='ocrx_word' id='word_1_492' title='bbox 1924 1923 2099 1977; x_wconf 88' lang='lat' dir='ltr'>quam</span> <span class='ocrx_word' id='word_1_493' title='bbox 2151 1924 2363 1963; x_wconf 90' lang='lat' dir='ltr'>creare.</span> <span class='ocrx_word' id='word_1_494' title='bbox 2416 1910 2547 1978; x_wconf 85' lang='lat' dir='ltr'>Sed,</span> <span class='ocrx_word' id='word_1_495' title='bbox 2603 1908 2650 1963; x_wconf 90' lang='lat' dir='ltr'>si</span> <span class='ocrx_word' id='word_1_496' title='bbox 2719 1912 2943 1979; x_wconf 91' lang='lat' dir='ltr'>oportet</span> <span class='ocrx_word' id='word_1_497' title='bbox 3003 1906 3220 1978; x_wconf 91' lang='lat' dir='ltr'>aliquid</span> <span class='ocrx_word' id='word_1_498' title='bbox 3282 1906 3562 1961; x_wconf 87' lang='lat' dir='ltr'>audacius</span> 
     </span>
    </p>
   </div>
   <div class='ocr_carea' id='block_1_66' title="bbox 1923 1995 3561 2068">
    <p class='ocr_par' dir='ltr' id='par_1_66' title="bbox 1923 1995 3561 2068">
     <span class='ocr_line' id='line_1_66' title="bbox 1923 1995 3561 2068; baseline -0.001 -17"><span class='ocrx_word' id='word_1_499' title='bbox 1923 1998 2332 2063; x_wconf 88' lang='lat' dir='ltr'>dicere,adbuc</span> <span class='ocrx_word' id='word_1_500' title='bbox 2361 1997 2614 2068; x_wconf 87' lang='lat' dir='ltr'>amplius</span> <span class='ocrx_word' id='word_1_501' title='bbox 2645 2001 2904 2052; x_wconf 88' lang='lat' dir='ltr'>est.Nam</span> <span class='ocrx_word' id='word_1_502' title='bbox 2937 1996 2995 2050; x_wconf 90' lang='lat' dir='ltr'>in</span> <span class='ocrx_word' id='word_1_503' title='bbox 3030 1996 3293 2051; x_wconf 89' lang='lat' dir='ltr'>faciendo</span> <span class='ocrx_word' id='word_1_504' title='bbox 3326 1995 3561 2067; x_wconf 88' lang='lat' dir='ltr'>quidem</span> 
     </span>
    </p>
   </div>
   <div class='ocr_carea' id='block_1_67' title="bbox 1923 2085 3563 2156">
    <p class='ocr_par' dir='ltr' id='par_1_67' title="bbox 1923 2085 3563 2156">
     <span class='ocr_line' id='line_1_67' title="bbox 1923 2085 3563 2156; baseline -0.002 -14"><span class='ocrx_word' id='word_1_505' title='bbox 1923 2104 1991 2142; x_wconf 81' lang='lat' dir='ltr'>ex</span> <span class='ocrx_word' id='word_1_506' title='bbox 2021 2085 2199 2142; x_wconf 91' lang='lat' dir='ltr'>nullis</span> <span class='ocrx_word' id='word_1_507' title='bbox 2251 2087 2636 2153; x_wconf 84' lang='lat' dir='ltr'>exstantibus,</span> <span class='ocrx_word' id='word_1_508' title='bbox 2699 2102 2893 2142; x_wconf 90' lang='lat' dir='ltr'>rerum</span> <span class='ocrx_word' id='word_1_509' title='bbox 2952 2085 3214 2140; x_wconf 71' lang='lat' dir='ltr'>essentiaa</span> <span class='ocrx_word' id='word_1_510' title='bbox 3272 2085 3563 2156; x_wconf 65' lang='lat' dir='ltr'>productae</span> 
     </span>
    </p>
   </div>
   <div class='ocr_carea' id='block_1_68' title="bbox 1925 2174 3563 2246">
    <p class='ocr_par' dir='ltr' id='par_1_68' title="bbox 1925 2174 3563 2246">
     <span class='ocr_line' id='line_1_68' title="bbox 1925 2174 3563 2246; baseline -0.002 -15"><span class='ocrx_word' id='word_1_511' title='bbox 1925 2180 2100 2243; x_wconf 90' lang='lat' dir='ltr'>sunt;</span> <span class='ocrx_word' id='word_1_512' title='bbox 2134 2176 2193 2230; x_wconf 80' lang='lat' dir='ltr'>in</span> <span class='ocrx_word' id='word_1_513' title='bbox 2226 2175 2573 2231; x_wconf 89' lang='lat' dir='ltr'>continendo</span> <span class='ocrx_word' id='word_1_514' title='bbox 2602 2192 2755 2245; x_wconf 89' lang='lat' dir='ltr'>vero,</span> <span class='ocrx_word' id='word_1_515' title='bbox 2790 2191 2857 2230; x_wconf 92' lang='lat' dir='ltr'>ea</span> <span class='ocrx_word' id='word_1_516' title='bbox 2888 2192 3012 2246; x_wconf 72' lang='lat' dir='ltr'>qua:</span> <span class='ocrx_word' id='word_1_517' title='bbox 3043 2175 3194 2229; x_wconf 81' lang='lat' dir='ltr'>facta</span> <span class='ocrx_word' id='word_1_518' title='bbox 3224 2178 3462 2241; x_wconf 84' lang='lat' dir='ltr'>sunt,ne</span> <span class='ocrx_word' id='word_1_519' title='bbox 3492 2174 3563 2228; x_wconf 93' lang='lat' dir='ltr'>ad</span> 
     </span>
    </p>
   </div>
   <div class='ocr_carea' id='block_1_69' title="bbox 1925 2264 3564 2335">
    <p class='ocr_par' dir='ltr' id='par_1_69' title="bbox 1925 2264 3564 2335">
     <span class='ocr_line' id='line_1_69' title="bbox 1925 2264 3564 2335; baseline -0.001 -15"><span class='ocrx_word' id='word_1_520' title='bbox 1925 2265 2174 2321; x_wconf 90' lang='lat' dir='ltr'>nihilum</span> <span class='ocrx_word' id='word_1_521' title='bbox 2208 2265 2861 2331; x_wconf 86' lang='lat' dir='ltr'>redeant,continentur.</span> <span class='ocrx_word' id='word_1_522' title='bbox 2879 2264 2981 2320; x_wconf 82' lang='lat' dir='ltr'>Hic</span> <span class='ocrx_word' id='word_1_523' title='bbox 3012 2280 3147 2335; x_wconf 88' lang='lat' dir='ltr'>ergo</span> <span class='ocrx_word' id='word_1_524' title='bbox 3181 2264 3320 2319; x_wconf 93' lang='lat' dir='ltr'>dum</span> <span class='ocrx_word' id='word_1_525' title='bbox 3353 2280 3564 2335; x_wconf 90' lang='lat' dir='ltr'>regun-</span> 
     </span>
    </p>
   </div>
   <div class='ocr_carea' id='block_1_70' title="bbox 1923 2353 3563 2425">
    <p class='ocr_par' dir='ltr' id='par_1_70' title="bbox 1923 2353 3563 2425">
     <span class='ocr_line' id='line_1_70' title="bbox 1923 2353 3563 2425; baseline -0.001 -17"><span class='ocrx_word' id='word_1_526' title='bbox 1923 2358 2037 2419; x_wconf 89' lang='lat' dir='ltr'>tur,</span> <span class='ocrx_word' id='word_1_527' title='bbox 2073 2360 2126 2408; x_wconf 91' lang='lat' dir='ltr'>et</span> <span class='ocrx_word' id='word_1_528' title='bbox 2168 2354 2237 2407; x_wconf 90' lang='lat' dir='ltr'>ad</span> <span class='ocrx_word' id='word_1_529' title='bbox 2289 2353 2535 2409; x_wconf 90' lang='lat' dir='ltr'>invicem</span> <span class='ocrx_word' id='word_1_530' title='bbox 2590 2353 2700 2408; x_wconf 91' lang='lat' dir='ltr'>sibi</span> <span class='ocrx_word' id='word_1_531' title='bbox 2759 2353 3143 2425; x_wconf 88' lang='lat' dir='ltr'>repugnantia</span> <span class='ocrx_word' id='word_1_532' title='bbox 3200 2355 3563 2425; x_wconf 90' lang='lat' dir='ltr'>coaptantur,</span> 
     </span>
    </p>
   </div>
   <div class='ocr_carea' id='block_1_71' title="bbox 1926 2439 3565 2513">
    <p class='ocr_par' dir='ltr' id='par_1_71' title="bbox 1926 2439 3565 2513">
     <span class='ocr_line' id='line_1_71' title="bbox 1926 2439 3565 2513; baseline -0.001 -17"><span class='ocrx_word' id='word_1_533' title='bbox 1926 2458 2204 2512; x_wconf 87' lang='lat' dir='ltr'>magnum</span> <span class='ocrx_word' id='word_1_534' title='bbox 2227 2441 2459 2496; x_wconf 89' lang='lat' dir='ltr'>etvalde</span> <span class='ocrx_word' id='word_1_535' title='bbox 2476 2440 3151 2513; x_wconf 60' lang='lat' dir='ltr'>mirabile,pluriquue</span> <span class='ocrx_word' id='word_1_536' title='bbox 3165 2440 3397 2495; x_wconf 89' lang='lat' dir='ltr'>virtutis</span> <span class='ocrx_word' id='word_1_537' title='bbox 3421 2439 3565 2494; x_wconf 88' lang='lat' dir='ltr'>indi-</span> 
     </span>
    </p>
   </div>
   <div class='ocr_carea' id='block_1_72' title="bbox 1924 2529 3565 2602">
    <p class='ocr_par' dir='ltr' id='par_1_72' title="bbox 1924 2529 3565 2602">
     <span class='ocr_line' id='line_1_72' title="bbox 1924 2529 3565 2602; baseline -0.001 -18"><span class='ocrx_word' id='word_1_538' title='bbox 1924 2530 2079 2585; x_wconf 90' lang='lat' dir='ltr'>cium</span> <span class='ocrx_word' id='word_1_539' title='bbox 2110 2529 2457 2585; x_wconf 89' lang='lat' dir='ltr'>declaratur.</span> <span class='ocrx_word' id='word_1_540' title='bbox 2492 2530 2745 2586; x_wconf 92' lang='lat' dir='ltr'>Dicendo</span> <span class='ocrx_word' id='word_1_541' title='bbox 2776 2534 2970 2585; x_wconf 89' lang='lat' dir='ltr'>autem</span> <span class='ocrx_word' id='word_1_542' title='bbox 2996 2552 3023 2580; x_wconf 77' lang='grc' dir='ltr'>ι(</span> <span class='ocrx_word' id='word_1_543' title='bbox 3062 2535 3325 2602; x_wconf 88' lang='lat' dir='ltr'>portans,</span> <span class='ocrx_word' id='word_1_544' title='bbox 3364 2552 3390 2577; x_wconf 83' lang='lat'>»</span> <span class='ocrx_word' id='word_1_545' title='bbox 3425 2529 3565 2583; x_wconf 86' lang='lat' dir='ltr'>faci-</span> 
     </span>
    </p>
   </div>
   <div class='ocr_carea' id='block_1_73' title="bbox 1925 2618 3566 2691">
    <p class='ocr_par' dir='ltr' id='par_1_73' title="bbox 1925 2618 3566 2691">
     <span class='ocr_line' id='line_1_73' title="bbox 1925 2618 3566 2691; baseline 0 -18"><span class='ocrx_word' id='word_1_546' title='bbox 1925 2620 2145 2675; x_wconf 87' lang='lat' dir='ltr'>litatem</span> <span class='ocrx_word' id='word_1_547' title='bbox 2180 2620 2510 2675; x_wconf 89' lang='lat' dir='ltr'>continendi</span> <span class='ocrx_word' id='word_1_548' title='bbox 2536 2619 2715 2674; x_wconf 88' lang='lat' dir='ltr'>voluit</span> <span class='ocrx_word' id='word_1_549' title='bbox 2747 2619 3206 2691; x_wconf 86' lang='lat' dir='ltr'>designare.Non</span> <span class='ocrx_word' id='word_1_550' title='bbox 3233 2619 3387 2674; x_wconf 92' lang='lat' dir='ltr'>enim</span> <span class='ocrx_word' id='word_1_551' title='bbox 3422 2618 3566 2673; x_wconf 83' lang='lat' dir='ltr'>dixit</span> 
     </span>
    </p>
   </div>
   <div class='ocr_carea' id='block_1_74' title="bbox 1924 2706 3565 2781">
    <p class='ocr_par' dir='ltr' id='par_1_74' title="bbox 1924 2706 3565 2781">
     <span class='ocr_line' id='line_1_74' title="bbox 1924 2706 3565 2781; baseline -0.001 -18"><span class='ocrx_word' id='word_1_552' title='bbox 1924 2711 2351 2781; x_wconf 85' lang='lat' dir='ltr'>gubernans,ex</span> <span class='ocrx_word' id='word_1_553' title='bbox 2382 2708 2935 2780; x_wconf 87' lang='lat' dir='ltr'>metaphoraeorum</span> <span class='ocrx_word' id='word_1_554' title='bbox 2955 2709 3053 2780; x_wconf 91' lang='lat' dir='ltr'>qui</span> <span class='ocrx_word' id='word_1_555' title='bbox 3079 2708 3205 2764; x_wconf 91' lang='lat' dir='ltr'>sine</span> <span class='ocrx_word' id='word_1_556' title='bbox 3235 2706 3565 2762; x_wconf 90' lang='lat' dir='ltr'>ullolabore</span> 
     </span>
    </p>
   </div>
   <div class='ocr_carea' id='block_1_75' title="bbox 1924 2797 3563 2870">
    <p class='ocr_par' dir='ltr' id='par_1_75' title="bbox 1924 2797 3563 2870">
     <span class='ocr_line' id='line_1_75' title="bbox 1924 2797 3563 2870; baseline -0.002 -17"><span class='ocrx_word' id='word_1_557' title='bbox 1924 2799 2106 2870; x_wconf 86' lang='lat' dir='ltr'>digito</span> <span class='ocrx_word' id='word_1_558' title='bbox 2136 2798 2223 2853; x_wconf 89' lang='lat' dir='ltr'>vel</span> <span class='ocrx_word' id='word_1_559' title='bbox 2259 2803 2491 2854; x_wconf 90' lang='lat' dir='ltr'>movent</span> <span class='ocrx_word' id='word_1_560' title='bbox 2520 2798 2766 2869; x_wconf 89' lang='lat' dir='ltr'>aliquid,</span> <span class='ocrx_word' id='word_1_561' title='bbox 2798 2797 2883 2853; x_wconf 88' lang='lat' dir='ltr'>vel</span> <span class='ocrx_word' id='word_1_562' title='bbox 2923 2798 3205 2853; x_wconf 79' lang='lat' dir='ltr'>efﬁciunt.</span> <span class='ocrx_word' id='word_1_563' title='bbox 3265 2797 3563 2861; x_wconf 89' lang='lat' dir='ltr'>Quomodo</span> 
     </span>
    </p>
   </div>
   <div class='ocr_carea' id='block_1_76' title="bbox 1925 2885 3565 2959">
    <p class='ocr_par' dir='ltr' id='par_1_76' title="bbox 1925 2885 3565 2959">
     <span class='ocr_line' id='line_1_76' title="bbox 1925 2885 3565 2959; baseline -0.004 -14"><span class='ocrx_word' id='word_1_564' title='bbox 1925 2888 2079 2945; x_wconf 90' lang='lat' dir='ltr'>enim</span> <span class='ocrx_word' id='word_1_565' title='bbox 2112 2889 2365 2943; x_wconf 88' lang='lat' dir='ltr'>Joannes</span> <span class='ocrx_word' id='word_1_566' title='bbox 2397 2888 2542 2943; x_wconf 85' lang='lat' dir='ltr'>dixit</span> <span class='ocrx_word' id='word_1_567' title='bbox 2575 2905 2623 2942; x_wconf 74' lang='grc' dir='ltr'>ε»</span> <span class='ocrx_word' id='word_1_568' title='bbox 2658 2888 2817 2952; x_wconf 89' lang='lat' dir='ltr'>Quod</span> <span class='ocrx_word' id='word_1_569' title='bbox 2852 2887 3171 2943; x_wconf 83' lang='lat' dir='ltr'>factumest</span> <span class='ocrx_word' id='word_1_570' title='bbox 3202 2886 3257 2941; x_wconf 91' lang='lat' dir='ltr'>in</span> <span class='ocrx_word' id='word_1_571' title='bbox 3292 2886 3417 2959; x_wconf 89' lang='lat' dir='ltr'>ipso</span> <span class='ocrx_word' id='word_1_572' title='bbox 3446 2885 3565 2940; x_wconf 89' lang='lat' dir='ltr'>vita</span> 
     </span>
    </p>
   </div>
   <div class='ocr_carea' id='block_1_77' title="bbox 1925 2975 3568 3048">
    <p class='ocr_par' dir='ltr' id='par_1_77' title="bbox 1925 2975 3568 3048">
     <span class='ocr_line' id='line_1_77' title="bbox 1925 2975 3568 3048; baseline -0.002 -15"><span class='ocrx_word' id='word_1_573' title='bbox 1925 2983 2047 3033; x_wconf 86' lang='lat' dir='ltr'>erat</span> <span class='ocrx_word' id='word_1_574' title='bbox 2078 2980 2255 3047; x_wconf 84' lang='lat' dir='ltr'>(Joan.</span> <span class='ocrx_word' id='word_1_575' title='bbox 2292 2996 2328 3046; x_wconf 84' lang='lat'>1,</span> <span class='ocrx_word' id='word_1_576' title='bbox 2363 2978 2440 3048; x_wconf 88' lang='grc'>3),</span> <span class='ocrx_word' id='word_1_577' title='bbox 2474 3001 2495 3029; x_wconf 73' lang='grc' dir='ltr'>ι</span> <span class='ocrx_word' id='word_1_578' title='bbox 2541 2976 2741 3032; x_wconf 91' lang='lat' dir='ltr'>volens</span> <span class='ocrx_word' id='word_1_579' title='bbox 2792 2993 2822 3031; x_wconf 87' lang='lat' dir='ltr'>a</span> <span class='ocrx_word' id='word_1_580' title='bbox 2872 2976 3157 3032; x_wconf 90' lang='lat' dir='ltr'>creaturis</span> <span class='ocrx_word' id='word_1_581' title='bbox 3206 2975 3568 3045; x_wconf 81' lang='lat' dir='ltr'>distinguere</span> 
     </span>
    </p>
   </div>
   <div class='ocr_carea' id='block_1_78' title="bbox 1926 3064 3569 3137">
    <p class='ocr_par' dir='ltr' id='par_1_78' title="bbox 1926 3064 3569 3137">
     <span class='ocr_line' id='line_1_78' title="bbox 1926 3064 3569 3137; baseline -0.002 -16"><span class='ocrx_word' id='word_1_582' title='bbox 1926 3066 2215 3122; x_wconf 88' lang='lat' dir='ltr'>universis</span> <span class='ocrx_word' id='word_1_583' title='bbox 2247 3082 2260 3121; x_wconf 89' lang='lat'><strong>:</strong></span> <span class='ocrx_word' id='word_1_584' title='bbox 2296 3066 2451 3137; x_wconf 91' lang='lat' dir='ltr'>quod</span> <span class='ocrx_word' id='word_1_585' title='bbox 2484 3064 3225 3133; x_wconf 89' lang='lat' dir='ltr'>cunctorumvitamipsum</span> <span class='ocrx_word' id='word_1_586' title='bbox 3257 3081 3385 3120; x_wconf 90' lang='lat' dir='ltr'>esse</span> <span class='ocrx_word' id='word_1_587' title='bbox 3407 3082 3569 3119; x_wconf 89' lang='lat' dir='ltr'>cons-</span> 
     </span>
    </p>
   </div>
   <div class='ocr_carea' id='block_1_79' title="bbox 1930 3152 3567 3225">
    <p class='ocr_par' dir='ltr' id='par_1_79' title="bbox 1930 3152 3567 3225">
     <span class='ocr_line' id='line_1_79' title="bbox 1930 3152 3567 3225; baseline -0.002 -15"><span class='ocrx_word' id='word_1_588' title='bbox 1930 3160 2017 3210; x_wconf 89' lang='lat' dir='ltr'>tat</span> <span class='ocrx_word' id='word_1_589' title='bbox 2050 3181 2064 3224; x_wconf 86' lang='lat'><strong>;</strong></span> <span class='ocrx_word' id='word_1_590' title='bbox 2096 3156 2179 3211; x_wconf 90' lang='lat' dir='ltr'>sic</span> <span class='ocrx_word' id='word_1_591' title='bbox 2210 3156 2387 3210; x_wconf 90' lang='lat' dir='ltr'>etiam</span> <span class='ocrx_word' id='word_1_592' title='bbox 2420 3154 2543 3225; x_wconf 91' lang='lat' dir='ltr'>ipse</span> <span class='ocrx_word' id='word_1_593' title='bbox 2582 3153 2722 3207; x_wconf 91' lang='lat' dir='ltr'>dicit</span> <span class='ocrx_word' id='word_1_594' title='bbox 2753 3172 2765 3219; x_wconf 90' lang='lat'><strong>;</strong></span> <span class='ocrx_word' id='word_1_595' title='bbox 2801 3158 3042 3224; x_wconf 89' lang='lat' dir='ltr'>portans</span> <span class='ocrx_word' id='word_1_596' title='bbox 3073 3153 3288 3207; x_wconf 89' lang='lat' dir='ltr'>omnia.</span> <span class='ocrx_word' id='word_1_597' title='bbox 3323 3152 3447 3207; x_wconf 91' lang='lat' dir='ltr'>Non</span> <span class='ocrx_word' id='word_1_598' title='bbox 3483 3152 3567 3207; x_wconf 82' lang='lat' dir='ltr'>si-</span> 
     </span>
    </p>
   </div>
   <div class='ocr_carea' id='block_1_80' title="bbox 1850 3218 3572 3315">
    <p class='ocr_par' dir='ltr' id='par_1_80' title="bbox 1850 3218 3572 3315">
     <span class='ocr_line' id='line_1_80' title="bbox 1850 3218 3572 3315; baseline -0.003 -15"><span class='ocrx_word' id='word_1_599' title='bbox 1850 3218 1892 3285; x_wconf 78' lang='lat' dir='ltr'>C</span> <span class='ocrx_word' id='word_1_600' title='bbox 1932 3249 2029 3300; x_wconf 90' lang='lat' dir='ltr'>cut</span> <span class='ocrx_word' id='word_1_601' title='bbox 2058 3244 2291 3315; x_wconf 86' lang='lat' dir='ltr'>pagani,</span> <span class='ocrx_word' id='word_1_602' title='bbox 2327 3242 2425 3313; x_wconf 91' lang='lat' dir='ltr'>qui</span> <span class='ocrx_word' id='word_1_603' title='bbox 2456 3260 2589 3298; x_wconf 93' lang='lat' dir='ltr'>eum</span> <span class='ocrx_word' id='word_1_604' title='bbox 2622 3259 2655 3297; x_wconf 90' lang='lat' dir='ltr'>a</span> <span class='ocrx_word' id='word_1_605' title='bbox 2684 3242 3015 3297; x_wconf 89' lang='lat' dir='ltr'>conditione</span> <span class='ocrx_word' id='word_1_606' title='bbox 3075 3257 3266 3295; x_wconf 90' lang='lat' dir='ltr'>rerum</span> <span class='ocrx_word' id='word_1_607' title='bbox 3298 3244 3355 3295; x_wconf 88' lang='lat' dir='ltr'>et</span> <span class='ocrx_word' id='word_1_608' title='bbox 3384 3240 3572 3312; x_wconf 90' lang='lat' dir='ltr'>provi-</span> 
     </span>
    </p>
   </div>
   <div class='ocr_carea' id='block_1_81' title="bbox 1929 3328 3570 3402">
    <p class='ocr_par' dir='ltr' id='par_1_81' title="bbox 1929 3328 3570 3402">
     <span class='ocr_line' id='line_1_81' title="bbox 1929 3328 3570 3402; baseline -0.004 -13"><span class='ocrx_word' id='word_1_609' title='bbox 1929 3334 2128 3389; x_wconf 90' lang='lat' dir='ltr'>dentia</span> <span class='ocrx_word' id='word_1_610' title='bbox 2158 3332 2363 3387; x_wconf 89' lang='lat' dir='ltr'>dicunt</span> <span class='ocrx_word' id='word_1_611' title='bbox 2392 3348 2520 3386; x_wconf 89' lang='lat' dir='ltr'>esse</span> <span class='ocrx_word' id='word_1_612' title='bbox 2543 3330 3112 3402; x_wconf 90' lang='lat' dir='ltr'>privatum.Dicendo</span> <span class='ocrx_word' id='word_1_613' title='bbox 3144 3330 3299 3385; x_wconf 90' lang='lat' dir='ltr'>enim</span> <span class='ocrx_word' id='word_1_614' title='bbox 3334 3346 3347 3384; x_wconf 89' lang='lat'><strong>:</strong></span> <span class='ocrx_word' id='word_1_615' title='bbox 3388 3352 3408 3378; x_wconf 75' lang='grc' dir='ltr'><strong><em>α</em></strong></span> <span class='ocrx_word' id='word_1_616' title='bbox 3435 3328 3570 3383; x_wconf 86' lang='lat' dir='ltr'>Ver-</span> 
     </span>
    </p>
   </div>
   <div class='ocr_carea' id='block_1_82' title="bbox 1930 3416 3572 3490">
    <p class='ocr_par' dir='ltr' id='par_1_82' title="bbox 1930 3416 3572 3490">
     <span class='ocr_line' id='line_1_82' title="bbox 1930 3416 3572 3490; baseline -0.004 -11"><span class='ocrx_word' id='word_1_617' title='bbox 1930 3423 2003 3479; x_wconf 92' lang='lat' dir='ltr'>bo</span> <span class='ocrx_word' id='word_1_618' title='bbox 2034 3420 2271 3476; x_wconf 90' lang='lat' dir='ltr'>virtutis</span> <span class='ocrx_word' id='word_1_619' title='bbox 2301 3438 2443 3486; x_wconf 81' lang='lat' dir='ltr'>suae,</span> <span class='ocrx_word' id='word_1_620' title='bbox 2488 3442 2514 3468; x_wconf 87' lang='grc'><strong>››</strong></span> <span class='ocrx_word' id='word_1_621' title='bbox 2568 3418 2938 3490; x_wconf 87' lang='lat' dir='ltr'>signiﬁcavit,</span> <span class='ocrx_word' id='word_1_622' title='bbox 2990 3418 3144 3489; x_wconf 90' lang='lat' dir='ltr'>quod</span> <span class='ocrx_word' id='word_1_623' title='bbox 3202 3418 3327 3473; x_wconf 90' lang='lat' dir='ltr'>sine</span> <span class='ocrx_word' id='word_1_624' title='bbox 3373 3416 3572 3473; x_wconf 88' lang='lat' dir='ltr'>labore</span> 
     </span>
    </p>
   </div>
   <div class='ocr_carea' id='block_1_83' title="bbox 1931 3508 2481 3567">
    <p class='ocr_par' dir='ltr' id='par_1_83' title="bbox 1931 3508 2481 3567">
     <span class='ocr_line' id='line_1_83' title="bbox 1931 3508 2481 3567; baseline -0.009 0"><span class='ocrx_word' id='word_1_625' title='bbox 1931 3514 2139 3567; x_wconf 87' lang='lat' dir='ltr'>cuncta</span> <span class='ocrx_word' id='word_1_626' title='bbox 2170 3508 2481 3564; x_wconf 90' lang='lat' dir='ltr'>contineat.</span> 
     </span>
    </p>
   </div>
   <div class='ocr_carea' id='block_1_84' title="bbox 2003 3594 3570 3665">
    <p class='ocr_par' dir='ltr' id='par_1_84' title="bbox 2003 3594 3570 3665">
     <span class='ocr_line' id='line_1_84' title="bbox 2003 3594 3570 3665; baseline -0.003 -10"><span class='ocrx_word' id='word_1_627' title='bbox 2003 3601 2137 3655; x_wconf 91' lang='lat' dir='ltr'>Post</span> <span class='ocrx_word' id='word_1_628' title='bbox 2166 3603 2384 3654; x_wconf 89' lang='lat' dir='ltr'>tantam</span> <span class='ocrx_word' id='word_1_629' title='bbox 2420 3596 2626 3652; x_wconf 61' lang='lat' dir='ltr'>divina</span> <span class='ocrx_word' id='word_1_630' title='bbox 2645 3595 2970 3665; x_wconf 86' lang='lat' dir='ltr'>majestatis</span> <span class='ocrx_word' id='word_1_631' title='bbox 2990 3596 3050 3651; x_wconf 89' lang='lat' dir='ltr'>in</span> <span class='ocrx_word' id='word_1_632' title='bbox 3076 3594 3219 3651; x_wconf 87' lang='lat' dir='ltr'>Filio</span> <span class='ocrx_word' id='word_1_633' title='bbox 3247 3595 3570 3651; x_wconf 85' lang='lat' dir='ltr'>claritatem</span> 
     </span>
    </p>
   </div>
   <div class='ocr_carea' id='block_1_85' title="bbox 1924 3685 3575 3761">
    <p class='ocr_par' dir='ltr' id='par_1_85' title="bbox 1924 3685 3575 3761">
     <span class='ocr_line' id='line_1_85' title="bbox 1924 3685 3575 3761; baseline -0.002 -17"><span class='ocrx_word' id='word_1_634' title='bbox 1924 3691 2049 3761; x_wconf 90' lang='lat' dir='ltr'>jam</span> <span class='ocrx_word' id='word_1_635' title='bbox 2083 3706 2238 3743; x_wconf 90' lang='lat' dir='ltr'>nunc</span> <span class='ocrx_word' id='word_1_636' title='bbox 2268 3689 2339 3743; x_wconf 92' lang='lat' dir='ltr'>ad</span> <span class='ocrx_word' id='word_1_637' title='bbox 2355 3685 3575 3758; x_wconf 84' lang='lat' dir='ltr'>humilitatemincarnationisejusdescen-</span> 
     </span>
    </p>
   </div>
   <div class='ocr_carea' id='block_1_86' title="bbox 1932 3776 3569 3849">
    <p class='ocr_par' dir='ltr' id='par_1_86' title="bbox 1932 3776 3569 3849">
     <span class='ocr_line' id='line_1_86' title="bbox 1932 3776 3569 3849; baseline -0.002 -16"><span class='ocrx_word' id='word_1_638' title='bbox 1932 3779 2035 3846; x_wconf 90' lang='lat' dir='ltr'>dit,</span> <span class='ocrx_word' id='word_1_639' title='bbox 2070 3778 2271 3833; x_wconf 91' lang='lat' dir='ltr'>dicens</span> <span class='ocrx_word' id='word_1_640' title='bbox 2305 3794 2318 3832; x_wconf 86' lang='lat'><strong>:</strong></span> <span class='ocrx_word' id='word_1_641' title='bbox 2360 3800 2381 3825; x_wconf 76' lang='grc' dir='ltr'><strong>α</strong></span> <span class='ocrx_word' id='word_1_642' title='bbox 2418 3777 2830 3849; x_wconf 88' lang='lat' dir='ltr'>Purgationem</span> <span class='ocrx_word' id='word_1_643' title='bbox 2865 3780 3232 3848; x_wconf 91' lang='lat' dir='ltr'>peccatorum</span> <span class='ocrx_word' id='word_1_644' title='bbox 3276 3776 3569 3831; x_wconf 85' lang='lat' dir='ltr'>faciens.»</span> 
     </span>
    </p>
   </div>
   <div class='ocr_carea' id='block_1_87' title="bbox 1933 3864 3569 3939">
    <p class='ocr_par' dir='ltr' id='par_1_87' title="bbox 1933 3864 3569 3939">
     <span class='ocr_line' id='line_1_87' title="bbox 1933 3864 3569 3939; baseline -0.002 -16"><span class='ocrx_word' id='word_1_645' title='bbox 1933 3872 2241 3939; x_wconf 86' lang='lat' dir='ltr'>Postquam</span> <span class='ocrx_word' id='word_1_646' title='bbox 2277 3866 2419 3922; x_wconf 82' lang='lat' dir='ltr'>dixit</span> <span class='ocrx_word' id='word_1_647' title='bbox 2449 3867 2719 3938; x_wconf 88' lang='lat' dir='ltr'>superius</span> <span class='ocrx_word' id='word_1_648' title='bbox 2748 3864 2852 3920; x_wconf 91' lang='lat' dir='ltr'>illa</span> <span class='ocrx_word' id='word_1_649' title='bbox 2890 3882 3104 3938; x_wconf 91' lang='lat' dir='ltr'>magna</span> <span class='ocrx_word' id='word_1_650' title='bbox 3151 3866 3430 3937; x_wconf 91' lang='lat' dir='ltr'>valdeque</span> <span class='ocrx_word' id='word_1_651' title='bbox 3462 3866 3569 3920; x_wconf 90' lang='lat' dir='ltr'>mi-</span> 
     </span>
    </p>
   </div>
   <div class='ocr_carea' id='block_1_88' title="bbox 1932 3954 3573 4025">
    <p class='ocr_par' dir='ltr' id='par_1_88' title="bbox 1932 3954 3573 4025">
     <span class='ocr_line' id='line_1_88' title="bbox 1932 3954 3573 4025; baseline -0.002 -14"><span class='ocrx_word' id='word_1_652' title='bbox 1932 3958 2131 4024; x_wconf 90' lang='lat' dir='ltr'>randa,</span> <span class='ocrx_word' id='word_1_653' title='bbox 2164 3955 2305 4011; x_wconf 90' lang='lat' dir='ltr'>dicit</span> <span class='ocrx_word' id='word_1_654' title='bbox 2335 3972 2491 4010; x_wconf 90' lang='lat' dir='ltr'>nunc</span> <span class='ocrx_word' id='word_1_655' title='bbox 2522 3959 2579 4009; x_wconf 91' lang='lat' dir='ltr'>et</span> <span class='ocrx_word' id='word_1_656' title='bbox 2607 3956 2679 4009; x_wconf 92' lang='lat' dir='ltr'>de</span> <span class='ocrx_word' id='word_1_657' title='bbox 2735 3970 2874 4009; x_wconf 90' lang='lat' dir='ltr'>cura</span> <span class='ocrx_word' id='word_1_658' title='bbox 2933 3956 3081 4025; x_wconf 84' lang='lat' dir='ltr'>ejus,</span> <span class='ocrx_word' id='word_1_659' title='bbox 3115 3971 3179 4009; x_wconf 88' lang='lat' dir='ltr'>ac</span> <span class='ocrx_word' id='word_1_660' title='bbox 3238 3954 3573 4010; x_wconf 90' lang='lat' dir='ltr'>sollitudine</span> 
     </span>
    </p>
   </div>
   <div class='ocr_carea' id='block_1_89' title="bbox 1932 4042 3567 4117">
    <p class='ocr_par' dir='ltr' id='par_1_89' title="bbox 1932 4042 3567 4117">
     <span class='ocr_line' id='line_1_89' title="bbox 1932 4042 3567 4117; baseline -0.002 -16"><span class='ocrx_word' id='word_1_661' title='bbox 1932 4063 2110 4117; x_wconf 90' lang='lat' dir='ltr'>quam</span> <span class='ocrx_word' id='word_1_662' title='bbox 2141 4045 2481 4101; x_wconf 89' lang='lat' dir='ltr'>hominibus</span> <span class='ocrx_word' id='word_1_663' title='bbox 2511 4044 2680 4115; x_wconf 90' lang='lat' dir='ltr'>gerit.</span> <span class='ocrx_word' id='word_1_664' title='bbox 2716 4044 2783 4098; x_wconf 89' lang='lat' dir='ltr'>Et</span> <span class='ocrx_word' id='word_1_665' title='bbox 2830 4043 3099 4115; x_wconf 88' lang='lat' dir='ltr'>quamvis</span> <span class='ocrx_word' id='word_1_666' title='bbox 3146 4042 3290 4097; x_wconf 93' lang='lat' dir='ltr'>illud</span> <span class='ocrx_word' id='word_1_667' title='bbox 3341 4043 3567 4098; x_wconf 88' lang='lat' dir='ltr'>univer-</span> 
     </span>
    </p>
   </div>
   <div class='ocr_carea' id='block_1_90' title="bbox 1931 4131 3607 4205">
    <p class='ocr_par' dir='ltr' id='par_1_90' title="bbox 1931 4131 3607 4205">
     <span class='ocr_line' id='line_1_90' title="bbox 1931 4131 3607 4205; baseline -0.002 -14"><span class='ocrx_word' id='word_1_668' title='bbox 1931 4134 2053 4191; x_wconf 89' lang='lat' dir='ltr'>sale</span> <span class='ocrx_word' id='word_1_669' title='bbox 2084 4136 2181 4201; x_wconf 90' lang='lat' dir='ltr'>sit,</span> <span class='ocrx_word' id='word_1_670' title='bbox 2220 4133 2373 4205; x_wconf 88' lang='lat' dir='ltr'>quod</span> <span class='ocrx_word' id='word_1_671' title='bbox 2423 4133 2623 4187; x_wconf 89' lang='lat' dir='ltr'>omnia</span> <span class='ocrx_word' id='word_1_672' title='bbox 2673 4132 2932 4187; x_wconf 91' lang='lat' dir='ltr'>continet</span> <span class='ocrx_word' id='word_1_673' title='bbox 2962 4133 2973 4185; x_wconf 88' lang='lat'>!</span> <span class='ocrx_word' id='word_1_674' title='bbox 3009 4135 3429 4186; x_wconf 88' lang='lat' dir='ltr'>verumtamem</span> <span class='ocrx_word' id='word_1_675' title='bbox 3463 4131 3572 4187; x_wconf 90' lang='lat' dir='ltr'>hoc</span> <span class='ocrx_word' id='word_1_676' title='bbox 3595 4139 3607 4148; x_wconf 88' lang='lat'>&#39;</span> 
     </span>
    </p>
   </div>
   <div class='ocr_carea' id='block_1_91' title="bbox 1932 4218 3570 4293">
    <p class='ocr_par' dir='ltr' id='par_1_91' title="bbox 1932 4218 3570 4293">
     <span class='ocr_line' id='line_1_91' title="bbox 1932 4218 3570 4293; baseline -0.002 -15"><span class='ocrx_word' id='word_1_677' title='bbox 1932 4222 2118 4278; x_wconf 91' lang='lat' dir='ltr'>multo</span> <span class='ocrx_word' id='word_1_678' title='bbox 2148 4221 2403 4293; x_wconf 90' lang='lat' dir='ltr'>amplius</span> <span class='ocrx_word' id='word_1_679' title='bbox 2436 4218 3188 4290; x_wconf 90' lang='lat' dir='ltr'>estuniversale,quantum</span> <span class='ocrx_word' id='word_1_680' title='bbox 3223 4219 3281 4273; x_wconf 91' lang='lat' dir='ltr'>in</span> <span class='ocrx_word' id='word_1_681' title='bbox 3312 4220 3440 4291; x_wconf 92' lang='lat' dir='ltr'>ipso</span> <span class='ocrx_word' id='word_1_682' title='bbox 3462 4225 3570 4289; x_wconf 88' lang='lat' dir='ltr'>est,</span> 
     </span>
    </p>
   </div>
   <div class='ocr_carea' id='block_1_92' title="bbox 1931 4308 3573 4384">
    <p class='ocr_par' dir='ltr' id='par_1_92' title="bbox 1931 4308 3573 4384">
     <span class='ocr_line' id='line_1_92' title="bbox 1931 4308 3573 4384; baseline -0.001 -17"><span class='ocrx_word' id='word_1_683' title='bbox 1931 4312 2086 4384; x_wconf 91' lang='lat' dir='ltr'>quod</span> <span class='ocrx_word' id='word_1_684' title='bbox 2104 4312 2158 4365; x_wconf 88' lang='lat' dir='ltr'>in</span> <span class='ocrx_word' id='word_1_685' title='bbox 2174 4327 2308 4366; x_wconf 90' lang='lat' dir='ltr'>eum</span> <span class='ocrx_word' id='word_1_686' title='bbox 2323 4326 2524 4365; x_wconf 91' lang='lat' dir='ltr'>omnes</span> <span class='ocrx_word' id='word_1_687' title='bbox 2539 4309 2928 4364; x_wconf 88' lang='lat' dir='ltr'>crediderunt.</span> <span class='ocrx_word' id='word_1_688' title='bbox 2955 4308 3115 4362; x_wconf 91' lang='lat' dir='ltr'>Unde</span> <span class='ocrx_word' id='word_1_689' title='bbox 3128 4308 3301 4362; x_wconf 88' lang='lat' dir='ltr'>etiam</span> <span class='ocrx_word' id='word_1_690' title='bbox 3317 4309 3573 4366; x_wconf 85' lang='lat' dir='ltr'>Joannes</span> 
     </span>
    </p>
   </div>
   <div class='ocr_carea' id='block_1_93' title="bbox 1931 4395 3571 4469">
    <p class='ocr_par' dir='ltr' id='par_1_93' title="bbox 1931 4395 3571 4469">
     <span class='ocr_line' id='line_1_93' title="bbox 1931 4395 3571 4469; baseline -0.002 -12"><span class='ocrx_word' id='word_1_691' title='bbox 1931 4402 2072 4457; x_wconf 90' lang='lat' dir='ltr'>dicit</span> <span class='ocrx_word' id='word_1_692' title='bbox 2102 4417 2113 4456; x_wconf 91' lang='lat'>:</span> <span class='ocrx_word' id='word_1_693' title='bbox 2151 4424 2179 4452; x_wconf 84' lang='lat'><strong>«</strong></span> <span class='ocrx_word' id='word_1_694' title='bbox 2202 4400 2332 4455; x_wconf 90' lang='lat' dir='ltr'>Vita</span> <span class='ocrx_word' id='word_1_695' title='bbox 2361 4398 2740 4469; x_wconf 64' lang='lat' dir='ltr'>erat(lbid.,4)</span> <span class='ocrx_word' id='word_1_696' title='bbox 2773 4415 2788 4465; x_wconf 86' lang='lat'><strong>;</strong></span> <span class='ocrx_word' id='word_1_697' title='bbox 2826 4419 2853 4446; x_wconf 85' lang='grc'><strong>››</strong></span> <span class='ocrx_word' id='word_1_698' title='bbox 2875 4397 2975 4452; x_wconf 88' lang='lat' dir='ltr'>sed</span> <span class='ocrx_word' id='word_1_699' title='bbox 2998 4395 3417 4468; x_wconf 89' lang='lat' dir='ltr'>providentiam</span> <span class='ocrx_word' id='word_1_700' title='bbox 3443 4399 3571 4469; x_wconf 88' lang='lat' dir='ltr'>ejus</span> 
     </span>
    </p>
   </div>
   <div class='ocr_carea' id='block_1_94' title="bbox 1930 4484 3573 4558">
    <p class='ocr_par' dir='ltr' id='par_1_94' title="bbox 1930 4484 3573 4558">
     <span class='ocr_line' id='line_1_94' title="bbox 1930 4484 3573 4558; baseline -0.003 -12"><span class='ocrx_word' id='word_1_701' title='bbox 1930 4488 2549 4555; x_wconf 88' lang='lat' dir='ltr'>manifestans,iterum</span> <span class='ocrx_word' id='word_1_702' title='bbox 2578 4486 3021 4558; x_wconf 88' lang='lat' dir='ltr'>dicit,quoniam</span> <span class='ocrx_word' id='word_1_703' title='bbox 3052 4484 3351 4541; x_wconf 89' lang='lat' dir='ltr'>lumenest</span> <span class='ocrx_word' id='word_1_704' title='bbox 3374 4502 3387 4540; x_wconf 91' lang='lat'>:</span> <span class='ocrx_word' id='word_1_705' title='bbox 3414 4510 3441 4537; x_wconf 83' lang='lat'><strong>«</strong></span> <span class='ocrx_word' id='word_1_706' title='bbox 3465 4487 3573 4543; x_wconf 90' lang='lat' dir='ltr'>Per</span> 
     </span>
    </p>
   </div>
   <div class='ocr_carea' id='block_1_95' title="bbox 170 4574 3574 4653">
    <p class='ocr_par' dir='ltr' id='par_1_95' title="bbox 170 4574 3574 4653">
     <span class='ocr_line' id='line_1_95' title="bbox 170 4574 3574 4653; baseline 0.001 -24"><span class='ocrx_word' id='word_1_707' title='bbox 170 4576 617 4647; x_wconf 81' lang='lat' dir='ltr'>sufﬁcit,neque</span> <span class='ocrx_word' id='word_1_708' title='bbox 634 4577 703 4630; x_wconf 86' lang='lat' dir='ltr'>ad</span> <span class='ocrx_word' id='word_1_709' title='bbox 730 4576 1173 4647; x_wconf 88' lang='lat' dir='ltr'>percipiendum</span> <span class='ocrx_word' id='word_1_710' title='bbox 1206 4575 1825 4649; x_wconf 73' lang='lat' dir='ltr'>prmvaletintsllectus</span> <span class='ocrx_word' id='word_1_711' title='bbox 1854 4587 1900 4651; x_wconf 85' lang='lat' dir='ltr'><strong>D</strong></span> <span class='ocrx_word' id='word_1_712' title='bbox 1929 4581 2178 4653; x_wconf 69' lang='lat' dir='ltr'>ipsum,»</span> <span class='ocrx_word' id='word_1_713' title='bbox 2215 4578 2459 4650; x_wconf 72' lang='lat' dir='ltr'>inquit,c</span> <span class='ocrx_word' id='word_1_714' title='bbox 2478 4576 3111 4648; x_wconf 88' lang='lat' dir='ltr'>lumen.Purgationem</span> <span class='ocrx_word' id='word_1_715' title='bbox 3142 4574 3356 4630; x_wconf 83' lang='lat' dir='ltr'>faciens</span> <span class='ocrx_word' id='word_1_716' title='bbox 3378 4592 3574 4647; x_wconf 90' lang='lat' dir='ltr'>pecca-</span> 
     </span>
    </p>
   </div>
   <div class='ocr_carea' id='block_1_96' title="bbox 168 4663 1821 4739">
    <p class='ocr_par' dir='ltr' id='par_1_96' title="bbox 168 4663 1821 4739">
     <span class='ocr_line' id='line_1_96' title="bbox 168 4663 1821 4739; baseline 0.004 -23"><span class='ocrx_word' id='word_1_717' title='bbox 168 4663 239 4717; x_wconf 61' lang='grc' dir='ltr'>Εἰ</span> <span class='ocrx_word' id='word_1_718' title='bbox 267 4663 409 4732; x_wconf 89' lang='lat' dir='ltr'>quid</span> <span class='ocrx_word' id='word_1_719' title='bbox 444 4665 578 4720; x_wconf 89' lang='lat' dir='ltr'>dico</span> <span class='ocrx_word' id='word_1_720' title='bbox 608 4664 867 4733; x_wconf 86' lang='lat' dir='ltr'>linguam</span> <span class='ocrx_word' id='word_1_721' title='bbox 898 4664 985 4720; x_wconf 90' lang='lat' dir='ltr'>vel</span> <span class='ocrx_word' id='word_1_722' title='bbox 1018 4665 1406 4735; x_wconf 89' lang='lat' dir='ltr'>intellectum,</span> <span class='ocrx_word' id='word_1_723' title='bbox 1438 4682 1572 4721; x_wconf 89' lang='lat' dir='ltr'>cum</span> <span class='ocrx_word' id='word_1_724' title='bbox 1632 4684 1821 4739; x_wconf 85' lang='lat' dir='ltr'>neque</span> 
     </span>
    </p>
   </div>
   <div class='ocr_carea' id='block_1_97' title="bbox 166 4751 1823 4826">
    <p class='ocr_par' dir='ltr' id='par_1_97' title="bbox 166 4751 1823 4826">
     <span class='ocr_line' id='line_1_97' title="bbox 166 4751 1823 4826; baseline 0.005 -22"><span class='ocrx_word' id='word_1_725' title='bbox 166 4751 298 4822; x_wconf 86' lang='lat' dir='ltr'>ipsa</span> <span class='ocrx_word' id='word_1_726' title='bbox 329 4769 467 4822; x_wconf 90' lang='lat' dir='ltr'>pars</span> <span class='ocrx_word' id='word_1_727' title='bbox 492 4754 706 4809; x_wconf 87' lang='lat' dir='ltr'>mentis</span> <span class='ocrx_word' id='word_1_728' title='bbox 727 4753 1233 4826; x_wconf 83' lang='lat' dir='ltr'>eminentior,quae</span> <span class='ocrx_word' id='word_1_729' title='bbox 1253 4755 1337 4810; x_wconf 91' lang='lat' dir='ltr'>eis</span> <span class='ocrx_word' id='word_1_730' title='bbox 1354 4756 1539 4810; x_wconf 90' lang='lat' dir='ltr'>multo</span> <span class='ocrx_word' id='word_1_731' title='bbox 1561 4757 1823 4826; x_wconf 88' lang='lat' dir='ltr'>superior</span> 
     </span>
    </p>
   </div>
   <div class='ocr_carea' id='block_1_98' title="bbox 173 4839 1819 4917">
    <p class='ocr_par' dir='ltr' id='par_1_98' title="bbox 173 4839 1819 4917">
     <span class='ocr_line' id='line_1_98' title="bbox 173 4839 1819 4917; baseline 0.004 -22"><span class='ocrx_word' id='word_1_732' title='bbox 173 4844 263 4895; x_wconf 85' lang='lat' dir='ltr'>est</span> <span class='ocrx_word' id='word_1_733' title='bbox 295 4839 518 4912; x_wconf 90' lang='lat' dir='ltr'>aliquid</span> <span class='ocrx_word' id='word_1_734' title='bbox 550 4841 776 4914; x_wconf 88' lang='lat' dir='ltr'>integre</span> <span class='ocrx_word' id='word_1_735' title='bbox 816 4843 968 4899; x_wconf 90' lang='lat' dir='ltr'>valet</span> <span class='ocrx_word' id='word_1_736' title='bbox 1026 4844 1535 4916; x_wconf 89' lang='lat' dir='ltr'>comprehendere,</span> <span class='ocrx_word' id='word_1_737' title='bbox 1584 4846 1819 4917; x_wconf 88' lang='lat' dir='ltr'>quando</span> 
     </span>
    </p>
   </div>
   <div class='ocr_carea' id='block_1_99' title="bbox 168 4926 1817 5005">
    <p class='ocr_par' dir='ltr' id='par_1_99' title="bbox 168 4926 1817 5005">
     <span class='ocr_line' id='line_1_99' title="bbox 168 4926 1817 5005; baseline 0.005 -24"><span class='ocrx_word' id='word_1_738' title='bbox 168 4926 391 4999; x_wconf 86' lang='lat' dir='ltr'>aliquid</span> <span class='ocrx_word' id='word_1_739' title='bbox 426 4930 499 4985; x_wconf 89' lang='lat' dir='ltr'>de</span> <span class='ocrx_word' id='word_1_740' title='bbox 561 4929 864 4985; x_wconf 85' lang='lat' dir='ltr'>divinitate</span> <span class='ocrx_word' id='word_1_741' title='bbox 921 4931 1230 4988; x_wconf 91' lang='lat' dir='ltr'>disseritur</span> <span class='ocrx_word' id='word_1_742' title='bbox 1256 4933 1284 4987; x_wconf 75' lang='lat'><strong>7</strong></span> <span class='ocrx_word' id='word_1_743' title='bbox 1312 4933 1350 4987; x_wconf 91' lang='lat' dir='ltr'><strong>S</strong></span> <span class='ocrx_word' id='word_1_744' title='bbox 1381 4933 1537 4988; x_wconf 89' lang='lat' dir='ltr'>enim</span> <span class='ocrx_word' id='word_1_745' title='bbox 1577 4951 1687 5005; x_wconf 89' lang='lat' dir='ltr'>pax</span> <span class='ocrx_word' id='word_1_746' title='bbox 1719 4934 1817 4989; x_wconf 89' lang='lat' dir='ltr'>Dei</span> 
     </span>
    </p>
   </div>
   <div class='ocr_carea' id='block_1_100' title="bbox 164 5019 1815 5093">
    <p class='ocr_par' dir='ltr' id='par_1_100' title="bbox 164 5019 1815 5093">
     <span class='ocr_line' id='line_1_100' title="bbox 164 5019 1815 5093; baseline 0.005 -22"><span class='ocrx_word' id='word_1_747' title='bbox 164 5019 538 5074; x_wconf 88' lang='lat' dir='ltr'>transcendit</span> <span class='ocrx_word' id='word_1_748' title='bbox 568 5034 801 5074; x_wconf 89' lang='lat' dir='ltr'>omnem</span> <span class='ocrx_word' id='word_1_749' title='bbox 834 5026 1088 5078; x_wconf 89' lang='lat' dir='ltr'>mentem</span> <span class='ocrx_word' id='word_1_750' title='bbox 1149 5021 1376 5093; x_wconf 74' lang='lat' dir='ltr'>(Philip.</span> <span class='ocrx_word' id='word_1_751' title='bbox 1435 5039 1508 5091; x_wconf 87' lang='grc' dir='ltr'>ιν,</span> <span class='ocrx_word' id='word_1_752' title='bbox 1540 5024 1616 5092; x_wconf 90' lang='grc'>7),</span> <span class='ocrx_word' id='word_1_753' title='bbox 1645 5027 1701 5077; x_wconf 91' lang='lat' dir='ltr'>et</span> <span class='ocrx_word' id='word_1_754' title='bbox 1728 5040 1815 5090; x_wconf 89' lang='lat' dir='ltr'>ea,</span> 
     </span>
    </p>
   </div>
   <div class='ocr_carea' id='block_1_101' title="bbox 167 5109 1819 5185">
    <p class='ocr_par' dir='ltr' id='par_1_101' title="bbox 167 5109 1819 5185">
     <span class='ocr_line' id='line_1_101' title="bbox 167 5109 1819 5185; baseline 0.003 -25"><span class='ocrx_word' id='word_1_755' title='bbox 167 5120 287 5176; x_wconf 71' lang='lat' dir='ltr'>quas</span> <span class='ocrx_word' id='word_1_756' title='bbox 318 5110 657 5185; x_wconf 65' lang='lat' dir='ltr'>preparata</span> <span class='ocrx_word' id='word_1_757' title='bbox 688 5112 828 5163; x_wconf 87' lang='lat' dir='ltr'>sunt</span> <span class='ocrx_word' id='word_1_758' title='bbox 856 5109 1476 5182; x_wconf 86' lang='lat' dir='ltr'>diligentibuseum,in</span> <span class='ocrx_word' id='word_1_759' title='bbox 1508 5128 1607 5166; x_wconf 91' lang='lat' dir='ltr'>cor</span> <span class='ocrx_word' id='word_1_760' title='bbox 1636 5111 1819 5167; x_wconf 91' lang='lat' dir='ltr'>homi-</span> 
     </span>
    </p>
   </div>
   <div class='ocr_carea' id='block_1_102' title="bbox 167 5194 1816 5271">
    <p class='ocr_par' dir='ltr' id='par_1_102' title="bbox 167 5194 1816 5271">
     <span class='ocr_line' id='line_1_102' title="bbox 167 5194 1816 5271; baseline 0.006 -24"><span class='ocrx_word' id='word_1_761' title='bbox 167 5194 254 5249; x_wconf 90' lang='lat' dir='ltr'>nis</span> <span class='ocrx_word' id='word_1_762' title='bbox 285 5212 402 5251; x_wconf 88' lang='lat' dir='ltr'>non</span> <span class='ocrx_word' id='word_1_763' title='bbox 465 5196 801 5250; x_wconf 85' lang='lat' dir='ltr'>ascendunt</span> <span class='ocrx_word' id='word_1_764' title='bbox 847 5197 893 5269; x_wconf 92' lang='lat' dir='ltr'>(I</span> <span class='ocrx_word' id='word_1_765' title='bbox 923 5200 1044 5255; x_wconf 85' lang='lat' dir='ltr'>Cor.</span> <span class='ocrx_word' id='word_1_766' title='bbox 1082 5216 1143 5254; x_wconf 88' lang='grc' dir='ltr'>ιι.</span> <span class='ocrx_word' id='word_1_767' title='bbox 1174 5200 1229 5271; x_wconf 86' lang='grc'>9)</span> <span class='ocrx_word' id='word_1_768' title='bbox 1276 5216 1289 5253; x_wconf 89' lang='lat'>:</span> <span class='ocrx_word' id='word_1_769' title='bbox 1321 5199 1504 5254; x_wconf 91' lang='lat' dir='ltr'>multo</span> <span class='ocrx_word' id='word_1_770' title='bbox 1563 5198 1816 5270; x_wconf 86' lang='lat' dir='ltr'>amplius</span> 
     </span>
    </p>
   </div>
   <div class='ocr_carea' id='block_1_103' title="bbox 160 5280 1813 5359">
    <p class='ocr_par' dir='ltr' id='par_1_103' title="bbox 160 5280 1813 5359">
     <span class='ocr_line' id='line_1_103' title="bbox 160 5280 1813 5359; baseline 0.005 -25"><span class='ocrx_word' id='word_1_771' title='bbox 160 5280 299 5354; x_wconf 90' lang='lat' dir='ltr'>ipse,</span> <span class='ocrx_word' id='word_1_772' title='bbox 332 5285 437 5357; x_wconf 90' lang='lat' dir='ltr'>qui</span> <span class='ocrx_word' id='word_1_773' title='bbox 472 5283 670 5356; x_wconf 86' lang='lat' dir='ltr'>pascit</span> <span class='ocrx_word' id='word_1_774' title='bbox 704 5284 905 5358; x_wconf 80' lang='lat'>(1387),</span> <span class='ocrx_word' id='word_1_775' title='bbox 943 5290 1115 5355; x_wconf 89' lang='lat' dir='ltr'>Deus,</span> <span class='ocrx_word' id='word_1_776' title='bbox 1149 5287 1248 5359; x_wconf 86' lang='lat' dir='ltr'>qui</span> <span class='ocrx_word' id='word_1_777' title='bbox 1280 5290 1544 5343; x_wconf 87' lang='lat' dir='ltr'>omnium</span> <span class='ocrx_word' id='word_1_778' title='bbox 1578 5293 1667 5343; x_wconf 89' lang='lat' dir='ltr'>est</span> <span class='ocrx_word' id='word_1_779' title='bbox 1691 5288 1813 5359; x_wconf 88' lang='lat' dir='ltr'>opi-</span> 
     </span>
    </p>
   </div>
   <div class='ocr_carea' id='block_1_104' title="bbox 162 5372 1814 5448">
    <p class='ocr_par' dir='ltr' id='par_1_104' title="bbox 162 5372 1814 5448">
     <span class='ocr_line' id='line_1_104' title="bbox 162 5372 1814 5448; baseline 0.005 -24"><span class='ocrx_word' id='word_1_780' title='bbox 162 5372 247 5425; x_wconf 77' lang='lat' dir='ltr'>fex</span> <span class='ocrx_word' id='word_1_781' title='bbox 275 5387 503 5438; x_wconf 85' lang='lat' dir='ltr'>rerum,</span> <span class='ocrx_word' id='word_1_782' title='bbox 538 5372 1029 5433; x_wconf 67' lang='lat' dir='ltr'>inestlmabiliter</span> <span class='ocrx_word' id='word_1_783' title='bbox 1056 5382 1289 5433; x_wconf 87' lang='lat' dir='ltr'>nostras</span> <span class='ocrx_word' id='word_1_784' title='bbox 1308 5377 1687 5448; x_wconf 87' lang='lat' dir='ltr'>cogitationes</span> <span class='ocrx_word' id='word_1_785' title='bbox 1712 5393 1814 5432; x_wconf 84' lang='lat' dir='ltr'>ex-</span> 
     </span>
    </p>
   </div>
   <div class='ocr_carea' id='block_1_105' title="bbox 162 5459 1813 5537">
    <p class='ocr_par' dir='ltr' id='par_1_105' title="bbox 162 5459 1813 5537">
     <span class='ocr_line' id='line_1_105' title="bbox 162 5459 1813 5537; baseline 0.004 -26"><span class='ocrx_word' id='word_1_786' title='bbox 162 5464 394 5529; x_wconf 87' lang='lat' dir='ltr'>superat</span> <span class='ocrx_word' id='word_1_787' title='bbox 428 5478 441 5528; x_wconf 91' lang='lat'><strong>;</strong></span> <span class='ocrx_word' id='word_1_788' title='bbox 478 5476 585 5531; x_wconf 85' lang='lat' dir='ltr'>per</span> <span class='ocrx_word' id='word_1_789' title='bbox 624 5459 990 5529; x_wconf 88' lang='lat' dir='ltr'>splendorem</span> <span class='ocrx_word' id='word_1_790' title='bbox 1027 5468 1244 5537; x_wconf 87' lang='lat' dir='ltr'>quippe</span> <span class='ocrx_word' id='word_1_791' title='bbox 1266 5465 1459 5537; x_wconf 66' lang='lat' dir='ltr'>glorias</span> <span class='ocrx_word' id='word_1_792' title='bbox 1491 5465 1813 5519; x_wconf 88' lang='lat' dir='ltr'>divinitatis</span> 
     </span>
    </p>
   </div>
   <div class='ocr_carea' id='block_1_106' title="bbox 162 5547 1810 5625">
    <p class='ocr_par' dir='ltr' id='par_1_106' title="bbox 162 5547 1810 5625">
     <span class='ocr_line' id='line_1_106' title="bbox 162 5547 1810 5625; baseline 0.005 -24"><span class='ocrx_word' id='word_1_793' title='bbox 162 5547 413 5604; x_wconf 89' lang='lat' dir='ltr'>declarat</span> <span class='ocrx_word' id='word_1_794' title='bbox 446 5547 798 5605; x_wconf 86' lang='lat' dir='ltr'>essentiam.</span> <span class='ocrx_word' id='word_1_795' title='bbox 832 5550 923 5608; x_wconf 90' lang='lat' dir='ltr'>Sic</span> <span class='ocrx_word' id='word_1_796' title='bbox 955 5555 1129 5612; x_wconf 89' lang='lat' dir='ltr'>etiam</span> <span class='ocrx_word' id='word_1_797' title='bbox 1165 5571 1345 5610; x_wconf 90' lang='lat' dir='ltr'>unam</span> <span class='ocrx_word' id='word_1_798' title='bbox 1403 5554 1659 5625; x_wconf 89' lang='lat' dir='ltr'>sumpsit</span> <span class='ocrx_word' id='word_1_799' title='bbox 1688 5569 1810 5609; x_wconf 90' lang='lat' dir='ltr'>rem</span> 
     </span>
    </p>
   </div>
   <div class='ocr_carea' id='block_1_107' title="bbox 221 5636 975 5710">
    <p class='ocr_par' dir='ltr' id='par_1_107' title="bbox 221 5636 975 5710">
     <span class='ocr_line' id='line_1_107' title="bbox 221 5636 975 5710; baseline 0.011 -19"><span class='ocrx_word' id='word_1_800' title='bbox 221 5636 404 5710; x_wconf 79' lang='lat'>(1387)</span> <span class='ocrx_word' id='word_1_801' title='bbox 443 5638 723 5693; x_wconf 86' lang='lat' dir='ltr'>Fortasse</span> <span class='ocrx_word' id='word_1_802' title='bbox 747 5654 857 5709; x_wconf 70' lang='lat' dir='ltr'>pax</span> <span class='ocrx_word' id='word_1_803' title='bbox 884 5645 975 5698; x_wconf 80' lang='lat' dir='ltr'>sit.</span> 
     </span>
    </p>
   </div>
   <div class='ocr_carea' id='block_1_108' title="bbox 1930 4663 3571 4737">
    <p class='ocr_par' dir='ltr' id='par_1_108' title="bbox 1930 4663 3571 4737">
     <span class='ocr_line' id='line_1_108' title="bbox 1930 4663 3571 4737; baseline -0.004 -12"><span class='ocrx_word' id='word_1_804' title='bbox 1930 4676 2121 4726; x_wconf 92' lang='lat' dir='ltr'>torum</span> <span class='ocrx_word' id='word_1_805' title='bbox 2160 4692 2186 4719; x_wconf 87' lang='grc'><strong>››</strong></span> <span class='ocrx_word' id='word_1_806' title='bbox 2210 4673 2545 4723; x_wconf 91' lang='lat' dir='ltr'>nostrorum</span> <span class='ocrx_word' id='word_1_807' title='bbox 2565 4668 2708 4734; x_wconf 84' lang='lat' dir='ltr'>;duo</span> <span class='ocrx_word' id='word_1_808' title='bbox 2736 4666 3001 4737; x_wconf 67' lang='lat' dir='ltr'>quaedam</span> <span class='ocrx_word' id='word_1_809' title='bbox 3036 4665 3094 4720; x_wconf 92' lang='lat' dir='ltr'>in</span> <span class='ocrx_word' id='word_1_810' title='bbox 3119 4664 3225 4720; x_wconf 86' lang='lat' dir='ltr'>hoc</span> <span class='ocrx_word' id='word_1_811' title='bbox 3250 4663 3374 4720; x_wconf 91' lang='lat' dir='ltr'>loco</span> <span class='ocrx_word' id='word_1_812' title='bbox 3396 4665 3571 4737; x_wconf 90' lang='lat' dir='ltr'>signi-</span> 
     </span>
    </p>
   </div>
   <div class='ocr_carea' id='block_1_109' title="bbox 1931 4754 3567 4829">
    <p class='ocr_par' dir='ltr' id='par_1_109' title="bbox 1931 4754 3567 4829">
     <span class='ocr_line' id='line_1_109' title="bbox 1931 4754 3567 4829; baseline -0.002 -16"><span class='ocrx_word' id='word_1_813' title='bbox 1931 4762 2066 4815; x_wconf 90' lang='lat' dir='ltr'>ﬁcat</span> <span class='ocrx_word' id='word_1_814' title='bbox 2095 4760 2354 4827; x_wconf 88' lang='lat' dir='ltr'>majora:</span> <span class='ocrx_word' id='word_1_815' title='bbox 2390 4758 2544 4829; x_wconf 93' lang='lat' dir='ltr'>quod</span> <span class='ocrx_word' id='word_1_816' title='bbox 2576 4756 2647 4812; x_wconf 92' lang='lat' dir='ltr'>de</span> <span class='ocrx_word' id='word_1_817' title='bbox 2680 4754 2846 4811; x_wconf 89' lang='lat' dir='ltr'>nobis</span> <span class='ocrx_word' id='word_1_818' title='bbox 2878 4771 3076 4810; x_wconf 89' lang='lat' dir='ltr'>curam</span> <span class='ocrx_word' id='word_1_819' title='bbox 3108 4754 3382 4827; x_wconf 88' lang='lat' dir='ltr'>gerat,vel</span> <span class='ocrx_word' id='word_1_820' title='bbox 3414 4756 3567 4826; x_wconf 91' lang='lat' dir='ltr'>quod</span> 
     </span>
    </p>
   </div>
   <div class='ocr_carea' id='block_1_110' title="bbox 1930 4843 3569 4919">
    <p class='ocr_par' dir='ltr' id='par_1_110' title="bbox 1930 4843 3569 4919">
     <span class='ocr_line' id='line_1_110' title="bbox 1930 4843 3569 4919; baseline 0 -19"><span class='ocrx_word' id='word_1_821' title='bbox 1930 4850 2166 4919; x_wconf 89' lang='lat' dir='ltr'>peccata</span> <span class='ocrx_word' id='word_1_822' title='bbox 2187 4849 2387 4900; x_wconf 88' lang='lat' dir='ltr'>nostra</span> <span class='ocrx_word' id='word_1_823' title='bbox 2410 4843 2796 4911; x_wconf 90' lang='lat' dir='ltr'>mundaverit;</span> <span class='ocrx_word' id='word_1_824' title='bbox 2822 4848 2879 4898; x_wconf 89' lang='lat' dir='ltr'>et</span> <span class='ocrx_word' id='word_1_825' title='bbox 2901 4845 3052 4914; x_wconf 89' lang='lat' dir='ltr'>quod</span> <span class='ocrx_word' id='word_1_826' title='bbox 3077 4844 3569 4915; x_wconf 88' lang='lat' dir='ltr'>persemetipsum</span> 
     </span>
    </p>
   </div>
   <div class='ocr_carea' id='block_1_111' title="bbox 1927 4932 3569 5005">
    <p class='ocr_par' dir='ltr' id='par_1_111' title="bbox 1927 4932 3569 5005">
     <span class='ocr_line' id='line_1_111' title="bbox 1927 4932 3569 5005; baseline -0.001 -15"><span class='ocrx_word' id='word_1_827' title='bbox 1927 4936 2037 4990; x_wconf 87' lang='lat' dir='ltr'>hoc</span> <span class='ocrx_word' id='word_1_828' title='bbox 2065 4948 2211 5005; x_wconf 89' lang='lat' dir='ltr'>opus</span> <span class='ocrx_word' id='word_1_829' title='bbox 2243 4933 2659 5005; x_wconf 87' lang='lat' dir='ltr'>impleverit.Et</span> <span class='ocrx_word' id='word_1_830' title='bbox 2688 4932 2746 4986; x_wconf 93' lang='lat' dir='ltr'>in</span> <span class='ocrx_word' id='word_1_831' title='bbox 2769 4932 2971 4988; x_wconf 88' lang='lat' dir='ltr'>multis</span> <span class='ocrx_word' id='word_1_832' title='bbox 3002 4932 3411 4989; x_wconf 85' lang='lat' dir='ltr'>locisinvenies</span> <span class='ocrx_word' id='word_1_833' title='bbox 3436 4952 3569 4989; x_wconf 92' lang='lat' dir='ltr'>cum</span> 
     </span>
    </p>
   </div>
   <div class='ocr_carea' id='block_1_112' title="bbox 1927 5021 3570 5095">
    <p class='ocr_par' dir='ltr' id='par_1_112' title="bbox 1927 5021 3570 5095">
     <span class='ocr_line' id='line_1_112' title="bbox 1927 5021 3570 5095; baseline -0.001 -16"><span class='ocrx_word' id='word_1_834' title='bbox 1927 5024 1987 5079; x_wconf 89' lang='lat' dir='ltr'>in</span> <span class='ocrx_word' id='word_1_835' title='bbox 2010 5023 2387 5079; x_wconf 82' lang='lat' dir='ltr'>bocmaxime</span> <span class='ocrx_word' id='word_1_836' title='bbox 2413 5022 2904 5095; x_wconf 88' lang='lat' dir='ltr'>gloriantem,non</span> <span class='ocrx_word' id='word_1_837' title='bbox 2933 5021 3415 5095; x_wconf 88' lang='lat' dir='ltr'>solumquoniam</span> <span class='ocrx_word' id='word_1_838' title='bbox 3441 5040 3570 5079; x_wconf 83' lang='lat' dir='ltr'>con-</span> 
     </span>
    </p>
   </div>
   <div class='ocr_carea' id='block_1_113' title="bbox 1924 5110 3568 5183">
    <p class='ocr_par' dir='ltr' id='par_1_113' title="bbox 1924 5110 3568 5183">
     <span class='ocr_line' id='line_1_113' title="bbox 1924 5110 3568 5183; baseline -0.002 -14"><span class='ocrx_word' id='word_1_839' title='bbox 1924 5113 2075 5169; x_wconf 91' lang='lat' dir='ltr'>versi</span> <span class='ocrx_word' id='word_1_840' title='bbox 2128 5127 2335 5167; x_wconf 91' lang='lat' dir='ltr'>sumus</span> <span class='ocrx_word' id='word_1_841' title='bbox 2367 5111 2437 5165; x_wconf 85' lang='lat' dir='ltr'>ad</span> <span class='ocrx_word' id='word_1_842' title='bbox 2470 5111 2675 5180; x_wconf 89' lang='lat' dir='ltr'>Deum,</span> <span class='ocrx_word' id='word_1_843' title='bbox 2728 5111 2827 5163; x_wconf 89' lang='lat' dir='ltr'>sed</span> <span class='ocrx_word' id='word_1_844' title='bbox 2890 5112 3063 5165; x_wconf 89' lang='lat' dir='ltr'>etiam</span> <span class='ocrx_word' id='word_1_845' title='bbox 3096 5110 3154 5165; x_wconf 91' lang='lat' dir='ltr'>in</span> <span class='ocrx_word' id='word_1_846' title='bbox 3186 5127 3251 5166; x_wconf 92' lang='lat' dir='ltr'>eo</span> <span class='ocrx_word' id='word_1_847' title='bbox 3282 5112 3434 5182; x_wconf 92' lang='lat' dir='ltr'>quod</span> <span class='ocrx_word' id='word_1_848' title='bbox 3468 5129 3568 5183; x_wconf 89' lang='lat' dir='ltr'>per</span> 
     </span>
    </p>
   </div>
   <div class='ocr_carea' id='block_1_114' title="bbox 1927 5197 3569 5271">
    <p class='ocr_par' dir='ltr' id='par_1_114' title="bbox 1927 5197 3569 5271">
     <span class='ocr_line' id='line_1_114' title="bbox 1927 5197 3569 5271; baseline -0.001 -14"><span class='ocrx_word' id='word_1_849' title='bbox 1927 5202 2137 5259; x_wconf 91' lang='lat' dir='ltr'>Filium</span> <span class='ocrx_word' id='word_1_850' title='bbox 2172 5198 2346 5254; x_wconf 83' lang='lat' dir='ltr'>fuerit</span> <span class='ocrx_word' id='word_1_851' title='bbox 2373 5197 2531 5251; x_wconf 89' lang='lat' dir='ltr'>istud</span> <span class='ocrx_word' id='word_1_852' title='bbox 2563 5198 2852 5253; x_wconf 73' lang='lat' dir='ltr'>effectum.</span> <span class='ocrx_word' id='word_1_853' title='bbox 2878 5202 2944 5254; x_wconf 87' lang='lat' dir='ltr'>Et</span> <span class='ocrx_word' id='word_1_854' title='bbox 2973 5216 3104 5254; x_wconf 86' lang='lat' dir='ltr'>vere</span> <span class='ocrx_word' id='word_1_855' title='bbox 3147 5216 3428 5271; x_wconf 89' lang='lat' dir='ltr'>magnum</span> <span class='ocrx_word' id='word_1_856' title='bbox 3460 5199 3569 5256; x_wconf 87' lang='lat' dir='ltr'>hoc</span> 
     </span>
    </p>
   </div>
   <div class='ocr_carea' id='block_1_115' title="bbox 1922 5274 3567 5361">
    <p class='ocr_par' dir='ltr' id='par_1_115' title="bbox 1922 5274 3567 5361">
     <span class='ocr_line' id='line_1_115' title="bbox 1922 5274 3567 5361; baseline -0.001 -16"><span class='ocrx_word' id='word_1_857' title='bbox 1922 5306 2141 5346; x_wconf 92' lang='lat' dir='ltr'>munus</span> <span class='ocrx_word' id='word_1_858' title='bbox 2171 5290 2281 5350; x_wconf 89' lang='lat' dir='ltr'>est,</span> <span class='ocrx_word' id='word_1_859' title='bbox 2315 5288 2371 5338; x_wconf 90' lang='lat' dir='ltr'>et</span> <span class='ocrx_word' id='word_1_860' title='bbox 2404 5287 2597 5353; x_wconf 88' lang='lat' dir='ltr'>majus</span> <span class='ocrx_word' id='word_1_861' title='bbox 2652 5274 2943 5354; x_wconf 62' lang='lat' dir='ltr'>effecttfm,</span> <span class='ocrx_word' id='word_1_862' title='bbox 2979 5288 3117 5342; x_wconf 90' lang='lat' dir='ltr'>dum</span> <span class='ocrx_word' id='word_1_863' title='bbox 3150 5289 3320 5343; x_wconf 91' lang='lat' dir='ltr'>nobis</span> <span class='ocrx_word' id='word_1_864' title='bbox 3345 5292 3433 5343; x_wconf 89' lang='lat' dir='ltr'>est</span> <span class='ocrx_word' id='word_1_865' title='bbox 3463 5304 3567 5361; x_wconf 90' lang='lat' dir='ltr'>per</span> 
     </span>
    </p>
   </div>
   <div class='ocr_carea' id='block_1_116' title="bbox 1923 5370 2578 5431">
    <p class='ocr_par' dir='ltr' id='par_1_116' title="bbox 1923 5370 2578 5431">
     <span class='ocr_line' id='line_1_116' title="bbox 1923 5370 2578 5431; baseline -0.006 0"><span class='ocrx_word' id='word_1_866' title='bbox 1923 5378 2130 5431; x_wconf 90' lang='lat' dir='ltr'>Filium</span> <span class='ocrx_word' id='word_1_867' title='bbox 2160 5370 2578 5429; x_wconf 89' lang='lat' dir='ltr'>contributum.</span> 
     </span>
    </p>
   </div>
   <div class='ocr_carea' id='block_1_117' title="bbox 2000 5458 3560 5536">
    <p class='ocr_par' dir='ltr' id='par_1_117' title="bbox 2000 5458 3560 5536">
     <span class='ocr_line' id='line_1_117' title="bbox 2000 5458 3560 5536; baseline 0.002 -19"><span class='ocrx_word' id='word_1_868' title='bbox 2000 5465 2132 5517; x_wconf 86' lang='lat' dir='ltr'>Post</span> <span class='ocrx_word' id='word_1_869' title='bbox 2155 5464 2272 5515; x_wconf 67' lang='grc' dir='ltr'>ιιωο</span> <span class='ocrx_word' id='word_1_870' title='bbox 2294 5458 2596 5511; x_wconf 82' lang='lat' dir='ltr'>confestim</span> <span class='ocrx_word' id='word_1_871' title='bbox 2619 5461 2688 5515; x_wconf 89' lang='lat' dir='ltr'>de</span> <span class='ocrx_word' id='word_1_872' title='bbox 2712 5464 3134 5518; x_wconf 82' lang='lat' dir='ltr'>resurrectione</span> <span class='ocrx_word' id='word_1_873' title='bbox 3157 5469 3329 5536; x_wconf 87' lang='lat' dir='ltr'>atque</span> <span class='ocrx_word' id='word_1_874' title='bbox 3360 5480 3560 5519; x_wconf 87' lang='lat' dir='ltr'>ascen-</span> 
     </span>
    </p>
   </div>
   <div class='ocr_carea' id='block_1_118' title="bbox 1923 5544 3561 5629">
    <p class='ocr_par' dir='ltr' id='par_1_118' title="bbox 1923 5544 3561 5629">
     <span class='ocr_line' id='line_1_118' title="bbox 1923 5544 3561 5629; baseline -0.001 -21"><span class='ocrx_word' id='word_1_875' title='bbox 1923 5552 2086 5608; x_wconf 90' lang='lat' dir='ltr'>sione</span> <span class='ocrx_word' id='word_1_876' title='bbox 2103 5552 2232 5623; x_wconf 89' lang='lat' dir='ltr'>ejus</span> <span class='ocrx_word' id='word_1_877' title='bbox 2253 5544 2533 5602; x_wconf 87' lang='lat' dir='ltr'>instittuit</span> <span class='ocrx_word' id='word_1_878' title='bbox 2549 5563 2656 5605; x_wconf 88' lang='lat' dir='ltr'>nos</span> <span class='ocrx_word' id='word_1_879' title='bbox 2682 5549 2751 5606; x_wconf 90' lang='lat' dir='ltr'>ad</span> <span class='ocrx_word' id='word_1_880' title='bbox 2767 5548 3561 5629; x_wconf 80' lang='lat' dir='ltr'>coelestiaerigere,etintueri</span> 
     </span>
    </p>
   </div>
  </div>
