3966 6210
136 319 260 381 733

734 314 1142 380 EXPOSI'I‘IO
1187 319 1264 379 ΙΝ
1309 320 1738 380 EPISTOLAS
1785 317 2044 383 PAULI.
2079 352 2155 367 —
2196 320 2272 383 IN
2307 321 2550 388 EPIST.
2599 319 2700 382 AD
2744 318 2979 381 IIEBR.

3440 319 3558 378 ’734

217 476 248 502 ‹‹
285 451 372 506 Ad
403 449 615 506 Filium
647 454 842 506 autem
874 468 887 506 :
916 452 1091 508 Sedes
1121 457 1217 508 tua
1249 453 1402 510 Deus
1433 455 1490 509 in
1525 454 1803 508 saeculum
1835 455 1888 521 Α
1920 454 2053 509 filiis
2113 456 2237 525 Dei,
2288 457 2499 512 iterum
2552 456 2618 510 ad
2680 453 3059 510 mternitatem
3117 449 3444 506 divinitatis
3500 448 3559 504 in

145 539 354 596 saeculi
384 541 551 610 (Psal.
588 557 736 607 κων,
770 541 900 610 7).»
943 542 1171 598 Intuere
1217 545 1508 614 quomodo
1560 543 1803 612 dividat,

147 634 207 684 et
241 645 380 684 cum
410 633 633 699 quanta
663 628 923 684 claritate
953 637 1251 686 creaturas
1275 650 1307 685 a
1329 633 1466 687 Filio
1491 633 1802 688 discernat.

145 716 353 786 Neque
385 717 750 771 diti‘erentius
791 735 1002 772 nomen
1044 719 1374 790 appellabat
1408 721 1534 775 Filii
1570 737 1801 788 nomen,

149 806 196 860 si
229 806 500 874 ejusdem
525 811 684 860 esset
715 807 1182 877 significationis.
1207 833 1233 858 «
1261 811 1458 878 Sedes,
1484 815 1605 874 tua,
1629 811 1802 874 Deus,

148 894 207 948 in
243 894 527 948 saeculum
555 894 772 948 saeculi.
800 919 826 943 »
853 900 993 950 Ecce
1025 897 1206 951 habes
1230 899 1387 969 regni
1411 898 1801 969 signaculum.

151 983 396 1054 «Virga
437 983 753 1053 aequitatis,
800 1007 825 1031 »
877 984 1089 1055 inquit,
1145 1007 1170 1033 ‹‹
1220 987 1382 1057 virga
1432 988 1590 1057 regni
1642 987 1801 1041 tui.»

149 1075 289 1126 Ecce
323 1072 506 1126 habes
544 1077 601 1126 et
647 1071 806 1127 aliud
839 1073 1230 1144 signaculum.
1267 1076 1441 1146 Virga
1472 1093 1601 1130 vero
1634 1093 1803 1146 regu-

149 1159 264 1214 lam
297 1160 509 1214 divinae
532 1161 824 1232 signiﬁcat
850 1165 1161 1233 mquitatis,
1187 1181 1315 1234 quae
1340 1166 1617 1220 veraciter
1648 1170 1804 1219 recta

146 1247 386 1317 dicitur,
419 1250 554 1319 quia
582 1249 742 1304 nulla
772 1253 1056 1322 pravitate
1086 1259 1373 1308 curvatur.
1405 1254 1576 1325 Virga
1607 1256 1802 1323 justos

149 1338 325 1408 regit,
359 1336 571 1409 impios
603 1341 881 1408 percutit;
917 1343 1016 1394 sed
1051 1341 1171 1396 hare
1194 1342 1372 1413 virga,
1402 1344 1680 1397 fortitudo
1713 1348 1803 1398 est

149 1425 396 1488 invicta,
431 1429 672 1497 aequitas
718 1429 1065 1494 rectissima,
1097 1431 1431 1486 inflexibilis
1470 1432 1798 1502 disciplina.

147 1513 306 1568 Hanc
352 1516 514 1569 enim
565 1516 784 1587 virgam
836 1520 1020 1590 regni,
1068 1520 1304 1574 honoris
1352 1521 1603 1592 insigne,
1639 1539 1800 1593 scep-

149 1609 302 1657 trum
338 1603 620 1660 dicebant
649 1607 998 1677 antiquitus,
1024 1607 1402 1680 designantes
1433 1610 1491 1663 in
1525 1626 1590 1664 ea
1620 1611 1800 1664 virtu-

150 1695 273 1745 tum
309 1707 536 1763 regem,
570 1694 888 1750 Dominum
922 1696 1302 1753 Salvatorem.

1915 546 2114 599 eodem
2169 545 2308 600 Filio
2359 546 2456 601 Dei
2506 544 2788 600 convertit
2835 561 2894 598 se
2942 540 3247 613 apostolus
3295 538 3564 594 testimo-

1915 633 2078 688 nium
2127 634 2365 690 alterius
2416 633 2625 707 psalmi
2672 633 2881 689 dicere.
2913 633 3007 688 Ait
3037 631 3193 686 enim
3230 647 3242 684 :
3276 652 3303 678 ‹‹
3339 633 3396 683 et
3428 644 3440 682 :
3475 629 3559 683 Tu

1915 722 1969 777 in
2007 724 2315 796 principio,
2353 724 2612 793 Domine,
2655 731 2866 777 terram
2906 720 3185 776 fundasti.
3223 742 3250 768 »
3283 718 3364 773 Ne
3413 718 3561 770 forte

1913 813 2066 866 enim
2129 813 2403 880 audiens,
2456 837 2481 861 ‹‹
2533 830 2658 867 cum
2722 811 3043 866 introducit
3099 806 3558 879 Primogenitum

1912 898 1970 953 in
2032 902 2229 956 orbem
2290 907 2547 968 terrm,»
2599 907 2799 972 postea
2857 899 2939 953 illi
2999 899 3281 953 donatum
3342 910 3558 948 munus

1912 989 2232 1052 existimes,
2291 991 2366 1046 ita
2418 991 2724 1061 subjungit
2758 1006 2769 1044 ε
2802 1011 2821 1038 α
2859 990 2923 1043 Et
2959 1004 2970 1041 ε
3023 987 3106 1040 Tu
3161 987 3217 1040 in
3249 982 3556 1055 principio.

1915 1082 2173 1148 Domine,
2235 1085 2445 1135 terram
2508 1080 2764 1134 fundasti
2827 1078 2998 1131 (I’sal.
3061 1093 3134 1140 c1,
3190 1076 3303 1143 26).
3355 1096 3381 1120 n
3433 1072 3557 1126 Non

1915 1184 2088 1237 nunc,
2116 1171 2213 1222 sed
2252 1170 2322 1221 ab
2357 1170 2520 1222 initio
2549 1185 2650 1239 per
2680 1166 2998 1220 divinitatis
3031 1163 3368 1234 potentiam,
3395 1164 3559 1213 Crea-

1910 1261 2001 1311 tor
2043 1264 2176 1312 ante
2227 1263 2547 1324 creaturas,
2578 1258 2701 1311 sine
2733 1256 2926 1326 aliquo
2977 1252 3140 1307 initio
3193 1249 3558 1322 cognosceris

1911 1347 2223 1401 exstitisse.

1984 1459 2010 1486 ‹‹
2043 1437 2112 1489 Et.
2161 1453 2336 1506 opera
2392 1451 2673 1489 manuum
2737 1438 2970 1486 tuarum
3032 1435 3171 1486 sunt
3221 1428 3420 1483 cceli.»
3455 1429 3558 1482 Hic

1912 1541 2144 1588 manus,
2179 1526 2455 1578 virtutem
2496 1522 2786 1592 jussionis
2827 1521 2925 1576 Dei
2960 1519 3244 1574 debemus
3275 1517 3554 1588 accipere.

1910 1613 2054 1668 Nam
2107 1614 2161 1666 in
2223 1612 2336 1667 alio
2391 1612 2515 1667 loco
2575 1611 2715 1665 dicit
2751 1627 2762 1663 :
2798 1634 2824 1658 ‹‹
2861 1608 3145 1674 Quoniam
3205 1607 3331 1678 ipse
3388 1606 3557 1675 dixit,

1911 1706 1967 1756 et
1995 1702 2150 1755 facta
2179 1707 2345 1768 sunt;
2381 1701 2504 1773 ipse
2551 1699 2871 1762 mandavit,
2905 1703 2960 1753 et
2993 1701 3185 1752 creata
3215 1698 3355 1749 sunt
3385 1694 3556 1765 (Psal.

222 1804 247 1828 ‹‹
287 1780 547 1878 Dilexisti
580 1783 893 1853 justitiam,
928 1789 982 1839 et
1012 1786 1182 1841 odisti
1218 1787 1642 1858 iniquitatem.»
1673 1788 1806 1858 Ipsa
1835 1821 1882 1885 B
1913 1807 2140 1855 cxcvm,
2173 1792 2251 1860 5).

156 1874 240 1923 est
270 1869 432 1941 virga
486 1876 645 1926 recta
673 1877 732 1926 et
763 1874 1082 1929 dominatio
1114 1875 1567 1941 dominantium,
1612 1893 1807 1930 amare

151 1958 438 2026 justitiam
464 1964 526 2014 et
549 1961 744 2014 odisse
765 1962 1158 2033 iniquitatem.
1184 1965 1362 2019 Nemo
1386 1965 1536 2018 enim
1561 1965 1807 2036 perfecte

158 2047 343 2118 diligit
371 2048 698 2117 justitiam,
723 2050 831 2105 nisi
856 2052 952 2123 qui
988 2058 1155 2107 actus
1188 2054 1474 2124 pessimos
1507 2054 1806 2109 abomina-

159 2141 264 2200 tur,
295 2136 388 2191 cui
416 2138 687 2192 veritatis
718 2157 882 2194 amor
911 2142 1110 2196 odium
1143 2148 1231 2198 est
1262 2142 1556 2197 falsitatis.

225 2225 328 2279 Sed
365 2226 508 2281 huic
533 2228 719 2282 amori
755 2229 1030 2284 bonitatis
1061 2237 1118 2285 et
1143 2232 1275 2286 odio
1301 2232 1653 2303 iniquitatis,
1677 2249 1807 2302 quae

158 2315 393 2383 praemia
425 2316 553 2370 sint
577 2317 822 2385 reddita,
848 2319 1049 2373 subter
1077 2322 1334 2391 exponit,
1363 2321 1563 2376 dicens
1588 2338 1637 2375 :u
1675 2323 1805 2375 Pro-

157 2407 352 2472 pterea
382 2403 557 2457 unxit
582 2410 636 2458 te
667 2405 842 2473 Deus,
871 2407 1025 2462 Deus
1056 2413 1213 2463 tuus.
1239 2433 1266 2457 »
1298 2409 1581 2480 Repetitio
1611 2415 1805 2466 autem

156 2491 292 2562 ista,
317 2493 473 2563 quod
513 2494 646 2547 dicit
678 2513 727 2549 ;‹‹
765 2498 935 2563 Deus,
963 2502 1170 2563 Deus,»
1195 2499 1548 2570 praeconium
1582 2515 1806 2569 magna:

155 2579 485 2635 dilectionis
514 2585 780 2639 ostendit.
805 2587 912 2640 Sed
942 2589 1233 2658 quomodo
1259 2593 1429 2654 Deus,
1453 2589 1621 2658 cujus
1646 2589 1805 2642 thro-

158 2685 261 2723 nus
317 2677 406 2725 est
454 2672 522 2725 in
578 2673 855 2728 saeculum
911 2675 1130 2742 sazculi,
1165 2678 1405 2748 ungitur
1432 2694 1464 2730 a
1497 2677 1610 2731 Deo
1647 2693 1657 2730 :
1692 2676 1804 2730 nisi

159 2757 410 2813 Christus
440 2761 642 2826 .lr‘sus,
671 2761 768 2833 qui
801 2780 867 2816 ex
896 2764 1026 2835 ipsa
1046 2766 1319 2820 unctione
1348 2765 1560 2821 Christi
1594 2781 1804 2820 nomen

158 2849 405 2920 accepit?
425 2850 708 2905 Cbrisma
739 2853 974 2923 quippe,
1011 2854 1238 2921 unctio;
1270 2854 1556 2918 Christus,
1595 2860 1806 2910 unctus

159 2936 376 2991 dicitur.
403 2938 484 2993 Un
503 2944 636 2993 ctus
659 2940 816 2995 enim
839 2941 1198 3007 Christus,et
1222 2960 1411 3014 regem
1438 2943 1729 3015 signiﬁcat
1750 2948 1807 2998 et

159 3027 685 3099 sacerdotem,quia
708 3029 1022 3101 dignitates
1047 3033 1166 3086 istre
1189 3034 1576 3088 sumebantur
1595 3050 1698 3104 per
1718 3050 1806 3087 sa-

160 3115 514 3172 cratissimas
560 3117 889 3174 unctiones.
912 3120 1056 3174 Nam
1089 3126 1144 3175 et
1177 3121 1371 3192 ipsum
1406 3139 1615 3177 nomen
1639 3121 1802 3177 Chri-

1987 1903 2012 1928 «
2049 1879 2160 1951 Ipsi
2213 1879 2564 1952 peribunt.»
2617 1881 2862 1933 Pereunt
2907 1875 3061 1929 enim
3123 1875 3194 1929 ab
3251 1890 3316 1928 eo
3377 1875 3557 1940 statu,

1914 1967 1972 2021 in
2034 1985 2147 2039 quo
2207 1985 2362 2022 nunc
2421 1971 2591 2032 sunt,
2653 1967 2792 2020 dum
2861 1968 3167 2018 mutantur
3223 1963 3280 2016 in
3348 1960 3559 2015 melius

1915 2062 2210 2112 creaturae.
2253 2080 2277 2104 ιι
2311 2059 2394 2111 'l‘u
2444 2061 2637 2110 autem
2690 2070 3016 2126 permanes.
3054 2075 3080 2098 »
3114 2051 3185 2106 Ut
3215 2050 3364 2105 sicut
3395 2054 3558 2104 aeter-

1916 2149 2154 2201 nitatem
2182 2145 2409 2201 Domini
2445 2145 2722 2206 ostendit,
2746 2149 3062 2213 antequam
3093 2145 3311 2195 crearet
3340 2138 3558 2208 omnia,

1915 2235 1998 2290 sic
2033 2241 2163 2307 post
2195 2234 2368 2290 cmlos
2415 2239 2691 2298 mutatos,
2725 2233 2918 2303 ipsum
2969 2230 3112 2284 dicit
3143 2229 3199 2282 in
3234 2227 3561 2298 majestatis

1915 2341 2036 2379 sua:
2067 2324 2250 2396 gloria
2281 2340 2639 2396 permanere.
2673 2347 2691 2371 ι
2724 2323 2792 2376 Et
2821 2337 3024 2375 omnes
3055 2324 3119 2373 ut
3147 2317 3559 2372 vestimentum

1914 2417 2294 2468 veterasccnt.
2321 2437 2339 2460 ι
2372 2415 2566 2484 ipsum
2599 2411 2924 2474 veterascit,
2959 2409 3134 2480 quod,
3171 2423 3331 2461 more
3358 2404 3557 2472 vestis,

1916 2507 2200 2556 vetustate
2240 2502 2626 2567 consumitur,
2653 2501 2805 2555 sicut
2836 2515 2967 2554 caro
3015 2497 3276 2551 humana
3323 2497 3510 2548 morte
3541 2509 3555 2549 :

1916 2608 2042 2664 qua:
2091 2597 2286 2646 tamen
2339 2590 2551 2646 melius
2612 2589 2668 2643 in
2729 2587 3153 2642 resurrectione
3213 2582 3554 2638 mutabitur.

1915 2680 2153 2736 Addidit
2182 2697 2414 2752 quoque
2446 2697 2456 2733 :
2484 2703 2508 2728 ‹‹
2546 2679 2612 2732 Et
2643 2678 2798 2733 velut
2829 2677 3109 2730 amictum
3144 2671 3403 2728 mutabis
3434 2687 3555 2739 eos,

1915 2773 1971 2823 et
2003 2770 2408 2823 mutabuntur.
2439 2791 2464 2816 »
2496 2768 2657 2823 Sicut
2687 2765 2935 2838 quilibet
2979 2763 3257 2818 amictum
3299 2759 3558 2824 involvit,

1915 2863 2089 2928 atque
2121 2862 2432 2928 permutat,
2469 2857 2548 2911 sic
2582 2860 2637 2910 et
2667 2856 2859 2925 ipsum
2894 2853 3182 2907 mundum
3213 2850 3558 2904 immutatu-

1916 2964 2015 3001 rus
2065 2952 2151 3000 est
2199 2949 2404 3018 (1390),
2446 2951 2502 3000 et
2549 2945 2942 3000 conditionem
2991 2946 3046 2996 et
3094 2938 3560 2995 transformatio-

1914 3053 2070 3103 nem,
2105 3055 2230 3107 qua:
2289 3037 2365 3090 sit
2409 3036 2464 3088 in
2522 3033 2752 3096 melius,
2789 3037 2906 3086 tam
2937 3030 3102 3084 facile
3162 3027 3372 3100 poterit
3424 3042 3558 3097 ope-

1916 3125 2054 3194 rari,
2088 3126 2240 3180 sicut
2281 3124 2527 3195 quilibet
2574 3123 2854 3177 amictum
2900 3118 3151 3172 involvat
3203 3122 3376 3188 atque
3425 3132 3558 3188 per-

161 3203 413 3266 sti,sicut
442 3207 569 3275 iam
607 3206 827 3261 dictum
860 3212 971 3275 est,
995 3226 1026 3262 a
1057 3214 1257 3264 sancto
1289 3210 1604 3265 chrismate
1631 3227 1804 3266 voca-
1837 3188 1878 3254 C
1919 3218 2123 3270 mutet.

161 3295 266 3346 tur.
307 3295 413 3350 Sed
450 3297 509 3350 in
545 3293 654 3348 illa
702 3300 910 3351 natura
957 3303 1169 3353 unctus
1199 3299 1432 3371 dicitur,
1466 3301 1524 3354 in
1557 3317 1674 3370 qua
1703 3317 1805 3371 per

161 3379 657 3452 dispensationem
690 3386 884 3440 carnis
919 3386 1101 3452 nasci,
1137 3392 1193 3442 et
1224 3389 1391 3456 mori,
1417 3394 1473 3444 et
1505 3405 1805 3461 resurgere

160 3474 426 3527 veraciter
484 3472 714 3528 dicitur
767 3474 1053 3530 Christus.
1103 3480 1380 3532 Caeterum
1439 3479 1626 3534 deitas
1678 3480 1807 3550 ejus

162 3559 312 3615 nullo
340 3579 612 3628 munere,
650 3562 809 3618 nullo
843 3564 1062 3620 honore
1093 3566 1346 3638 indiguit
1376 3568 1660 3638 adjuvari.

226 3673 250 3697 ‹‹
283 3651 416 3706 Oleo
453 3652 892 3713 exsultationis.
922 3677 949 3702 »
981 3655 1198 3726 duplici
1252 3658 1422 3710 modo
1473 3656 1805 3711 unctionem

164 3736 309 3793 illam
341 3746 617 3796 sanctam
651 3745 988 3812 provenisse
1011 3744 1324 3812 signiﬁcat.
1350 3746 1474 3800 Non
1507 3745 1698 3800 oleum
1729 3745 1808 3800 vi-

163 3826 337 3896 sibile,
371 3831 470 3885 sed
504 3829 764 3901 Spiritus
795 3833 982 3886 sancti
1029 3834 1276 3904 gratiam
1325 3835 1704 3902 invisibilem,
1737 3837 1806 3890 de

165 3931 269 3985 qua
289 3919 491 3974 beatus
506 3924 723 3974 Petrus
747 3921 1045 3992 apostolus
1070 3922 1126 3976 in
1148 3923 1389 3978 Actibus
1408 3924 1806 3994 apostolorum

164 4007 232 4072 (x,
262 4007 368 4077 38),
393 4014 675 4074 testatur,
705 4009 900 4065 dicens
927 4027 974 4065 :«
1005 4011 1209 4066 Jesum
1242 4013 1806 4086 Nazarenam,quem

167 4096 316 4149 unxit
346 4097 503 4153 Deus
545 4098 771 4169 Spiritu
818 4104 1041 4164 sancto,
1074 4105 1130 4154 et
1172 4102 1406 4156 virtute.
1435 4125 1462 4151 »
1489 4107 1553 4156 Et
1584 4102 1642 4157 in
1675 4120 1805 4175 pro-

166 4181 343 4252 phetia
378 4203 389 4241 :
423 4208 450 4237 ‹‹
489 4187 688 4242 inveni
722 4189 899 4243 David
932 4205 1164 4244 servum
1199 4208 1416 4256 meum,
1451 4190 1574 4246 oleo
1607 4197 1806 4247 sancto

165 4287 281 4327 meo
312 4275 445 4329 unxi
478 4294 620 4330 eum
645 4279 815 4345 (Psal.
850 4295 1118 4341 LXXXVIII,
1149 4281 1223 4351 2),
1252 4302 1279 4328 »
1314 4297 1414 4350 per
1443 4281 1633 4336 oleum
1667 4299 1805 4336 san-

165 4363 314 4416 ctum
362 4365 709 4437 significans
761 4367 1043 4438 Spiritum
1093 4373 1387 4422 sanctum.
1443 4369 1573 4423 Sive
1632 4370 1805 4424 etiam

165 4447 345 4505 oleum
372 4452 584 4508 laetitiae
615 4453 698 4508 illi
722 4455 849 4522 fuit,
867 4457 1085 4527 peccati
1120 4457 1410 4512 maculam
1435 4474 1548 4512 non
1574 4457 1804 4512 habere.

1989 3304 2130 3358 «Tu
2165 3307 2356 3358 autem
2407 3302 2558 3356 idem
2609 3299 2734 3370 ipse
2777 3315 2859 3365 es,
2891 3300 2946 3350 et
2979 3294 3113 3348 anni
3161 3293 3246 3347 tui
3295 3307 3410 3346 non
3459 3291 3559 3346 de-

1917 3393 2133 3447 ficient.
2169 3414 2195 3441 »
2252 3391 2414 3445 Sicut
2469 3388 2626 3444 enim
2686 3385 2864 3456 Moysi
2926 3380 3145 3436 famulo
3205 3396 3310 3435 suo
3367 3378 3558 3434 dixit:

1917 3504 1943 3530 «
1982 3487 2095 3553 Ego
2145 3497 2275 3536 sum
2325 3479 2424 3550 qui
2476 3493 2607 3532 sum
2643 3493 2656 3531 :
2695 3498 2714 3524 ι
2751 3474 2834 3530 sic
2889 3472 3018 3527 istis
3075 3470 3266 3524 tribus
3296 3466 3560 3524 versibus

1916 3570 2298 3626 commutatio
2360 3571 2657 3631 creaturae,
2702 3569 2754 3618 et
2815 3565 3111 3618 aeternitas
3165 3557 3394 3614 Domini
3452 3556 3562 3611 hoc

1918 3661 1977 3716 in
2011 3660 2136 3714 loco
2169 3675 2200 3713 a
2231 3656 2517 3729 Propheta
2560 3650 2892 3709 admirabili
2941 3648 3221 3705 brevitate
3270 3645 3565 3717 descripta

1917 3753 2024 3805 est.

1990 3839 2068 3892 De
2104 3835 2428 3908 majestatis
2471 3834 2678 3889 divinae
2710 3830 3028 3886 aeternitate
3058 3828 3115 3883 in
3152 3827 3316 3893 Filio,
3349 3826 3561 3882 iterum

1918 3927 2124 3982 beatus
2159 3925 2371 3981 Paulus
2411 3923 2481 3978 ad
2512 3920 2892 3978 humanitatis
2921 3919 3049 3988 ejus
3081 3916 3561 3989 glorificationem

1917 4032 2245 4072 sermonem
2294 4013 2520 4078 direxit,
2555 4012 2756 4065 dicens
2789 4027 2800 4063 :
2831 4031 2857 4058 ‹‹
2888 4009 2970 4062 Ad
3004 4023 3178 4078 quem
3228 4009 3425 4059 autem
3458 4019 3562 4058 an-

1916 4104 2180 4177 gelorum
2231 4103 2375 4157 dixit
2419 4099 2732 4170 aliquando
2766 4114 2776 4150 :
2812 4097 2957 4151 Sede
2988 4112 3020 4148 a
3049 4093 3267 4148 dextris
3307 4092 3500 4146 meis?
3535 4115 3561 4141 »

1919 4195 2088 4265 (Psal.
2114 4209 2224 4256 cxx,
2250 4191 2325 4260 1.)
2348 4189 2554 4243 Victori
2589 4185 2751 4249 Filio,
2779 4189 2834 4239 et
2865 4200 2967 4255 per
2997 4187 3261 4237 sanctam
3294 4180 3561 4235 incarna-

1918 4284 2134 4338 tionem
2165 4281 2342 4334 totius
2389 4275 2590 4331 mundi
2641 4272 3075 4344 triumphatori,
3110 4276 3241 4343 post
3270 4285 3559 4324 resurrec-

1918 4373 2092 4426 tionis
2124 4369 2367 4442 gloriam
2421 4362 2776 4420 honorabilis
2815 4361 3119 4417 confessus
3148 4365 3400 4430 paternae
3432 4374 3560 4411 ma-

1909 4461 2142 4533 jestatis
2173 4459 2432 4515 offertur.
2468 4458 2532 4509 ut
2573 4471 2676 4526 per
2711 4453 2868 4507 hunc
2899 4449 3078 4506 situm
3133 4452 3416 4518 susceptae
3449 4447 3558 4500 hu-

165 4535 317 4594 Unde
347 4558 407 4596 se
440 4549 785 4598 sanctorum
836 4546 1190 4601 conscientia
1220 4563 1451 4618 semper
1499 4547 1803 4613 exhilarat,
1837 4555 1881 4618 D
1914 4549 2216 4606 manitatis
2247 4547 2431 4620 gloria
2461 4544 2804 4600 declaretur.
2836 4564 2862 4591 ‹‹
2898 4539 3097 4606 Quoad
3129 4552 3314 4607 usque
3346 4552 3560 4606 ponam

163 4629 390 4696 quando
420 4630 582 4686 nulla
615 4633 1034 4690 recordationis
1065 4635 1377 4707 asperitate
1409 4636 1730 4691 mordetur.

239 4738 258 4763 ι
296 4717 412 4771 Prae
441 4720 826 4793 participibus
854 4723 1028 4779 tuis.»
1051 4724 1181 4780 Ideo
1214 4731 1406 4780 autem
1441 4725 1660 4779 dictum
1695 4729 1804 4790 est,

168 4825 188 4851 α
224 4821 339 4876 prae
371 4807 751 4880 participibus
774 4811 948 4879 tuis,»
973 4814 1250 4884 quoniam
1284 4814 1434 4868 hanc
1456 4813 1810 4869 benedictio-

162 4907 289 4947 nem
325 4911 506 4967 supra
526 4915 703 4955 omne
731 4899 1058 4956 humanum
1092 4918 1299 4974 genus,
1329 4905 1448 4959 sive
1479 4923 1666 4978 reges,
1691 4910 1809 4966 sive

161 4986 486 5042 sacerdotes
537 4987 596 5040 in
633 4989 818 5044 Veteri
852 4991 1246 5059 Testamento,
1281 4996 1400 5050 sive
1445 4996 1621 5052 etiam
1671 5017 1809 5069 apo-

160 5071 334 5129 stolos
366 5079 423 5128 et
456 5079 750 5146 martyres
797 5079 853 5132 in
887 5080 1064 5146 Novo,
1099 5081 1461 5153 figurabatur
1492 5089 1805 5158 accepisse,

161 5163 211 5212 et
238 5168 453 5218 unctus
486 5163 869 5234 singulariter
899 5173 1136 5224 caeteros
1168 5188 1406 5243 ungere,
1439 5173 1496 5228 id
1531 5178 1637 5241 est,
1673 5191 1807 5230 san-

161 5247 404 5304 ctiticare
449 5251 774 5307 debuisset.
809 5255 869 5309 In
907 5257 1033 5329 ipso
1064 5258 1220 5314 enim
1255 5261 1383 5314 fons
1435 5266 1524 5316 est
1570 5263 1806 5317 benedi-

161 5335 379 5404 ctionis,
412 5357 446 5393 a
501 5355 642 5408 quo,
676 5347 843 5410 prout
890 5345 1004 5416 ipsi
1055 5347 1241 5402 visum
1295 5349 1487 5420 fuerit,
1521 5367 1624 5422 per
1676 5351 1804 5405 uni-

161 5438 346 5480 versos
378 5426 605 5481 electos
641 5437 891 5487 emanat.

227 5511 359 5569 Post
393 5514 789 5573 humanitatis
834 5519 1014 5592 igitur
1040 5523 1414 5593 excellentiae,
1440 5544 1564 5600 qua:
1599 5533 1806 5590 prmest

226 5619 408 5694 (1390)
442 5620 506 5676 In
541 5620 685 5676 Cod.
717 5622 773 5675 ἱῆ
801 5634 1051 5687 maturus
1080 5633 1175 5687 est.

1914 4640 2183 4694 inimicos
2213 4643 2364 4692 tuos.
2393 4658 2419 4684 »
2451 4635 2614 4700 Quod
2661 4636 2856 4688 autem
2890 4648 2922 4685 a
2951 4630 3119 4684 Patre
3165 4624 3563 4698 subjiciuntur

1918 4729 2061 4785 Filio
2092 4726 2339 4792 inimici,
2373 4742 2489 4780 non
2520 4722 2924 4778 infirmitatem
2959 4718 3105 4783 Filii,
3141 4717 3240 4771 sed
3275 4715 3558 4770 unitatem

1920 4824 2162 4886 naturae,
2203 4833 2322 4888 qua
2374 4816 2434 4869 in
2483 4814 2662 4869 altero
2719 4811 2867 4866 alter
2922 4812 3213 4881 operatur,
3247 4804 3559 4877 signiﬁcat.

1920 4909 2066 4962 Nam
2098 4912 2151 4961 ct
2175 4905 2354 4960 Fllius
2386 4903 2627 4974 subjicit
2653 4901 2923 4955 inimicos
2956 4899 3134 4968 Patri,
3161 4896 3301 4968 quia
3332 4894 3560 4950 Patrem

1919 4996 2199 5053 clarificat
2240 5010 2418 5066 super
2463 4997 2703 5047 terram.
2734 5014 2752 5039 α
2789 4987 3117 5044 Scabellum
3170 4985 3383 5057 pedum
3433 4989 3562 5039 tuo-

1919 5103 2072 5141 rum.
2102 5107 2126 5131 »
2162 5085 2267 5137 Per
2297 5083 2473 5153 pedes
2505 5087 2697 5137 autem
2748 5078 2998 5143 Domini,
3027 5075 3316 5131 stabilitas
3348 5077 3563 5127 aeterna

1918 5173 2306 5246 signiﬁcatur,
2355 5169 2452 5222 ubi
2506 5168 2624 5237 ille,
2673 5174 2958 5238 tanquam
3011 5163 3271 5234 vestigiis
3329 5161 3558 5232 positis,

1917 5262 2077 5319 omni
2109 5258 2378 5331 potentiae
2429 5273 2548 5311 suae
2594 5256 2805 5309 virtute
2853 5252 3262 5309 consistit.His
3311 5249 3558 5321 pedibus

1916 5351 2144 5407 constat
2171 5361 2300 5399 esse
2330 5344 2686 5408 subdendos,
2711 5343 2808 5411 qui
2839 5343 3098 5412 quotidie
3118 5340 3393 5394 vitiorum
3419 5353 3557 5393 con-

1914 5438 2213 5496 trarietate
2262 5431 2558 5499 derelicta,
2603 5435 2971 5484 revertuntur
3015 5431 3084 5484 ad
3135 5427 3470 5495 Dominum,
3503 5430 3559 5481 ct

1913 5534 2195 5598 tanquam
2231 5518 2548 5576 scabellum
2582 5517 2853 5590 pedibus,
2886 5518 2967 5572 ita
3011 5519 3138 5588 ejus
3187 5515 3557 5592 praedicatio-
