3966 6210
355 343 465 408 ’735

1363 355 1700 417 ATTONIS
1746 353 2331 418 VERCELLENSIS
2378 354 2732 418 EPISCOPI

3636 355 3764 418 736

350 486 526 542 nibus
553 484 931 544 inclinantur.
964 487 1098 544 Sine
1128 490 1304 547 dubio
1350 492 1421 548 de
1467 493 1586 550 illis
1616 493 1873 550 inimicis
1904 493 1988 549 di-
2019 490 2074 554 Α
2102 489 2215 543 bus
2246 487 2440 543 verbis
2487 487 2812 559 explica‘lit,
2839 485 3084 544 dicendo
3114 502 3165 543 1“
3192 485 3249 542 Si
3297 487 3454 544 enim
3505 488 3610 563 (ῐυί
3660 506 3767 562 Per

350 575 448 644 cit,
504 577 604 647 qui
653 578 913 634 conversi
969 579 1039 634 ad
1099 579 1394 636 dexteram
1454 583 1833 639 collocantur.
1866 585 1991 640 Non

349 663 445 720 hic
475 667 812 722 adverbium
852 687 874 715 α
907 685 1234 740 quousque,
1269 694 1296 719 »
1328 671 1578 743 alicujus
1607 675 1890 747 temporis
1921 676 1993 730 ﬁ-

350 755 483 810 dem
531 756 712 827 (1391)
771 757 1058 829 designat,
1115 760 1214 814 sed
1275 762 1613 818 aaternitatis
1674 766 1991 836 potentiam

351 843 732 901 demonstrat.
982 911 994 921 _

421 956 450 983 «
483 934 686 991 Nonne
721 951 924 991 omnes
973 942 1113 992 sunt
1143 939 1624 996 administratorii
1659 943 1902 1014 spiritus
1933 945 1990 999 in

351 1023 745 1078 ministerium
795 1025 960 1080 missi
1011 1031 1246 1100 propter
1293 1046 1413 1097 eos,
1446 1033 1543 1102 qui
1592 1031 1991 1088 haereditatem

350 1104 589 1181 capiunt
618 1110 926 1168 salutis?»
958 1117 1036 1170 Ac
1084 1117 1132 1171 si
1184 1117 1400 1174 diceret
1432 1136 1444 1174 :
1480 1121 1727 1192 Angelos
1779 1122 1992 1177 consti-

348 1199 461 1254 tuit
493 1201 1056 1267 ministros,Filium
1109 1211 1302 1262 autem
1348 1209 1417 1262 ad
1452 1209 1744 1265 dexteram
1797 1212 1994 1266 sedere

349 1287 503 1359 fecit,
553 1291 707 1365 quod
759 1291 908 1346 nulli
959 1311 1222 1364 unquam
1281 1297 1623 1368 angelorum
1685 1300 1991 1354 concessit.

347 1377 492 1433 Nam
524 1384 580 1433 et
613 1379 794 1435 Filius
826 1381 1046 1438 missus
1084 1389 1192 1451 est,
1225 1386 1324 1440 sed
1377 1404 1488 1440 non
1523 1388 1676 1442 sicut
1707 1388 1992 1455 minister,

350 1483 539 1538 neque
563 1469 907 1538 perfunctus
929 1472 1243 1540 cujuslibet
1268 1475 1497 1541 officiis,
1519 1478 1617 1531 sed
1644 1477 1794 1531 sicut
1817 1477 1996 1532 Filius

351 1556 721 1627 unigenitus;
759 1559 940 1615 Filius
971 1578 1124 1624 vero,
1159 1563 1310 1618 sicut
1344 1565 1622 1620 Dominus
1656 1565 1863 1632 salvat;
1901 1567 1992 1621 isti

349 1661 505 1715 vero,
539 1646 692 1701 sicut
721 1648 891 1716 servi,
925 1649 1162 1706 salvatis
1195 1668 1297 1722 per
1328 1653 1498 1707 fidem
1527 1655 1879 1710 deserviunt.
1914 1655 1996 1709 Si-

353 1733 590 1804 quidem
625 1753 726 1806 pro
757 1741 959 1792 nostra
1002 1739 1192 1795 salute
1237 1741 1539 1797 ministros
1571 1747 1796 1798 constat
1827 1743 1995 1798 effec-

2103 575 2342 646 angelos
2374 576 2565 631 dictus
2595 581 2684 632 est
2709 592 2923 632 sermo.
2949 595 2972 626 ι
3002 576 3253 640 Quidam
3277 577 3483 632 dicunt
3512 579 3672 650 quod
3704 580 3764 635 in

2102 664 2209 719 hoc
2242 665 2365 720 loco
2397 665 2634 737 Moysen
2684 671 2905 737 tangat,
2940 683 3005 721 eo
3037 667 3194 737 quod
3230 666 3580 740 Decalogum
3614 668 3767 740 legis

2103 753 2162 807 in
2195 758 2390 808 monte
2419 753 2574 808 Sinai
2608 771 2641 808 α
2669 754 2915 810 Domino
2945 754 3254 826 acceperit,
3285 753 3440 811 sicut
3468 754 3588 810 illic
3616 757 3766 812 scri-

2103 845 2268 912 ptum
2301 846 2389 896 est
2421 859 2432 896 :
2459 865 2486 890 ‹‹
2522 843 2750 914 Moyses
2796 843 3162 914 loquebatur,
3196 843 3482 899 Dominus
3513 861 3765 918 respon-

2103 929 2276 984 debat
2305 930 2579 1001 ei;(E.rod.
2609 948 2727 1001 x1x,
2760 933 2844 1002 19)
2871 947 2882 985 :
2910 954 2938 981 »
2970 936 3025 986 et
3053 931 3193 986 alibi
3227 949 3240 988 :
3272 955 3292 982 α
3330 933 3444 988 Lex
3473 949 3577 1005 per
3604 934 3769 1008 Moy-

2103 1034 2203 1073 sen
2237 1019 2374 1074 data
2406 1024 2493 1074 est
2523 1021 2700 1091 (Joan.
2727 1039 2765 1085 1,
2793 1022 2910 1089 17);
2937 1043 2966 1072 »
2998 1021 3098 1076 sed
3131 1021 3224 1076 hic
3252 1037 3356 1093 per
3383 1022 3622 1095 angelos
3653 1025 3763 1080 da-

2103 1113 2221 1162 tam
2254 1124 2382 1163 esse
2413 1109 2579 1164 docet
2617 1109 2931 1180 Apostolus
2965 1125 2976 1163 :
3014 1126 3149 1165 nam
3190 1115 3249 1166 et
3296 1110 3352 1164 in
3406 1110 3658 1183 epistola
3688 1113 3762 1168 ad

2105 1197 2342 1252 Galatas
2375 1200 2575 1264 111,29,
2612 1198 2790 1254 simili
2841 1199 3013 1254 modo
3059 1199 3202 1254 dicit
3228 1215 3274 1254 :a
3313 1199 3612 1272 Disposita
3660 1219 3769 1274 per

2104 1286 2342 1358 angelos
2375 1287 2435 1341 in
2461 1305 2638 1342 manu
2663 1287 3019 1343 Mediatoris.
3044 1310 3071 1337 ››
3097 1291 3164 1342 Et
3194 1288 3408 1344 iterum
3435 1289 3491 1345 in
3516 1291 3767 1347 Actibus

2105 1376 2503 1447 apostolorum
2536 1395 2634 1441 v11,
2769 1395 2782 1432 :
2814 1400 2835 1426 «
2874 1377 3193 1448 Accepistis
3235 1377 3424 1449 legem
3473 1378 3533 1433 in
3586 1397 3767 1436 man-

2105 1465 2256 1519 datis
2291 1465 2653 1536 angelorum,
2679 1470 2735 1521 et
2761 1483 2875 1521 non
2907 1466 3274 1522 custoditis.»
3305 1468 3372 1522 Et
3405 1467 3628 1539 ubique
3665 1486 3768 1540 per

2104 1556 2342 1626 angelos
2375 1556 2570 1609 datam
2603 1572 2730 1610 esse
2772 1554 3042 1626 plurimis
3082 1556 3414 1612 ostenditur
3442 1555 3608 1612 locis.
3643 1562 3766 1613 Aut

2104 1643 2245 1714 quia
2274 1646 2345 1699 de
2375 1645 2648 1699 omnibus
2709 1644 2820 1712 his,
2855 1661 2982 1715 ques
3033 1645 3113 1710 in,
3142 1644 3334 1700 Veteri
3381 1646 3761 1702 Testamento

2104 1734 2258 1788 dicta
2286 1733 2374 1788 vel
2423 1734 2575 1788 facta
2623 1737 2780 1801 sunt,
2807 1737 2908 1787 aut
2951 1737 3106 1788 certe
3152 1733 3292 1805 quia
3340 1734 3495 1790 Deus
3543 1740 3669 1791 erat
3702 1735 3761 1790 in

351 1827 464 1889 tos,
498 1824 766 1894 quamvis
800 1826 965 1881 nobis
997 1829 1325 1898 superiores
1375 1832 1523 1896 sint;
1557 1836 1750 1886 tamen
1785 1833 1855 1886 ad
1892 1849 1992 1886 no-

2186 1822 2349 1894 gelis,
2375 1846 2402 1871 «
2438 1824 2624 1877 factus
2647 1828 2735 1878 est
2755 1824 2960 1877 firmus
2982 1822 3188 1890 (1393).
3217 1846 3237 1872 ι
3265 1823 3414 1887 Quid
3446 1829 3535 1879 est
3565 1826 3759 1880 factus

352 1915 534 1965 stram
585 1911 832 1967 salutem
885 1914 1276 1971 ministerium
1323 1919 1597 1974 exhibent
1642 1938 1654 1975 :
1702 1921 1993 1991 siquidem

351 2004 406 2054 et
436 2000 752 2056 functionis
803 2003 1061 2060 officium
1113 2005 1254 2061 illud
1307 2007 1586 2075 declarat,
1616 2026 1749 2064 nam
1804 2011 1994 2082 angeli

351 2089 544 2144 Graece
574 2090 870 2163 dicuntur,
896 2093 1117 2164 Latine,
1151 2099 1356 2152 nuntii.
1391 2098 1630 2170 PrOpter
1651 2117 1758 2155 nos
1778 2100 1998 2171 ubique

353 2179 701 2247 mittuntur;
735 2186 968 2254 propter
1009 2201 1117 2239 nos
1164 2184 1461 2254 laborant;
1495 2193 1732 2260 propter
1761 2207 1867 2244 nos
1899 2189 1995 2244 de-

350 2271 622 2337 currunt;
656 2269 824 2325 nobis
855 2287 963 2326 suo
997 2272 1319 2344 funguntur
1340 2275 1548 2332 officio.
1576 2278 1642 2331 Et
1671 2277 1881 2332 harum
1916 2295 1998 2333 re-

351 2373 484 2411 rum
515 2359 794 2429 exemplis
823 2359 978 2431 pleni
1011 2367 1150 2417 sunt
1190 2363 1322 2418 libri
1352 2364 1576 2420 Veteris
1608 2370 1663 2421 et
1685 2366 1823 2422 Novi
1857 2369 1996 2422 Tes-

349 2447 618 2502 tamenti.
652 2447 798 2502 Nam
844 2454 900 2502 et
945 2451 1279 2520 pastoribus
1327 2453 1518 2525 angeli
1567 2455 1999 2527 evangelizave-

353 2537 492 2588 runt
512 2534 659 2604 (Luc.
687 2552 747 2601 11,
769 2536 826 2606 9)
853 2554 865 2592 :
900 2543 955 2592 et
984 2540 1052 2594 ad
1102 2540 1349 2595 Mariam
1382 2543 1626 2614 angelus
1657 2544 1814 2599 venit
1845 2544 1994 2606 (Luc.

356 2639 394 2686 1,
425 2622 515 2693 28)
547 2639 559 2677 :
585 2627 641 2678 et
669 2623 809 2678 talia
840 2625 1024 2681 multa
1053 2628 1111 2682 in
1144 2627 1356 2684 divinis
1386 2630 1637 2701 legimus
1659 2632 1997 2704 Scripturis.

356 2709 544 2766 Simul
575 2711 751 2767 etiam
784 2717 841 2768 et
869 2730 1069 2770 eorum
1110 2716 1376 2774 sublevat
1414 2724 1660 2784 mentes,
1685 2721 2000 2778 ostendens

356 2800 638 2856 honorem
671 2802 840 2859 nobis
880 2820 913 2858 a
954 2803 1069 2859 Deo
1100 2804 1420 2876 plurimum
1453 2808 1869 2865 condonatum.
1907 2813 1997 2866 In-

355 2887 601 2960 telligite
646 2889 828 2961 igitur
858 2909 1011 2947 nunc
1041 2898 1296 2964 quantus
1345 2897 1513 2952 nobis
1545 2898 1731 2953 honor
1782 2901 1998 2972 existit,

357 2981 421 3032 ut
450 2977 601 3033 sicut
626 2980 697 3034 ad
730 2980 969 3050 amicos,
1003 2981 1082 3038 ita
1124 2985 1428 3041 ministros
1460 2987 1698 3058 angelos
1729 3006 1867 3044 suos
1898 3007 2000 3045 no-

357 3065 447 3121 bis
479 3065 730 3124 destinet
755 3069 929 3126 Deus.

427 3155 583 3227 (CAP.
609 3157 701 3229 ΙΙ.)
733 3157 835 3214 His
868 3159 948 3216 ita
977 3160 1325 3219 introductis
1355 3165 1426 3220 de
1456 3165 1798 3237 angelorum
1832 3167 2003 3222 mini-

355 3244 552 3312 sterio,
576 3262 680 3318 per
709 3264 857 3319 quos
888 3249 1062 3305 etiam
1096 3250 1226 3322 ipsa
1253 3251 1352 3308 lux
1383 3254 1714 3310 ministrata
1738 3259 1847 3323 est,
1871 3273 2003 3313 mox
2032 3228 2076 3295 Ο

355 3333 660 3404 subjunxit
680 3335 750 3391 de
771 3337 1113 3394 excellentia
1132 3340 1351 3412 gratias,
1375 3359 1503 3414 quas
1534 3360 1638 3415 per
1666 3344 1766 3399 Dei
1795 3344 1999 3400 Filium

355 3422 523 3477 nobis
557 3422 735 3479 allata
764 3429 874 3493 est,
914 3426 1115 3483 dicens
1148 3445 1161 3484 :
1195 3449 1216 3476 α
1250 3429 1559 3502 Propterea
1603 3433 2002 3489 abundantius

355 3515 582 3583 oportet
610 3529 717 3567 nos
757 3515 1061 3571 observare
1110 3535 1178 3573 ea
1227 3536 1352 3590 quea
1402 3521 1788 3576 audivimus»
1816 3524 2002 3588 Quare

358 3622 387 3651 «
417 3600 817 3658 abundantius
843 3626 870 3652 ››
901 3604 1084 3660 dixit?
1115 3607 1231 3662 Hoc
1260 3613 1348 3663 est
1377 3626 1553 3680 quam
1599 3609 1656 3665 in
1688 3609 1815 3683 lege
1847 3610 2000 3666 sole-

354 3689 587 3745 bamus.
623 3691 731 3744 Sed
781 3709 994 3748 nomen
1039 3693 1184 3767 legis
1215 3697 1488 3765 obticuit;
1522 3716 1658 3754 nam
1709 3700 1766 3754 in
1815 3703 2003 3756 astru-

358 3777 548 3832 ctione
578 3795 685 3833 sua
715 3781 1094 3837 manifestum
1143 3783 1252 3839 hoc
1300 3785 1456 3841 facit.
1492 3789 1557 3841 Et
1605 3804 1785 3858 quare
1815 3788 2000 3843 abun-

357 3865 595 3921 dantius
626 3884 732 3923 nos
762 3873 988 3941 oportet
1026 3872 1332 3929 observare
1361 3891 1428 3930 ea
1462 3891 1592 3946 quae
1624 3877 1955 3933 audivimus
1975 3880 2002 3933 ?

358 3954 562 4010 Nonne
585 3959 642 4011 et
661 3955 763 4012 illa
785 3958 879 4012 Dei
901 3963 1059 4026 sunt,
1080 3966 1138 4016 et
1159 3962 1310 4018 ista?
1329 3985 1356 4012 ‹‹
1380 3965 1790 4020 Abundantius
1815 3991 1835 4019 ι
1866 3983 2001 4038 ergo

358 4042 523 4112 dixit,
543 4049 645 4100 aut
666 4063 842 4118 quam
869 4048 1138 4105 solebant
1167 4051 1222 4105 in
1247 4051 1391 4125 lege,
1419 4058 1518 4108 aut
1549 4060 1721 4120 certe,
1746 4056 2003 4128 amplius

357 4150 474 4190 non
519 4151 864 4208 comparens
913 4138 1291 4212 absit(1392).
1322 4143 1429 4198 Sed
1481 4145 1619 4215 quia
1666 4161 1768 4217 per
1817 4145 2003 4201 multa

355 4227 622 4295 tempora
676 4241 959 4298 magnum
990 4230 1144 4301 apud
1203 4247 1299 4287 eos
1359 4233 1722 4289 auctoritatis
1774 4235 2004 4306 pondus

356 4316 538 4368 Vetus
559 4313 812 4371 habebat
825 4317 1296 4389 Testamentum;
1320 4321 1441 4377 haec
1462 4323 1829 4393 autem,quia
1847 4323 2005 4378 velut

358 4417 507 4457 nova
531 4401 649 4458 illis
679 4404 1041 4474 dicebantur,
1067 4425 1137 4464 ne
1161 4411 1625 4482 contemptibilia
1646 4411 2002 4482 judicarent,

358 4491 643 4561 ostendit;
676 4509 743 4548 ex
765 4495 1146 4564 abundantia,
1175 4499 1451 4571 quoniam
1478 4499 1600 4554 haec
1626 4499 1883 4570 amplius
1909 4500 2006 4555 ob-

2110 1912 2355 1966 ﬁrmus?
2393 1911 2674 1966 Videlicet
2719 1928 2912 1979 verus,
2944 1915 3231 1984 tanquam
3280 1912 3515 1982 diceret,
3564 1913 3761 1969 fidelis

2109 2000 2168 2055 in
2200 2004 2458 2072 tempore
2489 2004 2837 2072 opportuno.

2185 2110 2207 2137 α
2241 2091 2309 2145 Et
2337 2090 2529 2145 omnis
2571 2089 2961 2161 praevaricatio
3009 2093 3066 2145 et
3113 2089 3500 2146 inobedientia
3528 2091 3760 2163 accepit

2099 2181 2325 2251 justam
2350 2178 2748 2234 retributionis
2771 2180 3118 2234 mercedem.
3142 2201 3170 2230 »
3194 2179 3312 2234 Hoc
3331 2183 3420 2234 est
3440 2180 3576 2251 quia
3606 2179 3760 2234 nihil

2109 2269 2391 2325 remansit
2437 2268 2713 2335 inultum,
2765 2267 2882 2324 sive
2932 2269 3084 2340 quod
3138 2268 3429 2340 promisit,
3461 2269 3581 2324 sive
3629 2285 3759 2340 quas

2108 2357 2521 2414 comminando
2553 2358 2725 2426 dixit;
2760 2362 2991 2424 cuncta,
3015 2375 3142 2429 quae
3177 2357 3455 2430 praedicta
3483 2362 3644 2426 sunt,
3669 2375 3762 2414 ac-

2109 2448 2261 2520 cepit
2283 2449 2506 2518 justam
2533 2447 2819 2502 mercedis
2852 2446 3316 2502 retributionem.
3341 2444 3529 2512 Quare
3561 2451 3759 2502 autem

2109 2537 2274 2607 dixit,
2301 2537 2586 2592 mercedis
2612 2535 3077 2607 retributionem,
3101 2552 3235 2591 cum
3259 2551 3482 2592 merces
3513 2536 3572 2590 in
3607 2536 3760 2592 bono

2109 2625 2246 2698 poni
2296 2625 2514 2681 soleat?
2545 2624 2656 2680 Sed
2706 2625 2816 2680 iste
2867 2641 2995 2680 mos
3053 2629 3143 2681 est
3199 2623 3586 2696 Apostolo,ut
3645 2643 3761 2680 non

2111 2730 2386 2785 magnam
2416 2713 2725 2769 verborum
2774 2712 2987 2768 habeat
3036 2713 3344 2781 rationem,
3376 2714 3476 2769 sed
3527 2713 3761 2769 indiffe-

2111 2808 2325 2868 renter,
2351 2802 2440 2858 vel
2472 2819 2598 2874 quae
2628 2802 2686 2858 in
2712 2803 2866 2858 bono
2887 2802 3184 2868 dicuntur,
3208 2801 3294 2858 vel
3325 2819 3453 2875 quae
3484 2803 3545 2858 in
3579 2801 3759 2870 malo,

2112 2911 2214 2965 pro
2248 2892 2526 2947 alterutro
2560 2907 2802 2964 ponere;
2837 2890 2989 2947 sicut
3021 2891 3158 2946 alibi
3191 2891 3338 2947 dixit
3369 2910 3437 2947 :«
3470 2894 3535 2947 In
3566 2892 3762 2965 capti-

2109 2983 2289 3038 vitate
2320 2981 2647 3053 redigentes
2677 2998 2911 3037 omnem
2956 2997 3197 3037 sensum
3243 2982 3316 3037 ad
3362 2981 3762 3040 obediendum

2111 3071 2340 3127 Christo
2373 3071 2442 3141 (ll
2471 3071 2595 3128 Cor.
2627 3089 2682 3139 x,
2713 3072 2801 3143 5);
2827 3093 2855 3121 η
2890 3071 2970 3127 ita
3001 3074 3056 3126 et
3087 3071 3181 3127 hic
3211 3094 3238 3122 ‹‹
3273 3071 3560 3128 mercedis
3592 3073 3764 3128 retri-

2114 3161 2437 3217 butionem.
2465 3183 2491 3207 »

2190 3272 2210 3297 σ
2235 3250 2306 3304 Et
2328 3249 2621 3319 quomodo
2645 3265 2750 3304 nos
2770 3249 3139 3321 effugiemus,
3165 3249 3213 3304 si
3237 3252 3464 3305 tantam
3488 3249 3763 3324 neglexe-

2111 3337 2297 3393 rimus
2328 3337 2671 3393 salutem?»
2703 3337 2811 3393 Per
2858 3337 2978 3392 haec
3029 3338 3204 3393 verba
3251 3337 3394 3394 satis
3445 3338 3766 3411 significat,

2113 3427 2250 3500 quia
2281 3444 2397 3482 non
2429 3432 2554 3482 erat
2600 3431 2767 3482 tanta
2815 3425 2975 3482 salus
3021 3427 3082 3481 in
3124 3427 3314 3483 Veteri
3361 3428 3766 3500 Testamento,

2112 3522 2336 3589 quanta
2365 3522 2454 3572 est
2484 3517 2544 3570 in
2574 3515 2784 3588 gratia,
2813 3533 2989 3590 quam
3017 3517 3116 3572 Dei
3140 3516 3322 3573 Filius
3345 3517 3512 3573 nobis
3540 3517 3766 3574 attulit.

2110 3609 2235 3663 Non
2267 3607 2424 3662 enim
2448 3607 2616 3662 nobis
2647 3622 2802 3661 nunc
2846 3605 2998 3661 sicut
3028 3605 3168 3675 illis,
3189 3611 3356 3662 terra
3377 3606 3633 3675 divitias,
3659 3609 3767 3664 sed

2110 3696 2238 3752 coeli
2269 3695 2514 3768 gloriam
2547 3693 2839 3768 promittit
2858 3699 3030 3750 Deus.
3057 3695 3181 3752 Non
3212 3695 3515 3752 victoriam
3549 3698 3622 3753 de
3653 3703 3766 3753 ter-

2112 3785 2267 3841 renis
2299 3784 2589 3852 hostibus,
2623 3785 2723 3840 sed
2755 3784 2826 3840 de
2857 3784 3264 3856 spiritualibus
3295 3784 3599 3842 concessit.
3635 3786 3766 3844 Non

2111 3876 2291 3930 vitam
2324 3873 2634 3930 infeliciter
2673 3877 3036 3945 pereuntem,
3069 3875 3171 3930 sed
3215 3879 3560 3946 perpetuam
3593 3880 3769 3932 teter-

2113 3962 2323 4018 naliter
2353 3963 2589 4017 donavit
2612 3963 2863 4018 beatam.
2886 3963 3014 4017 Haec
3041 3963 3258 4035 quippe
3288 3963 3487 4019 omnia
3514 3963 3770 4020 breviter

2111 4052 2423 4119 intimavit,
2467 4051 2668 4107 dicens
2695 4067 2706 4104 :
2731 4052 2841 4107 «Si
2872 4055 3098 4107 tantam
3127 4051 3561 4125 neglexerimus
3605 4052 3771 4109 salu-

2112 4145 2253 4196 tem.
2282 4163 2311 4190 »
2351 4139 2571 4195 Deinde
2619 4140 3177 4212 supereminentiam
3225 4155 3451 4209 eorum,
3481 4157 3609 4212 quis
3661 4159 3772 4214 per

2115 4231 2213 4288 Dei
2246 4229 2460 4286 Filium
2512 4229 2670 4284 dicta
2716 4232 2874 4301 sunt,
2913 4229 3182 4300 adjunxit
3207 4247 3219 4285 :
3245 4252 3273 4280 α
3296 4231 3452 4298 Quae,
3477 4247 3615 4286 cum
3652 4231 3771 4286 ini-

2111 4321 2258 4376 tium
2292 4319 2614 4390 accepisset
2660 4317 2918 4373 enarrari
2949 4334 3053 4390 per
3096 4318 3434 4388 Dominum,
3462 4340 3489 4367 »
3514 4318 3623 4376 hoc
3654 4326 3767 4387 est,

2113 4410 2186 4465 ab
2215 4409 2342 4481 ipso
2374 4409 2534 4464 fonte
2565 4408 2686 4463 haec
2716 4425 2842 4479 quae
2887 4407 3160 4475 dicimus,
3183 4407 3518 4463 habuerunt
3548 4407 3769 4480 princi-

2113 4498 2298 4571 pium.
2332 4498 2458 4553 Non
2507 4497 2663 4553 enim
2714 4513 2841 4568 quae
2873 4496 3126 4552 dicimus
3179 4496 3252 4552 ab
3305 4496 3645 4554 hominibus
3672 4497 3768 4554 vel

359 4596 589 4636 servare
621 4581 924 4651 debemus,
957 4603 1082 4657 quae
1125 4604 1228 4659 per
1269 4588 1363 4642 Dei
1407 4587 1618 4642 Filium
1649 4588 2004 4654 audivimus,
2037 4594 2084 4659 D
2117 4588 2292 4644 etiam
2326 4588 2397 4642 ab
2429 4585 2652 4658 angelis
2681 4585 2846 4641 illata
2875 4588 3032 4657 sunt,
3064 4586 3167 4642 sed
3196 4585 3321 4657 ipse
3349 4584 3531 4641 Filius
3561 4588 3772 4660 unige-

357 4686 534 4739 quam
557 4686 624 4725 ea
643 4687 769 4742 qua
793 4690 894 4744 per
913 4675 1150 4747 angelos
1173 4677 1331 4730 dicta
1350 4680 1684 4742 sunt,more
1705 4692 1812 4731 suo
1835 4693 2002 4734 suam

357 4758 474 4814 illis
504 4761 868 4833 conjungens
892 4781 1226 4836 personam,
1250 4764 1306 4817 in
1332 4780 1397 4818 eo
1423 4765 1576 4833 quod
1601 4764 1765 4835 dixit,
1794 4787 1814 4814 α
1841 4767 2005 4821 audi-

292 4905 299 4915 ,
355 4848 551 4903 vimus
585 4866 597 4904 :
625 4871 646 4899 ι
683 4855 740 4906 et
769 4850 903 4906 inde
933 4856 1173 4908 secutus
1205 4850 1471 4922 adjunxit
1502 4868 1514 4906 :
1545 4873 1572 4901 «
1603 4869 1674 4908 ne
1705 4853 1850 4908 forte
1879 4871 2006 4926 per-

355 4937 694 5009 efﬂuamus,
715 4962 742 4990 ››
777 4940 886 4996 hoc
917 4946 1024 5004 est,
1049 4956 1120 4995 ne
1152 4939 1394 4995 forsitan
1427 4957 1754 5012 pereamus,
1788 4960 1860 4998 ne
1892 4945 2005 4999 for-

356 5029 513 5083 sitan
546 5028 908 5095 excidamus,
942 5027 1148 5083 nolens
1176 5028 1498 5106 abvauditis
1547 5046 1649 5101 per
1698 5031 1896 5088 inania
1925 5035 2006 5088 ef-

356 5117 536 5174 fluere
565 5116 934 5172 audientium
982 5132 1264 5173 sensum:
1293 5119 1446 5190 quod
1481 5118 1656 5174 etiam
1707 5121 2005 5192 sequenti-

429 5225 614 5300 (1391)
646 5225 708 5300 in
749 5223 877 5300 cod.
909 5226 1237 5300 temporibus
1285 5225 1466 5296 ﬁdem.
1505 5227 1771 5283 Fortasse
1818 5229 2003 5300 ﬁnem,

357 5295 467 5370 cui,
487 5294 738 5370 refertur
766 5294 1082 5363 aeternitas,
1114 5314 1243 5369 qua;
1272 5294 1560 5370 sequitur.

427 5366 613 5437 (1392)
644 5365 906 5442 Fortasse
930 5385 943 5423 :
976 5372 1074 5442 aut
1093 5365 1242 5442 certe
1269 5365 1508 5442 amplius
1540 5388 1558 5424 :
1586 5385 1697 5424 non
1727 5370 1868 5441 quod
1895 5387 2007 5426 non

353 5450 674 5510 comparens
699 5439 865 5506 absit,
896 5447 1030 5510 etc.,
1052 5441 1107 5495 id
1140 5448 1248 5510 est,
1272 5459 1340 5499 ne
1360 5439 1762 5497 inducerentur
1789 5442 2007 5497 credere

355 5511 526 5586 Deum
571 5509 779 5586 utesse,
825 5514 958 5586 quia
1005 5509 1244 5582 amplius
1291 5530 1402 5569 non
1448 5516 1742 5582 comparet.
1785 5514 2005 5567 Sensus

353 5579 512 5634 enim
540 5579 703 5636 valde
733 5579 1053 5642 obscurior.

422 5644 611 5721 (1393)
640 5656 857 5715 Sensus
905 5658 1001 5714 hic
1052 5652 1353 5727 aliquanto
1407 5652 1732 5713 obscurior.
1763 5652 2006 5710 Videtur

2114 4677 2274 4733 nitus
2306 4675 2475 4731 nobis
2505 4691 2573 4732 ea
2601 4675 2939 4747 impertivit.

2185 4789 2214 4816 «
2249 4766 2329 4819 Ab
2362 4765 2446 4819 eis
2485 4763 2584 4835 qui
2618 4763 2947 4829 audierunt,
2979 4761 3038 4817 in
3087 4780 3192 4819 nos
3223 4763 3572 4820 confirmata
3601 4769 3710 4834 est,
3736 4789 3766 4817 ››

2116 4855 2226 4909 hoc
2257 4858 2367 4924 est,
2392 4852 2491 4924 qui
2527 4869 2560 4907 a
2589 4851 2832 4908 Domino
2863 4853 3194 4924 audierunt,
3226 4853 3337 4926 ipsi
3372 4869 3478 4909 nos
3512 4855 3770 4928 propriis

2116 4944 2612 4999 confirmaverunt
2639 4942 2976 4998 virtutibus.
3001 4942 3162 5006 Quod
3194 4942 3372 4997 etiam
3405 4947 3592 5000 Lucas
3623 4944 3774 5001 dixit

2115 5033 2174 5087 in
2199 5032 2483 5105 principio
2504 5031 2801 5104 Evangelii
2825 5031 2916 5086 sui
2940 5049 2993 5087 :«
3015 5032 3177 5088 Sicut
3200 5031 3576 5089 tradiderunt
3597 5035 3774 5094 nobis

2116 5121 2217 5194 qui
2249 5121 2321 5176 ab
2352 5121 2520 5177 initio
2551 5120 2664 5192 ipsi
2690 5119 2979 5191 viderunt,
3013 5124 3070 5175 et
3099 5119 3354 5176 ministri
3387 5120 3627 5178 fuerunt
3655 5139 3778 5180 sel»

2114 5232 2313 5283 tamen
2355 5226 2850 5299 interpretandus,
2885 5226 2985 5299 qui
3033 5243 3136 5299 per
3158 5226 3402 5354 angelos
3433 5227 3633 5310 dictus
3681 5238 3778 5313 est

2114 5316 2288 5354 sermo
2319 5302 2494 5354 factus
2523 5303 2613 5354 est
2660 5299 2888 5354 ﬁrmus.
2922 5301 3025 5352 aut
3069 5314 3211 5354 auia
3279 5315 3309 5354 e
3339 5301 3621 5354 omnibus
3653 5301 3773 5354 his-

2113 5316 2300 5372 sermo
2317 5302 2494 5372 factus
2523 5303 2613 5372 est
2628 5299 2888 5372 Wﬁrmus,
2922 5301 3025 5352 aut
3049 5299 3211 5372 quia
3238 5299 3325 5372 de
3339 5301 3621 5372 omnibus
3653 5301 3773 5372 his,

2115 5388 2243 5444 quae
2289 5369 2347 5424 in
2392 5369 2593 5444 Veteri
2625 5371 3001 5444 Testamento
3031 5369 3330 5444 dicta,_vel
3389 5371 3547 5444 facta
3603 5369 3770 5443 sunt,

2116 5441 2351 5496 firmum
2385 5441 2603 5497 factum
2641 5441 2823 5496 fuisse
2853 5445 3102 5509 constat,
3137 5442 3278 5511 quia
3307 5445 3375 5496 ut
3404 5443 3562 5500 infra
3586 5441 3772 5502 haheé

2114 5517 2232 5587 tur,
2265 5512 2855 5587 ﬁdeliterﬂverjﬁcata
2883 5516 3054 5587 sunt;
3084 5519 3184 5568 aut
3211 5517 3388 5578 certe,
3422 5517 3562 5587 quia
3611 5517 3772 5574 Deus

2115 5586 2240 5638 erat
2270 5582 2326 5637 in
2357 5583 2605 5656 angelis,
2640 5585 2845 5641 ﬁrmus
2875 5584 3064 5640 factus
3093 5587 3201 5640 est.
3287 5645 3292 5649 ,
