3966 6210
140 361 252 420 73Ἶ

735 354 1149 415 EXPOSITIO
1196 356 1269 416 IN
1320 356 1745 415 EPISTULAS
1794 356 2048 416 PAULI.
2085 388 2160 400 —
2192 357 2267 417 IN
2316 358 2561 419 EPIST.
2610 360 2713 417 AD
2761 359 2991 420 HEBR.

3430 366 3547 424 738

149 489 342 545 monis
369 487 516 559 (Luc.
554 504 590 558 ι,
623 488 745 558 2).›ι
772 506 802 537 ι
830 488 890 541 In
910 486 1611 558 nos,inquit,coniirmata
1632 492 1741 553 est,
1766 510 1791 533 ››
1823 492 1873 556 Α
1905 504 2021 557 vni,
2054 490 2108 557 5)
2136 505 2147 541 :
2188 512 2212 536 ››
2246 492 2356 543 Cur
2382 506 2494 543 non
2530 489 2724 561 ipsum
2760 506 2971 545 nomen
3030 492 3328 563 Propheta“:
3382 499 3540 550 ante-

150 578 365 634 credita
391 580 482 633 est
514 580 692 648 atque
724 576 978 649 perfecta
1005 594 1017 641 ;
1052 592 1176 646 qua:
1210 575 1391 641 salus,
1442 594 1568 647 quae
1624 576 1791 631 nobis

150 684 255 741 per
278 666 548 722 eumdem
600 664 815 721 Filium
846 665 982 719 data
1013 669 1119 733 est,
1154 671 1455 736 permanet
1510 666 1568 720 in
1621 670 1791 720 (eter-

151 772 317 813 num.

222 867 251 894 ‹‹
280 844 471 900 Etiam
502 842 689 915 (1394)
721 844 1087 898 contestante
1117 841 1233 897 Deo
1265 842 1449 915 signis
1494 848 1551 898 et
1594 843 1791 915 prodi-

150 933 475 1008 giis(1395),
509 936 567 988 et
581 931 759 987 variis
776 930 1114 986 virtutibus.
1142 952 1169 981 »
1188 932 1488 995 Quomodo
1512 931 1793 987 testiﬁca-

151 1030 243 1080 tur
254 1025 409 1079 Deus
420 1023 447 1078 ?
459 1023 586 1078 Non
604 1022 778 1077 verbo
792 1035 980 1092 neque
992 1021 1256 1091 voce,sed
1275 1022 1589 1077 virtutibus
1603 1025 1658 1076 et
1670 1036 1797 1092 pro-

154 1110 529 1185 digiis;simul
547 1104 725 1166 etiam
740 1108 1103 1165 afﬂuentiam
1122 1108 1463 1180 signiﬁcans
1476 1110 1794 1181 gratiarum

154 1218 281 1273 qua:
312 1218 430 1257 non
460 1203 623 1255 erant
652 1197 807 1271 apud
839 1199 1134 1269 antiquos,
1167 1213 1355 1269 neque
1395 1201 1559 1253 tanta
1606 1199 1795 1270 signa,

154 1306 348 1362 neque
378 1294 496 1344 tam
528 1289 752 1343 diversa
773 1287 1059 1359 prodigia,
1085 1291 1303 1357 quanta
1330 1287 1464 1342 data
1482 1292 1619 1341 sunt
1644 1291 1798 1358 post—

157 1396 335 1451 quam
362 1377 718 1450 gloriﬁcatus
743 1380 831 1431 est
850 1376 1045 1431 Jesus.
1070 1375 1334 1431 Ostendit
1356 1392 1491 1448 ergo
1514 1375 1654 1447 quia
1680 1392 1795 1429 non

154 1467 499 1539 simpliciter
520 1470 609 1522 est
637 1464 755 1520 illis
786 1464 1096 1534 creditum,
1131 1466 1229 1519 sed
1263 1482 1363 1537 per
1384 1466 1553 1536 signa
1582 1469 1637 1520 et
1666 1481 1795 1535 pro-

157 1558 329 1629 digia.
364 1557 435 1611 Et
466 1560 597 1627 post
656 1555 762 1609 hoc
818 1553 1063 1609 intulit:
1119 1576 1145 1602 «
1182 1556 1249 1607 Et
1310 1554 1562 1624 Spiritus
1613 1553 1797 1608 sancti

155 1643 1028 1708 distributionibus,secundum
1058 1659 1225 1697 suam
1249 1642 1628 1698 voluntatem.
1654 1666 1672 1690 ι»
1707 1642 1797 1696 Di-

154 1736 293 1789 vinas
306 1750 441 1788 vero
464 1732 747 1787 voluntati
763 1736 935 1803 atque
957 1731 1199 1786 consilio
1217 1737 1429 1786 cuncta
1443 1732 1793 1798 contribuit;

155 1823 464 1892 divinoque
488 1822 753 1887 consilio,
777 1820 1000 1875 velutsi
1023 1820 1269 1875 diceret:
1305 1822 1433 1890 lpse
1467 1822 1625 1875 novit
1657 1821 1795 1891 quid

158 1912 361 1983 cuique
393 1910 604 1984 prosit,
637 1910 724 1965 vel
746 1909 838 1964 cui
860 1910 998 1981 quid
1028 1910 1104 1964 sit
1133 1910 1202 1964 ad
1237 1911 1636 1977 commodum,
1661 1927 1800 1980 qua-

156 2007 382 2074 propter
410 2000 541 2073 ipse
590 2000 834 2072 gratiam
897 1998 1213 2070 unicuique
1268 1999 1585 2054 distribuit.
1637 1999 1799 2063 Quod

161 2089 326 2145 etiam
358 2090 430 2145 ad
466 2087 800 2143 Corinthios
830 2086 985 2151 facit,
1047 2087 1287 2143 dicens:
1340 2110 1367 2136 ‹‹
1405 2092 1557 2143 Deus
1606 2088 1804 2159 posuit

163 2191 666 2251 unumquemque,
698 2175 850 2232 sicut
894 2174 1080 2230 voluit
1139 2176 1186 2246 (I
1218 2176 1338 2231 Cor.
1380 2194 1480 2243 xu,
1534 2178 1640 2246 18).
1678 2199 1705 2225 ››
1738 2177 1806 2231 Et

164 2268 398 2323 iterum:
433 2266 764 2337 Unicuique
808 2265 981 2320 datur
1028 2264 1421 2320 manifestatio
1457 2266 1702 2336 spiritus
1734 2266 1803 2321 ad

164 2356 474 2412 utilitatem
513 2355 694 2425 (Ibid.,
728 2354 847 2424 7).:

238 2468 265 2495 ‹‹
299 2444 633 2501 Secundum
680 2442 1041 2498 voluntatem
1099 2444 1300 2513 ejus.»
1356 2442 1623 2499 Ostendit
1648 2446 1806 2515 :ergo

167 2535 495 2592 secundum
518 2532 868 2589 voluntatem
892 2532 992 2588 Dei
1014 2532 1168 2587 dona
1189 2532 1509 2604 unicuique
1546 2534 1692 2599 dari,
1736 2549 1807 2588 ne

170 2627 225 2681 in
255 2622 594 2697 superbiam
616 2622 1015 2685 subleventur,
1038 2637 1110 2676 ne
1130 2621 1808 2677 inﬂuentnrventositate

165 2714 472 2787 jactantiae,
491 2728 563 2767 ne
576 2711 822 2766 altitudo
840 2710 1100 2766 muneris
1115 2710 1805 2782 negligentioresefliciat.

171 2803 266 2867 Qui
297 2803 452 2857 enim
491 2804 822 2871 compotem
852 2817 913 2855 se
942 2799 1178 2855 virtutis
1210 2800 1524 2869 existimat,
1557 2818 1672 2857 non
1697 2802 1808 2857 sibi

172 2908 232 2947 ex
259 2891 444 2965 gratia
478 2888 786 2961 largientis
817 2887 1121 2944 advenisse
1152 2905 1369 2944 munus
1394 2888 1539 2944 illud
1564 2889 1807 2945 arbitra-

170 2985 275 3047 tur,
305 2981 404 3037 sed
430 2996 513 3036 ex
533 2994 774 3034 suorum
808 2977 1000 3033 debito
1034 2976 1396 3033 meritorum.
1422 2978 1667 3033 Proinde
1700 2979 1808 3033 hu-

165 3068 616 3142 jusmodihomo
638 3066 1231 3123 inﬂaturventositate
1254 3067 1559 3138 superbiae.
1594 3067 1810 3123 Idcirco

170 3174 295 3233 ergo
322 3160 483 3214 Deus
522 3155 931 3212 convenienter
960 3160 1170 3211 cuncta
1200 3155 1519 3226 dispensat.
1556 3157 1716 3219 Quod
1752 3158 1808 3212 in

170 3230 409 3304 Ecclesia
439 3261 690 3319 quoque
721 3244 1017 3316 provenire
1048 3244 1464 3316 conspicimus,
1497 3244 1637 3301 dum
1659 3245 1809 3302 alius
1842 3230 1885 3295 C

171 3337 392 3409 quidem
424 3336 618 3392 habet
648 3334 980 3390 facultatem
1015 3335 1302 3389 sermonis
1351 3336 1421 3389 ad
1462 3335 1812 3407 docendum,

169 3426 309 3483 alius
330 3431 541 3482 autem
564 3440 755 3496 neque
772 3440 835 3479 os
857 3424 1080 3495 aperire
1099 3422 1267 3479 valet.
1294 3424 1414 3478 Non
1436 3424 1817 3480 contristetur

169 3514 288 3585 iste,
316 3516 411 3588 qui
444 3512 714 3571 similem
749 3530 862 3568 non
892 3512 1067 3568 habet
1112 3512 1381 3584 gratiam,
1436 3513 1629 3567 sciens
1680 3513 1818 3583 quia

170 3603 472 3677 unicuique
513 3603 690 3658 datur
710 3601 1105 3657 manifestatio
1124 3601 1367 3673 spiritus
1385 3601 1455 3655 ad
1481 3600 1813 3658 utilitatem.

173 3692 230 3747 Si
241 3694 391 3748 enim
412 3694 488 3748 ho
504 3708 602 3746 mo
625 3690 1046 3762 paterfamilias
1069 3690 1226 3745 novit
1246 3690 1339 3744 cui
1359 3688 1656 3761 negotium
1681 3706 1818 3760 qua-

179 3794 395 3851 cunque
417 3777 794 3836 committere
815 3777 1229 3842 deheat,mnlto
1252 3776 1508 3848 amplius
1526 3778 1696 3841 Deus,
1719 3778 1818 3848 qui

181 3874 513 3925 cunctorum
538 3867 705 3923 novit
722 3872 943 3923 mentes
963 3867 1353 3937 hominum,et
1369 3865 1687 3921 scitomnia
1717 3884 1819 3922 an-

184 3959 405 4029 tequam
436 3959 610 4013 ﬁant.

248 4069 273 4094 «ι
304 4047 428 4101 Non
458 4046 623 4101 enim
656 4045 879 4117 angelis
911 4044 1162 4116 subjecit
1196 4045 1344 4099 Deus
1404 4046 1603 4100 orbem
1657 4049 1818 4100 terra

185 4133 461 4202 futurum,
488 4136 561 4189 de
581 4150 697 4205 quo
721 4132 1035 4204 loquimur.
1068 4156 1087 4180 υ
1110 4133 1386 4203 Nunquid
1404 4151 1538 4189 nam
1555 4135 1625 4189 de
1639 4134 1821 4189 altero

185 4224 313 4278 orbe
342 4223 660 4296 disputat?
680 4222 825 4277 Non.
851 4222 961 4277 Sed
986 4222 1056 4277 de
1078 4222 1207 4277 hoc.
1232 4226 1475 4293 Propter
1516 4222 1623 4278 hoc
1646 4224 1822 4278 etiam

187 4311 424 4377 addidit,
462 4331 489 4363 α
523 4312 595 4366 de
626 4327 742 4382 quo
764 4310 1081 4382 loquimur,
1103 4332 1131 4359 »
1166 4326 1235 4365 ne
1261 4315 1516 4365 mentem
1541 4311 1824 4367 auditoris

187 4414 370 4455 errare
400 4398 935 4472 permitteret,dum
961 4398 1111 4453 alius
1133 4402 1505 4469 quaereretur.
1526 4400 1824 4462 Quomodo

186 4502 315 4560 ergo
333 4505 466 4543 eum
484 4490 753 4543 futurum
774 4488 983 4544 vocat?
997 4488 1252 4543 Futurus
1273 4488 1489 4559 quippe
1502 4494 1624 4544 erat
1644 4489 1823 4557 orbis,

1902 578 2113 645 posuit,
2140 579 2238 632 sed
2263 580 2615 633 abscondit?
2641 580 2798 633 Facit
2818 580 2927 635 hoc
2944 580 3117 635 etiam
3142 582 3199 635 in
3223 582 3352 637 aliis
3375 584 3546 639 testi-

1903 666 2136 731 moniis,
2171 666 2322 721 sicut
2352 684 2529 739 supra
2560 667 2774 722 lectum
2805 674 2912 724 est.
2950 669 3227 725 Existimo
3252 672 3406 743 quod
3431 688 3545 728 non

1904 754 2334 819 abscondentis,
2361 756 2459 810 sed
2484 756 3096 824 ostendentisintuitu,
3121 761 3434 816 ostendens
3448 778 3547 818 eos

1905 843 2149 898 multam
2166 843 2377 899 habere
2404 844 2703 900 scientiam
2724 846 3251 917 Scripturarum,ut
3272 866 3375 905 nec
3399 866 3547 921 opus

1902 932 2142 988 haberet
2162 949 2373 989 nomen
2407 934 2672 1004 posuisse
2703 934 2969 1003 dicentis,
3001 937 3101 991 sed
3134 938 3312 994 veluti
3372 940 3443 995 de
3488 956 3547 995 re

1906 1022 2239 1090 manifesta,
2262 1028 2317 1078 et
2334 1024 2392 1077 in
2417 1028 2689 1094 promptu
2715 1026 3034 1081 constituta
3056 1026 3357 1084 induceret
3380 1030 3547 1085 testi-

1906 1111 2122 1181 monia,
2155 1112 2430 1166 dicendo:
2469 1134 2497 1161 ‹‹
2528 1112 2674 1176 Quid
2705 1118 2794 1168 est
2817 1114 3017 1182 homo,
3049 1117 3202 1186 quod
3236 1133 3461 1173 memor
3486 1136 3547 1174 es

1906 1199 2211 1267 ejus?Quid
2233 1205 2323 1255 est
2344 1200 2569 1267 homo,»
2598 1218 2730 1255 cum
2754 1202 3029 1272 despectu
3045 1206 3545 1273 pronuntiandum

1906 1292 2013 1353 est,
2048 1289 2105 1342 id
2138 1293 2244 1353 est,
2276 1288 2499 1359 fragilis
2538 1294 2593 1345 et
2634 1291 2889 1345 caducus
2937 1292 3070 1345 Adae
3102 1310 3340 1365 sequax,
3385 1300 3443 1350 et
3489 1296 3547 1351 in

1904 1376 2081 1431 veteri
2114 1382 2344 1448 peccato
2375 1376 2631 1447 generali
2662 1378 2942 1447 pravitate
2996 1381 3317 1437 devinctus.
3359 1384 3547 1453 Hujus

1913 1483 2135 1520 memor
2164 1472 2251 1521 est
2285 1467 2588 1533 Dominus,
2619 1468 2852 1537 quando
2876 1469 2925 1522 ei
2962 1476 3195 1540 peccata
3226 1472 3471 1527 dimittit
3494 1480 3549 1529 et

1909 1555 2317 1609 misericordia:
2342 1572 2459 1609 sua}
2490 1556 2642 1609 dona
2669 1556 2930 1625 largitur.
2960 1580 2985 1605 ‹‹
3020 1560 3132 1611 Aut
3156 1559 3334 1614 Filius
3358 1560 3547 1615 homi-

1910 1644 2305 1714 nis,quoniam
2331 1645 2533 1698 visitas
2547 1661 2680 1699 eum
2702 1646 2729 1697 ‘?
2745 1668 2769 1693 ››
2786 1646 3017 1714 llicjam
3038 1664 3169 1702 voce
3189 1651 3547 1720 surgendum

1908 1738 2123 1802 cst,pro
2148 1749 2211 1787 eo
2235 1733 2387 1801 quod
2412 1733 2725 1787 Dominum
2749 1734 3042 1803 significat
3060 1736 3547 1809 Salvatorem,qui

1912 1838 2023 1875 non
2059 1826 2119 1874 ut
2149 1821 2334 1874 caeteri
2354 1821 2647 1885 mortales,
2672 1839 2737 1875 ex
2760 1822 2989 1876 duobus
3014 1824 3352 1881 hominibus
3378 1834 3549 1883 natus

1911 1916 2020 1975 est,
2053 1912 2153 1963 sed
2187 1926 2253 1964 ex
2280 1910 2495 1979 Spiritu
2528 1916 2730 1963 sancto
2764 1915 2819 1963 et
2851 1912 3025 1965 beatae
3074 1912 3265 1967 Maria:
3322 1932 3553 1985 semper

1909 1998 2153 2069 virginis
2179 2002 2649 2067 utero,tanquam
2674 2015 2927 2068 sponsus
2940 2000 3009 2053 de
3026 2000 3277 2071 glorioso
3292 2003 3550 2059 thalamo

1912 2086 2213 2158 processit.
2248 2087 2313 2140 Et
2334 2086 2637 2141 considera
2679 2086 2831 2157 quod
2863 2089 3133 2159 superius
3164 2090 3345 2145 dixit:
3374 2114 3402 2141 «
3435 2093 3551 2148 Me-

1915 2192 2042 2231 mor
2071 2191 2132 2230 es
2157 2191 2169 2228 :
2194 2196 2222 2223 ››
2244 2174 2491 2244 subjecit
2540 2179 2757 2243 autem,
2788 2198 2815 2224 «
2836 2175 3056 2231 visitas.
3085 2198 3112 2225 ››
3154 2180 3373 2234 Memor
3420 2181 3549 2251 fuit,

1916 2281 2049 2319 cum
2074 2262 2417 2335 patriarchis
2438 2263 2509 2317 de
2526 2262 2668 2317 caelo
2684 2262 2957 2318 misertus
2974 2269 3094 2321 est:
3118 2266 3391 2337 visitavit,
3418 2285 3553 2324 cum

1919 2376 1945 2405 ‹‹
1967 2354 2222 2407 Verbum
2248 2368 2379 2406 caro
2402 2353 2618 2406 factum
2644 2357 2801 2407 estet
2818 2352 3099 2407 habitavit
3118 2354 3177 2409 in
3194 2355 3550 2427 nobis(Joan.

1920 2462 1956 2509 1,
1990 2443 2099 2511 44).
2130 2464 2149 2490 ι»
2187 2442 2329 2495 Nam
2363 2441 2598 2497 visitare
2623 2440 2895 2505 dicimus,
2929 2442 3163 2511 quando
3196 2444 3458 2499 medicus
3482 2447 3552 2501 ad

1918 2532 2182 2586 inﬁrmos
2206 2530 2548 2601 ingreditur,
2574 2529 2724 2600 quod
2749 2528 2807 2583 in
2831 2530 3079 2585 adventu
3108 2532 3333 2586 Domini
3358 2548 3557 2591 revera

1917 2625 2144 2676 constat
2171 2618 2499 2689 impletum.

1993 2730 2019 2760 «ι
2050 2708 2309 2763 Minuisti
2342 2724 2497 2761 eum.
2531 2726 2557 2758 ιι
2592 2706 2737 2761 Hinc
2784 2708 2906 2777 jam
2959 2708 3187 2763 Domini
3244 2710 3557 2771 Salvatoris

1918 2798 2222 2855 humilitas
2254 2801 2526 2851 narratur
2555 2800 2612 2850 et
2642 2796 2847 2867 gloria.
2905 2797 3227 2854 Minoratus
3259 2806 3347 2855 est
3376 2803 3558 2873 enim,

1919 2906 2032 2945 non
2085 2887 2429 2942 necessitate
2488 2884 2932 2953 ministratoris,
2989 2887 3089 2941 sed
3149 2888 3383 2958 pietatis
3440 2907 3559 2945 suas

1919 2981 2242 3050 spontanea
2273 2974 2567 3029 voluntate
2602 2991 2614 3029 :
2651 2974 2801 3029 sicut
2849 2975 3164 3045 Apostolus
3210 2978 3330 3033 ait:
3390 3001 3417 3027 «
3453 2982 3561 3035 Se-

1920 3066 2236 3137 mctipsum
2270 3063 2602 3132 exinanivit,
2636 3065 2881 3119 formam
2916 3064 3063 3118 servi
3095 3066 3384 3136 accipiens
3407 3070 3560 3135 (Phi-

1927 3157 2025 3228 lip.
2062 3174 2123 3221 ιι,
2157 3154 2233 3224 7).
2265 3177 2285 3202 »

1994 3245 2309 3316 Sequitur:
2363 3264 2390 3289 (ι
2426 3240 2600 3295 Paulo
2657 3240 2854 3294 minus
2882 3242 2954 3295 ab
3013 3241 3305 3312 angelis.»
3362 3243 3441 3296 Ex
3497 3260 3565 3299 ea

1924 3335 2213 3405 siquidem
2246 3335 2408 3403 parte
2438 3332 2669 3383 Greater
2687 3328 3027 3399 angelorum
3052 3330 3244 3384 minor
3264 3332 3450 3386 factus
3476 3338 3566 3389 est

1926 3423 2242 3495 angelis,ex
2269 3437 2385 3491 qua
2406 3433 2639 3473 crucem
2665 3434 2766 3487 pro
2792 3416 3096 3472 hominum
3124 3419 3567 3491 suscepit.Bene

1927 3517 2117 3569 autem
2150 3510 2315 3575 dixit,
2350 3531 2377 3558 ‹‹
2412 3506 2583 3578 paulo
2644 3507 2861 3573 minus,
2899 3530 2919 3555 ι
2972 3507 3111 3578 quia
3162 3510 3270 3563 etsi
3320 3509 3568 3567 mortale

1928 3617 2137 3672 corpus
2169 3598 2511 3667 assumpsit,
2544 3601 2739 3652 tamen
2772 3603 3072 3668 peccatum
3098 3615 3211 3654 non
3236 3598 3459 3656 habuit.

1999 3712 2026 3739 ‹‹
2062 3688 2274 3753 Gloria,
2306 3695 2363 3741 et
2385 3686 2601 3741 honore
2635 3686 2923 3741 coronasti
2955 3703 3111 3742 eum.
3140 3710 3166 3737 »
3201 3689 3427 3745 Honore
3473 3706 3569 3745 co-

1930 3784 2169 3834 renatus
2200 3782 2307 3841 est,
2341 3792 2475 3830 cum
2507 3780 2639 3847 post
2670 3778 3153 3833 resurrectionem
3190 3783 3360 3845 Deus,
3394 3779 3454 3834 in
3504 3796 3570 3835 eo

1929 3869 2083 3940 quod
2116 3868 2289 3922 homo
2322 3866 2508 3920 factus
2538 3870 2646 3935 est,
2673 3865 2847 3920 nimis
2870 3866 3198 3922 mirabilem
3224 3869 3427 3923 mundi
3450 3886 3572 3925 cre-

1931 3959 2235 4014 dulitatem
2258 3956 2543 4011 exaltatus
2565 3956 2803 4027 accepit.
2840 3956 3034 4011 Gloria
3063 3963 3373 4012 coronatus
3404 3963 3493 4011 est
3514 3959 3572 4013 in

1932 4046 2355 4103 resurrectione
2378 4050 2433 4099 et
2447 4045 2872 4112 ascensione,et
2894 4045 3112 4099 honore
3129 4046 3185 4098 in
3200 4045 3575 4101 concessione

1931 4142 2184 4208 paternae
2215 4133 2562 4203 majestatis.

2012 4246 2037 4275 ‹‹
2070 4226 2136 4278 Et
2165 4221 2521 4277 constituisti
2553 4236 2687 4274 eum
2721 4236 2898 4290 super
2929 4236 3103 4291 opera
3136 4237 3419 4276 manuum
3452 4226 3576 4277 tua-

1936 4330 2088 4369 rum.
2112 4333 2139 4361 »
2165 4311 2443 4382 Superius
2476 4310 2546 4364 de
2573 4308 2757 4379 gloria
2786 4310 2935 4379 ejus,
2961 4314 3016 4364 et
3036 4309 3253 4364 honore
3276 4316 3577 4367 narratum

1936 4407 2043 4470 est,
2078 4417 2234 4456 nunc
2265 4400 2500 4476 ponitur
2527 4404 2582 4453 et
2604 4402 2882 4469 potestas,
2907 4402 2971 4452 ut
2993 4404 3345 4469 agnoscatur
3364 4400 3581 4456 Christi

1936 4492 2168 4549 Domini
2188 4490 2517 4560 majestatis
2541 4486 2965 4559 perfectissima
2987 4487 3309 4559 plenitudo.
3328 4488 3581 4545 Dicendo

186 4580 248 4631 ut
274 4578 454 4647 ﬁeret,
489 4578 600 4633 hoc
630 4581 740 4644 est,
775 4582 840 4633 ut
886 4578 1165 4633 crederet.
1225 4577 1390 4632 Hunc
1436 4594 1571 4649 ergo
1625 4578 1824 4633 orbem
1858 4604 1903 4667 Ι)
1936 4581 2114 4650 enim,
2148 4602 2173 4632 α
2203 4596 2380 4651 super
2402 4595 2578 4651 opera
2608 4593 2893 4633 manuum
2921 4582 3179 4647 tuarum,
3211 4599 3237 4629 »
3274 4578 3465 4633 omnis
3496 4578 3581 4633 illi

187 4664 473 4735 futurum,
496 4682 609 4723 non
634 4665 856 4739 angelis
880 4666 1099 4733 subdit,
1125 4667 1225 4722 sed
1251 4666 1497 4722 Christo.
1524 4666 1646 4722 Non
1669 4666 1825 4722 enim

187 4751 412 4823 angelis
444 4754 687 4811 salutem
721 4760 1005 4821 nostram,
1039 4772 1165 4827 quae
1199 4756 1517 4811 novissimo
1566 4760 1827 4826 tempore

188 4839 342 4894 facta
370 4841 534 4896 estin
560 4844 715 4907 orbe,
739 4843 1011 4914 subjecit,
1063 4859 1189 4914 quae
1221 4859 1254 4898 a
1285 4842 1581 4913 prophetis
1632 4844 1830 4898 futura

187 4942 313 4983 esse
334 4927 475 4985 olim
506 4933 783 5002 praedicta
810 4936 917 4998 est,
951 4933 1053 4987 sed
1085 4931 1206 4986 Filo
1229 4948 1355 4999 suo,
1381 4932 1452 4985 ad
1496 4948 1671 5003 quem
1725 4949 1831 4987 vox

188 5022 446 5087 paterna,
472 5019 630 5074 sicut
658 5021 929 5093 superius
974 5022 1440 5076 demonstratum
1472 5025 1580 5087 est,
1614 5021 1829 5087 sonuit,

190 5105 471 5163 dicens:«
495 5106 678 5163 Filius
723 5125 890 5165 meus
912 5126 973 5164 es
1004 5114 1089 5176 tu,
1122 5126 1226 5181 ego
1288 5110 1459 5164 hodie
1516 5108 1691 5181 genui
1734 5114 1827 5165 te:

190 5192 420 5251 Postula
443 5214 478 5251 a
499 5212 620 5262 me,
638 5201 693 5252 et
711 5197 860 5252 dabo
882 5198 987 5252 tibi
1004 5204 1207 5270 gentes
1226 5199 1618 5254 haereditatem
1643 5202 1829 5269 tuam,

191 5285 244 5336 et
266 5286 711 5355 possessionem
744 5290 903 5341 tuam
934 5288 1215 5343 terminos
1244 5292 1429 5342 terra}.
1457 5310 1485 5335 n

257 5373 323 5427 Et
356 5375 465 5428 hoc
500 5373 860 5445 propheticis
890 5377 1199 5432 confirmat
1224 5375 1527 5447 exemplis,
1586 5375 1786 5430 dicens
1817 5393 1830 5431 :

195 5479 222 5508 α
250 5460 527 5518 Testatus
560 5467 650 5517 est
707 5464 768 5516 in
816 5466 1069 5534 quodam
1100 5466 1225 5521 loco
1258 5466 1414 5536 quis,
1446 5464 1833 5534 dicens(Psal.

258 5567 846 5646 (t394)_Pa_rt_ic.etiam
860 5570 919 5627 in
936 5571 1229 5646 Yulg.non
1243 5571 1580 5646 legitur,sed
1600 5571 1658 5626 in
1672 5574 1834 5646 textu

189 5638 637 5711 Ambrosisstri,
665 5656 701 5697 a
722 5654 835 5715 quo
866 5638 1083 5703 multa'
1104 5638 1357 5720 sparsim
1388 5638 1656 5721 execrpta
1676 5645 1833 5699 sunt.

1935 4676 2204 4727 creatura
2235 4670 2500 4739 subjecta
2526 4672 2904 4734 monstratur,
2942 4666 3077 4738 quia
3108 4666 3259 4721 sicut
3288 4684 3321 4722 a
3355 4667 3581 4722 Domini

1939 4776 2108 4831 opere
2141 4758 2284 4812 nihil
2310 4764 2398 4813 est
2418 4763 2744 4829 exceptum,
2774 4756 2856 4812 ita
2875 4773 2979 4812 nec
3000 4774 3033 4811 a
3059 4759 3343 4828 potestate
3365 4756 3582 4812 Christi

1940 4847 2159 4918 aliquid
2193 4847 2467 4917 probatur
2497 4862 2625 4901 esse
2660 4846 2937 4900 divisum.

2018 4957 2045 4988 α
2073 4936 2282 4991 Omnia
2307 4934 2610 5005 subjecisti
2644 4935 2755 4989 sub
2786 4935 3033 5005 pedibus
3064 4934 3191 5004 ejus
3222 4952 3234 5002 ;
3260 4933 3319 4988 in
3344 4950 3409 4989 eo
3427 4932 3584 4989 enim

1944 5026 2096 5098 quod
2113 5024 2310 5079 omnia
2323 5024 2743 5093 subjecit,nihil
2761 5023 2985 5077 dimisit
2999 5038 3113 5076 non
3130 5024 3461 5092 subjectum
3477 5021 3586 5076 ei.»

1943 5114 2198 5169 Dicendo
2230 5112 2385 5165 enim
2410 5114 2629 5176 omnia,
2654 5129 2756 5167 nec
2780 5118 3008 5166 terrena
3024 5110 3253 5165 videtur
3269 5110 3584 5179 excepisse,

1945 5220 2050 5259 nec
2082 5199 2353 5255 coelestia.
2388 5200 2454 5252 Et
2486 5215 2659 5267 quem
2709 5201 2871 5271 prius
2905 5204 3143 5269 propter
3196 5198 3588 5253 humilitatem

1945 5289 2135 5345 carnis
2168 5285 2341 5358 paulo
2373 5286 2570 5339 mimis
2602 5288 2675 5339 ab
2699 5286 2921 5357 angelis
2952 5286 3177 5340 dixerat
3221 5303 3349 5343 esse
3402 5285 3589 5339 mino-

1946 5384 2139 5433 ratum
2174 5378 2301 5445 post
2332 5373 2734 5428 ascensionem
2763 5374 2903 5427 dicit
2934 5373 3182 5443 pedibus
3213 5377 3341 5444 ejus
3394 5373 3593 5428 omnia

1946 5465 2129 5520 fuisse
2161 5462 2447 5529 subjecta,
2481 5464 2547 5512 ut
2600 5460 2716 5516 ista
2772 5460 3068 5518 distinctio
3125 5467 3183 5518 et
3232 5462 3592 5518 dubietatem

2018 5568 2203 5644 (1395)
2235 5563 2408 5637 Vulg.
2434 5569 2723 5639 portentis.
