3966 6210
215 5363 252 5382 ’σε

369 420 488 478 739

371 550 762 605 titubantibus
793 548 1064 606 auferret,
1096 548 1152 598 et
1181 543 1425 613 gloriam
1472 548 1683 597 sancta:
1742 543 2007 597 incarna-
2041 544 2094 607 A

373 639 548 694 tionis
580 635 927 691 ostenderet.
969 655 988 682 ι
1025 633 1145 687 Sub
1191 631 1440 702 pedibus
1474 656 1500 680 ν
1557 633 1654 698 ait,
1709 639 1773 685 ut
1821 632 2013 686 omnis

372 731 638 782 creatura
668 725 871 778 merito
912 725 1106 792 ipsum
1165 719 1351 774 colere
1411 726 1588 790 atque
1647 722 1886 775 adorare
1933 721 2012 773 vi-

372 817 542 871 deatu
553 832 598 869 r.

444 926 471 954 ‹‹
506 903 668 958 Nunc
699 905 892 955 autem
925 898 1172 952 necdum
1223 896 1490 952 videmus
1519 898 1717 951 omnia
1750 897 2014 966 subjecta

373 993 447 1048 ei.
485 1015 512 1042 »
543 997 660 1045 Hoc
693 990 890 1059 itaque
921 987 1003 1041 ait
1033 987 1101 1040 de
1147 1003 1260 1040 non
1320 986 1693 1040 credentibus
1753 986 1809 1039 in
1855 1001 2011 1053 eum,

371 1081 510 1152 quia
531 1079 777 1134 necdum
802 1075 998 1130 omnia
1015 1073 1358 1146 Evangelica
1382 1074 1635 1127 obtinuit
1661 1074 2010 1144 praedicatio.

369 1167 646 1239 Superius
664 1164 827 1234 dixit,
863 1163 1006 1218 nihil
1040 1162 1256 1216 dimitti
1278 1163 1387 1216 sibi
1423 1179 1535 1217 non
1570 1162 1923 1231 subjectum,
1960 1166 2017 1215 et

370 1257 464 1312 hic
490 1253 979 1321 astruit,necdum
1003 1252 1201 1306 omnia
1224 1251 1487 1322 subjecta
1513 1251 1624 1305 sibi
1650 1250 1854 1314 videri,
1881 1249 2016 1320 quia

367 1344 487 1399 illic
520 1341 925 1406 universalem,
961 1341 1081 1394 sive
1101 1339 1515 1405 voluntariam,
1541 1339 1587 1393 si
1612 1339 1731 1393 sive
1751 1354 2014 1392 necessa-

367 1434 516 1488 riam
540 1430 965 1501 subjectionem
1007 1427 1430 1497 designat;hic
1475 1432 1706 1481 tantum
1749 1425 2014 1480 volunta-

370 1525 539 1584 riam,
576 1537 690 1591 qua
723 1519 970 1574 ﬁdeliter
1000 1518 1182 1587 (i396)
1215 1517 1462 1571 credunt
1492 1517 1549 1569 in
1584 1532 1737 1569 eum.

443 1635 468 1658 ‹‹
503 1611 649 1664 Eum
666 1606 1239 1677 autem,quimodico
1263 1621 1440 1674 quam
1469 1604 1662 1676 angeli
1691 1603 2014 1657 minoratus

367 1705 473 1766 est,
508 1699 774 1752 videmus
791 1697 994 1751 Jesum
1021 1699 1254 1766 propter
1274 1693 1605 1764 passionem
1639 1694 1839 1746 mortis
1863 1694 2010 1762 ejus,

369 1787 636 1861 gloria,et
649 1787 868 1840 honore
880 1790 1244 1838 coronatum.
1257 1782 1390 1836 vilic
1405 1781 1659 1836 ostendit
1673 1782 1810 1851 quia
1828 1780 2012 1852 gloria

367 1882 424 1934 et
454 1877 639 1932 honor
659 1891 799 1929 crux
822 1877 909 1928 est
938 1871 1170 1939 Christi,
1197 1887 1298 1942 pro
1331 1887 1445 1941 qua
1477 1869 1771 1923 modicum
1824 1869 2009 1923 mino-
2043 1907 2090 1970 Β

369 1970 530 2021 ratus
551 1969 640 2020 est
663 1963 731 2018 ab
755 1961 1155 2032 angelis,sicut
1178 1961 1302 2030 ipse
1321 1959 1601 2014 Dominus
1625 1975 1755 2012 eum
1782 1975 2015 2030 semper

367 2059 553 2120 vocat,
587 2052 784 2107 dicens
813 2067 825 2104 :
853 2072 879 2099 «
906 2049 976 2104 Ut
995 2048 1354 2120 glorificetur
1375 2047 1532 2101 filius
1557 2046 1811 2101 hominis
1833 2049 2008 2117 (Joan.

365 2161 526 2208 xvm,
568 2142 642 2212 4).
677 2164 696 2190 ι
732 2140 789 2194 Si
823 2139 920 2193 ille
950 2155 1038 2204 ea,
1075 2154 1200 2208 quae
1243 2153 1345 2206 pro
1404 2136 1584 2191 servis
1639 2152 1850 2206 passus
1901 2141 2010 2200 est,

365 2231 612 2302 gloriam
644 2233 830 2296 vocat,
852 2227 1035 2281 multo
1054 2225 1330 2296 amplius,
1361 2229 1420 2278 tu
1446 2225 1640 2278 homo.
1665 2225 1899 2294 quando
1919 2242 2013 2295 pa-

367 2321 532 2387 teris,
563 2318 667 2372 tibi
700 2319 771 2372 ad
800 2316 1044 2387 gloriam
1079 2314 1366 2385 pertinere
1398 2314 1811 2382 sempiternam
1837 2313 2008 2366 dubi-

366 2414 488 2465 tare
521 2425 632 2462 non
669 2405 862 2460 debes.
899 2405 966 2457 Et
996 2402 1257 2456 addidit:
1298 2423 1318 2449 σ
1359 2401 1428 2454 Ut
1484 2402 1671 2470 gratia
1731 2402 1852 2469 Dei,
1907 2419 2008 2469 pro

367 2497 642 2554 omnibus
699 2496 962 2565 gustaret
1017 2495 1345 2545 mortem.»
1409 2495 1606 2558 ipsum
1670 2506 1797 2544 vero
1876 2506 2009 2559 ἕνα-

366 2587 511 2643 tiam
540 2581 882 2648 nominavit,
917 2580 1013 2650 qui
1046 2596 1148 2650 pro
1181 2578 1442 2632 omnium
1503 2578 1689 2632 salute
1749 2579 2009 2647 gustavit

368 2679 636 2732 mortem.
662 2672 785 2725 Non
818 2671 974 2724 enim
1007 2668 1330 2722 debebatur
1375 2665 1561 2729 nobis,
1598 2671 1664 2720 ut
1698 2667 1877 2720 Filius
1908 2667 2004 2722 Dei

364 2781 469 2836 pro
502 2760 668 2816 nobis
702 2762 964 2830 gustaret
995 2759 1261 2821 mortem,
1295 2756 1393 2809 sed
1453 2755 1640 2826 gratia
1692 2754 1798 2809 hoc
1849 2755 2002 2810 fecit.

365 2855 495 2924 Ipse
529 2849 763 2922 quidem
796 2863 898 2917 pro
931 2845 1205 2899 omnibus
1226 2849 1489 2898 mortuus
1514 2843 1784 2906 est.Quid
1809 2848 2005 2899 autem

364 2942 414 2996 si
449 2955 562 2994 non
595 2952 798 2992 omnes
833 2932 1115 2989 credunt?
1147 2931 1244 2986 Ille
1273 2937 1468 2987 tamen
1501 2932 1654 3003 quod
1678 2949 1853 2986 suum
1885 2938 2004 2987 erat

364 3026 645 3099 implevit.
670 3024 908 3095 Proprie
931 3022 1076 3076 dixit
1109 3038 1120 3077 :
1160 3044 1180 3070 α
1213 3021 1468 3092 gustavit
1500 3026 1780 3076 mortem:
1812 3044 1832 3069 ι
1869 3022 2007 3091 quia

365 3115 520 3172 brevi
553 3119 812 3186 tempore
841 3112 900 3166 in
933 3110 1032 3165 illa
1064 3109 1192 3176 fuit,
1227 3115 1292 3165 ut
1323 3126 1389 3163 ea
1421 3109 1641 3164 devicta
1697 3110 2003 3164 confestim

366 3208 713 3276 resurgeret.

1397 408 1730 471 ATTONIS
1778 411 2354 470 VEItCELLENSlS
2405 410 2754 470 EPISCOPI

3662 411 3785 468 740

2196 569 2217 588 υ
2258 546 2498 612 Propter
2529 557 2707 612 quam
2739 558 2974 596 causam
3008 557 3122 595 non
3157 540 3539 596 confunditur
3562 541 3778 596 fratres

2125 647 2222 684 eos
2254 648 2473 696 vocare,
2508 630 2725 685 dicens.
2763 653 2787 678 ››
2823 631 2884 684 in
2919 647 2983 684 eo
3015 629 3194 695 enim,
3229 631 3382 700 quod
3435 630 3607 696 dixit,
3662 647 3779 684 non

2124 719 2415 773 erubescit
2446 720 2650 773 fratres
2683 735 2779 774 eos
2822 735 3045 783 vocare,
3108 719 3473 773 demonstrat
3523 735 3640 772 non
3697 719 3783 774 rei

2125 813 2342 862 naturae
2374 825 2521 873 esse,
2557 809 2656 862 sed
2693 808 3103 863 misericordias
3133 808 3260 876 ejus
3285 823 3414 861 esse
3436 810 3694 875 tantum,
3721 813 3780 863 et

2124 896 2477 950 humilitatis
2510 895 2727 965 multis,
2761 897 2858 967 qui
2892 913 2996 950 nos
3031 897 3236 950 fratres
3267 894 3442 967 elegit
3501 895 3639 951 sibi.
3701 897 3779 950 Et

2123 984 2230 1038 hoc
2261 985 2594 1055 prophetico
2618 985 2869 1038 affirmat
2888 983 3240 1054 testimonio,
3266 1001 3337 1038 ne
3362 985 3530 1054 quasi
3556 1001 3778 1039 novum

2125 1078 2447 1144 putaretur,
2483 1078 2537 1128 et
2556 1090 2666 1126 non
2691 1071 2878 1126 multo
2902 1079 3036 1127 ante
3061 1072 3424 1142 praedictum.
3461 1073 3554 1127 Ait
3577 1073 3738 1128 enim
3760 1093 3773 1129 :

2131 1161 2450 1218 «Nuntiabo
2465 1178 2674 1216 nomen
2691 1167 2854 1215 tuum
2875 1162 3148 1216 fratribus
3163 1159 3779 1234 meis(l’sal.xx1,23).»

2127 1251 2260 1306 Post
2281 1268 2506 1305 sacram
2531 1250 2857 1321 passionem
2873 1255 2927 1304 et
2947 1251 3453 1318 resurrectionem,
3479 1251 3622 1306 dicit
3643 1251 3778 1323 glo-

2123 1341 2271 1394 riam
2305 1340 2621 1394 divinitatis
2655 1345 2775 1394 toto
2807 1341 2942 1394 orbe
2974 1341 3346 1412 vulgandam.
3369 1339 3708 1396 «Nuntiabo
3749 1363 3776 1389 υ

2124 1428 2278 1482 enim
2311 1429 2468 1493 dicit,
2505 1428 2560 1482 id
2597 1434 2682 1482 est
2715 1445 2949 1482 narrare
2969 1428 3441 1498 faciam,sicutin
3462 1429 3775 1500 Evangelio

2127 1517 2470 1571 mulieribus
2503 1517 2679 1571 dicit:
2713 1541 2737 1565 ‹‹
2777 1519 2871 1587 lto,
2891 1517 3083 1581 dicite,
3116 1517 3393 1571 fratribus
3411 1519 3554 1572 meis
3581 1519 3767 1585 (Marc.

2123 1623 2236 1671 xvx,
2265 1607 2340 1671 5).
2378 1629 2403 1654 υ
2430 1606 2658 1659 Fratres
2691 1611 2884 1660 autem
2921 1606 3214 1675 dicuntur,
3249 1606 3347 1676 qui
3407 1605 3665 1677 diligunt
3718 1615 3775 1662 ct

2123 1692 2465 1764 diliguntur.
2502 1694 2568 1747 Et
2592 1694 2848 1748 addidit:
2885 1715 2904 1741 α
2936 1696 2996 1746 In
3020 1695 3209 1748 medio
3233 1693 3770 1751 Ecclesiznlaudabo

2123 1787 2196 1835 te.
2227 1807 2246 1833 ιι
2288 1782 2345 1835 In
2384 1783 2570 1837 medio
2603 1786 2940 1837 sanctorum
2974 1782 3100 1836 laus
3132 1782 3362 1837 Domini
3395 1789 3630 1839 resonat
3661 1802 3765 1856 per

2122 1887 2278 1936 eum,
2313 1871 2410 1942 qui
2445 1871 2523 1925 ait
2557 1889 2568 1924 :
2607 1895 2631 1919 ‹‹
2663 1872 2948 1926 Confiteor
2979 1871 3102 1938 tibi,
3133 1876 3321 1938 Pater,
3356 1873 3598 1929 Domine
3631 1874 3762 1929 θα)ιὶ

2125 1964 2180 2012 et
2201 1963 2386 2025 terrae,
2411 1958 2549 2029 quia
2573 1959 2927 2014 abscondisti
2953 1960 3072 2013 haec
3092 1977 3123 2013 a
3144 1959 3507 2030 sapientibus
3529 1966 3584 2016 et
3615 1979 3763 2033 pru-

2124 2047 2397 2102 dentibus
2435 2052 2491 2101 et
2519 2047 2781 2103 revelasti
2803 2065 2869 2102 ea
2886 2049 3143 2118 parvulis
3162 2050 3313 2120 (Luc.
3337 2067 3392 2117 x,
3414 2051 3518 2120 21).
3543 2073 3571 2098 ››
3606 2051 3767 2106 Laus

2121 2136 2276 2190 enim
2309 2136 2538 2190 Domiui
2571 2154 2723 2203 vera,
2761 2154 2874 2191 non
2905 2137 3093 2191 solum
3125 2153 3242 2206 ore,
3273 2139 3371 2193 sed
3391 2139 3564 2193 etiam
3588 2141 3768 2195 corde

2123 2229 2179 2278 et
2211 2241 2381 2295 opere
2414 2224 2763 2295 perlicientis
2792 2231 3077 2296 praecepta
3109 2227 3335 2281 Domini
3369 2235 3656 2284 narratur.

2194 2338 2217 2361 ‹‹
2254 2314 2323 2367 Et
2355 2315 2600 2368 iterum:
2635 2315 2748 2383 Ego
2774 2331 2903 2368 vero
2938 2315 3121 2368 iidens
3154 2315 3210 2368 in
3235 2332 3364 2369 eum
3399 2317 3568 2384 (Psal.
3603 2335 3765 2381 xviii,

2120 2406 2192 2472 3).
2220 2426 2245 2451 ››
2274 2408 2349 2457 De
2374 2410 2643 2474 suscepto
2664 2403 2897 2456 homine
2927 2403 3035 2456 hoc
3058 2402 3279 2457 dictum
3313 2408 3420 2474 est,
3447 2407 3620 2475 cujus
3636 2422 3763 2460 con-

2119 2493 2356 2546 fidentia
2386 2497 2508 2546 tota
2540 2493 2595 2545 in
2629 2492 2744 2546 Deo
2777 2496 2943 2546 Patre
2974 2509 3101 2545 esse
3124 2509 3235 2546 non
3256 2493 3502 2547 dubium
3527 2499 3617 2548 est
3648 2511 3659 2547 :
3686 2495 3760 2548 si-

2117 2585 2218 2634 cut
2249 2582 2305 2633 in
2342 2579 2647 2651 Evangelio
2679 2581 2804 2651 ipse
2835 2579 2936 2649 ait,
2969 2597 3070 2650 pro
3104 2580 3316 2650 quibus
3367 2581 3761 2653 supplicabat,

2117 2669 2342 2723 dicens:
2383 2667 2588 2732 «Volo,
2618 2672 2806 2735 Pater,
2833 2674 2896 2721 ut
2937 2668 3033 2722 ubi
3066 2686 3170 2739 ego
3204 2686 3356 2737 sum,
3391 2675 3448 2724 et
3489 2670 3590 2725 isti
3638 2672 3760 2727 sint

2118 2773 2346 2811 mecum
2379 2759 2556 2827 (Joan.
2589 2773 2723 2826 xvn,
2756 2757 2866 2827 24).
2896 2777 2922 2804 ››
2953 2756 3107 2819 Quos
3132 2757 3306 2812 etiam
3339 2759 3756 2816 confidentiam

2117 2852 2181 2902 ut
2202 2846 2483 2901 haberent
2503 2846 2936 2912 exhortabatur,
2956 2845 3200 2901 dicendo
3224 2865 3235 2902 :
3265 2848 3602 2918 «Confidite,
3620 2852 3759 2922 quia

2116 2952 2217 3006 ego
2247 2934 2354 2988 vici
2387 2935 2672 2988 mundum
2706 2936 2893 3005 (Joan.
2916 2952 3030 3001 XVI,
3063 2935 3175 3005 23).
3213 2959 3238 2984 ››

2192 3050 2211 3074 α
2251 3027 2317 3080 Et
2347 3042 2621 3079 rursum:
2657 3025 2796 3080 Ecce
2828 3041 2953 3097 ego,
2979 3026 3231 3098 etpueri,
3252 3043 3399 3098 quos
3423 3029 3571 3083 mihi
3601 3030 3762 3086 dedit

2115 3115 2268 3170 Deus
2298 3115 2433 3185 (Isa.
2469 3114 2718 3184 v1u,i8).
2750 3137 2775 3162 »
2806 3116 2917 3168 Hoc
2941 3116 3342 3170 testimonium
3366 3118 3436 3172 de
3461 3119 3613 3174 Isaia
3635 3136 3764 3191 pro-

2118 3203 2252 3258 tulit
2275 3202 2678 3274 Apostolus,ad
2695 3203 2988 3257 Christum
3005 3209 3060 3258 et
3073 3205 3142 3258 ad
3168 3205 3465 3276 apostolos
3479 3209 3759 3276 referens,

437 3318 464 3344 ‹‹
499 3293 748 3349 Decebat
779 3290 931 3346 enim
967 3305 1122 3354 eum,
1168 3293 1400 3359 propter
1457 3304 1630 3358 quem
1678 3288 1896 3350 omnia,
1948 3293 2004 3344 et
2035 3268 2077 3333 C
2118 3309 2265 3363 quos
2286 3292 2927 3363 propterinnocentiam
2947 3295 3605 3362 puerosnominavitzde
3631 3298 3760 3369 qui-

362 3401 465 3456 per
486 3397 659 3455 quem
683 3379 899 3444 omnia,
929 3375 1030 3448 qui
1055 3375 1268 3431 multos
1291 3375 1441 3430 ﬁlios
1468 3375 1525 3428 in
1549 3375 1793 3446 gloriam
1817 3377 2001 3431 addu-

360 3477 542 3540 xerat,
571 3475 866 3526 auctorem
901 3465 1108 3522 salutis
1139 3481 1341 3518 eorum
1373 3480 1476 3535 per
1505 3464 1832 3534 passionem
1865 3481 2000 3520 con-

361 3561 740 3627 summari;»
801 3557 857 3610 id
917 3559 1023 3624 est,
1078 3554 1352 3625 perficere
1409 3552 1672 3607 omnium
1725 3553 1996 3609 salutem.

363 3673 391 3701 ‹‹
428 3654 664 3720 Propter
694 3661 869 3717 quem
901 3643 1117 3712 omnia,
1154 3666 1179 3690 ››
1215 3643 1269 3696 id
1303 3646 1409 3707 est,
1445 3658 1546 3712 per
1573 3643 1700 3713 eius
1731 3651 1997 3711 mortem,

362 3739 482 3795 sive
504 3754 630 3808 qua:
652 3736 711 3789 in
727 3732 885 3788 cmlis
907 3732 1189 3801 sunt,sive
1211 3747 1340 3800 quae
1365 3730 1420 3783 in
1461 3731 1649 3800 terris,
1679 3738 2002 3788 restaurata

359 3832 521 3894 sunt,
556 3840 657 3895 per
688 3838 862 3893 quem
892 3820 1067 3874 etiam
1101 3824 1158 3872 et
1187 3819 1386 3873 omnia
1414 3823 1605 3874 creata
1635 3823 1790 3874 sunt.
1827 3821 1998 3876 Vides

360 3919 645 3987 quantum
677 3915 765 3966 est
793 3910 848 3963 in
885 3907 1073 3962 medio
1107 3912 1394 3962 nostrum.
1430 3908 1496 3963 Et
1528 3907 1650 3978 ipse
1683 3908 1883 3979 Filius,
1944 3914 1999 3964 et

357 4021 466 4060 nos
497 4002 634 4056 ﬁlii:
665 4000 761 4054 ille
792 3997 1082 4070 proprius,
1111 4013 1214 4050 nos
1247 3996 1522 4068 adoptivi,
1549 3997 1647 4051 sed
1672 3996 1766 4050 illo
1790 3997 1997 4069 salvat,

358 4099 416 4148 et
447 4108 552 4147 nos
583 4089 898 4146 salvamur.
925 4085 1403 4156 Videsquomodo
1428 4101 1535 4139 nos
1556 4086 1926 4157 etconjungit
1946 4093 2002 4141 et

356 4178 661 4236 discernit.
687 4200 713 4227 «
752 4174 965 4231 Multos
998 4173 1169 4241 filios,
1193 4193 1218 4223 η
1260 4172 1855 4244 inquit,adducensin
1877 4173 1998 4245 glo-

356 4270 464 4337 ria,
498 4268 592 4322 bic
623 4264 928 4335 conjunxit
960 4279 972 4318 :
1007 4285 1028 4312 α
1062 4264 1394 4332 Auctorem,
1423 4283 1450 4310 ››
1483 4261 1696 4332 inquit,
1735 4282 1761 4313 «ί
1792 4262 2001 4318 salutis

356 4374 558 4414 eorum
594 4375 606 4423 ;
634 4375 659 4405 ι
690 4354 784 4410 hic
812 4351 1104 4409 discrevit.

428 4469 455 4495 ‹‹
491 4445 596 4510 Qui
628 4443 780 4500 enim
817 4440 1142 4496 sanctiﬁcat
1173 4444 1228 4494 et
1257 4437 1356 4508 qui
1409 4435 1874 4505 sanctificantur,
1935 4455 2002 4494 ex

355 4551 472 4590 uno
502 4549 724 4589 omnes.
761 4557 781 4583 ι)
823 4535 962 4585 Ecce
984 4529 1195 4584 iterum
1229 4526 1520 4596 quomodo
1552 4526 1879 4596 conjungit,
1905 4527 2003 4581 ho-

2114 3381 2225 3435 bus
2256 3381 2379 3451 ipse
2406 3380 2689 3434 Dominus
2721 3381 2835 3435 ait:
2871 3404 2897 3430 «
2931 3379 3110 3436 Sinite
3142 3382 3410 3452 parvulos
3444 3385 3639 3440 venire
3689 3387 3762 3441 ad

2115 3468 2588 3542 me,quiatalium
2603 3475 2689 3523 est
2703 3485 2940 3538 regnum
2957 3471 3758 3544 coelorum(Matth.x1x,11).»

2185 3584 2210 3609 ‹‹
2238 3560 2383 3625 Quia
2413 3575 2549 3629 ergo
2581 3564 2635 3611 et
2669 3560 2830 3628 pueri
2873 3559 3432 3616 comminicaverunt
3493 3563 3654 3617 carni
3703 3569 3761 3619 et

2110 3648 2621 3721 sanguini;etipse
2645 3648 2914 3702 similiter
2943 3648 3308 3720 participavit
3335 3651 3580 3708 eisdem.
3599 3675 3628 3700 »
3660 3654 3760 3707 At-

2109 3741 2280 3794 tende
2294 3737 2737 3792 similitudinem
2765 3738 2911 3805 ejus,
2940 3738 3261 3792 secundum
3287 3756 3544 3808 carnem,
3567 3741 3624 3795 in
3642 3758 3760 3812 qua

2111 3827 2236 3899 ipse
2266 3844 2398 3881 cum
2432 3826 2626 3896 pueris
2651 3825 3032 3897 participatus
3053 3831 3158 3880 est.
3177 3827 3534 3883 Erubescant
3552 3846 3759 3885 omnes

2113 3915 2405 3980 haeretici;
2439 3914 2849 3984 cooperiantur
2879 3915 3240 3983 confusione,
3273 3922 3329 3972 et
3380 3920 3756 3984 verecundia,

2114 4005 2210 4077 qui
2234 4003 2850 4076 putativedicunteum
2867 4003 3192 4074 advenisse,
3227 4010 3282 4059 et
3307 4023 3420 4061 non
3444 4025 3598 4062 vere.
3634 4009 3757 4063 Non

2110 4094 2267 4148 enim
2303 4096 2526 4146 tantum
2553 4092 2717 4155 dix1t,
2743 4092 3016 4161 quoniam
3042 4094 3425 4165 participatus
3449 4101 3539 4151 est
3561 4097 3690 4152 istis
3704 4104 3761 4153 et

2110 4180 2586 4251 tacuit,quamvis
2605 4179 2956 4247 etsidiceret,
2983 4182 3625 4241 sufficienterdixisset:
3658 4187 3756 4241 sed

2112 4269 2337 4324 addidit
2367 4292 2393 4318 ‹‹
2429 4268 2646 4323 eisdem
2675 4286 2686 4334 ;
2721 4291 2746 4318 »
2783 4273 2838 4322 et
2869 4268 3024 4324 aliud
3060 4286 3193 4324 eum
3225 4270 3358 4341 plus
3389 4279 3627 4330 constat
3650 4292 3756 4346 po-

2111 4358 2320 4425 suisse,
2357 4357 2463 4412 hac
2495 4362 2583 4411 est
2613 4357 2955 4428 proximius,
2993 4359 3145 4429 quod
3183 4375 3296 4414 non
3331 4361 3388 4415 in
3421 4361 3758 4433 phantasia,

2110 4464 2224 4501 non
2257 4447 2314 4501 in
2351 4446 2604 4517 imagine
2639 4445 2858 4500 venerit
2887 4444 3158 4514 aliorum,
3215 4448 3312 4502 sed
3373 4466 3571 4505 veram
3633 4454 3759 4522 ejus

2109 4535 2364 4591 ostendit
2396 4534 2815 4590 fraternitatem
2849 4540 2904 4590 et
2935 4535 3360 4592 humanitatem
3408 4539 3465 4592 in
3522 4539 3758 4596 Christo

356 4639 572 4680 norans
588 4626 644 4676 et
663 4620 996 4685 consolans,
1020 4613 1304 4672 etChristi
1331 4614 1536 4667 fratres
1552 4628 1648 4666 eos
1669 4614 1999 4682 nominans,
2029 4637 2075 4700 D
2111 4642 2224 4679 non
2261 4625 2474 4678 fictam.
2511 4622 2654 4686 Quia
2686 4624 2837 4677 sicut
2871 4625 3215 4695 pueriearne
3243 4627 3604 4698 etsanguine
3623 4646 3760 4684 con-

354 4713 680 4768 secundum
713 4710 865 4781 quod
899 4724 964 4762 ex
998 4722 1112 4760 uno
1145 4719 1244 4757 eos
1275 4717 1402 4756 esse
1433 4700 1592 4754 dicit.
1625 4700 1836 4757 Deinde
1869 4721 1996 4759 mu-

355 4800 523 4855 niens
544 4815 870 4854 sermonem
898 4811 1072 4851 suum
1100 4789 1786 4858 ctostendens,quoniam
1810 4792 1879 4848 de
1905 4811 1992 4860 eo,

353 4887 455 4960 qui
486 4888 807 4943 secundum
843 4898 1076 4939 carnem
1111 4882 1220 4942 est,
1253 4875 1416 4941 dixit,
1452 4876 1649 4932 intulit
1673 4895 1683 4931 :
1710 4879 1815 4943 Qui
1839 4883 1992 4938 enim

352 4975 696 5042 sanctificat,
737 4998 755 5023 ιν
793 4974 900 5028 hoc
938 4973 1027 5024 est
1056 4965 1358 5036 Christus;
1417 4989 1444 5015 «
1479 4971 1535 5021 et
1579 4968 1678 5038 qui
1737 4972 1992 5026 sanctifi-

351 5071 581 5132 cantur,
607 5085 635 5114 »
667 5063 777 5118 hoc
807 5065 896 5115 est
927 5073 1052 5112 nos.
1090 5054 1338 5110 intueris
1394 5061 1680 5128 quantum
1731 5058 1990 5116 interest.

351 5153 455 5210 Ille
487 5152 726 5224 quidem
760 5146 1131 5215 sanctiﬁcat;
1168 5145 1605 5201 sunctiﬁcamur
1635 5151 1829 5202 autem
1866 5165 1989 5204 nos.

351 5243 421 5299 Et
451 5238 696 5301 addidit,
732 5260 757 5285 «
791 5253 858 5291 ex
890 5252 1004 5291 uno
1031 5251 1253 5290 omnes.
1289 5256 1317 5284 »
1347 5235 1506 5290 Unus
1529 5234 1792 5290 estenim
1817 5236 1990 5305 Deus,

350 5349 385 5386 a
414 5345 531 5401 quo
563 5325 799 5393 omnia;
832 5327 931 5382 sed
964 5325 1056 5381 ille
1087 5324 1293 5391 aliter;
1327 5323 1494 5378 aliter
1527 5339 1670 5377 nos:
1706 5323 1799 5378 ille
1825 5328 1994 5396 quasi

347 5414 622 5491 preprius
647 5412 860 5472 Filius:
899 5434 1003 5472 nos
1033 5433 1164 5472 vero
1189 5413 1354 5484 quasi
1391 5411 1673 5482 adoptivi:
1736 5417 1992 5468 attamen

347 5518 535 5563 unum
568 5501 853 5563 habemus
883 5511 1063 5562 Deum
1098 5506 1333 5557 Patrem
1361 5515 1372 5552 :
1408 5497 1505 5553 ille
1526 5499 1693 5570 quasi
1724 5501 1995 5572 proprius

344 5590 711 5661 sanctiﬁcat;
744 5611 848 5651 nos
879 5595 1035 5650 sicut
1065 5586 1325 5660 adoptivi
1358 5586 1812 5642 sanctiﬁcamur.

417 5681 602 5771 (1396)
635 5681 902 5742 Fortasse
928 5681 1118 5762 ﬁdeles
1148 5674 1467 5750 legendum
1497 5673 1622 5734 loco
1669 5675 1920 5750 ﬁdeliter.

2107 4711 2568 4779 siant,similiter
2599 4718 2653 4766 et
2683 4711 2779 4766 ille
2812 4712 3346 4784 participavitcarni
3374 4720 3429 4770 et
3455 4719 3759 4789 sanguini,

2105 4802 2412 4856 uthaberet
2425 4799 2579 4855 unde
2591 4805 2850 4871 gustaret
2863 4807 3105 4856 mortem
3123 4820 3223 4874 pro
3235 4819 3555 4874 puerorum
3572 4805 3762 4862 salute

2177 4890 2360 4958 Cujus
2393 4888 2847 4959 dispensationis
2879 4891 3097 4946 alfatim
3129 4909 3366 4946 causam
3428 4895 3763 4968 subjungit,

2105 4977 2347 5032 dicendo
2377 4995 2388 5032 :
2415 5000 2443 5026 «
2474 4977 2545 5032 Ut
2571 4995 2673 5048 per
2706 4984 2952 5033 mortem
2984 4980 3307 5036 destrueret
3336 4998 3470 5037 eum
3507 4984 3612 5056 qui
3656 4985 3762 5040 ha-

2104 5069 2278 5124 bebat
2309 5067 2514 5122 mortis
2544 5065 2878 5136 imperium,
2914 5067 3023 5124 hoc
3053 5074 3159 5137 est,
3195 5071 3514 5126 diabolum.
3547 5096 3576 5121 »
3619 5073 3768 5129 Hinc

2095 5158 2219 5228 jam
2253 5154 2517 5209 mirabile
2549 5154 2830 5224 quiddam
2863 5157 3244 5226 demonstrat,
3280 5159 3419 5230 quia
3452 5177 3558 5231 per
3603 5164 3760 5233 quod

2104 5249 2453 5317 potestatem
2486 5243 2692 5298 habuit
2713 5244 3002 5311 diabolus,
3027 5264 3127 5317 per
3150 5247 3258 5301 hoc
3280 5254 3337 5302 et
3357 5247 3549 5304 victus
3575 5259 3683 5317 est,
3708 5256 3768 5306 et

2105 5350 2286 5401 arma,
2303 5349 2427 5402 quze
2444 5331 2681 5386 fuerunt
2698 5331 2778 5386 illi
2797 5334 2965 5388 fortia
2983 5336 3293 5390 adversum
3313 5339 3634 5406 mundum,
3653 5341 3762 5396 hoc

2104 5425 2211 5484 est,
2247 5436 2423 5486 mors,
2446 5437 2548 5490 per
2575 5436 2643 5474 ea
2676 5420 2842 5476 illum
2875 5422 3141 5478 Christus
3169 5427 3480 5496 percussit.
3505 5428 3610 5483 Hic
3640 5446 3762 5485 ma-

2104 5505 2472 5579 gnitudinem
2504 5508 2874 5579 virtutisejus
2905 5511 3004 5583 qui
3037 5512 3174 5567 vicit
3196 5513 3762 5574 insinuat.lntueris

2105 5598 2389 5668 quantum
2420 5595 2638 5654 bonum
2672 5604 2911 5670 operata
2940 5604 3029 5657 est
3059 5617 3238 5660 mors.
3275 5625 3301 5654 ‹‹
3347 5602 3419 5659 Ut
3474 5602 3759 5670 liberaret
