3966 6210
151 389 262 446 7M

726 381 1139 442 EXPOSITIO
1185 381 1260 441 IN
1312 383 1734 442 EPISTULAS
1781 384 2034 444 PAULI.
2072 419 2144 428 —
2199 385 2273 444 IN
2322 387 2569 447 EPIST.
2618 388 2722 447 AD
2771 389 3003 448 HEBR.

3455 394 3570 451 742

155 515 396 587 eos.qui
418 515 634 570 timore
651 514 856 568 mortis
880 530 982 584 per
1003 517 1181 568 totam
1199 514 1371 569 vitam
1397 514 1624 568 obnoxii
1649 518 1812 569 erant
1840 517 1886 586 Α
1925 516 2076 580 fecit,
2112 517 2209 587 qui
2244 519 2408 572 sedet
2441 519 2494 572 in
2521 519 2756 573 dextera
2777 520 2986 575 Patris.
3012 521 3124 576 Iste
3149 526 3567 587 tantus,ettam

163 604 512 662 servituti.»
547 604 734 668 Quare
765 603 1038 669 tremitis,
1064 619 1243 672 quare
1274 603 1492 657 timetis
1533 620 1658 657 eam
1693 621 1818 673 qua:

152 697 284 767 jam
320 693 709 748 condemnata
758 690 891 746 est?
938 694 1068 744 Jam
1106 690 1380 746 terribilis
1430 709 1543 746 non
1577 697 1682 756 est,
1719 693 1816 746 sed

163 783 463 856 optabilis,
498 781 667 853 quasi
689 779 954 835 laborum
981 779 1114 834 finis
1136 783 1191 834 et
1211 781 1426 851 requiei
1448 781 1822 836 initium.Cur

163 874 285 929 ait:
322 896 348 922 α
377 873 612 926 Timore
645 870 849 923 mortis
875 885 974 940 per
994 873 1175 923 totam
1199 869 1376 924 vitam
1402 869 1632 924 obnoxii
1657 875 1823 924 erant

165 961 494 1018 servituri?
531 985 557 1008 ››
591 959 747 1014 Servi
797 957 1087 1029 siquidem
1138 957 1374 1013 fuerunt
1423 960 1647 1029 mortis,
1682 959 1821 1030 quia

167 1057 425 1108 mortem
456 1049 764 1113 timebant,
797 1052 853 1102 et
885 1047 1133 1102 necdum
1157 1052 1322 1102 erant
1348 1047 1521 1102 soluti
1552 1065 1584 1101 a
1618 1049 1822 1103 timore

169 1141 401 1208 mortis,
426 1139 596 1209 cujus
615 1137 844 1210 legibus
865 1136 1401 1192 tenebantur.Nunc
1419 1137 1612 1208 itaque
1634 1137 1820 1192 sancti

167 1230 447 1285 derident
466 1225 719 1298 eam,qui
743 1242 927 1296 agone
954 1229 1268 1294 transacto,
1286 1230 1339 1279 et
1361 1231 1545 1280 morte
1578 1227 1818 1294 devicta,

169 1319 248 1374 ad
283 1333 530 1387 regnum
579 1313 880 1370 transituri
940 1318 1096 1369 sunt.
1147 1313 1309 1368 Unde
1366 1319 1421 1368 et
1454 1314 1572 1385 ipse
1604 1314 1823 1370 Paulus

171 1406 301 1462 ait:
329 1429 356 1456 ‹‹
380 1404 560 1476 Cupio
581 1402 838 1472 dissolvi,
871 1407 928 1457 et
957 1417 1085 1457 esse
1114 1418 1247 1456 cum
1278 1401 1503 1457 Christo
1528 1403 1755 1475 (Philip.
1783 1420 1820 1472 ι,

167 1495 286 1566 23).
321 1516 347 1541 η

249 1606 275 1632 α
309 1582 622 1652 Nunquam
649 1580 804 1635 enim
828 1579 1066 1651 angelos
1091 1581 1599 1652 apprehendit,sed
1625 1599 1821 1637 semen

172 1671 422 1728 Abraha
450 1669 856 1742 apprehendit.
911 1670 1073 1724 Unde
1117 1669 1320 1724 debuit
1355 1687 1457 1741 per
1485 1670 1682 1724 omnia
1710 1671 1822 1725 fra-

178 1760 372 1815 tribus
387 1757 725 1814 assimilari.
755 1779 781 1807 »
803 1758 1021 1812 Idcirco
1045 1774 1297 1829 namque
1320 1759 1669 1831 Redemptor
1691 1777 1824 1815 nos-

175 1855 288 1915 ter,
313 1865 430 1903 non
455 1846 725 1920 angelus,
749 1847 848 1902 sed
872 1847 1046 1902 homo
1070 1848 1256 1902 factus
1287 1849 1539 1918 est,quia
1561 1848 1668 1903 hoc
1691 1867 1827 1920 pro-
1855 1884 1902 1948 Β

177 1937 270 1993 cuI
293 1935 475 1991 dubio
499 1936 620 1991 fieri
645 1935 866 2000 debuit,
899 1936 1053 2006 quod
1079 1936 1342 2002 redemit,
1373 1940 1438 1991 ut
1456 1942 1507 1992 et
1532 1939 1825 2008 perditum

178 2025 455 2098 angelum
483 2042 597 2080 non
623 2024 1112 2097 apprehendendo
1136 2026 1508 2091 desereret,et
1530 2027 1828 2084 hominem

176 2116 232 2170 in
249 2115 571 2186 semetipso
587 2113 1075 2184 apprehendendo
1091 2113 1654 2184 repararet.Multam
1672 2117 1825 2170 enim

177 2203 277 2258 Dei
309 2202 771 2257 misericordiam
797 2201 992 2257 volens
1015 2207 1052 2254 Α
1064 2201 1324 2272 postolus
1348 2203 1754 2259 demonstrare
1774 2210 1831 2259 et

177 2291 550 2358 charitatem,
583 2308 760 2362 quam
811 2291 965 2345 circa
1011 2307 1196 2361 genus
1246 2291 1570 2346 humanum
1604 2293 1829 2362 habuit,

178 2387 497 2453 postquam
523 2379 698 2433 dixit:
730 2401 755 2427 ‹‹
781 2379 1065 2442 Quoniam
1087 2396 1223 2450 ergo
1244 2378 1407 2451 pueri
1431 2383 1832 2438 communica-

180 2473 406 2525 verunt
435 2469 590 2522 carni
622 2472 675 2522 et
705 2467 1061 2540 sanguini,et
1083 2469 1204 2538 ipse
1226 2468 1500 2524 similiter
1521 2471 1829 2543 participa-

179 2560 269 2614 vit
302 2557 559 2614 eisdem:
594 2583 614 2608 ιι
643 2557 978 2629 exsequitur
997 2558 1254 2629 amplius
1275 2558 1428 2613 hunc
1451 2575 1830 2628 sensum,un-

182 2649 257 2703 de
292 2646 668 2720 participaret
698 2661 931 2700 carnem
965 2650 1020 2700 et
1050 2648 1418 2718 sanguinem,
1462 2651 1518 2702 et
1547 2650 1629 2702 ait
1659 2664 1670 2702 :
1709 2650 1828 2706 Non

182 2737 346 2792 enim
373 2752 734 2806 quemquam
779 2734 1117 2806 angelorum
1172 2735 1571 2807 apprehendit,
1624 2744 1685 2792 ut
1719 2755 1834 2793 una

182 2841 440 2897 persona
470 2823 570 2878 Dei
612 2821 790 2876 Filius
841 2826 1061 2877 natura;
1109 2838 1308 2877 eorum
1358 2823 1829 2895 eonjungeretur,

182 2914 283 2969 sed
316 2913 476 2968 hunc
525 2912 800 2966 honorem
850 2915 906 2965 et
963 2910 1111 2965 hanc
1159 2911 1501 2982 dignitatem
1564 2912 1830 2968 humana:

183 3007 406 3058 natura:
457 3001 632 3065 Deus,
684 2999 783 3054 Dei
844 2999 1046 3067 Filius,
1107 3000 1391 3071 attribuit,
1451 3005 1516 3055 ut
1571 3006 1718 3057 Deus
1777 3007 1833 3058 et

183 3093 363 3147 homo
397 3106 513 3145 una
572 3092 728 3144 esset
777 3105 1043 3160 persona.
1104 3089 1289 3152 Quare
1346 3107 1459 3144 non
1500 3090 1665 3156 dixit,
1699 3109 1828 3147 sus-

183 3180 386 3253 cepit?
445 3177 676 3234 Scilicet
752 3177 862 3232 isto
919 3178 1091 3233 verbo
1168 3195 1309 3233 usus
1380 3183 1487 3253 est,
1549 3180 1657 3235 hoc
1715 3187 1824 3248 est,

183 3248 596 3343 apprehendit,
658 3267 796 3338 quia
853 3284 960 3322 nos
1017 3267 1184 3338 quasi
1231 3252 1562 3324 iecedentes
1617 3271 1686 3324 ab
1740 3288 1827 3338 eo,
1863 3248 1904 3314 C

179 3365 235 3416 et
266 3359 441 3431 longe
472 3356 783 3430 fugientes,
813 3372 1050 3412 eramus
1073 3355 1241 3427 longe
1267 3375 1279 3424 ;
1313 3357 1613 3413 insecutus
1638 3376 1837 3431 appre-

179 3449 411 3516 hendit,
441 3451 497 3502 et
526 3446 585 3501 in
612 3462 787 3500 unam
812 3449 1121 3516 p’ersonam
1147 3450 1355 3501 nostra:
1381 3447 1712 3519 fragilitatis
1731 3465 1834 3503 na-

183 3544 383 3594 turam
417 3535 529 3592 sibi
583 3535 1058 3606 contemperavit.
1109 3534 1255 3590 Mira
1301 3537 1652 3606 conjunctio,
1694 3538 1832 3591 dum

185 3633 404 3682 aeterno
438 3630 495 3680 et
525 3622 840 3679 immortali
875 3622 1138 3678 mortalis
1166 3625 1459 3679 adunatus
1486 3624 1610 3680 est!
1645 3626 1836 3688 Quan-

190 3723 317 3772 tum
349 3712 708 3770 festinaverit
729 3712 880 3768 circa
904 3717 1176 3767 naturam
1198 3713 1834 3781 humanam,estendit:

186 3811 246 3861 et
275 3802 558 3877 quoniam
581 3801 770 3857 multa
791 3818 930 3856 cura
949 3806 1038 3856 est
1069 3807 1178 3856 Deo
1205 3802 1274 3856 de
1298 3801 1416 3870 illa,
1441 3802 1523 3857 sic
1543 3803 1718 3858 etiam
1745 3803 1838 3859 hic

187 3894 376 3949 multo
404 3891 659 3964 amplius
677 3891 945 3961 est,qued
975 3891 1136 3962 ponit
1166 3907 1232 3945 ex
1255 3892 1837 3963 comparatione.Non

187 3983 349 4040 enim
380 3981 723 4053 angelorum
747 3995 1105 4051 quamquam
1129 3979 1534 4051 apprehendit,
1559 3985 1614 4035 et
1645 3998 1840 4036 revera

187 4087 474 4145 magnum
487 4074 543 4124 et
561 4067 894 4124 mirarabile
911 4072 967 4122 et
983 4073 1219 4139 stupore
1235 4068 1471 4139 plenum
1490 4076 1838 4139 est,carnem

184 4166 452 4217 nostram
485 4173 724 4214 sursum
774 4157 994 4217 sedere.
1030 4159 1086 4211 et
1134 4156 1364 4211 adorari
1403 4159 1473 4213 ab
1505 4157 1750 4230 angelis,
1784 4162 1841 4213 et

182 4247 580 4320 archangelis,
613 4253 671 4302 et
721 4245 1044 4314 cherubim,
1098 4249 1153 4300 et
1201 4246 1518 4317 seraphim.
1553 4251 1671 4302 Hoc
1702 4264 1839 4320 ergo

184 4339 407 4412 saepius
425 4339 483 4393 in
504 4339 697 4392 mente
719 4334 1069 4390 versandum
1089 4339 1144 4389 et
1161 4334 1522 4390 laudandum
1541 4340 1632 4392 est
1654 4337 1838 4392 valde.

187 4426 341 4494 Quia
371 4443 485 4480 non
517 4423 684 4490 dixit,
717 4422 1011 4488 homines,
1045 4422 1408 4494 simpliciter,
1435 4425 1839 4495 apprehendit,

189 4516 294 4573 sed
333 4537 359 4565 «
383 4530 580 4570 semen
605 4511 874 4579 Abraha),
898 4534 925 4561 ››
950 4517 1005 4566 et
1035 4512 1284 4566 honorat
1306 4511 1399 4566 hic
1428 4513 1840 4584 patriarcham,

1930 605 2298 672 miserabilis,
2330 613 2385 661 et
2407 612 2522 661 tam
2550 607 3095 678 gloriosus,tantum
3123 616 3329 665 nostra:
3363 611 3574 668 salutis

1929 711 2128 749 curam
2164 695 2365 749 habuit
2398 701 2460 750 ut
2490 697 2665 751 frater
2696 702 2892 752 noster
2923 699 2979 753 in
3013 699 3287 756 erunibus
3321 701 3501 771 fieret,
3519 707 3575 756 et

1930 788 2161 854 propter
2184 783 2290 838 hoc
2310 784 2546 854 angelos
2566 787 2997 856 quodammodo
3023 788 3274 859 reliquit,
3313 789 3573 861 aliasque

1930 871 2202 926 caelorum
2237 872 2500 938 virtutes,
2564 878 2627 928 ut
2659 892 2762 929 nos
2813 877 3290 947 apprehenderet,
3323 883 3379 932 et
3409 895 3570 934 ovem

1931 961 2237 1030 perditam,
2274 963 2540 1033 passione
2573 980 2678 1016 sua
2701 964 3015 1033 inventam,
3040 965 3300 1020 humeris
3332 966 3572 1038 imposi-

1930 1054 2045 1102 tam
2082 1056 2399 1120 reportaret
2425 1052 2492 1104 ad
2519 1051 2810 1106 ccelcstem
2842 1054 3088 1124 patriam
3125 1056 3272 1125 (Luc.
3305 1073 3394 1122 xv,
3422 1057 3472 1124 4,
3494 1057 3570 1128 5).

1930 1137 2031 1191 llic
2063 1155 2194 1193 vero
2225 1144 2444 1206 tantus,
2477 1144 2533 1194 et
2567 1140 2697 1194 talis
2721 1143 2991 1195 sacerdos
3017 1147 3211 1198 noster
3241 1143 3362 1197 fieri
3395 1144 3576 1198 voluit

1930 1227 2082 1295 apud
2121 1227 2369 1292 Patrem,
2406 1228 2659 1298 seipsum
2696 1229 2941 1284 offerens
2967 1245 3068 1302 pro
3104 1233 3289 1286 nobis.
3326 1233 3576 1288 Proinde

1931 1320 2167 1368 secutus
2201 1320 2255 1367 et
2286 1316 2493 1370 infert:
2531 1315 2601 1370 Ut
2633 1339 2656 1364 ‹‹
2708 1317 3039 1372 misericors
3074 1321 3253 1386 fieret,
3288 1326 3343 1374 et
3387 1322 3577 1376 fidelis

1931 1403 2248 1473 pontifexa
2281 1410 2408 1469 Deo,
2468 1410 2529 1458 ut
2579 1404 2981 1476 reprupitiaret
3035 1407 3244 1461 delicta
3292 1408 3508 1479 pepuli.
3548 1432 3577 1459 ››

1932 1495 2171 1562 Propter
2201 1491 2328 1561 hoc,
2383 1493 2592 1563 inquit,
2653 1510 2886 1547 carnem
2939 1496 3259 1565 assumpsit
3291 1502 3576 1568 nostram,

1933 1585 2166 1651 propter
2182 1581 2637 1635 misericordiam
2659 1581 3052 1653 solam,utpro
3070 1585 3281 1639 nostris
3306 1586 3577 1656 interpel-

1933 1669 2076 1724 laret
2109 1670 2376 1740 peccatis.
2404 1671 2525 1724 Non
2558 1676 2645 1725 est
2671 1671 2823 1726 enim
2853 1672 3038 1743 magis
3066 1669 3243 1728 totius
3266 1673 3444 1744 hujus
3469 1676 3577 1730 mi-

1934 1758 2118 1811 randa
2149 1759 2607 1828 dispensationis
2658 1776 2834 1814 causa
2866 1776 3043 1830 quam
3090 1760 3213 1816 haec
3246 1761 3387 1818 sola.
3423 1763 3583 1816 Vidit

1935 1847 2150 1918 quippe
2180 1845 2506 1902 humanum
2539 1864 2724 1918 genus
2748 1849 2804 1902 in
2832 1848 2927 1902 irae
2950 1849 3350 1919 fumojacens,
3385 1869 3581 1923 pecca-

1937 1940 2124 1989 torum
2146 1934 2390 1989 vinculis
2410 1935 3180 2005 ligatum,mortiobnoxium
3196 1942 3579 2010 ,tyrannidem

1937 2023 2186 2095 patiens,
2219 2029 2273 2079 et
2306 2025 2583 2079 misertus
2613 2032 2700 2079 est
2727 2027 2874 2096 ejus,
2908 2026 3059 2080 sicut
3091 2027 3278 2082 fidelis
3303 2031 3578 2098 pontifex.

1937 2112 2062 2167 Non
2094 2113 2291 2183 itaque
2322 2112 2433 2166 alia
2468 2113 2574 2168 fuit
2605 2131 2782 2168 causa
2826 2115 2909 2168 illi
2944 2131 3044 2186 per
3075 2116 3270 2170 omnia
3304 2118 3579 2175 fratribus

1939 2202 2392 2268 assimilari,nisi
2429 2208 2493 2256 ut
2526 2202 2714 2256 fidelis
2747 2205 2998 2274 pontifex
3018 2209 3193 2272 esset,
3234 2226 3258 2257 (ι
3292 2206 3522 2273 Fidelis,
3553 2231 3580 2256 »

1939 2290 2098 2355 dicit,
2130 2291 2237 2344 hoc
2268 2298 2376 2356 est,
2409 2309 2575 2345 verus
2607 2297 2662 2344 et
2693 2299 2916 2362 potens.
2944 2293 3329 2348 Ministerium
3365 2296 3581 2368 quippe

1941 2379 2260 2434 sacerdotis
2291 2387 2378 2434 est
2409 2380 2633 2434 fidelem
2678 2398 2803 2434 esse
2850 2386 2912 2434 ut
2947 2381 3126 2451 possit
3176 2399 3294 2452 eos,
3329 2401 3579 2454 quorum

1939 2473 2025 2522 est
2057 2470 2344 2535 sacerdos,
2381 2468 2626 2524 liberare
2660 2488 2692 2523 a
2725 2470 2994 2540 peccatis.

2013 2558 2259 2611 Proinde
2293 2559 2362 2612 de
2390 2558 2516 2628 ejus
2569 2562 2824 2629 potentia
2872 2559 3242 2630 subsecutus,
3276 2561 3580 2629 abjunxit:

1943 2672 1968 2695 ‹‹
2005 2649 2062 2701 In
2097 2663 2161 2701 eo
2195 2647 2372 2710 enim,
2437 2648 2487 2700 in
2547 2663 2661 2717 quo
2720 2664 2930 2718 passus
2978 2653 3066 2702 est
3126 2649 3269 2720 ipse,
3303 2654 3581 2719 tentatus,

1942 2740 2145 2808 potens
2179 2742 2266 2790 est
2297 2740 2351 2789 et
2381 2735 2464 2790 eis
2496 2735 2595 2805 qui
2626 2740 2884 2789 tentatur
2933 2735 3219 2791 auxiliari.
3252 2760 3278 2786 »
3315 2739 3371 2792 In
3405 2755 3490 2807 eo,
3527 2740 3582 2794 id

1946 2830 2053 2890 est,
2087 2823 2344 2888 homine,
2379 2824 2431 2878 in
2465 2841 2580 2895 quo
2613 2841 2823 2894 passus
2853 2828 2960 2890 est,
2994 2830 3200 2896 potens
3247 2832 3333 2882 est
3362 2828 3586 2883 vinctos

1945 2915 2210 2982 liberare,
2245 2918 2611 2984 tentatosque
2641 2914 2916 2984 adjuvare
2965 2931 3035 2968 ne
3073 2915 3410 2972 vincantur:
3449 2919 3587 2989 quia

1945 3002 2292 3058 tentatienes
2326 3007 2554 3058 nostras
2578 3019 2687 3056 non
2723 3001 2910 3058 solum
2936 3002 3087 3057 sicut
3116 3004 3268 3059 Deus
3299 3007 3582 3073 novit,sed

1947 3093 2119 3149 etiam
2153 3093 2307 3147 sicut
2337 3091 2510 3146 homo
2541 3091 2598 3146 in
2632 3091 2823 3163 seipse
2855 3108 2954 3162 per
2993 3093 3454 3164 experimentum
3486 3113 3581 3150 co-

1945 3182 2162 3252 gnovit.
2194 3182 2262 3235 Et
2291 3179 2423 3235 licet
2465 3185 2615 3236 Deus
2658 3179 2718 3234 in
2777 3197 2885 3235 sua
2933 3185 3145 3235 natura
3177 3181 3588 3256 impassibilis,

1943 3276 2136 3325 tamen
2189 3270 2243 3322 in
2301 3272 2514 3336 nostra,
2569 3284 2744 3338 quam
2800 3269 3143 3339 assumpsit,
3201 3269 3353 3324 idem
3401 3271 3581 3327 Filius

1943 3357 2242 3430 passibilis
2271 3357 2398 3423 fuit,
2435 3361 2607 3427 atque
2640 3364 2848 3410 nostris
2881 3360 3100 3410 naturae
3131 3357 3477 3413 consimilis.
3523 3361 3587 3414 In

1945 3464 2011 3502 ea
2041 3462 2173 3500 vero
2205 3462 2394 3510 carne,
2447 3461 2623 3515 quam
2666 3445 2937 3514 suscepit,
2991 3445 3174 3500 multa
3205 3463 3352 3502 saeva
3378 3465 3589 3519 passus

1947 3541 2052 3590 est.
2087 3534 2255 3589 Novit
2279 3533 2416 3604 quid
2441 3533 2515 3587 sit
2547 3532 3184 3606 tribulatio,novitquid
3212 3536 3286 3590 sit
3307 3536 3548 3591 tentatio
3574 3554 3588 3605 ;

1948 3625 2045 3681 sed
2082 3640 2182 3696 per
2213 3622 2553 3694 patientiam
2586 3623 2738 3678 vicit.
2769 3622 2896 3694 Ipse
2927 3639 3058 3678 vero
3083 3628 3341 3681 tentatus
3370 3627 3588 3691 est,sed

1949 3731 2063 3770 non
2093 3717 2424 3783 superatus.
2458 3711 2602 3778 Quid
2657 3728 2793 3784 ergo
2843 3716 2931 3767 est
2979 3714 3130 3783 quod
3167 3714 3344 3769 dicit:
3379 3715 3594 3771 Potens

1949 3820 2068 3867 eos,
2101 3803 2198 3873 qui
2235 3805 2511 3867 tentatur,
2565 3801 2838 3872 adjuvare
2886 3801 3214 3874 ?Tanquam
3250 3803 3297 3858 si
3329 3804 3546 3860 diceret
3579 3822 3590 3859 :

1949 3894 2092 3947 Cum
2127 3890 2310 3945 multa
2338 3890 2636 3946 alacritate
2669 3890 2963 3962 protendit
2995 3909 3233 3948 manum
3259 3894 3329 3947 ad
3365 3910 3596 3965 compa-

1948 3981 2236 4035 tiendum.

2021 4069 2176 4141 (CAP.
2212 4069 2334 4136 III.)
2375 4091 2401 4116 ‹‹
2436 4067 2618 4133 Unde,
2657 4068 2859 4121 fratres
2893 4069 3102 4134 sancti,
3137 4069 3450 4124 vocationis
3483 4088 3596 4125 cac-

1950 4158 2112 4214 Iestis
2163 4155 2495 4227 participes,
2535 4155 2899 4210 considerate
2926 4141 3291 4227 Apostolum,
3321 4163 3376 4211 et
3400 4159 3594 4212 Ponti-

1953 4249 2115 4301 fieem
2151 4243 2533 4298 confessionis
2561 4248 2770 4297 nostris
2791 4244 3014 4298 Jesum.
3053 4267 3078 4292 ››
3106 4245 3306 4300 Adhuc
3330 4246 3504 4300 etiam
3525 4246 3597 4302 de

1951 4332 2372 4389 incarnationis
2401 4331 2613 4387 Christi
2648 4330 2910 4402 loquitur
2936 4333 3232 4404 mysterio.
3279 4334 3423 4389 Nam
3455 4339 3510 4389 et
3541 4335 3600 4390 in

1953 4421 2260 4494 Evangelio
2291 4419 2415 4492 ipse
2439 4424 2687 4475 testatur
2710 4438 2770 4475 se
2797 4420 3047 4476 missum
3077 4438 3190 4475 non
3216 4438 3362 4485 esse,
3389 4423 3504 4477 nisi
3529 4423 3600 4477 ad

1953 4530 2088 4567 oves
2122 4511 2378 4584 perditas
2427 4510 2639 4564 domus
2691 4509 2865 4565 Israel
2917 4509 3135 4580 (Matth.
3180 4527 3272 4581 xv,
3301 4511 3602 4582 2/1).Apo-

191 4609 372 4675 atque
406 4620 502 4658 eos
534 4601 636 4673 qui
697 4601 766 4655 de
815 4601 943 4670 ejus
982 4605 1120 4655 sunt
1165 4617 1393 4672 genere,
1445 4602 1517 4656 ad
1547 4619 1692 4673 quos
1723 4602 1843 4658 haec
1875 4616 1920 4680 Ι)
1953 4601 2139 4658 stolus
2170 4600 2350 4673 igitur
2386 4598 2682 4665 Hebraice,
2736 4598 2937 4655 Latine
2990 4600 3206 4654 dicitur
3248 4602 3466 4654 missus.
3501 4603 3604 4654 Co-

192 4691 462 4764 Epistola
482 4691 700 4763 scripta
720 4694 828 4745 est.
853 4689 1282 4744 Commemorat
1304 4691 1374 4744 de
1397 4691 1691 4745 beneficiis
1721 4692 1844 4758 Dei,

193 4785 257 4836 et
290 4780 364 4832 de
394 4777 1037 4851 propinquam-carnali
1069 4779 1139 4832 ad
1172 4778 1491 4843 Christum,
1525 4785 1581 4834 et
1612 4780 1682 4833 de
1716 4798 1844 4851 pro-

193 4867 501 4934 missione,
535 4886 659 4940 qua)
693 4868 849 4923 dicta
870 4872 958 4922 est
988 4868 1057 4921 ad
1083 4866 1376 4922 Abraham
1403 4885 1414 4925 :
1450 4891 1476 4917 ‹‹
1514 4868 1642 4923 Tibi
1674 4874 1730 4924 et
1759 4887 1844 4925 se-

192 4955 345 5013 mini
377 4962 479 5012 tuo
528 4957 679 5012 dabo
713 4962 928 5011 terram
987 4955 1138 5010 hanc
1186 4955 1336 5026 (Gen.
1368 4973 1468 5023 xu,
1527 4957 1602 5027 7).
1637 4979 1662 5005 η
1698 4960 1843 5021 Quia

190 5065 261 5105 ex
294 5065 410 5103 uno
446 5056 676 5111 omnes,
710 5045 768 5099 id
799 5049 906 5112 est,
932 5061 1000 5099 ex
1031 5043 1324 5099 Abraham
1348 5044 1614 5100 Christus
1646 5062 1848 5101 secun-

191 5137 332 5192 dum
367 5151 631 5203 carnem,
666 5137 722 5188 et
752 5133 857 5203 illi,
891 5133 958 5187 ad
996 5149 1144 5203 quos
1170 5132 1290 5186 hare
1322 5132 1602 5203 loquitur.

265 5249 293 5276 α
326 5225 495 5282 Unde
527 5223 732 5279 debuit
762 5239 864 5292 per
894 5221 1091 5276 omnia
1141 5221 1417 5276 fratribus
1449 5222 1785 5278 assimilari.
1819 5243 1845 5274 ι»

191 5315 337 5382 Quid
369 5319 484 5381 est,
523 5334 551 5362 «ι
585 5329 690 5384 per
719 5310 914 5365 omnia
942 5333 969 5359 ››
1001 5310 1184 5364 Natus
1217 5314 1320 5376 est,
1346 5310 1850 5379 educatus,crevit,

190 5421 406 5476 passus
438 5407 532 5458 est
563 5401 767 5468 etiam,
792 5404 847 5453 et
871 5404 1156 5464 mortuus,
1191 5403 1257 5452 ut
1288 5414 1388 5468 per
1416 5399 1612 5454 omnia
1644 5401 1855 5456 similis

192 5499 348 5550 esset
380 5489 697 5558 fratribus,
748 5487 845 5557 qui
878 5487 1217 5558 hujusmodi
1259 5487 1576 5542 conditioni
1610 5490 1856 5560 subjecti

193 5589 353 5652 sunt,
389 5577 680 5654 sUperius
712 5574 867 5632 enim
898 5576 1038 5631 dicit
1067 5575 1437 5647 splendorem
1471 5593 1605 5632 eum
1636 5577 1856 5649 glorias,

192 5677 248 5736 et
279 5676 548 5752 paternae
584 5663 931 5724 substantiae
980 5666 1249 5738 ﬁguram,
1299 5680 1400 5738 per
1443 5680 1616 5739 quem
1649 5665 1860 5726 saecula

1952 4690 2210 4762 gnoscite
2243 4689 2382 4760 quid
2417 4693 2506 4742 est
2535 4691 2708 4743 Jesus
2735 4693 2792 4742 et
2824 4688 3034 4760 qualis,
3076 4695 3129 4743 et
3163 4705 3273 4743 non
3308 4688 3607 4744 habebitis

1956 4797 2102 4852 opus
2131 4779 2526 4834 consolatione
2576 4778 2711 4844 alia,
2766 4795 2954 4849 neque
3002 4777 3227 4833 solatio.
3267 4778 3604 4834 Pontificem

1957 4885 2089 4923 eum
2125 4868 2268 4921 dixit
2298 4867 2679 4922 confessionis
2733 4872 2967 4934 nostrae,
3001 4868 3055 4922 id
3085 4872 3172 4923 est
3205 4867 3338 4923 fidei
3372 4873 3606 4937 nostrae,

1959 4958 2050 5014 cui
2083 4957 2192 5011 iste
2216 4956 2467 5028 populus
2505 4973 2688 5011 novus
2738 4961 2826 5012 est
2857 4957 3394 5023 commissus,sicut
3423 4955 3610 5029 Moysi

1963 5047 2120 5118 prior
2149 5043 2402 5115 populus
2430 5044 2487 5098 in
2521 5045 2778 5115 regimen
2830 5046 3001 5100 datus
3033 5051 3138 5100 est.
3171 5045 3281 5100 Sed
3314 5045 3453 5100 huic
3485 5061 3608 5099 ma-

1954 5135 2108 5204 jora,
2143 5130 2224 5186 vel
2269 5130 2435 5200 longe
2483 5132 2722 5186 meliora
2752 5135 3068 5188 commissa
3099 5138 3255 5188 sunt.
3281 5132 3421 5186 Vult
3450 5132 3609 5188 enim

1963 5224 2168 5277 beatus
2186 5216 2401 5272 Paulus
2425 5219 2725 5287 apostolus
2739 5221 2957 5291 erigere
2971 5222 3198 5276 animos
3214 5219 3610 5275 Israelitarum

1965 5311 2031 5365 ad
2050 5305 2448 5361 excellentiam
2472 5307 2927 5375 promissionum
2954 5309 3146 5375 Dei,ut
3171 5310 3386 5364 intente
3408 5313 3614 5379 parent

1967 5415 2026 5453 se
2059 5394 2340 5463 accipere,
2373 5395 2526 5463 quod
2562 5399 2713 5449 Deus
2765 5395 3014 5466 benigne
3059 5396 3174 5450 illis
3224 5396 3493 5469 promisit
3524 5398 3614 5452 af-

1969 5487 2133 5548 ferre,
2168 5480 2480 5536 nominans
2512 5498 2608 5538 eos
2662 5483 2869 5537 fratres
2900 5484 3300 5551 charissimos,
3337 5485 3406 5539 ad
3437 5483 3614 5540 coale-

1968 5571 2082 5629 stia
2119 5572 2380 5634 vocatos,
2431 5570 2742 5643 participes
2793 5587 2926 5627 cum
2971 5573 3201 5628 Christo
3258 5571 3614 5629 haereditatis

1968 5659 2092 5732 Dei,
2132 5677 2159 5714 α
2188 5657 2288 5735 qui
2316 5657 2505 5721 ﬁdelis
2535 5667 2624 5721 est
2670 5664 2743 5736 ei,
2780 5682 2802 5716 ι
2839 5661 2898 5721 id
2952 5666 3061 5734 est,
3095 5666 3208 5721 Deo
3239 5661 3412 5731 Patri,
3445 5680 3475 5713 ‹‹
3508 5658 3612 5736 qui
