3966 6210
410 360 528 417 743

413 491 550 546 fecit
579 507 734 546 eum.
765 513 790 538 ››
812 490 887 544 De
917 485 1279 542 humanitate
1303 484 1445 540 dicit
1465 487 1718 559 ejus,qui
1751 487 1936 542 factus
1961 489 2050 540 est
2077 488 2131 551 Α

415 597 485 634 ex
518 581 738 635 semine
770 576 946 633 David
979 575 1301 631 secundum
1325 591 1579 642 carnem,
1604 593 1718 630 non
1751 576 1822 630 de
1852 575 2052 628 divini-

414 673 551 736 tate,
585 685 710 738 qua
740 667 892 721 facta
923 681 1038 719 non
1086 668 1194 731 est,
1243 664 1343 718 sed
1392 663 1588 734 genita
1617 681 1651 719 a
1681 665 1845 720 Patre
1877 664 2052 718 unius

415 755 756 814 substantiae
785 769 918 809 cum
952 769 1038 808 eo.

488 911 517 941 ‹‹
548 889 708 945 Sicut
737 891 794 943 et
822 890 1043 958 Moyses
1071 885 1130 940 in
1164 885 1321 940 omni
1343 885 1517 940 domo
1547 885 1704 941 illius
1736 887 1916 955 (Num.
1945 903 2048 954 x11,

412 980 487 1051 7).
525 1001 553 1028 »
587 976 1003 1049 Praepositurus
1031 991 1163 1030 eum
1194 975 1373 1046 Moysi
1396 975 1719 1030 secundum
1751 991 2050 1046 compara-

412 1069 629 1123 tionem
662 1066 720 1120 in
751 1063 875 1135 lege
905 1063 1235 1131 sacerdotii,
1262 1063 1416 1118 hunc
1447 1080 1776 1120 sermonem
1798 1063 2048 1134 induxit,

412 1171 679 1211 asserens
709 1169 844 1209 eum
876 1152 1106 1208 ﬁdelem
1138 1170 1265 1208 esse
1295 1152 1353 1207 in
1400 1154 1572 1209 domo
1605 1171 1731 1208 sua.
1769 1153 2048 1220 Fidelem,

407 1243 465 1298 id
490 1247 597 1308 est,
621 1242 915 1312 devotum,
939 1240 1347 1296 defendentem
1370 1258 1437 1296 ea
1460 1258 1585 1312 quae
1609 1245 1748 1297 sunt
1767 1242 1915 1311 ejus,
1936 1258 2049 1296 non

408 1331 845 1404 permittentem
878 1329 1208 1401 corrumpi;
1243 1347 1367 1401 quae
1423 1331 1632 1385 domus
1682 1348 1789 1386 nos
1821 1347 2049 1394 sumus,

409 1421 562 1476 sicut
591 1421 647 1474 in
683 1421 1068 1491 sequentibus
1099 1419 1241 1473 dicit
1266 1437 1278 1486 ;
1304 1419 1456 1474 sicut
1478 1419 1702 1491 Moyses
1735 1419 1923 1474 ﬁdelis
1945 1420 2053 1473 fuit

407 1509 467 1564 in
500 1510 672 1564 domo
704 1525 834 1573 sua,
867 1508 924 1562 id
957 1512 1064 1574 est,
1112 1507 1325 1579 populo
1379 1509 1588 1574 priore,
1622 1508 2052 1579 Confestimque

411 1603 713 1653 assecutus
745 1595 1005 1651 ostendit
1045 1597 1338 1666 quomodo
1372 1597 1582 1651 domus
1613 1595 1772 1651 illius
1803 1614 1928 1651 esse
1959 1598 2051 1652 de-

409 1688 673 1742 beamus.
709 1685 1018 1740 Aitenim:
1057 1706 1082 1733 «
1110 1685 1246 1747 Quae
1268 1685 1478 1739 domus
1511 1702 1719 1740 sumus
1751 1703 1876 1754 nos,
1913 1687 1958 1740 si
1986 1687 2049 1739 ﬁ-

408 1775 640 1831 duciam
665 1778 720 1828 et
746 1773 988 1845 gloriam
1015 1773 1135 1844 spei
1161 1790 1348 1844 usque
1375 1774 1444 1827 ad
1470 1775 1644 1828 ﬁnem
1671 1775 1896 1828 ﬁrmam
1921 1775 2051 1830 reti-

408 1880 688 1920 neamus:
728 1886 756 1911 »
787 1861 945 1934 quia,
978 1884 1004 1909 »
1062 1863 1159 1932 qui
1195 1862 1641 1932 perseveraverit
1673 1880 1858 1932 usque
1888 1863 1944 1917 in
1982 1865 2052 1916 ﬁ-
2084 1865 2129 1929 Β

408 1970 562 2018 nem,
598 1951 690 2007 hic
722 1951 919 2007 salvus
943 1950 1051 2004 erit
1075 1953 1293 2019 (Matth.
1320 1968 1376 2021 κ,
1409 1953 1520 2018 2.3).
1554 1971 1578 2000 ιι
1621 1951 1869 2006 Domum
1893 1953 2049 2006 enim

405 2042 545 2096 dicit
575 2058 676 2114 pro
708 2040 820 2109 his,
854 2039 951 2111 qui
1012 2041 1069 2094 in
1103 2041 1275 2095 domo
1332 2039 1630 2106 habitant;
1666 2041 1816 2095 sicut
1855 2042 2051 2096 Eccle-

406 2132 552 2186 siam
587 2130 746 2197 dicit,
781 2147 896 2185 non
930 2146 1032 2200 pro
1064 2128 1381 2201 lapidibus,
1414 2129 1500 2184 vel
1534 2129 1920 2194 aediliciis,sed
1947 2147 2048 2200 pro

405 2219 626 2291 his,qui
659 2217 1625 2274 convocanturinecclesiaJntulit:
1656 2241 1681 2265 κ
1717 2218 1814 2274 Dei
1837 2219 2050 2274 domus

405 2325 612 2364 sumus
658 2323 784 2377 nos,
814 2329 833 2354 ιι
871 2307 928 2360 id
960 2311 1070 2372 est,
1094 2306 1316 2361 factura
1364 2307 1488 2371 Dei,
1523 2307 1697 2361 creati
1731 2307 1787 2360 in
1822 2307 2048 2362 Christo

402 2398 565 2452 Jesu.
599 2397 721 2450 Huc
753 2410 941 2466 usque
990 2395 1484 2466 comparationem
1517 2396 1652 2450 fecit
1681 2396 1750 2449 de
1781 2396 2046 2450 incarna-

406 2486 564 2540 tione
593 2483 809 2540 Christi
837 2499 968 2538 cum
1022 2483 1232 2554 Moyse.
1264 2483 1480 2538 Dehinc
1506 2501 1566 2538 se
1588 2485 1658 2538 ad
1683 2483 1891 2539 altiora
1920 2486 2048 2555 ejus

408 2574 704 2628 narranda
733 2571 1038 2639 convertit,
1070 2571 1271 2626 dicens
1297 2590 1309 2627 :
1342 2571 1654 2643 Amplioris
1677 2573 1828 2628 enim
1855 2573 2047 2644 gloria:

402 2662 513 2718 iste
543 2678 657 2734 prae
680 2661 908 2732 Moyses
939 2660 1152 2730 dignus
1176 2660 1411 2715 habitus
1431 2666 1540 2730 est,
1566 2667 1783 2732 quanto
1812 2661 2050 2733 amplio-

404 2767 528 2813 rem
561 2750 841 2804 honorem
872 2748 1049 2803 habet
1079 2749 1312 2815 domus,
1345 2749 1444 2820 qui
1479 2749 1782 2804 fabricavit
1811 2750 1992 2806 illam.
2015 2771 2042 2802 ι

403 2841 527 2895 Non
561 2839 726 2904 dixit,
760 2843 976 2909 quanto
1008 2838 1289 2907 majorem
1313 2838 1485 2894 habet
1508 2839 1784 2894 honorem
1810 2839 1880 2894 ab
1913 2857 2047 2912 ope-

407 2929 571 2982 ribus
619 2926 843 2993 artifex,
885 2925 984 2981 sed
1041 2930 1258 2996 quanto
1306 2927 1537 2994 domus,
1589 2928 1688 2997 qui
1722 2928 2050 2982 construxit

407 3033 557 3072 eam.
593 3015 766 3071 Vides
800 3016 1078 3087 quoniam
1133 3031 1248 3070 non
1280 3016 1350 3071 de
1401 3016 1620 3088 templo
1654 3016 1812 3081 dicit,
1847 3017 1943 3071 sed
1979 3017 2047 3073 de

409 3105 565 3161 omni
597 3103 810 3176 populo
838 3125 852 3172 ς
888 3104 1074 3176 primo
1097 3104 1167 3160 de
1189 3103 1313 3173 illo,
1337 3121 1508 3176 quem
1531 3109 1750 3176 Moyses
1784 3106 1851 3160 de
1883 3109 2048 3178 Egy-

402 3200 498 3267 pto
530 3195 747 3264 eduxit,
775 3198 832 3249 et
861 3192 1069 3248 deinde
1098 3193 1169 3248 de
1201 3210 1286 3261 eo,
1319 3210 1492 3264 quem
1527 3194 1792 3248 Christus
1822 3195 1892 3248 de
1918 3195 2040 3249 dia—

401 3284 590 3340 bolica
619 3283 885 3339 liberavit
906 3283 1204 3350 servitute,
1233 3281 1464 3353 sibique
1485 3283 1542 3336 in
1565 3283 1806 3338 domum
1839 3283 2042 3354 acqui-

399 3373 553 3429 sivit.

477 3527 499 3556 c
535 3507 738 3562 Omnis
770 3523 1025 3576 namque
1073 3507 1284 3562 domus
1337 3506 1655 3562 fabricatur
1702 3507 1772 3561 ab
1802 3506 1996 3578 aliquo
2026 3524 2040 3573 ;

399 3597 500 3668 qui
533 3601 726 3652 autem
761 3595 959 3650 omnia
987 3596 1217 3661 creavit,
1252 3595 1404 3650 Deus
1427 3600 1533 3650 est.
1570 3617 1598 3644 ››
1632 3595 1730 3650 Hic
1764 3597 2039 3651 factorem

400 3686 672 3740 afactura
685 3683 986 3748 discernit,
1001 3684 1305 3753 utriusque
1321 3684 1454 3738 dom
1465 3701 1532 3739 us
1545 3688 1839 3740 auctorem
1855 3685 2038 3739 Deum

399 3789 528 3829 esse
557 3771 803 3842 intelligi
859 3771 1097 3827 volens:
1148 3772 1248 3827 sed
1279 3771 1448 3826 aliter
1477 3772 1659 3838 illius,
1693 3773 1784 3828 cui
1819 3778 2038 3844 Moyses

398 3860 625 3934 praefuit
651 3878 664 3928 ;
697 3860 867 3915 aliter
896 3859 1072 3928 illius,
1106 3859 1200 3915 cui
1229 3860 1494 3916 Christus
1525 3861 1642 3916 dux
1683 3878 1810 3917 esse
1840 3867 1896 3916 et
1926 3862 2036 3917 Do-

399 3950 596 4005 minus
615 3949 1147 4021 cognoscitur.ldeo
1171 3951 1519 4005 subsecutus
1532 3951 1642 4004 ait:
1676 3970 1697 3997 ι
1724 3951 1791 4004 Et
1810 3950 2038 4021 Moyses

398 4038 637 4112 quidem
666 4037 854 4093 ﬁdelis
884 4039 1089 4093 eratin
1120 4042 1243 4094 tota
1273 4039 1446 4094 domo
1478 4042 1935 4110 ejus,tamquam
1962 4041 2039 4093 fa-

399 4127 615 4195 mulus,
644 4127 704 4182 in
739 4126 1143 4182 testimonium
1175 4143 1375 4182 eorum
1399 4143 1527 4198 qua}
1559 4127 1808 4182 dicenda
1836 4133 2039 4194 erant;

395 4217 661 4274 Christus
690 4232 822 4271 vero
871 4221 1154 4288 tanquam
1204 4217 1360 4272 ﬁlius
1399 4217 1460 4272 in
1517 4217 1690 4272 domo
1736 4233 1880 4280 sua;
1914 4235 2038 4286 qua

395 4307 606 4362 domus
628 4322 835 4361 sumus
859 4306 1042 4372 nos,si
1066 4306 1339 4361 ﬁduciam
1364 4310 1420 4360 et
1438 4305 1685 4378 gloriam
1709 4307 1832 4378 spei
1857 4323 2040 4376 usque

393 4397 464 4451 ad
494 4395 670 4452 ﬁnem
704 4396 936 4450 ﬁrmam
981 4396 1363 4452 retineamus.
1400 4417 1430 4444 »
1464 4395 1576 4451 Iste
1607 4402 1826 4462 autem,
1862 4395 1917 4449 id
1951 4399 2042 4450 est

391 4484 565 4540 Jesus
596 4484 653 4538 in
684 4489 958 4556 paternas
991 4501 1105 4555 res,
1157 4485 1308 4539 sicut
1357 4482 1514 4538 ﬁlius
1545 4483 1906 4554 ingreditur:
1943 4483 2040 4538 ille

393 4579 610 4640 autem,
637 4575 695 4628 id
727 4578 816 4630 est
844 4576 1088 4646 Moyses,
1143 4573 1297 4628 sicut
1341 4571 1598 4662 famulus
1646 4570 1741 4662 Dei
1771 4570 1830 4625 in
1863 4571 2035 4626 domo
2068 4597 2114 4662 D

392 4679 518 4719 sua.
556 4663 655 4718 Hic
682 4662 894 4718 iterum
927 4680 1026 4718 eos
1058 4662 1326 4718 hortatur
1367 4663 1521 4714 stare
1555 4659 1800 4727 fortiter,
1833 4665 1889 4714 et
1919 4677 2034 4716 non

393 4752 617 4809 subrui.
650 4751 871 4807 Domus
897 4753 1114 4823 quippe
1138 4749 1236 4804 Dei
1257 4747 1557 4814 erimus,si
1581 4749 1856 4803 ﬁduciam
1890 4749 2034 4821 spei,

391 4847 448 4896 et
476 4841 724 4913 gloriam
749 4857 934 4911 usque
956 4840 1013 4893 in
1046 4840 1224 4892 ﬁnem
1249 4838 1480 4890 ﬁrmam
1504 4835 2035 4896 retineamus.Bene

392 4929 558 4995 dixit,
589 4929 866 4985 ﬁduciam
892 4928 1016 4999 spei
1058 4931 1268 4982 nostra
1299 4941 1312 4980 :
1347 4925 1624 4996 quoniam
1656 4929 1855 4983 omnia
1881 4929 2036 4985 bona

391 5019 613 5077 sanctis
645 5021 702 5074 in
735 5019 842 5072 hac
873 5017 989 5071 vita
1018 5015 1077 5070 in
1109 5031 1213 5086 spe
1245 5021 1404 5080 sunt,
1455 5016 1637 5072 donec
1677 5017 1749 5072 ad
1781 5019 2032 5089 speciem

392 5108 732 5182 perveniant
761 5105 1026 5177 perfectae
1057 5104 1473 5161 beatitudinis:
1507 5129 1533 5155 «
1561 5107 1672 5178 Spe
1701 5107 1856 5162 enim
1890 5107 2032 5163 salvi

391 5197 528 5256 facti
561 5211 768 5250 sumus
789 5194 965 5265 (Rom.
996 5211 1118 5262 vm,
1140 5195 1252 5264 24).
1289 5217 1317 5244 ››
1340 5199 1498 5250 Bona
1519 5196 1829 5268 enim,qua2
1864 5197 2033 5253 nobis

390 5283 680 5359 promissa
695 5283 808 5340 nisi
831 5283 889 5338 in
910 5289 1096 5357 spe,et
1120 5283 1286 5340 illum
1308 5285 1593 5356 patienter
1609 5291 2030 5358 exspectantes,

391 5387 582 5442 usque
611 5374 680 5429 ad
714 5375 889 5431 ﬁnem
921 5376 1152 5431 ﬁrmam
1183 5391 1347 5446 spem
1368 5375 1727 5432 retineamus
1752 5376 1959 5447 (1397).

461 5493 646 5580 (1397)
675 5498 882 5570 Verba,
896 5515 1065 5580 spem
1088 5499 1449 5580 retineamus,
1474 5515 1602 5580 quae
1623 5501 1681 5580 ip
1713 5500 1840 5580 cod.
1873 5500 2031 5555 desi-

386 5570 688 5698 deirgllltur,
741 5570 1072 5652 supplenda
1118 5585 1187 5628 ex
1243 5570 1664 5628 Ambrosiastri
1709 5575 1867 5629 textu
1899 5587 2030 5628 cen-

383 5658 452 5706 ευ
589 5657 638 5704 8.

1429 353 1765 414 ATTONIS
1813 350 2394 414 VERCELLENSIS
2439 347 2790 411 EPlSCOPI

3700 347 3818 405 7M

2233 507 2258 531 ‹‹
2295 485 2668 553 Quapropter,
2697 481 2852 535 sicut
2876 478 3017 534 dicit
3041 476 3294 549 Spiritus
3325 479 3562 532 sanctus
3591 494 3605 532 :
3633 477 3813 534 hodie

2161 573 2208 627 si
2241 589 2436 626 vocem
2471 573 2600 641 ejus
2632 568 2956 636 audieritis,
2989 582 3060 622 ne
3093 565 3394 622 obduretis
3420 567 3600 621 corda
3620 572 3813 622 vestra

2161 662 2330 732 (Psal.
2367 678 2516 725 xcrv,
2547 661 2722 726 8-11).
2759 682 2786 708 ››
2821 658 3074 712 Locutus
3133 659 3220 711 est
3247 655 3456 710 beatus
3494 656 3816 726 Apostolus

2161 752 2231 806 de
2261 766 2362 821 spe
2393 749 2450 803 in
2486 747 2912 821 superioribus,
2977 745 3117 816 quia
3163 748 3390 815 oportet
3437 760 3542 798 nos
3575 760 3817 816 sperare

2161 857 2292 911 quas
2322 840 2515 894 futura
2547 841 2705 893 sunt.
2738 837 2883 907 Spes
2919 839 3116 890 autem
3156 850 3286 904 quae
3313 833 3543 888 videtur
3574 850 3700 889 non
3732 841 3821 892 est

2159 945 2316 1000 spes,
2340 927 2593 983 Historia
2612 942 2768 996 vero,
2799 940 2975 996 quam
3001 923 3280 994 Propheta
3311 922 3405 976 hic
3435 929 3813 994 rememorat,

2161 1017 2470 1072 notissima
2492 1020 2599 1071 est.
2625 1016 2770 1070 Cum
2793 1014 2949 1068 enim
2976 1012 3196 1084 egressi
3226 1016 3423 1068 essent
3445 1011 3726 1068 Israelita
3747 1015 3815 1069 de

2160 1111 2316 1162 terra
2344 1105 2569 1178 Egypti
2601 1106 2783 1175 (Num.
2815 1120 2927 1170 xw,
2962 1102 3100 1172 1-4),
3124 1105 3181 1155 et
3203 1100 3450 1156 multam
3482 1101 3645 1156 viam
3681 1118 3814 1174 per-

2162 1195 2584 1259 ambulassent,
2617 1198 2672 1248 et
2704 1191 2886 1246 multa
2918 1190 3137 1244 indicia
3157 1189 3390 1244 virtutis
3419 1189 3519 1245 Dei
3553 1191 3812 1263 accepis-

2161 1289 2292 1340 sent
2313 1285 2368 1338 in
2392 1285 2652 1354 xligypto,
2675 1282 2732 1335 in
2758 1280 2902 1335 mari
2929 1279 3148 1346 Rubro,
3169 1278 3226 1332 in
3249 1295 3465 1345 eremo,
3493 1279 3810 1335 consilium

2161 1373 2420 1427 fecerunt
2452 1371 2678 1425 mittere
2711 1367 3106 1440 speculatores
3137 1369 3320 1437 (Num.
3362 1384 3486 1438 xm,
3527 1369 3678 1437 1-4),
3713 1370 3810 1440 qui

2160 1462 2436 1516 deberent
2466 1460 2749 1530 inspicere
2776 1462 3044 1512 naturam
3066 1461 3228 1510 terra:
3251 1473 3377 1527 qua:
3402 1458 3705 1528 promissa
3724 1463 3810 1513 est

2160 1550 2264 1606 eis.
2299 1549 2384 1603 Illi
2412 1565 2541 1602 vero
2566 1552 2871 1619 pergentes
2895 1544 3106 1600 reversi
3133 1549 3291 1612 sunt,
3314 1550 3531 1600 terram
3568 1548 3807 1618 quidem

2160 1639 2322 1693 valde
2357 1638 2657 1702 mirantes,
2685 1637 2972 1705 majorum
3024 1634 3323 1690 fructuum
3356 1635 3807 1706 procreatricem

2160 1745 2285 1783 esse
2333 1728 2609 1790 dicentes,
2670 1725 2770 1779 sed
2829 1725 3085 1778 virorum
3148 1723 3651 1794 inexpugabilium
3684 1743 3807 1782 esse

2162 1817 2318 1871 illam
2348 1815 2724 1887 provinciam,
2749 1819 2805 1867 et
2827 1813 3083 1867 fortium.
3112 1811 3386 1867 Israelita
3411 1829 3546 1868 vero
3571 1814 3806 1885 ingrati,

2160 1912 2216 1960 et
2246 1905 2549 1970 insensati,
2583 1920 2728 1973 quos
2772 1902 3074 1972 oportebat
3104 1906 3167 1958 ut
3199 1902 3646 1958 recordarentur
3675 1909 3803 1959 tan-

2160 1999 2353 2048 torum
2386 1993 2482 2046 Dei
2515 1991 2949 2056 beneﬁciorum,
2974 1996 3030 2043 et
3051 1991 3342 2060 quomodo
3366 2007 3464 2045 eos
3492 1990 3803 2047 conclusos

2158 2083 2217 2137 in
2251 2082 2441 2136 medio
2474 2080 2618 2135 tanti
2640 2079 2925 2134 exercitus
2947 2079 3346 2150 z’Egyptiorum
3369 2079 3580 2150 eripuit
3599 2081 3670 2135 de
3702 2097 3800 2151 pe-

2161 2169 2379 2238 riculis,
2405 2175 2461 2224 et
2490 2169 2797 2222 ﬂuviorum
2827 2167 3015 2222 fontes
3043 2166 3170 2221 sine
3191 2166 3512 2222 defectione
3543 2168 3802 2234 donavit,

2157 2265 2210 2316 ct
2245 2276 2460 2315 manna
2491 2258 2717 2323 tribuit,
2768 2260 2826 2311 et
2875 2254 2987 2310 alia
3033 2253 3336 2322 miracula,
3371 2272 3497 2327 qua)
3533 2261 3803 2328 operatus

2157 2357 2265 2417 est,
2297 2354 2354 2404 et
2383 2348 2678 2403 credimus
2705 2345 2910 2401 fecisse
2936 2349 3116 2399 Deum
3143 2361 3156 2400 :
3185 2343 3263 2398 illi
3289 2361 3394 2400 nec
3416 2345 3606 2401 Deum
3629 2347 3805 2402 credi-

2157 2440 2390 2502 derunt,
2423 2453 2528 2492 nec
2558 2436 2766 2491 horum
2796 2433 3018 2505 aliquid
3075 2435 3445 2489 remernorati
3496 2441 3679 2490 sunt:
3707 2437 3797 2492 sed

2156 2527 2365 2582 timore
2409 2531 2546 2582 sunt
2605 2523 2912 2596 perterriti,
2966 2522 3260 2578 dicentes:
3314 2523 3699 2580 Revertamur
3743 2527 3794 2580 in

2156 2617 2486 2688 zEgyptum.
2525 2619 2672 2669 Deus
2696 2613 2875 2684 igitur
2897 2613 3079 2667 iratus
3100 2612 3204 2678 eis,
3233 2612 3371 2682 quia
3392 2612 3476 2667 sic
3502 2615 3622 2670 cito
3643 2613 3796 2669 obliti

2157 2705 2393 2759 fuerunt
2413 2703 2825 2758 beneﬁciorum
2850 2703 2970 2771 Dei,
2996 2701 3538 2772 miraculorumque
3567 2704 3799 2774 ejusjuo

2157 2794 2302 2848 ravit
2317 2797 2379 2847 ut
2392 2809 2506 2847 non
2528 2794 2768 2846 intraret
2784 2790 3076 2862 generatio
3095 2789 3193 2844 illa
3207 2789 3264 2844 in
3280 2791 3545 2862 requiem
3565 2791 3799 2864 promis-

2157 2900 2281 2938 sam
2299 2881 2434 2938 olim
2457 2881 2752 2952 patribus;
2777 2885 2834 2935 et
2854 2881 2936 2935 sic
2959 2895 3161 2934 omnes
3182 2878 3480 2950 perierunt
3502 2880 3568 2936 in
3591 2899 3793 2945 eremo,

2158 2977 2366 3042 praeter
2382 2972 2529 3025 duos
2548 2970 2957 3023 tantummodo
2976 2967 3793 3038 homines(Num.xm,18-31;

2155 3077 2269 3126 x1v,
2297 3060 2479 3130 5-45).
2510 3061 2696 3125 Quare
2729 3073 2863 3128 ergo
2890 3057 3060 3111 David
3094 3056 3213 3111 hac
3239 3062 3441 3128 postea
3470 3058 3645 3128 dixit,
3680 3063 3796 3132 post

2155 3149 2590 3220 generationem
2610 3148 2842 3202 illorum
2862 3146 3136 3216 loquens:
3157 3166 3182 3198 α
3201 3146 3442 3201 Hodiesi
3456 3164 3661 3204 vocem
3681 3150 3795 3219 ejus

2076 3229 2117 3295 C
2158 3237 2484 3302 audieritis,
2520 3253 2589 3291 ne
2621 3236 2922 3291 obduretis
2970 3235 3145 3289 corda
3174 3239 3385 3301 vestra,
3420 3257 3448 3284 ››
3481 3253 3562 3292 ne
3593 3237 3793 3292 similia

2154 3326 2476 3398 patiamini,
2510 3325 2710 3395 qualia
2736 3323 3134 3396 progenitores
3165 3323 3358 3390 vestri,
3384 3342 3456 3380 ne
3487 3327 3788 3396 privemini

2154 3414 2350 3486 requie
2383 3414 2718 3485 promissa?
2746 3414 2890 3477 Quia
2918 3418 3006 3468 est
3027 3413 3294 3482 quaedam
3325 3414 3509 3485 (1398)
3547 3416 3785 3488 requies.

2153 3522 2288 3560 nam
2323 3504 2371 3559 si
2398 3505 2524 3573 jam
2558 3507 2899 3574 acceperant
2930 3502 3348 3573 requiem,qum
3379 3510 3505 3558 erat
3543 3507 3605 3560 in
3637 3505 3790 3560 Pale-

2153 3596 2326 3662 stina,
2357 3611 2532 3665 quare
2553 3594 2637 3648 eis
2659 3594 2868 3648 iterum
2893 3593 3032 3646 dicit
3055 3610 3066 3646 :
3092 3609 3162 3648 ne
3185 3593 3483 3649 obduretis
3503 3597 3686 3651 corda
3702 3612 3786 3650 ve-

2154 3691 2296 3755 stra,
2329 3684 2482 3740 sicut
2513 3689 2703 3754 patres
2728 3683 2948 3737 vestri?
2970 3683 3102 3746 Quae
3124 3698 3260 3753 ergo
3285 3686 3375 3737 est
3397 3682 3512 3737 alia
3549 3685 3784 3756 requies.

2155 3775 2265 3829 nisi
2302 3789 2542 3843 regnum
2574 3771 2872 3838 caelorum,
2922 3771 3092 3842 cujus
3141 3771 3334 3842 imago
3365 3777 3423 3826 et
3469 3774 3683 3830 umbra
3710 3776 3787 3828 est

2156 3863 2477 3919 Sabbatum
2499 3862 2525 3915 ?
2547 3862 2684 3916 Tres
2708 3861 2902 3930 itaque
2928 3860 3156 3930 requies
3173 3859 3487 3932 Apostolus
3510 3865 3786 3918 memorat

2153 3953 2211 4007 in
2240 3952 2347 4006 hac
2380 3949 2636 4022 Epistola
2664 3969 2677 4005 :
2733 3967 2908 4004 unam
2943 3949 3200 4018 Sabbati,
3247 3967 3362 4018 qua
3395 3952 3678 4006 Dominus
3705 3967 3781 4004 re-

2154 4041 2374 4112 quievit
2404 4041 2474 4094 ab
2507 4039 2781 4111 operibus
2812 4039 2976 4104 suis;
3025 4039 3342 4094 secundam
3373 4039 3432 4094 in
3467 4040 3779 4106 Palaestina,

2149 4129 2208 4184 in
2241 4146 2416 4200 quam
2448 4129 2698 4200 ingressi
2730 4127 3004 4183 Israelita;
3039 4128 3356 4199 requieturi
3389 4134 3561 4184 erant
3588 4147 3654 4184 ex
3684 4129 3779 4183 mi-

2151 4219 2303 4274 seria
2339 4217 2523 4273 multa
2567 4227 2622 4273 et
2678 4218 3018 4284 laboribus;
3068 4218 3323 4284 tertiam,
3377 4235 3509 4289 qua:
3542 4235 3674 4274 vera
3701 4223 3780 4272 est

2150 4307 2518 4378 requies,hoc
2548 4312 2657 4372 est,
2691 4323 2936 4377 regnum
2981 4305 3280 4373 cmlorum,
3332 4308 3488 4377 quod
3520 4307 3779 4379 superius

2140 4399 2264 4468 jam
2299 4397 2576 4452 diximus.
2610 4397 2695 4450 Ad
2727 4413 2903 4466 quam
2954 4413 3102 4466 quos
3132 4396 3429 4467 pervenire
3451 4394 3778 4468 contigerit,

2149 4503 2347 4542 revera
2369 4487 2733 4557 requiescent
2752 4503 2786 4540 a
2812 4485 3108 4540 laboribus
3129 4490 3187 4540 et
3206 4485 3624 4541 afﬂictionibus
3643 4484 3776 4550 suis,

2146 4576 2215 4632 de
2237 4593 2353 4647 qua
2376 4575 2660 4646 Propheta
2682 4574 2942 4645 loquitur
2956 4575 3028 4628 ad
3045 4590 3206 4629 veros
3229 4573 3544 4640 lsraelitas,
3559 4575 3774 4629 dicens:

2145 4666 2326 4721 Hodie
2340 4665 2390 4720 si
2406 4679 2603 4718 vocem
2618 4665 2666 4734 ej
2679 4681 2745 4719 us
2758 4663 3062 4718 audieritis
3077 4680 3147 4718 ne
3163 4663 3466 4718 obduretis
3480 4664 3655 4718 corda
3668 4677 3777 4716 ves-

2147 4760 2253 4810 tra.
2287 4753 2617 4824 Aliquando
2647 4752 2799 4808 enim
2825 4752 3138 4808 audierunt
3161 4757 3354 4824 patres
3383 4753 3560 4808 vestri
3590 4767 3772 4807 vocem

2145 4844 2303 4898 illius
2334 4859 2436 4914 per
2467 4842 2726 4913 Moysen,
2757 4846 2813 4896 et
2843 4842 3116 4896 obdurati
3147 4845 3304 4896 sunt.
3340 4841 3487 4912 Ergo
3517 4847 3655 4896 tunc
3685 4855 3777 4911 per

2142 4948 2464 5004 praeconem
2487 4931 2718 4987 locutus
2734 4936 2983 4998 est,cum
3001 4930 3115 4985 Deo
3137 4930 3473 4985 obdurastis
3495 4930 3670 4984 corda
3687 4943 3772 4982 ve-

2143 5027 2283 5078 stra.
2309 5021 2412 5076 Per
2434 5037 2495 5075 se
2517 5037 2672 5075 nunc
2695 5019 2954 5091 loquitur
2976 5037 2988 5074 :
3021 5017 3363 5074 Mollescant
3383 5019 3558 5074 corda
3578 5021 3772 5072 vestra.

2143 5110 2249 5176 Qui
2281 5126 2574 5180 praacones
2605 5115 2739 5164 ante
2786 5108 3075 5173 mittebat,
3124 5107 3249 5178 ipse
3289 5108 3484 5162 venire
3513 5108 3772 5180 dignatus

2142 5205 2248 5255 est.
2284 5200 2392 5254 Ore
2424 5215 2530 5254 suo
2579 5199 2673 5253 hic
2720 5199 2998 5268 loquitur,
3054 5197 3153 5267 qui
3186 5196 3534 5267 loquebatur
3558 5213 3658 5268 per
3683 5209 3773 5248 ora

2142 5288 2579 5361 prOpbetarum.
2602 5288 2689 5342 Ad
2730 5289 2858 5357 ejus
2896 5301 3114 5350 vocem,
3149 5285 3247 5355 qui
3276 5301 3566 5356 praecones
3600 5281 3771 5344 misit,

2142 5380 2198 5433 et
2227 5393 2382 5432 nunc
2414 5394 2517 5447 per
2545 5392 2607 5431 se
2629 5375 2861 5443 clamat,
2886 5373 3061 5430 nolite
3084 5372 3353 5429 claudere
3374 5376 3549 5429 corda
3573 5379 3768 5428 veslra.

2214 5499 2397 5576 (1398)
2430 5500 2754 5576 Desiderari
2803 5500 3205 5576 videturalia,
3225 5573 3231 5576 Δ
3254 5502 3318 5553 ut
3347 5497 3610 5576 legatur;
3642 5493 3768 5576 Quia

2139 5567 2629 5651 es‘t'qufedqmplia
2656 5572 2896 5646 requies,
2923 5570 3148 5628 scilicet
3169 5567 3486 5641 aeternafet
3512 5567 3767 5635 caelestis,

2144 5646 2209 5706 ut
2237 5640 2392 5699 intra
2418 5640 2687 5703 habetur.
2724 5640 2744 5646 ⁷
2855 5657 2858 5660 ’
