3966 6210
176 250 276 307 749

175 376 375 433 Volens
404 376 607 446 itaque
637 391 738 430 eos
766 376 838 430 de
865 376 1289 431 resurrectione
1322 376 1629 437 instruere,
1660 380 1715 430 et
1745 377 1814 431 de
1847 387 1894 449 Α

178 465 357 537 requie
416 465 799 535 sempiterna,
826 486 852 511 ‹‹
910 463 1102 529 hodie,
1134 488 1152 512 υ
1192 465 1511 533 srepissime
1560 465 1815 535 interpo-

180 555 302 619 suit,
335 558 396 607 ut
430 569 740 622 nunquam
785 553 1163 623 desperarent
1192 570 1253 608 se
1286 554 1623 613 intraturos,
1648 556 1815 624 quasi

181 645 377 697 diceret
409 660 425 695 :
458 642 517 695 Si
554 642 871 712 quisquam
908 642 1226 712 peccaverit
1259 659 1564 712 usquequo
1595 647 1681 696 est
1714 642 1815 695 lio-

179 733 278 799 die,
306 748 470 802 spem
505 730 721 784 habeat
768 729 1112 785 revertendi.
1147 730 1356 785 Nullus
1397 730 1577 802 igitur
1606 732 1814 801 despe-

180 825 271 887 ret,
303 836 612 890 usquequo
644 819 819 873 vivat.

240 907 510 978 Sequitur
540 924 589 960 :«
625 907 995 962 Festinemus
1026 923 1160 977 ergo
1197 908 1417 977 ingredi
1451 908 1507 962 in
1538 908 1695 963 illam
1730 926 1817 962 re-

181 998 383 1069 quiem,
407 1004 473 1050 ut
505 1013 577 1050 ne
610 996 666 1049 in
702 997 957 1066 idipsum
982 996 1114 1066 quis
1148 996 1365 1050 incidat
1392 996 1816 1052 incredulitatis

180 1086 553 1157 exemplum.»
570 1085 777 1155 Magna
797 1085 1032 1153 quidem
1062 1101 1150 1138 res
1174 1090 1261 1139 est
1287 1086 1427 1139 fides
1449 1090 1504 1139 et
1521 1086 1813 1140 salutaris.

178 1176 300 1228 Sine
330 1174 438 1228 hac
469 1190 581 1228 non
615 1178 703 1227 est
733 1173 939 1228 salvari
990 1173 1268 1244 possibile
1322 1173 1519 1243 alicui,
1553 1173 1703 1228 sicut
1734 1174 1817 1227 di-

180 1270 329 1319 ctum
362 1267 451 1317 est
478 1279 489 1317 2
516 1264 647 1333 quia
670 1286 696 1310 ‹‹
732 1263 859 1317 sine
899 1262 1012 1317 ﬁde
1060 1262 1425 1333 impossibile
1475 1267 1561 1316 est
1592 1262 1817 1332 placere

180 1352 287 1405 Deo
325 1352 507 1421 (Hebr.
545 1368 620 1414 x1,
661 1352 770 1417 (3).»
808 1350 1058 1405 Proinde
1087 1352 1261 1405 etiam
1296 1350 1509 1405 Paulus
1541 1353 1817 1406 admonet

178 1457 267 1495 eos
288 1440 383 1510 qui
409 1440 465 1493 in
489 1440 887 1510 dignationem
918 1440 1326 1508 mysteriorum
1350 1440 1571 1511 suscipi
1596 1456 1817 1495 merue-

177 1530 525 1597 runt(l«i05),
549 1528 748 1581 dicens
774 1545 818 1581 zu
852 1528 1216 1582 Festinamus
1248 1529 1470 1598 ingredi
1508 1529 1565 1583 in
1594 1527 1808 1583 illam.-

168 1618 555 1681 ‘Festinemus,
582 1614 791 1685 inquit,
819 1617 1096 1686 quoniam
1122 1633 1236 1669 non
1265 1616 1481 1670 sufﬁcit
1508 1617 1683 1682 fides;
1714 1619 1812 1671 sed

178 1707 330 1760 debet
350 1706 493 1760 addi
516 1710 571 1759 et
589 1704 706 1759 vita
728 1704 858 1758 ﬁdei
878 1704 1251 1774 condigna,et
1272 1706 1522 1759 multum
1548 1705 1811 1759 studium

177 1796 331 1850 debet
370 1794 667 1863 adhiberi,
702 1810 772 1847 ne
804 1793 945 1847 ﬁdes
977 1793 1053 1847 sit
1085 1794 1295 1848 otiosa.
1321 1793 1379 1847 Si
1412 1794 1568 1849 enim
1601 1799 1816 1849 terram

178 1884 373 1939 intrare
391 1882 483 1937 illi
510 1900 626 1937 non
654 1882 1122 1952 meruerunt,qui
1147 1883 1411 1937 fornicati
1434 1889 1571 1937 sunt
1589 1888 1644 1937 et
1666 1900 1821 1938 mur-

180 1978 547 2028 muraverunt
579 1977 782 2026 contra
804 1971 1009 2037 Deum,
1026 1972 1317 2042 quomodo
1342 1988 1445 2026 nos
1468 1971 1677 2027 coelum
1704 1988 1819 2026 me-

179 2063 419 2117 rebimur
466 2062 713 2126 intrare,
746 2060 1145 2114 indili‘erenter
1173 2061 1451 2123 viventes,
1477 2062 1628 2115 sicut
1681 2078 1817 2132 gen-

180 2151 289 2204 tes?
306 2151 463 2221 Opus
488 2155 581 2204 est
604 2148 816 2219 quippe
838 2147 994 2202 omni
1020 2148 1233 2203 volenti
1259 2149 1467 2203 coelum
1498 2150 1814 2221 possidere,

177 2239 335 2293 ﬁdem
366 2238 648 2309 cperibus
668 2238 841 2292 bonis
872 2253 1096 2291 ornare.
1122 2238 1237 2292 Nec
1261 2239 1367 2292 hoc
1395 2237 1586 2293 solum
1616 2238 1817 2293 damni

175 2328 339 2382 habet
370 2327 529 2381 male
556 2326 946 2396 vivens,quod
980 2342 1094 2381 non
1128 2327 1307 2381 intrat
1334 2327 1391 2380 in
1424 2344 1666 2397 regnum
1698 2329 1815 2393 Dei,

173 2432 366 2469 verum
399 2415 603 2479 etiam,
627 2415 775 2485 quod
806 2416 1046 2485 majoris
1078 2420 1166 2470 est
1199 2416 1458 2481 terroris,
1484 2434 1663 2487 paenae
1690 2434 1816 2488 per-

173 2510 353 2575 petuae
381 2503 767 2573 mancipatur.
796 2504 928 2558 ideo
952 2504 1177 2558 addidit
1203 2522 1250 2558 ;‹‹
1282 2505 1352 2559 Ut
1375 2523 1445 2560 ne
1475 2505 1530 2559 in
1555 2505 1813 2576 idipsum

173 2593 298 2662 quis
327 2592 554 2646 incidat
585 2591 1009 2646 incredulitatis
1040 2593 1444 2664 exemplum.»
1480 2595 1694 2648 Eorum
1726 2596 1811 2649 in-

172 2682 351 2747 teritu,
378 2682 477 2753 qui
538 2682 835 2751 perierunt
866 2682 923 2735 in
954 2682 1207 2747 deserto,
1238 2684 1441 2737 terruit
1488 2684 1812 2749 audientes,

173 2785 236 2824 ne
264 2771 319 2824 in
350 2771 598 2826 illorum
632 2769 955 2824 inciderent
976 2770 1296 2839 judicium,
1321 2773 1487 2842 quasi
1521 2773 1765 2828 dixisset
1798 2791 1809 2828 :

171 2859 535 2914 Sufﬁcienter
557 2874 624 2911 ex
650 2856 987 2927 parentibus
1009 2858 1223 2913 nostris
1247 2860 1543 2925 docemur,
1572 2878 1641 2915 ne
1672 2862 1719 2915 si
1752 2862 1812 2915 in

170 2948 369 3003 similia
400 2948 769 3013 incidamus,
793 2947 992 3001 eadem
1037 2948 1349 3017 patiamur,
1376 2965 1499 3018 qua:
1541 2949 1623 3001 illi
1656 2949 1813 3019 passi

167 3043 317 3103 sunt;
351 3039 459 3092 hoc
490 3040 595 3091 est
626 3036 681 3088 in
716 3034 972 3104 idipsum
1006 3036 1333 3106 exemplum
1366 3036 1744 3092 inﬁdelitatis.

227 3126 439 3180 Deinde
474 3143 507 3179 u
528 3130 555 3178 t
583 3124 864 3192 majorem
890 3124 1270 3193 peccantibus
1302 3124 1583 3179 incuteret
1614 3127 1811 3181 l'ormi-
1844 3118 1885 3183 C

162 3215 365 3285 dinem,
400 3212 729 3284 subjungit
763 3229 829 3269 ;‹‹
862 3212 1031 3266 Vivus
1061 3217 1150 3267 est
1193 3214 1347 3267 enim
1381 3215 1478 3268 Dei
1512 3232 1724 3279 sermo,
1757 3222 1814 3271 et

160 3306 369 3369 efﬁcax,
400 3310 458 3360 et
492 3300 923 3375 penetrabilior
953 3301 1111 3355 omni
1143 3301 1334 3372 gladio
1366 3303 1623 3376 ancipiti.
1652 3328 1677 3353 ››
1710 3307 1813 3361 Hic

158 3394 514 3450 demonstrat
561 3390 841 3462 quoniam
868 3396 923 3444 et
950 3389 1051 3443 illa
1082 3390 1235 3445 idem
1269 3391 1393 3462 ipse
1424 3399 1695 3463 speratus
1726 3400 1816 3449 est

160 3490 211 3537 et
224 3484 441 3549 vivit,et
462 3498 590 3537 non
613 3480 1023 3547 exstinctus,et
1043 3480 1301 3533 ostendit
1323 3482 1595 3536 eumdem
1620 3483 1813 3553 ipsum

162 3588 258 3627 nos
282 3572 497 3628 habere
515 3569 915 3642 judicem,qui
942 3568 1071 3623 illos
1094 3568 1813 3639 propterincredulitatem

163 3678 353 3716 eorum
376 3657 873 3716 damnavit.Dixit
893 3656 1047 3711 enim
1070 3672 1120 3711 τα
1138 3656 1313 3712 Vivus
1333 3662 1420 3712 est
1442 3674 1632 3713 sermo
1655 3660 1815 3715 Dei.»

162 3753 351 3806 Sermo
394 3751 519 3815 Dei,
548 3746 739 3802 Filius
771 3750 858 3799 est
890 3745 1010 3813 Dei,
1035 3746 1135 3816 qui
1167 3747 1235 3799 de
1276 3764 1336 3801 se
1380 3747 1507 3817 ipso
1538 3747 1619 3803 ait
1652 3765 1663 3803 :
1695 3772 1721 3797 ‹‹
1757 3750 1816 3804 Si

165 3842 285 3909 quis
308 3853 657 3895 sermonem
683 3852 877 3889 meum
901 3834 1234 3901 servaverit,
1260 3841 1503 3891 mortem
1528 3854 1645 3892 non
1668 3838 1819 3895 vide-

164 3930 242 3982 bit
272 3930 328 3983 in
360 3933 663 3983 aeternum
687 3926 864 3994 (Joun.
890 3941 1015 3991 vm,
1040 3923 1149 3993 31).
1180 3944 1206 3972 ››
1232 3924 1394 3980 Sicut
1424 3924 1527 3991 illi,
1553 3926 1599 3981 si
1633 3944 1819 3984 serva-

163 4024 280 4072 rent
310 4030 660 4073 sermonem
694 4012 815 4078 Dei,
841 4012 1116 4079 viverent,
1141 4018 1472 4085 terramque
1504 4017 1816 4087 repromis-

162 4107 335 4161 sionis
365 4107 692 4171 intrarent,
718 4101 801 4154 sic
822 4105 878 4154 et
908 4117 1033 4167 nos,
1069 4100 1116 4154 si
1149 4102 1573 4158 servaverimus
1607 4122 1821 4161 sermo—

160 4210 285 4248 nem
317 4195 469 4263 ejus,
496 4191 795 4257 vivemus,
831 4188 1213 4257 requiemque
1248 4187 1543 4243 ccelestem
1576 4190 1837 4259 intrabis

159 4298 305 4336 mus.
334 4304 358 4334 α
378 4282 569 4335 Vivus
606 4283 699 4332 est
730 4277 882 4330 enim
908 4276 1007 4330 Dei
1032 4292 1223 4329 sermo
1247 4281 1305 4329 et
1325 4276 1547 4345 efﬁcax,
1571 4284 1625 4333 et
1652 4295 1821 4349 pene-

158 4371 422 4426 trabilior
447 4367 619 4425 omni
648 4366 841 4437 gladio
864 4364 1166 4435 ancipiti.»
1190 4364 1435 4419 Gladius
1453 4366 1606 4420 enim
1632 4374 1824 4437 potest

1848 1753 1895 1817 B

738 245 1152 306 EXPOSITIO
1199 246 1275 307 IN
1324 244 1744 306 EPISTOLAS
1792 246 2046 307 PAULI.
2082 280 2158 289 —
2190 246 2264 305 ΙΝ
2312 246 2560 306 EPIST.
2608 247 2710 305 AD
2758 246 2990 305 HEBR.

3454 250 3573 309 750

1928 394 2089 441 num,
2107 376 2553 447 quemjudicem
2580 377 2833 431 habituri
2854 377 3427 433 sumus.’l‘imeamus
3444 381 3573 449 ejus

1931 467 2329 535 praesentiam,
2363 468 2531 535 cujus
2581 468 2883 520 scientiam
2936 466 3273 522 nullatenus
3321 469 3574 539 etl'ugere

1929 554 2207 609 valemus.
2237 556 2396 609 Unde
2427 560 2481 609 et
2512 556 2736 609 addidit
2771 572 2780 609 :
2809 578 2834 603 ‹‹
2874 556 2940 609 Et
2976 562 3063 610 est
3102 557 3387 611 discretor
3418 558 3573 629 cogi-

1929 646 2219 697 tationum
2252 648 2307 697 et
2339 643 2730 698 intentionum
2763 646 2973 698 cordis.
3007 666 3033 693 ››
3072 645 3388 717 Distinguit
3416 647 3576 701 enim

1929 731 2028 785 Dei
2081 749 2271 786 sermo
2305 750 2616 803 compages
2664 738 2719 787 et
2770 732 3078 798 medullas,
3114 735 3252 804 quia
3297 734 3579 790 discernit

1927 821 2309 889 cogitationes
2363 826 2419 875 et
2466 820 2819 876 intentiones
2868 822 3080 877 cordis.
3112 827 3217 877 Per
3265 840 3575 895 compages

1928 910 2143 980 quippe
2175 910 2411 964 ossibus
2460 926 2595 964 ossa
2635 911 2994 980 junguntur.
3028 911 3096 964 Et
3125 928 3275 983 eaipe
3307 913 3575 983 quaedam

1927 999 2068 1052 dum
2129 1004 2282 1052 recta
2331 999 2679 1069 cogitatione
2738 999 2989 1070 agimus,
3018 1001 3211 1055 subito
3268 1001 3326 1055 in
3382 1000 3573 1056 laudis

1928 1104 2185 1141 amorem
2215 1086 2601 1155 declinamus,
2626 1093 2800 1157 atque
2829 1089 2935 1143 hoc
2966 1105 3067 1158 pro
3099 1089 3271 1144 laude
3300 1091 3573 1157 facimus,

1928 1176 2081 1244 quod
2117 1176 2275 1244 prius
2309 1176 2494 1231 facere
2527 1193 2629 1246 pro
2660 1177 2899 1230 veritate
2926 1193 3307 1247 coeperamus.
3336 1179 3405 1233 Et
3438 1178 3576 1250 quia

1926 1264 2309 1334 cogitationes
2330 1264 2783 1333 cogitationibus
2801 1266 3407 1337 adjunguntur,quasi
3427 1284 3578 1338 qum-

1926 1353 2060 1406 dam
2110 1354 2168 1406 in
2213 1352 2419 1423 spiritu
2453 1370 2765 1423 compages
2800 1354 2966 1407 ﬁunt.
2996 1355 3103 1408 Sed
3152 1354 3369 1409 habent
3416 1372 3573 1423 ossa,

1928 1458 2053 1511 quae
2088 1441 2143 1495 in
2170 1458 2449 1512 compage
2468 1443 2675 1511 juncta
2697 1447 2857 1507 sunt,
2881 1442 3055 1497 etiam
3080 1442 3389 1498 medullas.
3413 1444 3576 1506 Quod

1925 1530 2266 1601 prmdicator
2295 1534 2533 1585 sanctus
2554 1530 2813 1597 apertius
2841 1529 3061 1599 intulit,
3086 1546 3219 1586 cum
3240 1532 3574 1604 subjungit:

1926 1641 1951 1667 ‹‹
1986 1620 2051 1671 Et
2081 1625 2169 1673 est
2199 1619 2483 1673 discretor
2510 1619 2926 1689 cogitationum”
2951 1624 3006 1673 et
3036 1619 3427 1675 intentionum
3460 1637 3578 1674 cor-

1924 1706 2092 1760 dis.»
2132 1709 2452 1776 Compages
2504 1706 2659 1760 enim
2715 1712 2925 1760 nostrae
2972 1706 3353 1777 cogitationes
3401 1713 3575 1775 sunt;

1932 1794 2197 1849 medullas
2230 1799 2446 1858 autem,
2479 1795 2848 1849 intentiones.
2882 1796 2949 1848 Et
2990 1811 3139 1865 smpe
3170 1795 3325 1850 aliud
3359 1796 3575 1867 cogita-

1931 1901 2083 1949 mus,
2108 1888 2283 1953 atque
2315 1882 2473 1937 aliud
2506 1888 2594 1938 est
2624 1884 2778 1953 quod
2812 1898 2914 1953 per
2940 1884 3351 1953 cogitationem
3382 1884 3571 1939 inten-

1929 1973 2145 2027 dimus.
2179 1973 2322 2026 Nam
2358 1972 2406 2026 si
2442 1972 2573 2041 quis
2606 1988 2709 2041 pro
2744 1987 3053 2026 munerum
3087 1974 3343 2042 praemio,
3368 1973 3575 2044 pupilli

1926 2061 2013 2116 vel
2045 2062 2228 2115 vidua:
2263 2077 2501 2115 causam
2549 2061 2843 2129 defendat,
2869 2064 2925 2115 et
2970 2061 3212 2116 fortasse
3256 2061 3573 2116 Ecclesiam

1926 2150 2282 2220 ingrediens,
2315 2149 2374 2203 in
2407 2149 2532 2204 suis
2582 2148 2851 2219 precibus
2892 2153 3004 2203 Deo
3038 2149 3192 2204 dicat
3224 2166 3236 2203 :
3273 2150 3358 2203 Tu
3391 2149 3572 2218 vides,

1928 2240 2068 2309 quia
2097 2256 2336 2293 causam
2369 2236 2576 2309 pupilli
2608 2242 2664 2291 et
2706 2238 2890 2291 viduae
2924 2238 3201 2303 defendo;
3232 2237 3343 2294 iste
3374 2238 3575 2309 procul

1928 2327 2103 2381 dubio
2135 2328 2287 2397 quod
2323 2326 2561 2397 cogitat,
2596 2325 2723 2391 scit,
2759 2326 2859 2380 sed
2892 2342 3006 2395 quo
3039 2325 3302 2381 intendat
3330 2328 3459 2397 ejus
3490 2343 3580 2382 co-

1926 2414 2154 2485 gitatio,
2188 2414 2438 2486 ignorat.
2463 2414 2634 2467 Aliud
2668 2414 2885 2484 quippe
2928 2414 3163 2484 cogitat,
3197 2429 3370 2485 atque
3417 2415 3575 2470 aliud

1927 2504 2198 2558 intendit.
2236 2504 2358 2559 Non
2392 2503 2547 2557 enim
2583 2502 2978 2557 defensionem
3014 2502 3218 2573 pupilli
3252 2503 3338 2558 vel
3369 2504 3577 2573 vidum,

1926 2594 2023 2647 sed
2063 2593 2387 2646 mercedem
2423 2607 2802 2645 nummorum
2830 2592 3056 2662 quaerit.
3080 2591 3227 2646 Nam
3259 2590 3397 2646 tolle
3430 2598 3576 2647 tem-

1926 2680 2122 2752 porale
2154 2680 2486 2751 praemium,
2512 2685 2568 2734 et
2598 2678 2888 2751 pupillum
2938 2696 3003 2735 ac
3050 2680 3285 2735 viduam
3328 2698 3443 2736 non
3475 2682 3574 2738 de-

1925 2772 2138 2825 fendet.
2166 2776 2366 2824 Sermo
2414 2768 2613 2840 itaque
2655 2768 2754 2824 Dei
2804 2768 3086 2824 discretor
3134 2775 3224 2825 est
3270 2770 3572 2841 cogitatio-

1924 2875 2065 2913 num
2099 2864 2154 2913 et
2184 2858 2575 2912 intentionum
2610 2858 2831 2925 cordis;
2863 2858 3001 2928 quia
3033 2875 3145 2913 non
3177 2858 3387 2929 aspicit
3416 2862 3571 2931 quod

1924 2948 2077 3019 apud
2111 2948 2491 3017 semetipsum
2522 2946 2754 3017 cogitat,
2790 2948 2889 3001 sed
2928 2964 3033 3017 per
3067 2948 3385 3003 medullam
3413 2966 3572 3004 com-

1925 3036 2110 3108 pagis,
2146 3036 2201 3089 id
2244 3040 2351 3099 est,
2386 3050 2486 3105 per
2533 3034 2917 3089 intentionem
2968 3036 3335 3105 cogitationis
3383 3042 3572 3093 totum

1928 3128 2194 3196 penetrat
2248 3123 2565 3178 hominem.
2598 3122 2712 3176 Nec
2761 3124 2976 3177 mirum
3026 3123 3076 3177 si
3126 3128 3280 3179 totus
3330 3126 3569 3196 ubique,

1922 3220 2102 3267 totam
2138 3229 2305 3267 suam
2340 3212 2605 3283 agnoscit
2653 3216 3005 3281 creaturam,
3039 3210 3155 3266 sive
3185 3212 3570 3285 spiritualem,

1925 3302 2041 3356 sive
2072 3300 2461 3371 corporalem;
2496 3300 2635 3369 quia
2666 3298 2811 3352 nihil
2853 3299 3009 3368 quod
3040 3300 3259 3355 factum
3308 3306 3419 3369 est,
3445 3302 3573 3358 sine

1924 3407 1989 3444 eo
2024 3390 2240 3443 factum
2273 3393 2360 3443 est
2395 3390 2569 3457 (Joan.
2603 3404 2641 3454 ι,
2674 3388 2749 3457 3).

1996 3479 2126 3532 ldeo
2158 3477 2384 3531 addidit
2417 3493 2461 3529 ;‹‹
2482 3476 2595 3531 Nec
2626 3482 2714 3531 est
2736 3474 2853 3530 ulla
2874 3480 3140 3531 creatura
3169 3477 3480 3535 invisibilis
3512 3482 3571 3537 in

1926 3572 2238 3638 conspectu
2272 3566 2418 3635 ejus.
2438 3590 2457 3617 ι
2488 3565 2631 3619 llinc
2660 3582 2759 3619 eos
2792 3566 3043 3620 maxime
3074 3568 3299 3634 terruit,
3326 3585 3396 3625 ne
3426 3570 3572 3628 forte

1926 3656 2137 3721 adhuc,
2166 3654 2375 3726 inquit,
2404 3654 2459 3708 in
2494 3654 2604 3708 lide
2634 3658 2877 3723 stantes,
2902 3672 3015 3709 non
3050 3672 3182 3711 cum
3220 3657 3447 3729 integra
3474 3677 3570 3717 sa-

1925 3745 2255 3801 tisfactione
2302 3745 2644 3815 perﬁcerent
2674 3744 2805 3798 ﬁdei
2844 3762 3048 3816 opera:
3096 3747 3233 3816 quia
3264 3748 3407 3819 ipse,
3441 3768 3568 3821 qua:

1928 3836 1983 3890 in
2015 3834 2189 3889 corde
2230 3839 2387 3897 sunt,
2413 3832 2691 3887 discernit
2719 3850 2731 3887 :
2765 3832 2845 3887 ibi
2877 3834 3190 3901 examinat,
3225 3837 3324 3891 ubi
3375 3840 3570 3896 consi-

1929 3923 2115 3986 derat,
2146 3921 2394 3975 reddens
2425 3920 2741 3991 unicuique
2780 3923 3103 3976 secundum
3138 3940 3312 3993 opera
3342 3943 3466 3980 sua.

2006 4031 2027 4061 ι
2065 4009 2272 4063 Omnia
2303 4014 2497 4063 autem
2525 4009 2682 4063 nuda
2713 4014 2767 4062 et
2788 4016 2987 4079 aperta
3009 4016 3148 4065 sunt
3177 4012 3361 4069 oculis
3392 4017 3579 4085 ejus.»

1930 4101 2091 4169 Saepe
2122 4097 2181 4151 in
2213 4096 2478 4151 exteriori
2510 4112 2682 4167 opere
2705 4103 2838 4151 ante
2868 4097 3067 4152 oculos
3091 4098 3394 4156 hominum
3421 4105 3583 4161 inor-

1932 4187 2120 4241 dinati
2153 4201 2431 4256 apparere
2478 4185 2826 4253 metuimus;
2862 4191 2920 4239 et
2966 4186 3024 4239 in
3070 4187 3329 4242 interiori
3362 4193 3583 4263 cogita-

1932 4277 2111 4341 tione,
2139 4273 2299 4328 illius
2332 4277 2659 4343 respectum
2686 4289 2801 4327 non
2831 4274 3171 4341 metuimus,
3196 4293 3369 4346 quem
3394 4279 3586 4335 viden-

1934 4373 2048 4421 tem
2081 4365 2280 4419 omnia
2312 4380 2425 4416 non
2460 4362 2746 4416 videmus.
2772 4361 2950 4417 Multo
2975 4363 3129 4417 enim
3163 4367 3350 4437 magis
3384 4367 3587 4424 intrin-

158 4462 419 4514 membra
452 4456 727 4513 dividere
757 4471 790 4508 a
821 4469 1084 4524 corpore,
1110 4458 1166 4507 et
1193 4458 1495 4523 penetrare
1518 4462 1737 4511 secreta
1767 4461 1825 4512 et
1859 4487 1903 4551 Β
1937 4471 2105 4510 secus
2136 4452 2275 4519 Deo,
2300 4468 2480 4522 quam
2520 4450 2879 4505 extrinsecus
2913 4450 3252 4508 hominibus
3283 4457 3584 4527 conspica-

156 4549 504 4604 abscondita
544 4544 776 4609 carnis;
811 4543 911 4597 sed
963 4558 1028 4596 eo
1080 4542 1263 4597 multo
1298 4544 1712 4613 penetrabilior
1739 4552 1827 4601 est

156 4654 349 4691 sermo
376 4638 499 4701 Dei,
518 4658 545 4685 ‹‹
573 4633 922 4705 pertingens
946 4648 1132 4701 usque
1156 4631 1225 4685 ad
1249 4631 1594 4687 divisionem
1620 4636 1826 4689 animae

152 4743 217 4779 ac
242 4725 524 4795 spiritus.
545 4725 1110 4793 compagumque,et
1133 4719 1546 4777 medullarum.
1569 4745 1595 4771 ››
1620 4723 1829 4779 Anima

153 4812 665 4883 vivimus,spiritu
690 4809 1218 4881 intelligimus,vita
1238 4810 1406 4864 nobis
1424 4812 1673 4867 carnalis
1692 4831 1825 4868 cum

154 4904 355 4959 bestiis
389 4900 744 4958 communis
768 4904 887 4964 est;
922 4899 1065 4952 ratio
1097 4898 1378 4968 spiritalis
1413 4916 1545 4954 cum
1581 4902 1822 4972 angelis.

152 4994 284 5048 Tam
318 4994 535 5047 efﬁcax
565 4994 667 5044 est
692 4988 978 5058 judicium
1006 4987 1127 5052 Dei,
1155 4992 1216 5041 ut
1248 4990 1541 5042 discernat
1571 4991 1828 5044 carnalia

153 5088 382 5151 peccata
415 5088 475 5137 et
510 5077 840 5150 spiritalia,
869 5077 1001 5145 quis
1032 5092 1145 5146 quo
1178 5082 1311 5147 agat
1342 5077 1559 5145 animo,
1593 5079 1677 5133 vel
1713 5096 1826 5149 quo

152 5172 440 5226 desiderio
465 5168 706 5225 serviat
726 5168 784 5217 in
810 5165 976 5218 corde
1002 5182 1013 5218 :
1042 5170 1160 5218 tam
1191 5166 1569 5236 penetrabilis
1593 5173 1679 5221 est
1703 5169 1830 5237 ejus

152 5258 502 5325 intuitus,ut
518 5252 736 5312 omnia
754 5256 1107 5323 nostra,quae
1130 5254 1280 5325 agim
1293 5272 1360 5309 us
1373 5253 1460 5308 vel
1482 5254 1832 5326 cogitamus,

153 5351 360 5405 certius
384 5346 732 5420 cognoscat
768 5356 944 5410 quam
976 5359 1078 5396 nos
1114 5343 1245 5413 ipsi.
1278 5344 1447 5397 Illum
1472 5360 1700 5414 semper
1731 5344 1832 5398 ha-

154 5436 357 5495 bemus
373 5429 815 5494 testimonium
833 5432 1064 5484 actuum
1084 5436 1416 5486 nostrorum
1434 5430 1518 5486 vel
1538 5431 1835 5503 cogitatio-

1939 4542 2085 4598 biles
2116 4559 2343 4596 sumus.
2380 4541 2539 4596 Unde
2570 4541 2755 4595 sancti
2788 4557 2993 4596 omnes
3023 4541 3161 4597 foris
3192 4560 3273 4615 se,
3309 4545 3586 4618 intusque

1940 4631 2522 4702 circumspiciunt,et
2552 4628 2639 4683 vel
2689 4630 3163 4700 reprehendendo
3203 4650 3264 4687 se
3307 4636 3583 4704 exterius,

1938 4721 2025 4775 vel
2058 4722 2115 4774 in
2148 4737 2261 4790 quo
2286 4738 2345 4774 se
2379 4719 2625 4773 interius
2657 4719 2836 4773 videri
2868 4719 3235 4776 invisibiliter
3264 4723 3489 4779 timent.
3516 4725 3588 4780 Et

1941 4810 2095 4880 quod
2129 4810 2377 4863 dicimus
2417 4809 2485 4862 de
2528 4807 2888 4875 hominibus,
2922 4826 2986 4863 ac
3034 4811 3081 4864 si
3133 4812 3371 4883 angelos
3404 4814 3587 4881 dicas,

1940 4916 2004 4952 ac
2038 4898 2083 4952 si
2120 4896 2499 4967 archangelos
2531 4898 2711 4966 dicas,
2740 4914 2805 4951 ac
2836 4899 2881 4951 si
2915 4898 3230 4965 Cherubin,
3257 4918 3321 4955 ac
3354 4904 3401 4955 si
3428 4909 3590 4959 Sera-

1943 4986 2125 5058 phim,
2161 4986 2361 5055 sicque
2407 4983 2580 5037 aliam
2639 4985 2964 5054 quamlibet
3012 4994 3359 5057 creaturam,
3393 4992 3592 5046 omnia

1942 5075 2194 5129 revelata
2244 5077 2385 5127 sunt
2432 5070 2617 5124 oculis
2668 5072 2847 5138 illius,
2871 5075 3069 5129 omnia
3120 5082 3259 5131 sunt
3309 5083 3508 5148 aperta
3536 5083 3593 5133 et

1945 5162 2275 5225 manifesta,
2299 5175 2402 5211 nec
2426 5163 2512 5211 est
2542 5159 2696 5226 quod
2720 5175 2853 5212 eum
2885 5164 3072 5231 possit
3103 5162 3307 5220 latere.
3336 5187 3363 5215 ‹‹
3383 5166 3594 5221 Omnia

1945 5250 2121 5315 nuda,
2157 5253 2211 5302 et
2262 5250 2461 5316 aperta
2492 5244 2675 5299 oculis
2708 5247 2835 5315 ejus
2884 5254 3043 5318 sunt,
3078 5250 3148 5303 ad
3201 5267 3374 5320 quem
3426 5254 3594 5309 nobis

1945 5354 2133 5393 sermo
2158 5342 2244 5389 est
2269 5352 2318 5388 ;››
2345 5334 2451 5385 hoc
2480 5338 2589 5397 est,
2614 5331 2728 5401 ipsi
2756 5335 3036 5389 reddituri
3069 5354 3277 5393 sumus
3309 5343 3595 5399 rationem

1946 5431 2187 5481 actuum
2222 5426 2580 5477 nostrorum.

233 5546 422 5628 (1405)
457 5546 524 5602 In
558 5531 994 5597 Ambrosiastri
1024 5535 1320 5595 codicibus
1350 5537 1473 5595 haec
1504 5537 1789 5619 expositio
1820 5537 1901 5594 ita
1922 5536 2080 5615 jacet
2110 5547 2122 5589 :
2156 5532 2254 5607 qui
2281 5527 2443 5605 digne
2474 5526 2851 5588 ministerium
2871 5535 3145 5609 suscipere
3172 5545 3523 5599 meruerunt.

3640 5576 3663 5595 ρ
