3966 6210
462 279 565 335 751

1486 274 1822 333 A'l‘TONlS
1870 272 2448 332 VERCELLENSIS
2499 274 2847 336 EPISCOPI

3714 288 3806 346 752

534 432 562 460 α
592 410 880 466 Habentes
918 426 1023 479 ego
1075 407 1402 478 pontiﬁcem
1460 421 1761 473 nmmum,
1796 405 1892 473 qui
1930 421 2097 475 pene-
2129 410 2179 473 Α
2214 423 2466 475 agnosce
2498 412 2551 461 et
2587 410 2643 461 tu
2682 407 2956 462 similem.
2992 408 3114 462 Non
3150 409 3284 463 inde
3313 410 3660 477 dissimilem,
3686 416 3810 471 unde

457 499 635 555 travit
664 498 857 563 coelos,
888 497 1090 552 Jcsum
1126 494 1335 549 Filium
1373 494 1488 547 Dei.
1516 516 1541 541 ››
1569 493 1742 548 Paule
1775 494 1929 547 enim
1972 499 2104 547 ante

460 590 531 643 de
563 588 863 642 divinitate
901 586 1027 655 ejus
1073 582 1391 649 disserens,
1415 583 1497 636 ait
1520 599 1569 637 ει(
1603 583 1813 637 Omnia
1845 582 2019 648 nuda,
2049 586 2105 635 et

458 679 659 749 aperta
702 678 845 729 sunt
892 672 1076 728 oculis
1123 672 1252 740 ejus
1286 687 1299 724 :
1331 694 1359 719 ››
1392 687 1546 725 nunc
1595 674 1810 739 autem,
1845 670 1984 741 quia
2031 670 2102 724 de

459 781 630 820 carne
675 763 955 835 loquitur,
987 762 1058 815 de
1112 760 1386 831 pontifice
1433 759 1698 830 disputat
1746 758 1925 827 illius,
1961 757 2101 829 quia

456 852 841 923 semetipsum
872 849 1149 905 offerebat
1178 853 1387 903 nostra!
1414 864 1593 903 causa
1624 847 1849 914 salutis,
1874 852 1930 902 et
1960 864 2097 917 quo-

455 942 629 997 modo
654 941 841 1011 primo
872 938 1135 993 omnium
1169 939 1449 995 intrasset
1481 938 1538 991 in
1568 936 1888 1007 requiem.«
1913 936 2094 991 Habe-

454 1044 606 1098 mus,
647 1028 857 1099 inquit,
907 1028 1240 1099 pontilicem
1290 1042 1594 1099 magnum,
1629 1025 1729 1097 qui
1778 1026 2098 1097 penetravit

452 1116 645 1170 cozlos.
676 1138 703 1164 »
736 1117 884 1187 Ergo
919 1117 1147 1187 Moyses
1187 1118 1394 1171 ductor
1435 1114 1658 1186 pepuli,
1682 1113 1771 1168 cui
1809 1114 2098 1185 promissa

450 1209 540 1259 est
586 1204 814 1276 requies
860 1206 1219 1273 transitoria,
1262 1222 1376 1260 non
1428 1204 1667 1258 intravit
1709 1203 1767 1257 in
1813 1203 2096 1273 requiem,

450 1310 627 1365 quam
661 1294 875 1365 smpius
904 1294 1120 1366 populo
1148 1294 1437 1366 promisit.
1469 1295 1581 1347 Iste
1612 1309 1743 1346 vero
1776 1296 1973 1346 noster
2003 1309 2098 1346 sa-

450 1384 655 1439 cerdos
683 1382 942 1439 melioris
964 1382 1371 1455 promissionis
1394 1398 1660 1453 sponsor,
1682 1382 1832 1436 viam
1856 1381 2093 1448 faciens,

449 1472 825 1528 credentibus
855 1472 915 1527 in
948 1489 1030 1541 se,
1060 1472 1288 1544 primus
1336 1471 1573 1525 intravit
1609 1470 1667 1524 in
1701 1470 1961 1542 requiem
1996 1487 2097 1541 po-

450 1561 588 1632 pulo
607 1560 719 1617 sibi
736 1562 954 1617 credito
977 1560 1352 1633 promissam.
1372 1559 1638 1615 Ostendit
1657 1575 1791 1615 eum
1816 1574 2096 1630 magnum

449 1651 834 1716 sacerdotem,
861 1650 998 1723 quia
1019 1649 1439 1722 sempiternum
1472 1648 1648 1703 habet
1679 1649 2092 1717 sacerdotium,

450 1754 684 1810 semper
701 1739 897 1794 vivens
913 1739 983 1793 ad
1010 1738 1497 1810 interpellandum
1516 1754 1618 1808 pro
1638 1736 1825 1791 nobis.
1848 1736 1913 1790 Et
1938 1736 2094 1791 hunc

448 1827 643 1898 ipsum
676 1826 887 1882 Filium
916 1827 1017 1883 Dei
1049 1828 1323 1895 ostendit,
1348 1828 1488 1881 dum
1521 1825 1666 1880 dixit
1694 1843 1747 1880 :a
1769 1827 1975 1880 Jcsum
2011 1826 2094 1879 Fi-

446 1916 592 1971 lium
624 1916 725 1972 Dei
751 1932 810 1970 :»
832 1917 989 1988 quod
1021 1933 1313 1988 nusquam
1346 1917 1417 1971 de
1443 1916 1639 1988 Moyse
1671 1914 1861 1970 dicere
1891 1914 2097 1983 voluit,

445 2006 547 2060 sed
578 2022 713 2061 eum
746 2005 1032 2061 famulum
1062 2006 1421 2077 praeferebat,
1449 2005 1508 2059 in
1542 2004 1944 2075 superioribus
1975 2009 2097 2058 tes-

443 2095 676 2149 tificans
706 2094 791 2149 eis
821 2094 931 2149 sub
963 2094 1201 2150 nomine
1229 2094 1392 2161 Jesu,
1418 2094 1573 2164 quod
1604 2109 1816 2148 nomen
1851 2092 2096 2164 angelus

452 2198 487 2239 a
517 2183 633 2239 Deo
662 2182 921 2241 directus
946 2183 1171 2255 Virgini
1204 2182 1574 2237 annuntiavit
1602 2181 1809 2237 Filium
1840 2185 1938 2237 Dei
1968 2197 2097 2237 esse

452 2287 677 2337 verum,
702 2275 759 2327 et
788 2272 918 2328 ideo
946 2288 1227 2343 magnum
1260 2272 1644 2328 sacerdotem.

524 2382 553 2410 ‹‹
586 2361 916 2416 Teneamus
954 2361 1403 2417 confessionem.
1431 2384 1450 2410 ι
1487 2360 1730 2424 Qualem
1777 2360 2093 2416 confessio-

450 2462 586 2503 nem
608 2449 789 2503 dicit?
820 2449 1106 2513 Quoniam
1132 2449 1307 2505 Filius
1339 2450 1439 2505 Dei
1464 2454 1570 2521 est,
1594 2449 1871 2521 quoniam
1896 2448 2092 2504 Chris-

446 2541 545 2592 tus
582 2537 737 2593 Deus
787 2541 897 2606 est,
928 2538 1206 2608 quoniam
1254 2555 1466 2610 passus
1512 2544 1623 2603 est,
1673 2538 1937 2609 sepultus
1981 2541 2089 2608 est,

446 2627 763 2683 resurrexit
789 2627 963 2683 tertia
1011 2628 1123 2694 die,
1157 2627 1420 2683 ascendit
1446 2628 1506 2682 in
1538 2626 1771 2693 coelum,
1807 2627 1967 2682 sedet
2018 2627 2090 2681 ad

444 2718 737 2773 dexteram
788 2706 995 2784 Patris,
1028 2715 1163 2771 inde
1213 2719 1493 2772 venturus
1536 2716 1804 2786 judicare
1844 2715 2002 2770 vivos
2036 2718 2092 2769 et

443 2808 737 2874 mortuos;
770 2820 873 2876 per
902 2820 1077 2873 quem
1098 2804 1298 2859 omnia
1322 2804 1473 2859 bona
1501 2804 1809 2866 habemus,
1833 2804 2091 2874 redemp-

440 2893 683 2962 tionem,
715 2893 1224 2962 resurrectionem,
1249 2892 1647 2948 haereditatem
1676 2908 1811 2947 cum
1844 2909 1909 2948 eo
1940 2907 2089 2947 sem-

436 2984 732 3057 piternam
767 3001 781 3040 :
812 2982 935 3038 haec
978 2983 1379 3038 confiteamur.
1409 2983 1555 3047 Quia
1601 2999 1733 3038 vero
1781 2982 1901 3037 haec
1930 2998 2085 3049 vera,

442 3071 821 3129 manifestum
861 3088 930 3128 ex
977 3088 1044 3127 eo
1092 3071 1248 3144 quod
1297 3072 1555 3144 pontifex
1600 3072 1659 3127 in
1708 3070 2083 3127 interioribus

2124 1782 2172 1847 B

2215 493 2487 559 similem,
2514 495 2611 549 sed
2646 494 2759 550 alia
2788 512 2966 550 causa
2995 495 3165 561 illud,
3188 501 3245 552 et
3266 497 3378 552 alia
3407 498 3564 554 illud.
3587 500 3720 556 Dum
3746 509 3811 558 ta-

2213 598 2347 637 men
2382 590 2695 655 utrumque
2744 584 3234 641 demonstremus.
3270 586 3575 644 Dissimilis
3622 589 3809 646 homini

2213 670 2656 742 Christus,quia
2687 672 2860 739 Deus,
2885 673 3169 744 scriptum
3200 678 3289 729 est
3308 675 3458 730 enim
3490 676 3557 731 de
3586 676 3809 750 ille,quia

2210 763 2300 814 est
2330 777 2506 830 super
2536 760 2735 815 omnia
2787 762 2935 816 Deus
2981 762 3321 818 benedictus
3351 763 3408 819 in
3440 765 3643 821 saecula
3666 768 3808 838 (Rom.

2209 864 2288 913 1x,
2314 849 2393 918 5).
2419 849 2486 903 Et
2526 849 2736 903 similis
2769 849 2991 904 homini
3024 850 3308 919 Christus,
3330 852 3465 923 quia
3487 854 3667 921 homo,
3689 873 3809 928 quo-

2208 936 2364 991 niam
2406 938 2476 992 de
2522 937 2620 993 illo
2670 938 2987 993 identidem
3020 941 3301 1011 scriptum
3335 947 3421 996 est
3453 960 3465 996 :
3493 964 3519 991 «
3568 943 3812 1000 Mediator

2207 1025 2306 1079 Dei
2335 1030 2393 1080 et
2416 1025 2720 1081 hominum
2748 1026 3216 1093 homoChristus
3238 1028 3566 1102 Jesus(Gal.
3591 1034 3804 1103 111,19).

2209 1115 2523 1170 Dissimilis
2550 1118 2837 1188 peccatori
2859 1117 3147 1184 Christus,
3172 1119 3311 1190 quia
3331 1136 3555 1190 semper
3575 1126 3807 1189 sanctus;

2207 1208 2263 1257 et
2318 1205 2529 1258 similis
2589 1205 2873 1277 peccatori
2924 1206 3213 1269 Christus,
3237 1208 3376 1278 quia
3434 1212 3577 1264 Deus
3632 1209 3806 1263 Filium

2208 1309 2380 1347 suum
2416 1294 2575 1349 misit
2603 1295 2662 1348 in
2690 1294 3140 1350 similitudinem
3182 1296 3375 1351 carnis
3420 1298 3650 1369 peccati,
3679 1302 3735 1352 ut
3755 1299 3811 1353 de

2207 1386 2441 1452 peccato
2490 1384 2794 1439 damnaret
2838 1389 3137 1455 peccatum
3180 1383 3237 1437 in
3284 1401 3474 1440 carne.
3510 1386 3717 1441 Homini
3759 1402 3811 1440 ex

2206 1472 2359 1526 coitu
2399 1476 2533 1527 nato
2566 1471 2873 1527 dissimilis
2912 1472 3200 1543 Christus,
3226 1472 3286 1527 in
3319 1476 3595 1544 quantum
3624 1489 3685 1529 ex
3708 1473 3811 1528 Vir-

2206 1561 2339 1631 gine
2366 1564 2568 1629 natus;
2603 1562 2703 1617 sed
2752 1560 2976 1615 homini
3027 1565 3163 1616 nato
3212 1560 3427 1617 similis
3476 1561 3738 1627 Christus,
3763 1561 3810 1617 in

2206 1655 2493 1720 quantum
2525 1658 2581 1706 et
2608 1650 2735 1722 ipse
2782 1666 2850 1704 ex
2893 1649 3111 1705 femina
3141 1653 3320 1705 natus
3352 1654 3458 1721 est,
3489 1650 3577 1706 cui
3619 1651 3808 1706 dictum

2202 1743 2293 1793 est
2325 1755 2336 1793 :
2365 1762 2393 1789 ‹‹
2442 1739 2603 1803 Quod
2650 1742 2925 1793 nascetur
2980 1755 3048 1792 ex
3098 1743 3155 1793 te
3213 1741 3507 1804 sanctum,
3553 1738 3815 1795 vocabitur

2210 1828 2390 1883 Filius
2430 1828 2529 1882 Dei
2562 1827 2773 1899 (Matth.
2806 1845 2844 1895 1,
2875 1830 2974 1894 20;
3017 1828 3143 1883 Luc.
3179 1844 3218 1897 ῐ,
3246 1828 3366 1899 35).
3397 1852 3418 1880 ι
3456 1828 3668 1883 Homini
3699 1842 3812 1899 pre-

2206 1922 2336 1988 pter
2367 1922 2667 1989 peccatum
2701 1932 2875 1972 suum
2900 1920 3131 1971 mortuo
3152 1916 3468 1972 dissimilis
3491 1916 3744 1985 Christus,
3764 1914 3814 1969 in

2207 2012 2492 2077 quantum
2517 2006 2641 2061 sine
2663 2010 2918 2077 peccato,
2934 2010 2990 2060 et
3013 2004 3246 2077 propria
3286 2009 3557 2077 potestate
3577 2008 3815 2059 mortuus

2206 2100 2318 2154 est.
2340 2096 2441 2150 sed
2473 2111 2680 2150 rursus
2712 2094 2934 2148 homini
2969 2098 3200 2149 mortuo
3232 2093 3454 2150 similis
3481 2093 3740 2161 Christus,
3764 2091 3817 2146 in

2206 2188 2495 2255 quantum
2527 2188 2584 2238 et
2615 2183 2739 2254 ipse
2766 2200 2900 2237 vera
2935 2187 3123 2238 morte
3152 2183 3423 2254 corporis
3455 2186 3697 2237 mortuus
3724 2183 3817 2235 est.

2205 2273 2334 2327 Haec
2366 2282 2450 2327 est
2480 2273 2744 2335 tentatio,
2779 2287 2895 2342 qua
2934 2274 3194 2325 tentatus
3237 2276 3362 2327 est.
3397 2269 3817 2327 Persecutionem

2204 2361 2593 2433 plurimorum
2627 2376 2837 2432 passus
2884 2363 2991 2427 est,
3026 2364 3199 2430 sputa
3230 2376 3257 2414 s
3278 2359 3520 2432 uscepit,
3552 2361 3817 2415 accusatus

2202 2457 2309 2517 est,
2335 2450 2752 2506 detractionem
2776 2448 3080 2519 sustinuit,
3106 2448 3479 2505 calumniam
3508 2464 3703 2521 passus
3726 2449 3814 2514 est,

2202 2538 2475 2611 repulsus
2507 2542 2595 2593 est
2627 2555 2660 2593 a
2690 2537 2926 2609 propria
2954 2541 3146 2609 gente,
3169 2537 3229 2592 in
3254 2539 3379 2595 fine
3408 2538 3699 2593 cruciﬁxus
3724 2538 3811 2590 est.

2199 2630 2375 2684 Juxta
2404 2627 2876 2694 similitudinem,
2900 2626 3112 2697 inquit,
3137 2625 3267 2683 sine
3304 2631 3558 2700 peccato.
3582 2625 3716 2685 Dum
3741 2622 3809 2678 di-

2199 2718 2296 2787 cit,
2324 2718 2381 2772 in
2414 2716 2862 2772 similitudinem
2891 2715 3104 2779 carnis,
3141 2732 3258 2771 non
3292 2716 3401 2772 hoc
3431 2716 3590 2782 dicit,
3609 2713 3730 2785 quia
3753 2710 3812 2766 si-

2199 2806 2467 2861 militudo
2495 2805 2766 2876 putativae
2785 2803 2977 2859 carnis
2999 2803 3111 2859 fuit
3133 2804 3192 2859 in
3219 2821 3310 2876 eo,
3336 2806 3437 2862 sed
3460 2804 3594 2876 quia
3611 2813 3809 2858 carnem

2199 2895 2457 2966 suscepit
2502 2910 2721 2950 veram.
2753 2896 2941 2957 Quare
2985 2909 3122 2964 ergo
3153 2893 3324 2962 dixit,
3359 2895 3419 2951 in
3468 2889 3810 2950 similitudine

2196 2983 2429 3040 carnis?
2485 2983 2707 3039 Natura
2752 2998 2908 3048 vero,
2956 2997 3135 3053 quam
3184 2983 3472 3055 suscepit,
3505 2979 3703 3037 similis
3742 2978 3811 3032 est

2197 3072 2356 3128 carni
2389 3076 2631 3139 nostrae;
2666 3075 2971 3143 peccatum
3011 3086 3144 3125 vero
3192 3086 3572 3144 nequaquam
3621 3066 3809 3131 habuit,

438 3161 747 3218 velaminis
774 3160 1131 3217 constitutus
1159 3165 1266 3232 est,
1289 3160 1469 3216 intrat
1498 3160 1653 3216 enim
1682 3160 1968 3232 sanguine
2000 3177 2088 3217 as-
2116 3149 2157 3216 C
2197 3162 2351 3234 quod
2383 3165 2583 3217 nostra
2603 3177 2736 3217 caro
2758 3160 2831 3215 de
2860 3159 3204 3231 parentibus
3228 3160 3542 3216 contraxit.
3565 3157 3699 3224 Quia
3723 3152 3812 3210 talo

438 3267 660 3325 persus,
693 3253 949 3324 proprio,
984 3267 1099 3306 non
1146 3249 1356 3316 alieno,
1391 3249 1543 3306 sicut
1591 3249 1897 3321 pontiﬁces
1928 3249 2083 3322 prio-

437 3357 550 3409 res,
584 3341 685 3413 qui
715 3340 1002 3413 sanguine
1031 3356 1216 3395 vaccaa
1248 3339 1436 3395 rubrae
1467 3339 1945 3411 aspergebantur.

508 3453 536 3481 ‹‹
569 3430 695 3485 Non
723 3430 880 3485 enim
912 3429 1200 3484 habemus
1231 3427 1587 3501 pontificem,
1617 3426 1717 3500 qui
1750 3445 1865 3483 non
1897 3427 2083 3499 possit

434 3520 689 3591 compati
719 3518 1159 3575 inﬁrmitatibus
1190 3518 1427 3574 nostris.
1452 3539 1480 3567 »
1508 3517 1654 3584 Non,
1686 3517 1895 3588 inquit,
1920 3518 2079 3589 igne-

434 3613 526 3664 rat
546 3625 674 3680 quae
705 3611 906 3663 nostra
927 3611 1086 3663 sunt.
1107 3606 1281 3662 Venit
1311 3607 1467 3662 enim
1500 3622 1602 3678 per
1619 3607 1773 3661 viam
1806 3606 2076 3662 humana:

433 3697 805 3763 conditionis,
838 3713 941 3767 per
985 3695 1182 3752 omnia
1228 3696 1355 3751 sine
1392 3700 1647 3767 peccato,
1680 3695 1827 3750 nihil
1876 3712 2075 3752 secum

434 3786 702 3853 ati'erens,
734 3785 890 3841 unde
946 3784 1119 3840 morti
1173 3784 1400 3840 debitor
1445 3788 1621 3852 esset,
1654 3784 1807 3840 sicut
1857 3785 2073 3857 ipsein

433 3873 742 3947 Evangelio
771 3878 1045 3944 testatur,
1071 3873 1309 3928 dicens:
1342 3897 1366 3923 ‹«
1399 3873 1572 3928 Venit
1602 3875 1756 3928 enim
1800 3873 2073 3945 princeps

433 3964 613 4035 hujus
644 3964 872 4031 mundi,
899 3968 956 4019 et
980 3964 1039 4019 in
1071 3979 1164 4018 me
1194 3979 1309 4018 non
1339 3962 1515 4018 habet
1540 3962 1862 4034 quidquam
1887 3964 2072 4032 (Joan.

426 4071 547 4123 XIV,
570 4056 719 4127 30).»
742 4053 907 4109 Multi
933 4052 1238 4126 pontiﬁces
1263 4052 1534 4125 ignorant
1554 4068 1653 4108 eos
1675 4052 1775 4123 qui
1807 4053 1863 4107 in
1888 4053 2071 4108 tribu-

428 4139 747 4198 lationibus
777 4140 1080 4197 constituti
1109 4145 1267 4208 sunt,
1292 4157 1481 4213 neque
1508 4157 1632 4212 quae
1665 4140 1741 4194 sit
1769 4140 2071 4197 tribulatio

425 4230 488 4286 in
539 4230 800 4303 quolibet
851 4232 1046 4287 sciunt
1076 4246 1089 4286 :
1119 4230 1485 4303 impossibile
1525 4230 1740 4301 quippe
1784 4234 1873 4285 est
1920 4231 2071 4287 scire

425 4320 769 4377 afﬂictiones
793 4320 1165 4387 afflictorum,
1197 4320 1270 4387 ei,
1298 4322 1396 4390 qui
1427 4319 1887 4390 experimentum
1920 4320 2070 4374 afﬂi-

423 4410 633 4466 ctionis
665 4426 779 4465 non
809 4408 1034 4478 habuit,
1067 4415 1121 4465 et
1155 4408 1512 4465 sensibiliter
1559 4406 1755 4461 omnia
1786 4424 1899 4461 non
1932 4425 2065 4463 sus-

2194 3251 2303 3307 fuit
2332 3249 2611 3322 originale
2641 3252 2945 3319 peccatum
2975 3248 3035 3303 in
3066 3263 3245 3305 carne
3276 3249 3457 3322 primi
3492 3245 3748 3309 hominis,
3765 3243 3814 3295 ut

2191 3341 2328 3396 inde
2358 3344 2414 3395 et
2455 3354 2643 3412 paena,
2676 3343 2734 3394 et
2779 3337 3104 3393 remedium
3150 3338 3282 3394 fieri
3334 3338 3640 3411 potuisset.
3670 3334 3812 3387 Pwna

2189 3434 2246 3485 et
2296 3433 2598 3501 peccatum
2645 3427 2705 3482 in
2758 3426 2919 3483 omni
2967 3425 3230 3482 humano
3282 3443 3521 3499 genere,
3556 3428 3743 3498 praeter
3766 3418 3811 3474 in

2189 3519 2439 3588 Christo,
2471 3518 2531 3572 in
2564 3533 2679 3588 quo
2712 3515 2874 3572 salus
2905 3519 2961 3570 et
3010 3516 3341 3573 remedium
3376 3516 3505 3573 fuit.
3536 3515 3654 3570 Non
3683 3508 3807 3567 enim

2187 3608 2564 3681 przsjudicata
2592 3611 2682 3661 est
2724 3621 2858 3660 caro
2889 3605 3200 3677 peccatrix,
3236 3611 3306 3661 ut
3337 3606 3476 3661 inde
3524 3599 3810 3660 remedium

2187 3698 2312 3753 fieri
2344 3713 2457 3752 non
2489 3694 2795 3768 potuisset.
2831 3693 3173 3748 Prmsciebat
3206 3694 3477 3767 potentia
3507 3692 3618 3759 Dei,
3639 3685 3808 3763 quali-

2184 3791 2272 3843 ter
2292 3805 2361 3843 ex
2381 3787 2584 3841 eadem
2608 3800 2824 3851 massa,
2851 3782 3106 3853 justitia,
3131 3783 3412 3855 aequitas,
3439 3788 3496 3839 et
3524 3778 3811 3837 misericor-

2184 3877 2301 3947 dia,
2333 3879 2507 3946 atque
2539 3874 2724 3946 pietas
2755 3871 3055 3945 provenire
3084 3873 3400 3943 potuisset.

2258 3988 2285 4014 «
2318 3965 2612 4020 Adeamus
2641 3978 2776 4034 ergo
2807 3978 2942 4016 cum
2963 3960 3180 4015 ﬁducia
3212 3961 3287 4016 ad
3313 3963 3591 4018 thronum
3622 3954 3809 4032 gratia,

2183 4059 2247 4110 ut
2268 4050 2729 4110 misericordiam
2753 4066 3203 4121 consequamur,
3233 4054 3294 4106 et
3315 4051 3571 4123 gratiam
3593 4041 3812 4102 invenia-

2183 4162 2314 4199 mus
2364 4144 2423 4198 in
2473 4140 2688 4198 auxilio
2737 4144 3084 4212 opportuno.
3110 4160 3140 4190 »
3167 4140 3475 4197 Adeamus
3527 4152 3658 4210 ergo
3700 4144 3810 4188 cum

2164 4233 2415 4298 ﬁducia,
2437 4232 2545 4287 hoc
2567 4234 2656 4286 est
2675 4230 2957 4285 adeamus
2980 4245 3084 4300 per
3104 4228 3286 4284 ﬁdem
3312 4230 3387 4284 ad
3410 4229 3681 4284 thronum
3702 4235 3812 4294 gra-

2179 4322 2269 4376 tiae
2301 4322 2448 4392 ejus.
2483 4320 2816 4375 Habeamus
2867 4316 3161 4383 fiduciam,
3185 4319 3469 4389 quamvis
3511 4318 3812 4391 peccatores

2178 4411 2385 4477 simus,
2402 4426 2505 4481 per
2525 4409 2651 4479 ejus
2674 4406 2924 4479 gratiam
2948 4405 3314 4461 reconciliari
3341 4422 3545 4478 posse;
3576 4403 3623 4460 si
3642 4407 3812 4458 tamen

418 4498 617 4555 tinuit.
650 4497 905 4554 Pontifex
928 4503 1122 4555 autem
1155 4502 1356 4553 noster
1384 4499 1779 4584 competenter
1808 4495 2066 4567 primum
2096 4521 2143 4584 Β
2176 4500 2401 4555 fructus
2432 4498 2642 4570 dignos
2671 4495 2985 4551 fecerimus
3026 4494 3412 4566 poenitentiae,
3438 4498 3498 4550 et
3534 4494 3698 4549 fidem
3726 4487 3812 4584 fit:

419 4588 620 4643 omnia
676 4588 979 4650 sustinuit,
1014 4605 1141 4659 qua:
1202 4588 1438 4641 fuerunt
1496 4583 1765 4637 humanm
1821 4583 2065 4641 miseriae

418 4675 584 4732 illata
631 4680 764 4749 post
810 4680 1113 4748 peccatum
1165 4673 1336 4745 primi
1386 4670 1664 4735 heminis,
1702 4676 1759 4726 et
1805 4675 1944 4728 tunc
1993 4677 2063 4731 ad

417 4765 699 4821 interiora
720 4764 1026 4820 velaminis
1054 4764 1126 4818 ad
1152 4762 1427 4816 thronum
1459 4764 1709 4833 paternae
1743 4763 2064 4834 majestatis

418 4853 705 4910 ascendit.

487 4965 518 4994 «
551 4944 864 4998 Tentatum
894 4942 1088 4993 autem
1139 4952 1241 5008 per
1283 4937 1479 4993 omnia
1524 4955 1628 5011 pro
1677 4940 2061 4999 similitudine

413 5032 638 5102 absque
672 5031 923 5099 peccato.
952 5047 980 5077 »
1016 5028 1297 5082 Tentatus
1328 5031 1522 5083 autem
1556 5028 1843 5101 siquidem
1879 5032 2060 5088 diver-

412 5121 497 5177 sis
528 5115 741 5185 modis,
787 5115 887 5170 sed
938 5132 1053 5171 non
1106 5120 1435 5188 superatus.
1465 5119 1527 5173 In
1577 5119 2057 5179 tribulationibus

409 5206 717 5279 probatus,
742 5203 957 5277 ubique
995 5205 1177 5262 victor
1205 5206 1512 5278 gloriosus.
1540 5209 1820 5265 Tentatus
1866 5215 1955 5266 est
2006 5211 2054 5267 si

407 5292 647 5365 quidem
679 5310 781 5364 pro
811 5295 1194 5352 similitudine
1216 5298 1407 5353 carnis
1436 5299 1658 5369 absque
1682 5303 1935 5369 peccato.
1960 5300 2053 5354 Si-

406 5381 743 5437 militudine
772 5383 967 5458 itaque
1014 5386 1205 5440 carnis
1237 5387 1488 5458 peccati;
1522 5388 1622 5443 sed
1673 5392 1868 5443 tamen
1917 5406 2051 5446 caro

402 5468 565 5527 illius
588 5469 809 5543 absque
831 5475 989 5530 omni
1016 5479 1248 5548 peccato
1276 5476 1402 5532 fuit.
1426 5478 1788 5548 Quapropter
1807 5477 1877 5533 de
1906 5478 2049 5533 scri-

402 5559 595 5641 pturis
641 5574 891 5636 agnosco
930 5563 1309 5636 dissimilem;
1343 5566 1416 5626 de
1461 5564 1770 5638 scripturis
1818 5582 2047 5623 meeum

2178 4607 2335 4645 mam
2368 4604 2555 4658 usque
2591 4586 2651 4641 in
2684 4586 2862 4640 ﬁnem
2911 4589 3242 4640 teneamus.
3277 4585 3454 4640 Nunc
3500 4598 3632 4639 vero
3676 4575 3815 4633 sedet

2175 4678 2434 4751 pontifex
2464 4679 2659 4731 noster
2678 4676 2854 4730 Jesus
2890 4673 3064 4728 Filius
3084 4675 3141 4728 in
3168 4672 3392 4729 throno
3416 4673 3644 4746 gratiae;
3676 4678 3815 4741 para-

2172 4773 2269 4823 tus
2287 4771 2375 4822 est
2396 4764 2698 4837 indulgere
2720 4763 2973 4836 peccatis
2996 4763 3215 4818 nostris
3241 4762 3307 4817 in
3331 4767 3662 4835 opportuno
3684 4751 3817 4812 auxi-

2171 4858 2270 4913 lio.
2293 4856 2701 4928 Opportunum
2723 4858 2956 4924 tempus
2979 4856 3066 4907 est
3089 4850 3323 4921 auxilii,
3349 4857 3409 4907 et
3425 4842 3814 4907 misericordiae

2170 4945 2354 5012 illius,
2387 4946 2539 5001 sicut
2584 4944 2695 4999 iste
2726 4944 2927 5000 doctor
2974 4941 3249 5014 egregius
3302 4941 3424 4997 alio
3474 4942 3621 4997 dixit
3665 4939 3812 4992 loco:

2171 5059 2200 5087 ‹‹
2232 5037 2374 5091 Ecce
2425 5050 2581 5089 nunc
2626 5037 2860 5104 tempus
2907 5028 3291 5102 acceptabile,
3330 5047 3468 5086 ecce
3516 5044 3670 5085 nunc
3708 5022 3812 5078 dies

2168 5124 2375 5181 salutis
2401 5123 2477 5195 (Il
2506 5122 2625 5177 Cor.
2649 5138 2727 5186 vr,
2753 5121 2830 5191 2).
2862 5142 2889 5169 »
2919 5120 2987 5174 Et
3020 5116 3311 5190 propheta
3343 5117 3539 5175 multo
3570 5125 3696 5173 ante
3723 5112 3813 5167 hoc

2166 5214 2322 5270 idem
2354 5211 2552 5269 auxilii
2585 5209 2895 5282 opportuni
2944 5213 3175 5278 tempus
3211 5206 3569 5279 signiﬁcans
3593 5224 3641 5261 :u
3669 5204 3813 5258 Tem-

2164 5319 2322 5374 pore,
2347 5301 2561 5373 inquit,
2586 5304 2913 5372 oppertuno
2939 5294 3206 5352 exaudivi
3230 5299 3313 5365 te,
3341 5301 3401 5353 et
3432 5296 3492 5352 in
3516 5295 3610 5351 die
3630 5286 3814 5350 salutis

2163 5391 2357 5460 adjuvi
2389 5396 2445 5447 te
2473 5393 2597 5464 (lsa.
2620 5405 2772 5455 xmx,
2802 5388 2879 5456 8).
2903 5406 2928 5437 ι)
2967 5387 3037 5440 Et
3067 5400 3226 5439 nunc
3278 5392 3421 5458 post
3468 5384 3808 5457 baptismum

2162 5483 2468 5551 peccantes
2512 5476 2770 5534 invenire
2819 5472 3315 5547 misericordiam,
3341 5475 3393 5532 si
3428 5469 3809 5549 paenitentiam

2159 5565 2401 5647 egerint,
2419 5568 2621 5647 gratiis
2640 5569 2730 5624 est
2754 5563 2914 5621 illius
2946 5562 3047 5638 qui
3074 5560 3231 5621 sedit
3259 5564 3323 5620 in
3352 5565 3574 5623 throno
3601 5558 3799 5638 gratiis,
