3966 6210
144 444 263 507 753

733 443 1147 506 EXPOSlTlO
1189 443 1265 506 IN
1316 443 1746 507 EPISTOLAS
1791 442 2052 505 PAULI.
2091 478 2165 490 —
2195 445 2271 506 ΙΝ
2317 445 2566 509 EPlST.
2611 444 2713 506 AD
2758 443 2994 506 HEBR.

3447 440 3565 502 754

149 578 315 646 Quod
335 593 471 634 vero
493 576 758 650 pontifex
780 579 968 633 factus
990 582 1077 633 est
1099 595 1202 650 pro
1227 579 1704 650 nobis,magnum
1727 582 1815 633 est
1842 575 1900 644 Α
1929 581 2218 649 quomodo
2243 580 2373 652 quis
2396 581 2466 635 ad
2490 579 2882 635 sacerdotium
2905 575 3174 632 accedere
3195 573 3420 642 debeat,
3441 595 3468 622 «
3492 586 3566 628 ne

149 669 512 725 humilitatis
544 668 857 734 indicium,
890 685 1067 739 quam
1101 683 1168 723 ex
1201 673 1397 723 nostra
1427 669 1686 738 suscepit
1715 685 1811 721 na-

149 764 305 822 tura,
333 773 450 811 non
482 772 609 810 suae
640 757 1006 821 substantiae,
1040 773 1217 826 quam
1258 757 1431 812 habet
1463 756 1811 811 :eterualiter

151 864 284 903 cum
313 845 520 901 Patre:
547 845 641 899 cui
663 862 770 899 nos
791 845 963 899 ﬁdem
988 862 1120 900 cum
1147 846 1358 899 ﬁducia
1390 845 1669 899 bonitatis
1692 862 1806 898 suae

152 937 471 992 atl‘eramus
517 934 629 989 hoc
684 940 1012 1005 opportuno
1063 931 1340 1006 tempore,
1394 952 1527 989 cum
1561 935 1718 989 sedet
1749 933 1804 986 in

152 1026 351 1098 gratiae
385 1025 618 1088 throno,
644 1028 702 1077 et
733 1022 1174 1092 omniatribuit,
1205 1041 1330 1094 quae
1355 1024 1522 1078 nobis
1554 1025 1623 1077 ad
1659 1022 1808 1076 salu-

149 1121 268 1170 tem
300 1113 696 1185 provenirent.
723 1112 891 1166 Modo
919 1117 1149 1182 tempus
1173 1119 1262 1167 est
1284 1115 1570 1167 donorum
1598 1130 1610 1178 ;
1638 1128 1806 1165 nemo

153 1204 221 1258 de
254 1220 318 1258 se
351 1203 479 1273 ipso
512 1202 798 1271 desperet.
833 1202 1169 1256 Timeamus
1203 1201 1476 1256 thronum
1518 1202 1807 1272 aequitatis

151 1294 309 1362 eius,
347 1308 486 1347 cum
515 1290 733 1344 venerit
756 1290 1024 1360 judicare
1057 1291 1253 1346 omnia
1283 1293 1605 1345 secundum
1627 1293 1805 1362 justi-

150 1382 306 1437 tiam
331 1399 344 1444 ;
370 1387 427 1435 et
442 1386 575 1434 tunc
593 1381 701 1434 erit
717 1379 1143 1451 desperationis
1162 1385 1412 1451 tempus,
1436 1398 1590 1434 nunc
1613 1381 1806 1435 nolen-

146 1473 316 1527 tibus
349 1468 605 1526 converti
637 1470 708 1524 ad
742 1469 939 1524 sedem
973 1470 1192 1540 gratiae,
1222 1487 1352 1523 cum
1377 1469 1672 1523 thalamus
1700 1469 1807 1522 erit

151 1561 422 1624 clausus,
457 1564 810 1628 tantumque
843 1575 975 1612 cum
1007 1575 1222 1628 sponso
1264 1560 1672 1624 remanebunt,
1705 1557 1805 1628 qui

147 1651 420 1706 lucentes
451 1648 588 1703 boni
623 1647 816 1718 cperis
849 1648 1089 1702 ati‘erent
1127 1646 1448 1719 lampades.

221 1743 376 1806 (CAP.
411 1737 506 1807 V).
537 1757 559 1785 α
593 1735 797 1791 Omnis
826 1753 1078 1807 namque
1101 1737 1356 1808 pontifex
1377 1753 1445 1790 ex
1470 1735 1808 1790 hominibus

146 1830 524 1898 assumptus,
551 1842 654 1897 pro
678 1825 1018 1880 hominibus
1041 1825 1417 1880 constituitur
1449 1825 1507 1880 in
1539 1824 1651 1890 his,
1681 1841 1808 1895 qua:

1921 668 2234 738 quisquam
2267 671 2367 736 ait,
2404 674 2599 725 sumat
2620 668 2731 723 sibi
2764 668 3045 722 honorem
3069 665 3168 720 sed
3196 663 3296 735 qui
3326 667 3566 718 vocatur

1921 775 1954 811 a
1983 759 2095 812 Deo
2129 765 2408 829 tanquam
2440 762 2648 813 Aaron.
2681 777 2706 808 ιι
2746 757 2848 811 llic
2879 757 3054 810 etiam
3091 754 3337 824 percutit
3375 768 3564 807 sacer-

1920 847 2082 900 dotes
2117 848 2350 902 honoris
2381 848 2625 919 cupidos
2660 852 2715 900 et
2747 844 3051 901 sacerdotii
3083 843 3431 908 avides,non
3464 857 3564 912 pro

1921 936 2107 990 salute
2131 937 2458 1007 populi,sed
2483 954 2584 1008 pro
2608 937 2924 991 ambitione
2948 931 3353 1002 saeculiJgitur
3375 937 3562 985 Aaron

1921 1031 2155 1079 vocatus
2189 1031 2277 1080 est
2307 1044 2338 1080 a
2370 1027 2482 1080 Deo
2507 1027 2672 1096 signo
2699 1023 2956 1079 florentis
2977 1023 3170 1093 virgae,
3206 1022 3564 1075 demonstra-

1917 1117 2014 1167 tus
2047 1121 2126 1167 est
2156 1117 2511 1168 sacerdotem
2547 1133 2578 1168 a
2601 1115 2715 1168 Deo
2749 1130 2875 1167 esse
2899 1111 3168 1177 electum,
3194 1110 3368 1164 etiam
3402 1113 3454 1161 et
3479 1107 3566 1161 in-

1918 1203 2358 1266 cendioeorum,
2381 1204 2478 1273 qui
2499 1204 2626 1271 ejus
2651 1201 2946 1272 pontiﬁcio
2972 1197 3562 1254 inviderevoluerunt.

1997 1312 2016 1338 ι
2055 1293 2144 1345 Sic
2175 1297 2229 1345 et
2261 1293 2556 1346 Christum
2592 1309 2704 1345 non
2735 1291 3116 1359 semetipsum
3141 1287 3566 1352 clariﬁcavit,ut

1919 1380 2176 1451 pontifex
2209 1383 2389 1446 ﬁeret,
2437 1381 2535 1435 sed
2571 1381 2669 1450 qui
2702 1379 2930 1433 locutus
2957 1384 3045 1431 est
3076 1378 3146 1431 ad
3179 1394 3346 1442 eum;
3385 1374 3563 1430 Filius

1920 1487 2084 1524 meus
2115 1488 2176 1524 es
2209 1476 2290 1534 tu,
2329 1488 2432 1541 ego
2483 1469 2652 1523 hodie
2676 1469 2848 1538 genui
2874 1472 2948 1521 te.
2978 1489 3005 1516 ››
3035 1467 3149 1521 Ηοο
3180 1471 3289 1531 est,
3324 1465 3477 1534 quod
3503 1464 3562 1518 in

1918 1561 2226 1630 Evangelio
2259 1561 2380 1631 ipse
2399 1562 2513 1615 ait:
2545 1584 2572 1611 «
2605 1560 2728 1615 Non
2753 1559 2908 1614 enim
2941 1576 2974 1614 a
3004 1576 3096 1613 me
3124 1558 3250 1629 ipso
3278 1558 3428 1620 veni,
3461 1558 3562 1611 sed

1918 1649 2014 1704 ille
2047 1668 2138 1704 me
2166 1651 2328 1705 misit
2358 1653 2533 1720 (Joan.
2563 1668 2683 1716 VIII,
2720 1651 2828 1717 4'2).
2866 1671 2894 1697 »
2927 1654 2994 1703 Et
3022 1649 3271 1704 iterum:
3308 1669 3334 1695 ‹‹
3369 1648 3426 1704 Si
3459 1665 3564 1719 ego

1919 1739 2180 1809 gloriﬁco
2212 1739 2525 1809 meipsum.
2559 1738 2744 1810 gloria
2793 1756 2924 1793 mea
2955 1738 3100 1793 nihil
3133 1743 3258 1793 est:
3290 1741 3379 1792 est
3406 1738 3563 1792 enim

1922 1829 2214 1899 Pater,qui
2239 1828 2524 1899 gloriﬁcat
2559 1846 2653 1882 me
2684 1829 2868 1897 (Ibid,
2900 1828 3011 1897 54).
3049 1850 3075 1874 ››
3110 1827 3444 1881 Notandum
3476 1832 3566 1882 est

148 1921 293 1972 sunt
311 1917 387 2012 ad
413 1920 622 2012 Deum.
648 1937 669 1966 ι
699 1913 839 2012 Vult
867 1915 1172 2012 ostendere
1191 1914 1316 1984 jam
1340 1915 1546 1969 beatus
1575 1913 1804 1979 Paulus,
1837 1945 1887 2012 B
1920 1919 2073 1988 quod
2109 1917 2456 1988 gloriﬁcare,
2488 1921 2546 1972 et
2576 1916 2979 1980 honoriﬁcare,
3011 1920 3067 1971 et
3097 1915 3564 1985 clariﬁcare,tria

149 2004 438 2077 quoniam
466 2002 657 2058 multo
680 2002 893 2057 melius
915 2006 1003 2056 est
1025 2003 1468 2057 Testamentum
1493 2003 1806 2073 hoc,;1uam

146 2094 371 2160 Vetus;
407 2093 552 2164 quia
580 2091 729 2146 nihil
754 2091 810 2145 in
839 2091 945 2145 hoc
970 2097 1059 2145 est
1083 2091 1520 2161 imaginarium,
1553 2096 1616 2145 ut
1647 2096 1806 2162 puta,

150 2202 261 2240 non
297 2181 596 2253 templum
630 2179 948 2251 corporale,
983 2197 1096 2233 non
1121 2179 1364 2233 victima:
1400 2181 1807 2242 carnales,non

149 2271 599 2328 obsenaticnes
648 2268 882 2339 legales,
943 2269 1042 2323 sed
1103 2267 1309 2323 altiora
1365 2273 1420 2322 ct
1469 2268 1810 2339 perfectiora

146 2362 396 2424 omnia;
433 2361 572 2430 quia
603 2363 790 2413 totum
815 2357 1100 2430 quidquid
1128 2363 1217 2412 est
1241 2359 1292 2412 in
1321 2357 1703 2429 spiritalibus,
1724 2362 1811 2413 est

141 2452 342 2521 hujus
370 2449 723 2503 Testamenti
756 2448 924 2502 ratio.
960 2448 1069 2501 Sed
1101 2446 1240 2516 quia
1260 2447 1546 2518 spiritalia
1580 2463 1693 2502 non
1728 2448 1809 2503 sic

142 2539 555 2596 introducunt
581 2536 867 2601 inﬁrmos,
891 2535 1046 2591 sicut
1067 2536 1409 2606 corporalia,
1443 2537 1514 2591 de
1547 2554 1810 2608 corpora-

141 2629 310 2684 libus
346 2626 506 2681 enim
535 2624 848 2696 incipiebat
896 2625 1218 2695 disputare,
1269 2624 1508 2680 dicens:
1544 2649 1570 2674 «
1606 2625 1809 2680 Omnis

149 2732 415 2788 namque
446 2714 704 2786 pontifex
723 2731 791 2768 ex
816 2713 1156 2768 hominibus
1179 2717 1537 2785 assumptus,
1573 2732 1674 2786 pro
1706 2715 1808 2769 ho-

149 2807 421 2862 minibus
445 2802 874 2860 constituitur.»
907 2801 1284 2858 Deﬁnitenim
1302 2803 1557 2874 primum
1581 2804 1812 2874 quidsit

149 2896 443 2968 pontifex,
471 2898 529 2948 et
558 2894 925 2948 demonstrat
956 2908 1084 2962 qum
1116 2891 1442 2963 pertineant
1471 2894 1540 2946 ad
1576 2893 1808 2962 pontiﬁ-

148 3003 299 3053 cem,
325 2983 568 3053 etquod
597 2981 674 3037 sit
693 2982 820 3051 eius
839 2980 1256 3046 ministerium,
1279 2987 1333 3034 et
1358 2999 1481 3052 quae
1506 2982 1616 3036 sint
1642 2981 1810 3052 signa

149 3074 564 3148 pontificatus,
595 3072 652 3126 id
687 3076 793 3140 est,
833 3093 853 3120 α
899 3075 964 3124 ut
988 3072 1218 3126 olferrat
1259 3071 1410 3126 dona
1440 3075 1494 3124 et
1526 3071 1812 3126 sacriﬁcia

147 3161 615 3237 propitiationis,
649 3164 704 3216 et
734 3163 799 3214 ut
827 3159 1134 3215 condolere
1181 3160 1366 3231 possit
1397 3160 1487 3214 his
1520 3159 1618 3231 qui
1651 3161 1809 3229 igno-

147 3257 284 3308 rant
315 3256 374 3306 et
403 3254 606 3305 errant
634 3267 646 3316 ;
672 3249 949 3320 quoniam
972 3253 1028 3304 et
1047 3248 1172 3320 ipse
1198 3248 1593 3304 circumdatus
1611 3254 1695 3304 est
1722 3249 1808 3302 in-

1922 2007 2160 2078 quidem
2193 2008 2386 2072 verba,
2423 2008 2520 2061 sed
2545 2023 2637 2060 res
2661 2024 2777 2060 una
2807 2010 2895 2060 est
2915 2005 3091 2076 quod,
3116 2005 3306 2059 Grmce
3326 2004 3560 2073 dicitur,

1921 2097 2106 2150 doxan
2140 2097 2322 2166 (1406)
2350 2114 2362 2159 ;
2399 2097 2497 2150 sed
2533 2096 2917 2165 interpretum
2947 2094 3225 2148 varietate
3258 2092 3445 2157 aliter,
3478 2097 3564 2146 at-

1921 2202 2033 2254 que
2065 2185 2232 2240 aliter
2262 2185 2518 2255 positum
2566 2184 2626 2238 in
2678 2183 2901 2237 Latino.
2945 2183 3104 2246 Quod
3165 2182 3222 2236 in
3253 2180 3564 2252 Evangelio

1921 2274 2140 2328 dictum
2176 2277 2280 2342 est,
2315 2296 2340 2323 «
2379 2273 2662 2344 gloriﬁco,
2686 2294 2714 2320 ‹‹
2746 2271 2838 2325 hic
2858 2270 3173 2341 Apostolus
3205 2269 3568 2325 elariﬁcatio-

1920 2379 2050 2416 nem
2083 2363 2369 2416 nominat.
2403 2361 2770 2416 Clariﬁcatus
2801 2365 2889 2414 est
2931 2376 3066 2430 ergo
3098 2358 3280 2413 Filius
3311 2375 3343 2413 a
3378 2359 3563 2426 Patre,

1921 2453 2154 2523 quando
2187 2469 2363 2522 super
2394 2452 2749 2521 baptizatum
2782 2467 2890 2504 vox
2926 2449 3113 2503 Patris
3146 2448 3344 2502 audita
3375 2451 3465 2502 est
3495 2448 3568 2502 de

1921 2541 2118 2596 cmlis:
2155 2564 2179 2590 «
2217 2541 2318 2595 Hic
2351 2544 2439 2594 est
2475 2540 2652 2594 Filius
2684 2555 2851 2593 meus
2881 2537 3148 2603 dilectus,
3176 2537 3235 2590 in
3270 2553 3384 2607 quo
3420 2535 3565 2590 mihi

1921 2631 2067 2686 bene
2097 2628 2421 2700 complacui
2454 2628 2676 2698 (Matth.
2708 2645 2795 2697 Ill,
2831 2629 2893 2681 17
2921 2645 2934 2692 ;
2968 2630 3094 2681 Luc.
3131 2628 3220 2690 ιῐι,
3241 2625 3354 2695 22).
3381 2646 3408 2673 »
3431 2623 3566 2688 Quae

1921 2718 2257 2774 clariﬁeatio
2281 2719 2540 2789 quidem,
2562 2718 2681 2772 sive
2712 2715 3054 2788 gloriﬁcatio
3085 2713 3270 2768 multo
3303 2717 3437 2768 ante
3466 2730 3570 2785 per

1921 2806 2513 2878 Prophetam,Spiritu
2547 2810 2748 2862 sancto
2778 2802 3420 2876 inspirante,pr£edicta
3439 2806 3562 2858 est:

1921 2922 1947 2946 ‹‹
1983 2898 2267 2950 Dominus
2308 2896 2449 2950 dixit
2499 2896 2570 2950 ad
2622 2912 2748 2950 me:
2813 2893 2996 2948 Filius
3050 2909 3216 2948 meus
3248 2908 3310 2946 es
3341 2895 3426 2957 tu,
3459 2906 3566 2963 ego

1920 2985 2090 3040 hodie
2122 2985 2296 3056 genui
2327 2989 2382 3039 te
2426 2984 2598 3055 (Psal.
2650 3002 2711 3049 ιι,
2742 2984 2819 3053 7).
2855 3005 2883 3031 »
2928 2981 3239 3037 Dominum
3274 2980 3567 3051 signiﬁcat

1921 3075 2563 3129 Patrem.Attendamus
2585 3076 2777 3126 autem
2810 3071 2965 3141 quod
2992 3069 3226 3141 posuit:
3264 3091 3291 3119 α
3321 3069 3472 3123 Dixit
3493 3070 3566 3122 ad

1921 3179 2013 3216 me
2038 3161 2216 3216 Filius
2250 3177 2414 3216 meus
2473 3177 2535 3215 es
2575 3165 2679 3226 tu;
2714 3182 2740 3208 ››
2799 3159 2952 3229 quod
3010 3157 3185 3212 etiam
3218 3156 3266 3210 ei
3300 3156 3567 3210 dicturus

1922 3255 2046 3305 erat
2079 3255 2207 3322 post
2238 3249 2636 3320 baptismum:
2669 3271 2695 3296 ‹‹
2730 3247 2832 3301 Hic
2862 3250 2950 3300 est
2981 3244 3161 3300 Filius
3193 3260 3358 3298 meus
3390 3242 3567 3296 dilec-

148 3341 460 3397 ﬁrmitate.
495 3362 523 3388 ‹‹
557 3312 875 3410 Oportebat
895 3337 1052 3392 enim
1073 3312 1150 3392 de
1181 3336 1598 3392 excellentibus
1629 3342 1809 3392 terre-
1841 3312 1884 3380 C
1923 3312 2106 3405 ωε,ἰῇ
2142 3355 2256 3410 quo
2289 3312 2430 3392 mihi
2466 3335 2811 3408 complacui.
2847 3355 2875 3383 ››
2907 3334 3024 3388 Hoc
3057 3333 3274 3402 itaque,
3311 3336 3376 3386 ut
3405 3330 3568 3384 Chri-

147 3432 242 3486 nis
276 3431 462 3485 ﬁdem
495 3429 704 3494 facere,
739 3432 804 3482 ut
837 3427 908 3482 ad
940 3426 1345 3482 excellentiora
1367 3426 1653 3497 spiritalia
1684 3444 1814 3499 per-

151 3520 353 3575 venire
387 3521 651 3590 possent,
686 3520 750 3570 ut
788 3532 856 3571 ex
905 3519 1182 3570 consueto
1235 3516 1602 3570 sacerdotum
1632 3532 1812 3584 more,

150 3610 254 3681 qui
289 3608 351 3662 in
383 3608 512 3678 lege
547 3605 657 3660 fuit
675 3606 746 3660 ad
769 3604 1027 3671 altius,id
1057 3609 1166 3670 est,
1189 3603 1404 3659 Christi
1425 3605 1814 3660 sacerdotium

153 3715 254 3755 eos
287 3696 661 3768 perduceret,
695 3694 796 3764 qui
828 3694 1021 3748 adhuc
1048 3693 1266 3748 inﬁrmi
1307 3693 1564 3759 fuerunt,
1597 3699 1652 3748 et
1683 3711 1814 3764 pro-

152 3786 485 3859 pemodum
517 3782 801 3838 carnales.
845 3782 1139 3837 Pontiﬁcis
1187 3782 1385 3852 itaque
1416 3783 1674 3837 ofﬁcium
1707 3787 1814 3850 est,

154 3877 309 3931 inter
341 3875 534 3930 Deum
568 3876 723 3927 stare
751 3875 806 3926 et
839 3871 1143 3943 populum,
1169 3871 1352 3926 Deum
1385 3871 1681 3942 deprecari
1714 3890 1817 3944 pro

155 3963 366 4038 populi
398 3961 669 4017 delictis:
723 3960 832 4015 hoc
861 3960 1016 4016 enim
1056 3959 1322 4015 Christus
1371 3961 1522 4031 fecit,
1556 3962 1816 4032 seipsum

157 4055 417 4111 otl‘erens
449 4067 556 4123 pro
577 4050 832 4122 peccatis
856 4049 1329 4120 nostris,semper
1348 4050 1507 4105 vivus
1531 4052 1600 4105 ad
1633 4051 1818 4106 inter-

157 4142 515 4216 pellandum
547 4155 651 4210 pro
683 4138 873 4202 nobis,
905 4137 1084 4192 semel
1116 4154 1185 4192 ex
1221 4137 1558 4194 hominibus
1589 4157 1820 4195 assum-

161 4238 323 4304 ptus,
359 4230 466 4285 sed
499 4244 733 4298 semper
753 4244 856 4299 pro
884 4226 1225 4281 hominibus
1245 4226 1821 4298 interpellans.Ponit

165 4321 266 4375 hic
284 4315 610 4390 Apostolus
623 4316 888 4386 quaedam
903 4315 1240 4370 communia
1251 4315 1479 4370 Christo
1493 4333 1625 4371 cum
1640 4335 1824 4373 sacer-

164 4408 435 4473 dotibus,
470 4405 741 4477 quaadam
793 4420 924 4458 vero
982 4403 1209 4458 altiora.
1255 4404 1414 4466 Quod
1465 4404 1664 4476 itaque
1702 4407 1820 4462 ait:

167 4521 194 4547 (ε
213 4497 423 4552 Omnis
439 4508 700 4564 namque
714 4492 970 4564 pontifex
984 4509 1050 4547 ex
1065 4491 1404 4571 hominibus
1417 4500 1779 4565 assumptus,
1796 4518 1823 4544 »

165 4587 280 4641 hoc
311 4599 638 4640 commune
654 4586 761 4648 est,
781 4604 810 4631 α
828 4598 929 4652 pro
944 4581 1283 4636 hominibus
1302 4581 1697 4646 constituitur,
1719 4606 1746 4632 »
1769 4589 1826 4639 et

1925 3434 2081 3482 stum
2100 3442 2271 3480 unam
2289 3441 2597 3496 personam
2620 3420 3330 3492 sentires,etunigenitum
3355 3418 3567 3474 Filium

1925 3515 2024 3571 Dei
2057 3515 2304 3584 adjecit:
2337 3536 2364 3563 ‹‹
2400 3515 2516 3586 Ego
2548 3513 2721 3566 hodie
2751 3510 2924 3582 genui
2947 3514 3022 3566 te.
3056 3531 3084 3560 »
3119 3509 3237 3564 Hoc
3263 3509 3388 3579 jam
3421 3507 3568 3562 nihil

1928 3607 2100 3661 habet
2132 3619 2441 3658 commune
2473 3618 2606 3656 cum
2637 3601 2880 3664 caeteris,
2905 3598 3004 3671 qui
3035 3597 3138 3652 ﬁlii
3164 3595 3569 3667 dicuntur.qui

1926 3693 2257 3749 sacerdotes
2289 3690 2757 3762 appellantur,de
2782 3689 2996 3760 quibus
3019 3688 3240 3742 dictum
3263 3690 3385 3746 est:
3416 3684 3570 3754 «Ego

1925 3783 2041 3838 dixi
2067 3781 2186 3846 :Dii
2206 3781 2347 3837 estis
2378 3785 2434 3835 et
2459 3780 2564 3834 ﬁlii
2597 3778 2808 3835 excelsi
2832 3793 3036 3833 omnes
3072 3777 3246 3845 (Psal,
3281 3792 3464 3843 LXXXI,
3494 3775 3566 3842 6;

1924 3875 2080 3928 Joan.
2113 3890 2170 3939 χ,
2203 3873 2331 3939 34);
2369 3893 2395 3918 ››
2446 3870 2544 3925 sed
2603 3872 2790 3924 totum
2840 3872 2928 3923 est
2962 3865 3247 3938 unigeniti
3279 3863 3403 3920 Filii
3438 3880 3570 3935 pro-

1925 3962 2142 4034 prium.

2001 4074 2027 4099 ((
2064 4049 2570 4115 Quemadmodum
2603 4052 2659 4100 et
2685 4045 2744 4099 in
2768 4044 2880 4099 alio
2914 4043 3039 4098 loco
3070 4042 3248 4097 dicit:
3281 4042 3369 4095 Tu
3391 4057 3454 4094 es
3473 4044 3572 4094 Sa-

1930 4141 2136 4197 cerdos
2165 4138 2223 4192 in
2271 4142 2550 4191 aeternum
2596 4134 2917 4188 secundum
2967 4131 3231 4185 ordinem
3263 4127 3574 4184 Melchise-

1929 4230 2073 4285 dech
2107 4227 2274 4297 (Psal.
2309 4242 2420 4293 CIX,
2455 4226 2528 4293 4).
2569 4245 2594 4270 ››
2624 4223 2706 4275 Ad
2732 4237 2904 4291 quem
2923 4219 3147 4274 dictum
3178 4220 3267 4272 est
3294 4217 3403 4271 hoc
3428 4233 3440 4270 :
3463 4217 3572 4281 Qui

1931 4324 2018 4376 est
2040 4315 2365 4374 secundum
2387 4312 2649 4368 ordinem
2675 4306 3098 4364 Melchisedech
3115 4305 3309 4360 ‘INulli
3333 4303 3576 4372 alii,nisi

1930 4413 2160 4464 tantum
2181 4402 2434 4476 pontiﬁci
2465 4399 2744 4467 nostro,id
2769 4399 2879 4464 est,
2901 4394 3371 4451 Christo.0mnes
3394 4391 3572 4462 enim,

1934 4497 2034 4569 qui
2067 4501 2206 4550 tunc
2235 4495 2422 4560 erant,
2446 4489 2777 4545 sacerdotes
2801 4484 3032 4557 quando
3054 4483 3164 4538 hoc
3191 4481 3575 4537 vaticinatum

1936 4587 2064 4652 fuit,
2094 4585 2203 4640 sub
2235 4583 2359 4654 lege
2381 4583 2564 4636 erant.
2591 4575 2904 4649 Apostolus
2930 4572 3193 4629 scribens
3214 4571 3284 4626 ad
3308 4569 3577 4625 Hebraeos

167 4676 313 4742 hoc.
344 4695 373 4722 (ί
407 4677 476 4726 ιη
508 4671 712 4726 Offerat
731 4671 886 4724 dona
906 4675 961 4725 et
981 4669 1264 4725 sacriﬁcia
1287 4687 1389 4742 pro
1413 4672 1682 4742 peccatis,
1719 4693 1747 4720 »
1774 4677 1830 4728 et
1858 4681 1906 4748 Β
1936 4678 2087 4732 hanc
2118 4670 2468 4743 interposuit
2514 4666 2993 4739 disputationem.
3040 4660 3281 4717 Nullum
3304 4662 3580 4732 poterunt

168 4765 313 4827 hoc,
349 4759 455 4815 sed
487 4776 598 4814 non
630 4758 1093 4830 totum.Reliqua
1112 4777 1243 4814 vero
1266 4777 1379 4815 non
1402 4765 1540 4815 sunt
1570 4778 1828 4816 commu-

166 4852 298 4916 nia,
335 4872 364 4898 α
402 4847 504 4919 qui
537 4852 726 4920 potest
749 4846 1056 4902 condolere
1085 4847 1178 4903 his
1209 4848 1308 4919 qui
1340 4849 1672 4919 ignoranter
1694 4867 1827 4922 pec-

166 4944 332 4997 cant.
360 4959 391 4988 ››
427 4937 530 4992 Hic
555 4939 682 5006 jam
713 4935 1059 4991 excellentia
1082 4941 1189 5005 est,
1214 4937 1284 4991 de
1309 4954 1425 5009 qua
1445 4939 1716 5010 superius
1743 4940 1829 4994 in-

169 5028 356 5102 priori
389 5025 688 5081 ententia
711 5024 888 5079 latius
919 5025 1256 5096 disputavit,
1291 5029 1346 5080 et
1376 5026 1505 5082 ideo
1529 5029 1828 5099 abjunxit:

171 5140 200 5167 «
231 5117 303 5171 Et
333 5113 656 5187 propterea
685 5111 878 5177 debet,
912 5113 1408 5182 quemadmodum
1460 5133 1562 5186 pro
1595 5115 1830 5187 populo,

172 5205 258 5260 ita
285 5204 471 5260 etiam
503 5218 612 5272 pro
644 5200 959 5272 semetipso
990 5202 1192 5256 oﬁerre
1216 5219 1318 5272 pro
1351 5205 1620 5273 peccatis.
1657 5227 1684 5255 «
1717 5205 1834 5260 Hoc

172 5311 312 5350 vero
344 5294 420 5349 ad
445 5290 787 5346 sacerdotes
815 5288 1029 5361 legales
1052 5290 1239 5362 magis
1268 5292 1538 5362 pertinet,
1563 5309 1739 5364 quam
1762 5295 1831 5348 ad

173 5382 510 5448 Christum,
545 5378 664 5433 nisi
698 5378 843 5432 forte
888 5378 1019 5449 quis
1051 5378 1204 5434 dicat
1234 5397 1418 5436 unum
1467 5397 1595 5436 esse
1625 5399 1836 5453 corpus

175 5471 396 5526 Christi
431 5474 490 5525 et
521 5465 822 5531 Ecclesiae,
857 5468 1070 5522 etdum
1102 5469 1267 5523 offert
1293 5486 1394 5540 pro
1428 5466 1700 5534 Ecclesia,
1732 5487 1836 5541 pro

176 5561 304 5616 suis
333 5561 516 5615 etiam
550 5552 839 5611 membris
871 5555 1206 5612 oti‘erat.Sed
1231 5558 1350 5612 haec
1378 5559 1628 5614 violenta
1659 5560 1838 5612 inter-

1938 4765 2118 4821 alium
2136 4774 2492 4833 quemquam
2508 4751 2949 4821 ostendere,nisi
2963 4750 3297 4823 pontiﬁcem
3310 4750 3577 4803 nostrum

1937 4855 1996 4910 id
2023 4857 2130 4919 est,
2164 4850 2480 4905 Christum.
2521 4841 2962 4909 Melchisedech,
3013 4840 3336 4896 secundum
3370 4835 3580 4909 legalia

1941 4942 2218 5000 mandata
2234 4956 2346 4993 non
2364 4937 2473 4992 fuit
2486 4936 2779 4998 sacerdos,
2799 4932 2895 4988 sed
2921 4930 3245 4986 secundum
3267 4926 3578 4997 cujusdam

1941 5029 2258 5102 singularis
2306 5023 2611 5080 sacerdotii
2660 5020 3027 5091 dignitatem,
3079 5033 3290 5089 panem
3334 5015 3581 5070 offerens

1942 5101 2077 5185 Deo,
2111 5122 2167 5172 et
2190 5116 2412 5178 vinum,
2454 5127 2570 5164 non
2611 5110 2919 5162 hrutorum
2970 5105 3313 5160 animalium
3346 5101 3580 5170 sangui-

1943 5224 2076 5263 nem
2103 5223 2115 5260 :
2148 5203 2218 5258 ad
2253 5200 2423 5269 cujus
2453 5196 2717 5250 ordinem
2751 5193 3059 5248 sacerdotii
3097 5191 3362 5246 Christus
3393 5190 3583 5244 factus

1944 5301 2032 5352 est
2085 5288 2377 5354 sacerdos,
2424 5301 2538 5338 non
2555 5279 3017 5352 temporalis,sed
3037 5278 3388 5346 aaternus,ad
3408 5281 3588 5349 quem‘

1944 5385 2052 5439 hoc
2084 5379 2305 5433 dictum
2334 5376 2457 5426 est:
2495 5392 2522 5418 ‹‹
2564 5372 2648 5423 Tu
2675 5387 2737 5424 es
2787 5368 3060 5422 sacerdos
3089 5368 3148 5421 in
3181 5370 3464 5421 mternum
3494 5381 3584 5420 se-

1947 5469 2205 5526 cundum
2239 5461 2502 5516 ordinem
2526 5455 2972 5511 Melchisedech.
3003 5477 3030 5504 »
3053 5455 3269 5509 Omnes
3295 5453 3452 5508 enim
3475 5454 3584 5508 sub

1948 5560 2071 5627 lege
2094 5547 2598 5610 erantsacerdotes
2623 5547 2768 5611 ;iste
2789 5544 2953 5599 solus
2975 5544 3296 5600 secundum
3320 5543 3583 5597 ordinem

179 5649 430 5721 pretatio
460 5643 654 5702 videri
678 5642 907 5713 poterit.
933 5644 1148 5700 Deinde
1173 5646 1474 5716 disputare
1504 5647 1842 5719 aggreditur
1949 5636 2395 5705 Melchisedech,
2427 5651 2494 5689 ex
2523 5650 2589 5688 eo
2620 5635 2773 5704 quod
2800 5638 2974 5689 natus
3004 5639 3095 5689 est
3123 5634 3194 5687 de
3225 5635 3387 5686 utero
3408 5628 3584 5697 virgi-

251 5757 440 5827 (1/106)
471 5752 701 5818 Verbo,
738 5743 1021 5822 δοξάζομαι
1045 5753 1346 5823 gloriﬁcor,
1369 5756 1444 5823 et,
1471 5749 1596 5822 δόξα
1624 5753 1837 5826 gloria.
