3966 6210
352 424 472 485 755

1379 427 1714 488 ATTONIS
1760 425 2343 489 VERCELLENSIS
2392 430 2750 492 EPISCOPI

3653 425 3784 492 756

359 562 479 618 nali
506 567 638 619 ante
671 563 1000 626 luciferum,
1035 577 1149 616 non
1199 561 1521 615 secundum
1553 561 1608 614 id
1642 561 1792 632 quod
1829 566 2000 616 natus
2033 560 2086 624 Α
2117 560 2448 615 ostenderet
2475 561 2531 616 in
2566 563 2758 634 seipso
2791 560 3174 617 humanitatis
3205 566 3418 617 nostra:
3471 566 3783 617 naturam.

359 658 450 709 est
478 671 543 708 ex
577 655 742 707 Patre
767 658 912 707 Deus
935 651 1087 723 apud
1116 652 1695 713 Patrem,cozeternus
1717 649 2002 721 gignenti,

361 748 418 798 et
475 740 905 805 substantialis,
963 740 1062 794 sed
1137 741 1409 794 sacerdos
1479 744 1714 810 prOpter
1769 755 2002 793 carnem

359 833 994 902 assumptam,pr0pter
1022 828 1317 882 victimam
1343 844 1516 899 quam
1544 845 1646 898 pro
1675 828 1841 882 nobis
1875 829 2007 881 olfe-

359 921 526 974 rebat
555 936 588 974 a
621 919 788 973 nobis
819 921 1139 988 acceptam,
1176 917 1230 970 id
1264 923 1372 981 est,
1408 933 1642 971 carnem
1675 922 1729 969 et
1761 917 2004 986 sangui-

359 1025 490 1063 nem
525 1023 738 1061 suum:
776 1008 845 1060 de
877 1023 994 1077 qua
1023 1005 1259 1060 victima
1298 1006 1420 1076 ipse
1453 1007 1510 1060 in
1548 1005 1852 1075 Evangelio
1885 1005 2000 1058 ait:

359 1118 386 1145 ‹‹
405 1097 526 1150 Nisi
544 1095 1035 1151 manducaveritis
1058 1113 1292 1151 carnem
1322 1096 1443 1150 Filii
1469 1096 1744 1161 hominis,
1775 1101 1830 1149 et
1853 1095 2006 1150 bibe-

357 1185 487 1240 ritis
518 1185 647 1254 ejus
679 1185 1048 1255 sanguinem,
1085 1203 1198 1240 non
1220 1186 1509 1240 habebitis
1539 1187 1715 1238 vitam
1749 1185 1808 1238 in
1841 1186 2004 1239 vobis

358 1274 535 1345 (Joan.
568 1291 646 1343 vx,
678 1276 791 1344 54).
830 1297 855 1322 ››
889 1276 998 1328 Sed
1034 1275 1089 1328 in
1143 1275 1254 1330 ista
1287 1291 1552 1339 carne,ac
1585 1274 1888 1344 sanguine,
1923 1272 2001 1326 nil

356 1367 693 1429 cruentum,
720 1363 798 1417 nil
824 1363 1197 1434 corruptibile
1217 1380 1382 1418 mens
1411 1363 1666 1417 liumane
1693 1362 2000 1432 concipiat,

357 1452 509 1508 sicut
538 1451 679 1505 dicit
727 1451 1081 1522 Apostolus:
1119 1474 1144 1499 ‹‹
1179 1452 1285 1514 Qui
1343 1451 1497 1505 enim
1531 1468 1742 1522 corpus
1779 1450 2000 1504 Domini

356 1540 596 1609 indigne
629 1541 1276 1609 manducat,judicium
1310 1540 1417 1595 sibi
1452 1541 1769 1594 manducet
1800 1540 1852 1605 (Ι
1881 1539 2000 1594 Cor.

356 1646 435 1694 x1,
467 1629 581 1699 ‘39),
612 1649 638 1680 ιο
674 1629 774 1683 sed
799 1629 1231 1684 viviﬁcatricem
1256 1629 1670 1694 substantiam,
1706 1633 1880 1693 atque
1911 1645 2003 1681 sa-

357 1715 607 1770 lutarem
642 1717 699 1770 in
726 1733 873 1788 pane
899 1722 957 1770 et
977 1717 1129 1786 vino,
1155 1734 1257 1788 per
1282 1734 1429 1788 quae,
1455 1717 1500 1771 si
1527 1717 1699 1786 digne
1723 1715 2001 1779 sumitur,

359 1805 527 1859 nobis
559 1809 648 1860 est
676 1810 1048 1876 peccatorum
1077 1806 1342 1861 remissio
1367 1810 1422 1860 et
1454 1805 1613 1874 regni
1646 1805 1745 1859 Dei
1779 1821 2005 1875 posses-

359 1893 447 1949 sio
477 1893 903 1963 collata.Hujus
937 1895 1203 1950 ordinem
1237 1895 1506 1950 sacrificii
1560 1910 1661 1964 per
1693 1893 2000 1964 mysticam
2031 1928 2078 1993 Β

359 1981 832 2047 similitudinem,
867 1982 1675 2054 Melchisedechjustissimus
1707 1998 1805 2036 rex
1839 1982 2003 2036 insti-

358 2070 490 2138 tuit,
525 2071 759 2142 quando
789 2071 1036 2126 Domino
1067 2071 1234 2143 panis
1265 2077 1322 2126 et
1366 2071 1481 2126 vini
1517 2073 1738 2126 fructus
1770 2070 1998 2126 obtulit.

359 2159 596 2214 Constat
625 2160 780 2214 enim
816 2162 1105 2232 pecudum
1133 2162 1398 2216 victimas
1422 2161 1684 2232 periisse,
1718 2177 1844 2231 quae
1880 2161 2000 2214 fue—

359 2253 497 2302 runt
517 2249 740 2304 ordinis
765 2255 974 2318 Aaron,
1004 2267 1113 2304 non
1139 2250 1554 2306 Melchisedech
1585 2268 1596 2314 ;
1623 2251 1720 2304 sed
1749 2249 1855 2303 hoc
1885 2266 2001 2302 ma-

359 2353 496 2391 nere
528 2337 722 2408 potius
752 2337 1114 2402 institutum,
1164 2341 1317 2410 quod
1375 2344 1494 2394 toto
1539 2340 1676 2392 orbe
1720 2339 1774 2391 in
1809 2355 1998 2392 sacra-

358 2430 693 2478 mentorum
715 2427 1045 2496 erogatione
1069 2426 1412 2482 celebratur.
1464 2428 1744 2480 Sacerdos
1804 2432 1999 2480 autem

360 2513 650 2582 praecipue
680 2513 896 2567 dicitur
941 2515 1231 2578 Christus,
1266 2516 1364 2585 qui
1398 2516 1574 2570 semel
1609 2531 1669 2570 se
1700 2532 1802 2585 pro
1836 2513 2002 2567 nobis

360 2597 574 2653 obtulit
587 2601 904 2656 immoland
917 2605 1196 2667 um,sicut
1215 2604 1396 2658 semel
1419 2605 1487 2658 de
1503 2601 1924 2658 Melchisedech
1941 2601 2000 2655 in

361 2692 564 2742 sancta
593 2688 807 2759 legitur
827 2691 1209 2761 Scriptura,et
1229 2694 1356 2759 ejus
1380 2691 1721 2747 sacerdotio.
1755 2693 1813 2744 [n
1844 2696 2002 2744 aeter-

362 2791 504 2829 num
533 2791 665 2830 vero
697 2793 830 2830 cum
865 2779 1097 2848 dicitur,
1151 2779 1274 2850 ipse
1324 2779 1689 2849 signiﬁcatur
1723 2779 2002 2833 Dominus

361 2862 649 2930 Christus,
683 2865 782 2936 qui
816 2872 1115 2936 permanet
1147 2867 1205 2921 in
1237 2866 1421 2939 gloria
1452 2868 1831 2938 sempiterua.

437 2973 464 2999 ‹‹
492 2951 595 3016 Qui
631 2953 688 3008 in
721 2953 926 3010 diebus
958 2957 1150 3011 carnis
1199 2973 1316 3010 suze
1365 2973 1584 3026 preces,
1620 2955 2002 3027 supplicatio-

361 3056 582 3112 nesque
604 3043 675 3096 ad
698 3059 852 3110 eum,
879 3045 978 3114 qui
1003 3049 1196 3116 posset
1219 3045 1444 3100 salvum
1466 3045 1633 3100 illum
1659 3063 1692 3100 a
1713 3050 1897 3100 morte
1919 3045 2000 3099 fa-

361 3144 508 3197 cere,
555 3147 687 3185 cum
737 3130 989 3188 clamore
1045 3133 1256 3198 valido,
1315 3139 1369 3188 et
1425 3133 1700 3206 lacrymis
1731 3135 1999 3198 offerens,

361 3218 668 3275 exauditus
697 3226 786 3275 est
818 3237 919 3293 pro
941 3238 1048 3277 sua
1069 3222 1406 3278 reverentia.
1435 3246 1462 3271 »
1486 3223 1630 3290 Quid
1657 3239 1788 3277 vero
1819 3222 1877 3276 in
1902 3238 2000 3277 sa-

361 3308 612 3363 cerdotio
635 3292 836 3364 noster
856 3311 1112 3381 pontifex
1133 3311 1592 3383 egisset,certius
1614 3312 1708 3367 hic
1729 3311 2002 3382 exprimit
2031 3292 2074 3358 ί]

359 3395 696 3465 Apostolus.
730 3398 966 3454 dicens:
1001 3422 1029 3448 «
1082 3399 1187 3463 Qui
1221 3400 1279 3454 in
1311 3400 1517 3454 diebus
1565 3401 1758 3455 carnis
1798 3418 1939 3456 sum.
1975 3424 2002 3450 »

365 3483 491 3540 Dies
533 3486 746 3557 quippe
777 3488 968 3544 carnis
997 3489 1228 3543 Domini
1258 3489 1440 3544 nostri
1470 3489 1607 3544 Jesu
1639 3489 1851 3544 Christi
1881 3489 2004 3545 dies

361 3577 523 3638 sunt,
556 3573 614 3628 in
641 3575 854 3644 quibus
877 3593 1106 3632 carnem
1131 3578 1473 3649 assumpsit.
1499 3579 1557 3632 in
1581 3579 1798 3649 quibus
1822 3583 2008 3633 tenta-

362 3665 458 3714 tus
489 3666 597 3726 est,
632 3679 843 3730 passus
873 3670 981 3727 est,
1028 3665 1083 3718 in
1130 3666 1345 3736 quibus
1395 3683 1594 3737 preces
1626 3667 2002 3738 supplicatio-

364 3763 584 3816 nesque
615 3750 686 3803 ad
719 3765 851 3804 eum
886 3753 982 3821 qui
1037 3759 1231 3822 posset
1264 3754 1488 3808 salvum
1541 3756 1726 3810 facere
1756 3772 1790 3810 a
1821 3759 2006 3810 morte

364 3835 659 3890 offerebat.
709 3838 919 3893 Totum
968 3857 1097 3894 vero
1149 3843 1433 3912 quidquid
1484 3844 1600 3914 egit
1647 3843 1914 3897 Christus
1947 3843 2003 3896 in

365 3939 556 3993 carne,
583 3941 776 3995 preces
799 3933 936 3981 sunt
956 3933 1010 3982 et
1032 3930 1487 4000 supplicationes
1507 3949 1607 4002 pro
1634 3931 1886 4002 peccatis
1905 3931 2008 3986 hu-

365 4011 523 4066 mani
545 4016 1011 4084 generis.Sancta
1031 4033 1161 4072 vero
1185 4019 1492 4090 sanguinis
1516 4021 1644 4089 ejus
1667 4020 1873 4074 effusio
1895 4019 2006 4074 cla-

363 4117 492 4156 mor
511 4101 736 4158 validus
757 4105 927 4168 est,in
952 4122 1065 4176 quo
1087 4108 1392 4162 exauditus
1414 4113 1502 4162 est
1520 4125 1552 4162 a
1571 4108 1685 4163 Deo
1715 4109 2006 4179 Patre,pro

363 4192 683 4248 reverentia
694 4194 858 4263 ejusd
869 4211 958 4249 em
975 4197 1266 4266 passionis
1280 4215 1397 4252 suas
1413 4214 1588 4267 quam
1607 4197 1733 4251 sine
1747 4203 2002 4268 peccato,

363 4285 574 4336 nostrae
598 4281 808 4339 salutis
829 4300 1027 4350 causa,
1052 4301 1365 4356 perpessus
1389 4291 1476 4340 est
1499 4304 1512 4351 ;
1538 4285 1638 4356 qui
1663 4285 1885 4340 nullum
1913 4287 2006 4340 ha-

363 4368 508 4425 bens
529 4377 1164 4444 peccatum,peccatum
1191 4391 1292 4444 pro
1308 4375 1475 4428 nobis
1500 4375 1686 4428 factus
1709 4373 1879 4439 est,id
1896 4381 2005 4440 est,

364 4457 577 4514 oblatio
600 4477 702 4530 pro
726 4463 975 4532 peccatis
1000 4463 1236 4518 nostris.
1263 4463 1380 4516 Hoc
1405 4462 1560 4516 enim
1585 4465 1770 4515 totum
1795 4478 2008 4532 magna

363 4549 683 4604 reverentia
695 4551 1189 4620 etperfectissima
1201 4551 1482 4604 charitate
1504 4549 1722 4619 peregit
1738 4565 1771 4618 q
1783 4549 1835 4602 ui
1853 4549 2009 4619 prior

2116 647 2327 700 Beatus
2361 649 2580 705 Paulus
2611 651 2703 705 hic
2737 653 2876 705 dicit
2907 667 3106 722 preces
3138 666 3271 706 eum
3301 656 3359 705 et
3389 649 3785 722 supplicatio-

2118 751 2220 790 nes
2237 736 2621 803 fundere,non
2639 741 2845 795 timore
2869 740 3203 804 mortis,sed
3227 745 3435 794 nostra:
3466 756 3650 794 causa
3686 756 3784 794 sa-

2115 821 2444 881 lutis.Unde
2458 829 2582 882 etin
2616 828 2865 884 alioloco
2879 829 3052 883 etiam
3069 827 3785 899 dicitsanguinemChris-

2115 911 2154 964 ti
2191 913 2401 968 melius
2428 916 2713 972 clamasse
2745 934 2846 987 pro
2908 918 3096 981 nobis,
3155 933 3331 988 quam
3389 917 3777 988 sanguinem.

2116 1000 2386 1072 Abel,qui
2421 1007 2490 1058 ad
2516 1009 2913 1061 accusandum
2938 1008 3259 1060 fraternum
3290 1004 3484 1060 scelus
3507 1006 3579 1060 de
3613 1011 3777 1060 terra

2115 1087 2330 1144 clamat
2362 1095 2433 1148 ad
2465 1095 2713 1150 Patrem.

2200 1208 2224 1233 ‹‹
2259 1187 2323 1238 Et
2355 1185 2614 1254 quidem,
2647 1201 2778 1238 cum
2813 1191 2966 1239 esset
2992 1183 3171 1237 Filius
3203 1183 3546 1246 Dei,didicit
3565 1198 3639 1237 ex
3662 1182 3780 1251 his,

2115 1291 2240 1343 qum.
2275 1291 2486 1344 passus
2519 1280 2628 1337 est,
2663 1273 3075 1338 obedientiam,
3106 1279 3160 1326 et
3182 1277 3663 1336 consummat-us,
3691 1274 3780 1325 fa-

2115 1369 2244 1417 ctus
2259 1369 2348 1416 est
2371 1363 2646 1416 omnibus
2670 1363 3211 1432 obtemperantibus
3229 1361 3338 1415 sibi
3359 1378 3540 1416 causa
3562 1361 3778 1416 salutis

2114 1455 2361 1519 mternm,
2410 1450 2738 1522 appellatus
2788 1469 2818 1504 a
2851 1451 2964 1504 Deo
3019 1451 3470 1519 Pontifexjuxta
3501 1450 3774 1504 ordinem

2115 1539 2560 1594 Melchisedech.
2584 1541 2702 1594 nDe
2726 1539 3112 1594 similitudine
3135 1539 3508 1610 pontiﬁcatus
3533 1537 3780 1594 Melchi-

2114 1629 2322 1684 sedech
2357 1629 2627 1699 superius
2659 1629 2802 1682 satis
2833 1629 3054 1681 dictum
3083 1628 3350 1682 arbitror.
3378 1627 3543 1682 Nunc
3574 1629 3779 1683 videa-

2114 1735 2246 1772 mus
2278 1718 2417 1788 quid
2452 1717 2576 1771 vult
2607 1717 2852 1788 intelligi
2901 1715 3213 1788 Apostolus
3244 1717 3303 1769 in
3361 1732 3426 1771 eo
3457 1717 3616 1787 quod
3647 1718 3766 1773 ait:

2118 1829 2138 1855 α
2175 1807 2302 1875 Qui,
2336 1824 2470 1860 cum
2503 1811 2657 1861 esset
2689 1806 2868 1860 Filius
2893 1806 3015 1872 Dei,
3040 1806 3246 1861 didicit
3263 1823 3332 1861 ex
3356 1806 3606 1877 his,quae
3637 1824 3772 1879 pas-

2114 1913 2216 1950 sus
2237 1901 2344 1959 est,
2369 1894 2782 1949 obedientiam.
2811 1916 2836 1942 ››
2863 1899 3024 1948 Hanc
3045 1893 3647 1966 obedientiam,quam
3678 1895 3772 1950 hic

2112 1983 2385 2038 didicisse
2410 1984 2505 2037 Dei
2530 1983 2740 2038 Filium
2763 1983 2924 2052 dicit,
2957 1983 3067 2036 hoc
3089 1989 3177 2038 est
3206 1982 3532 2038 voluntarie
3559 2000 3769 2039 susce-

2113 2073 2286 2144 pisse,
2322 2071 2432 2126 alio
2468 2088 2702 2142 quoque
2731 2071 2856 2126 loco
2887 2071 3162 2138 ostendit,
3205 2072 3304 2126 ubi
3337 2071 3452 2126 ait:
3487 2093 3515 2119 ‹‹
3547 2072 3763 2126 Factus

2111 2166 2199 2216 est
2229 2161 2526 2225 obediens,
2565 2182 2592 2208 »
2628 2160 2800 2228 Patri,
2834 2183 2860 2209 ‹‹
2887 2177 3072 2230 usque
3104 2161 3173 2214 ad
3207 2164 3476 2224 mortem,
3507 2165 3762 2215 mortem

2112 2256 2304 2304 autem
2338 2251 2526 2304 crucis
2554 2267 2566 2304 :
2595 2253 2825 2320 propter
2849 2249 3002 2319 quod
3029 2255 3086 2302 et
3119 2249 3266 2304 Deus
3292 2248 3458 2302 illum
3489 2248 3766 2303 exaltavit

2111 2340 2336 2410 (Philip.
2377 2356 2436 2404 ιι,
2468 2341 2547 2402 8).
2593 2361 2618 2385 »
2652 2339 2713 2392 ln
2745 2355 2810 2392 eo
2838 2337 2991 2406 quod
3025 2337 3126 2406 ait,
3157 2360 3183 2385 (ι
3207 2342 3263 2391 et
3293 2342 3767 2403 consummatus,

2113 2428 2300 2481 factus
2315 2426 2689 2481 estomnibus
2712 2425 3254 2495 obtemperantibus
3277 2425 3386 2480 sibi
3417 2443 3599 2480 causa
3619 2425 3768 2480 salu.

2112 2515 2188 2569 tis
2219 2521 2481 2580 aeternae;
2540 2538 2560 2562 ι
2624 2519 3090 2580 consummatus,
3151 2515 3206 2568 id
3275 2519 3384 2583 est,
3428 2515 3761 2586 perfectus:

2112 2605 2368 2658 ostendit
2398 2611 2684 2674 quantum
2737 2603 2963 2657 lucrum
3000 2603 3077 2656 sit
3107 2603 3234 2670 ejus
3286 2602 3606 2674 passionis,
3641 2621 3766 2674 qua:

2112 2693 2386 2746 omnibus
2420 2693 2792 2746 credentibus
2823 2691 3041 2746 sufficit
3069 2691 3138 2745 ad
3163 2691 3416 2746 salutem
3449 2693 3768 2763 sempiter-

2113 2797 2269 2834 nam.
2307 2781 2488 2852 lgitur
2519 2781 2566 2835 si
2599 2779 2928 2835 obedientia
2963 2779 3085 2834 Filii
3119 2797 3298 2835 causa
3323 2786 3381 2836 et
3411 2780 3625 2836 salutis
3656 2781 3772 2836 hu-

2114 2875 2545 2940 mana3,quanta
2577 2869 2743 2925 nobis
2792 2869 3110 2924 necessitas
3143 2875 3232 2924 est
3262 2870 3498 2924 obedire
3529 2869 3669 2936 Deo,
3707 2877 3773 2925 ut

2113 2959 2272 3029 digni
2304 2959 2672 3013 inveniamur
2701 2961 2827 3027 ejus
2860 2957 3088 3023 salutis,
3132 2975 3308 3028 quam
3340 2958 3510 3013 nobis
3543 2976 3648 3030 per
3674 2959 3771 3014 Fi-

2113 3046 2255 3101 lium
2289 3048 2589 3118 proprium
2624 3046 2904 3101 donavit?

2182 3159 2208 3184 ‹‹
2236 3135 2314 3190 De
2347 3152 2462 3207 quo
2494 3136 2733 3206 grandis
2764 3134 2932 3190 nobis
2965 3151 3156 3190 sermo
3190 3139 3297 3202 est,
3331 3139 3388 3189 et
3417 3134 3774 3206 interpreta-

2112 3224 2247 3279 bilis
2277 3225 2344 3278 ad
2370 3224 2713 3278 dicendum:
2739 3222 3358 3288 Quoniamimbecilles
3372 3223 3507 3278 facti
3533 3224 3676 3280 estis
3700 3227 3777 3280 ad

2114 3314 2497 3368 audiendum.
2533 3334 2560 3359 »
2591 3312 2779 3366 Causa
2819 3310 2972 3365 enim
3025 3311 3213 3366 reddit
3242 3329 3346 3366 cur
3400 3317 3580 3381 esset,
3613 3315 3772 3383 quod

2114 3404 2183 3457 de
2217 3401 2357 3456 Filio
2389 3401 2690 3455 incarnato
2712 3399 2990 3468 instituit,
3021 3399 3254 3454 difficile
3277 3401 3347 3455 ad
3378 3400 3776 3471 interpretan-

2115 3492 2277 3560 dum,
2302 3491 2356 3544 id
2383 3495 2490 3558 est,
2514 3489 2652 3560 quia
2672 3488 2755 3543 illi
2775 3487 3094 3543 imbecilles
3116 3494 3281 3543 erant
3302 3494 3358 3543 et
3381 3490 3572 3560 fragili
3597 3507 3778 3547 sensu

2115 3582 2185 3635 ad
2219 3580 2663 3651 intelligendum
2699 3581 2988 3651 profunda
3018 3579 3116 3633 Dei
3144 3578 3561 3650 mysteria.Qui
3595 3581 3776 3636 etiam

2115 3686 2217 3740 pro
2241 3674 2500 3739 tempore
2524 3669 2787 3740 magistri
2813 3669 3140 3724 debuerunt
3162 3684 3289 3722 esse
3312 3667 3447 3721 facti
3471 3673 3614 3722 sunt
3641 3671 3778 3740 qui-

2116 3758 2226 3812 bus
2247 3757 2393 3812 lacte
2411 3773 2559 3827 opus
2582 3762 2692 3821 est,
2713 3774 2826 3811 non
2857 3757 3041 3811 solido
3065 3757 3213 3811 cibo.
3240 3755 3568 3810 Difficultas
3593 3757 3778 3812 inter-

2117 3846 2380 3917 pretandi
2413 3846 2470 3899 in
2505 3844 2736 3899 illorum
2764 3845 2871 3898 fuit
2894 3844 3188 3908 tarditate,
3215 3860 3328 3898 non
3353 3845 3409 3898 in
3433 3845 3779 3914 Apostolica

2116 3934 2424 4005 sapientia,
2460 3932 2552 3988 cui
2583 3932 2834 3986 revelata
2855 3937 2994 3987 sunt
3016 3933 3292 4004 mysteria
3313 3949 3346 3986 a
3368 3933 3604 3988 saaculis
3637 3935 3781 3998 abs-

2117 4023 2371 4086 condita,
2407 4021 2559 4075 sicut
2589 4020 2647 4074 in
2698 4021 2953 4092 Epistola
2995 4021 3066 4075 ad
3118 4021 3397 4092 Ephesios
3429 4019 3780 4091 plenissime

2116 4111 2500 4164 demonstrat.

2192 4198 2404 4252 Deinde
2427 4197 2766 4269 subjunxit:
2795 4222 2820 4246 ‹‹
2851 4197 3076 4252 Etenim
3103 4214 3238 4252 cum
3263 4199 3557 4254 deberetis
3589 4200 3777 4272 magi-

2117 4287 2216 4341 stri
2245 4303 2371 4340 esse
2407 4292 2639 4357 propter
2684 4292 2938 4358 tempus,
2992 4303 3228 4342 rursum
3273 4286 3550 4358 indigetis
3584 4293 3651 4342 ut
3677 4305 3781 4344 vos

2117 4375 2443 4430 doceamini
2479 4391 2606 4445 quas
2646 4381 2785 4428 sunt
2833 4375 3128 4429 elementa
3175 4374 3391 4430 exordii
3426 4392 3776 4432 sermonum

2117 4465 2238 4528 Dei,
2268 4469 2324 4518 et
2357 4464 2488 4518 facti
2523 4464 2664 4517 estis
2697 4463 2914 4533 quibus
2946 4463 3092 4518 lacte
3123 4480 3271 4534 opus
3303 4462 3398 4530 sit,
3433 4481 3552 4518 non
3583 4465 3776 4520 solido

2118 4552 2264 4607 cibo.
2298 4574 2323 4599 η
2358 4553 2442 4606 Ad
2474 4568 2572 4606 eos
2606 4541 2800 4622 itaque
2826 4552 3085 4622 loquitur
3107 4552 3207 4622 qui
3233 4551 3615 4608 exercitatum
3642 4571 3779 4610 sen-

363 4635 684 4692 dilexitnos
698 4644 754 4694 et
771 4640 1008 4693 tradidit
1029 4639 1414 4709 semetipsum
1442 4654 1542 4706 pro
1567 4636 1736 4690 nobis
1759 4636 2008 4694 hostiam
2045 4646 2086 4709 D
2118 4658 2272 4706 sum,
2308 4657 2410 4711 per
2441 4640 2624 4711 legem
2657 4645 2714 4695 et
2743 4641 3056 4712 prophetas
3086 4641 3157 4695 de
3188 4642 3436 4696 adventu
3471 4642 3692 4698 Christi
3725 4648 3782 4698 et

363 4728 477 4780 Deo
500 4726 1042 4796 acceptabilem,qui
1069 4727 1194 4780 ideo
1219 4724 1529 4778 exauditus
1553 4741 1585 4778 a
1606 4723 1886 4794 Deo,quia
1907 4725 2008 4782 ho-

364 4812 538 4867 stiam
553 4813 964 4884 acceptabilem
979 4811 1190 4867 obtulit
1205 4811 1403 4880 Deo,id
1419 4815 1506 4866 est
1518 4812 1712 4881 seipsu
1725 4813 2006 4870 m.Simile

364 4907 452 4957 est
481 4901 699 4973 itaque,
727 4903 880 4972 quod
915 4902 1008 4955 hic
1037 4899 1270 4968 dicitur,
1293 4921 1321 4948 «
1357 4900 1457 4970 qui
1491 4917 1686 4971 preces
1713 4902 2004 4974 supplica-

362 4992 670 5062 tionesque
699 4991 772 5045 ad
804 5005 934 5044 eum
970 4989 1070 5058 qui
1100 4993 1296 5059 posset
1317 4989 1541 5044 salvum
1574 4989 1738 5044 illum
1769 5009 1802 5045 a
1824 4997 2006 5047 morte

361 5081 572 5144 facere,
605 5094 738 5133 cum
770 5076 1023 5131 clamore
1054 5076 1241 5132 valido
1274 5083 1331 5133 et
1371 5079 1644 5151 lacrymis
1673 5081 1939 5146 offerens,
1976 5104 2001 5130 ››

361 5185 427 5223 eo
460 5166 613 5236 quod
647 5167 704 5218 in
740 5165 1044 5236 Evangelia
1074 5165 1288 5239 legitur
1317 5185 1449 5224 eum
1481 5169 1697 5225 dixisse
1723 5187 1735 5224 :
1763 5195 1790 5218 ι(
1819 5170 2002 5235 Pater,

361 5255 409 5309 si
443 5254 565 5306 fieri
601 5257 808 5321 potest,
833 5255 1084 5310 transfer
1112 5273 1145 5311 a
1174 5273 1265 5312 me
1286 5257 1524 5313 calicem
1549 5257 2002 5314 istum.Verum-

362 5347 559 5395 tamen
578 5355 689 5393 non
713 5356 842 5396 mea
864 5343 1258 5413 voluntas,sed
1281 5353 1380 5401 tua
1405 5347 1504 5400 fiat
1523 5347 1711 5401 Matth.
1728 5364 1878 5413 xxvx,
1903 5349 2000 5412 39;

362 5429 526 5482 Marc.
561 5443 670 5485 xw.
707 5432 812 5496 36;
846 5433 970 5487 Luc.
1019 5451 1156 5500 xxu,
1191 5436 1298 5500 42).
1333 5458 1361 5484 ››
1411 5437 1555 5500 Quia
1590 5454 1705 5491 non
1733 5437 1888 5491 venit
1921 5436 2004 5489 fa-

363 5531 491 5571 cere
527 5521 880 5575 voluntatem
933 5539 1120 5590 suam,
1173 5525 1273 5578 sed
1321 5524 1681 5578 voluntatem
1725 5528 1853 5594 ejus
1905 5524 2001 5594 qui

364 5601 528 5660 misit
551 5608 712 5662 Illum
733 5615 913 5678 (Joan.
930 5612 1102 5681 v,30).
1123 5611 1492 5665 Voluntateui
1513 5613 2007 5683 paternaulispen-

363 5694 612 5754 sationis
645 5699 962 5773 praeposuit
989 5699 1275 5755 voluntati
1307 5699 1497 5754 carnis
1547 5716 1684 5770 suae,
1719 5704 1782 5754 ut
1811 5716 2005 5755 veram

2119 4728 2325 4802 gratia,
2359 4745 2485 4798 qua:
2517 4745 2618 4799 per
2647 4747 2780 4785 eum
2810 4729 3184 4784 credentibus
3216 4728 3392 4784 allata
3420 4736 3531 4799 est,
3557 4730 3779 4787 habere

2116 4818 2444 4872 debuerunt
2471 4835 2483 4883 ;
2513 4817 2612 4888 qui
2635 4817 2809 4872 etiam
2845 4817 3182 4887 magisterio
3215 4818 3477 4890 aliis,per
3497 4820 3782 4890 mysteria

2118 4905 2215 4960 Dei
2231 4923 2357 4977 quae
2372 4907 2505 4960 data
2527 4911 2666 4960 sunt
2687 4905 2823 4976 illis,
2849 4913 3110 4977 poterant
3131 4907 3336 4974 esse,si
3362 4899 3779 4972 credidissent,

2116 4995 2282 5050 Nunc
2315 5001 2509 5048 autem
2543 4995 2688 5050 tales
2722 4994 2855 5049 facti
2887 5000 3044 5059 sunt,
3071 4995 3520 5061 sicutinfantes,
3558 4997 3782 5066 quibus

2117 5083 2306 5154 prima
2335 5083 2621 5138 elementa
2642 5083 2972 5137 litterarum
3002 5085 3317 5138 traduntur
3337 5085 3407 5138 ad
3432 5083 3778 5156 legendum.

2114 5173 2265 5228 Dum
2283 5171 2514 5226 illorum
2533 5171 2639 5225 fuit
2655 5172 2830 5226 fortes
2844 5171 3042 5225 essein
3059 5173 3253 5238 lide,et
3275 5171 3571 5226 alacresin
3596 5172 3780 5227 scien-

2113 5261 2457 5327 tia,solitum
2487 5259 2782 5332 sapientiae
2799 5260 2992 5314 cibum
3009 5260 3080 5313 ad
3099 5260 3677 5331 percipiendum,qui
3694 5263 3781 5315 est

2116 5352 2690 5422 perfectorum,nunc
2712 5353 2906 5402 autem
2934 5347 3069 5402 facti
3105 5354 3246 5402 sunt
3267 5349 3484 5418 quibus
3514 5355 3606 5403 est
3628 5349 3778 5404 lacte

2114 5438 2403 5508 Opus.Lac
2425 5438 2581 5492 enim
2597 5435 2876 5490 hnmilem
2896 5452 3224 5491 sermonem
3244 5441 3553 5508 vocat,quo
3568 5454 3670 5493 eos
3689 5437 3775 5490 in-

2113 5525 2372 5594 diguisse
2398 5530 2662 5587 testatur,
2695 5524 2796 5594 qui
2817 5523 3076 5577 etiamad
3110 5524 3322 5580 altiora
3348 5525 3770 5596 mysteriorum

2117 5611 2210 5668 Dei
2237 5620 2456 5667 secreta
2484 5613 2794 5667 ascendere
2827 5629 2940 5664 non
2965 5619 3251 5681 poterant.
3269 5613 3530 5684 Exempli
3561 5611 3770 5684 gratia,

2116 5701 2216 5775 qui
2250 5717 2364 5756 non
2396 5705 2584 5770 potest
2612 5699 2932 5771 intelligere
2955 5701 3109 5771 quod
3162 5701 3222 5756 in
3281 5700 3591 5774 Evangelia
3642 5698 3726 5753 ait
3758 5711 3770 5751 :
