3966 6210
99 400 223 460 761
710 396 1123 457 EXPOSITIO
1168 395 1244 456 ΙΝ
1294 395 1721 456 EPISTOLAS
1767 395 2025 459 PAULI.
2060 399 2241 459 -ΙΝ
2290 398 2532 459 EPIST.
2584 397 2685 457 AD
2732 395 2967 457 HEBR.
3410 391 3531 454 '16!

106 530 292 599 liora,
324 533 381 583 et
413 526 697 582 viciniora
724 526 921 590 saluti,
984 528 1215 583 tametsi
1266 528 1347 583 ita
1400 528 1715 598 loquimur.
1747 549 1772 575 ››
1804 530 1857 594 Α
1890 530 2133 600 adeptus
2167 535 2256 585 est
2279 530 2749 602 promissionem.
2779 550 2805 577 »
2841 527 2986 584 Mira
3017 524 3315 599 sapientia:
3374 523 3531 581 beati

112 620 274 682 Quia
308 619 519 672 beatus
554 616 769 671 Paulus
803 634 915 671 non
951 617 1157 671 habuit
1190 618 1341 671 unde
1374 634 1492 683 eos,
1530 617 1597 670 ad
1632 632 1776 686 quos
1889 618 2068 673 Pauli.
2108 622 2209 675 Per
2258 620 2412 675 vices
2470 620 2745 675 laudibus
2804 618 3025 674 extollit
3081 634 3199 682 eos,
3261 615 3328 669 ad
3380 630 3527 685 quos

110 708 385 778 scripsit,
419 708 488 760 de
524 707 911 777 praesentibus
938 706 1219 773 laudaret,
1244 707 1564 777 incipiteos
1584 706 1653 759 de
1676 722 1777 775 spe
1888 708 2126 775 scribit;
2163 728 2262 781 per
2290 710 2440 765 vices
2476 710 2795 765 terroribus
2827 707 3224 763 antecedentis
3268 704 3524 759 historiae

110 798 326 854 futura
358 797 697 867 praedicare,
732 796 969 851 dicens:
1006 797 1387 859 Coni’idimus,
1422 796 1649 860 fratres,
1708 794 1778 847 de
1888 802 2061 851 terret
2092 816 2210 863 eos,
2246 818 2315 854 ne
2362 800 2627 854 inﬁdeles
2681 802 2895 859 essent,
2956 802 3012 851 et
3063 797 3258 850 minus
3308 791 3525 848 creduli

110 886 287 941 vobis
324 885 586 947 meliora,
613 890 666 938 et
690 884 971 938 viciniora
999 884 1192 949 saluti,
1222 885 1491 955 quamvis
1518 886 1595 937 ita
1622 883 1777 936 dica-
1890 888 2260 956 promissioni
2279 889 2375 943 Dei
2403 908 2414 955 ;
2438 907 2538 959 per
2554 888 2705 942 vices
2720 904 2853 944 vero
2878 903 3077 942 eorum
3093 882 3373 955 exemplis
3395 882 3529 936 hor-

112 992 289 1042 inus;
326 979 497 1046 quasi
532 975 775 1029 dixisset
803 990 815 1027 :
841 974 1329 1045 Optimaquaequc
1362 975 1430 1027 de
1456 974 1616 1027 vobis
1640 990 1777 1026 con-
1888 980 2049 1030 tatur
2079 979 2149 1031 ad
2184 979 2525 1048 patientiam
2558 984 2611 1033 et
2662 978 2857 1046 ﬁdem,
2907 980 2963 1031 et
3012 979 3077 1030 ut
3126 973 3526 1029 indubitanter

110 1065 391 1128 ﬁdimus,
424 1070 478 1117 et
510 1081 634 1134 quae
669 1062 843 1117 saluti
876 1067 1079 1117 vestrae
1112 1064 1453 1133 proﬁciant;
1495 1080 1608 1117 non
1662 1061 1773 1115 uti-
1888 1066 2142 1132 credant,
2178 1084 2291 1120 non
2326 1067 2513 1121 solum
2548 1068 2661 1121 Deo
2695 1067 2931 1131 dicenti,
2964 1081 3165 1119 verum
3209 1063 3383 1118 etiam
3425 1063 3525 1131 ju-

110 1170 255 1223 que,
297 1153 454 1223 quod
490 1152 761 1223 superius
786 1153 899 1205 dixi
920 1153 986 1206 de
1008 1154 1252 1222 reproba
1277 1157 1428 1206 terra
1455 1156 1510 1205 et
1538 1151 1777 1203 combu-
1888 1155 2035 1207 ranti
2066 1173 2165 1225 per
2195 1158 2597 1227 semetipsum.
2626 1159 2690 1210 Et
2712 1158 2850 1210 dum
2876 1155 2921 1209 ei
2949 1154 3133 1209 multa
3153 1152 3527 1224 suppeterent

112 1242 305 1296 stioni
342 1243 623 1312 proxima,
658 1242 727 1296 de
758 1241 923 1295 vobis
939 1242 1043 1295 hoc
1069 1242 1346 1307 diximus,
1376 1242 1512 1311 quia
1540 1239 1779 1293 meliora
1887 1243 2149 1313 exempla
2182 1251 2539 1311 sanctorum,
2575 1245 2673 1315 qui
2707 1262 2807 1315 per
2837 1244 3178 1315 patientiam
3220 1239 3526 1295 hcercdita-

112 1334 189 1386 de
224 1332 399 1386 vobis
431 1330 740 1385 credimus.
1887 1337 2025 1384 runt
2056 1334 2473 1403 promissiones
2508 1335 2625 1399 Dei,
2662 1334 2947 1405 praecipue
2980 1331 3167 1386 ﬁdelis
3206 1328 3524 1393 Abraham,

192 1419 460 1474 Adduxit
484 1420 809 1490 quoqueeis
835 1419 891 1473 in
922 1420 1267 1473 memoriam
1290 1420 1599 1489 prmtorita,
1626 1422 1688 1471 ut
1711 1434 1778 1471 ex
1887 1427 2120 1491 propter
2149 1423 2489 1492 dignitatem
2527 1441 2786 1495 persona}
2818 1440 2955 1489 suae,
2989 1426 3043 1475 et
3092 1424 3325 1491 propter
3372 1416 3522 1487 quod

115 1510 444 1582 praeteritis
471 1525 572 1563 eos
603 1508 859 1563 alliceret
890 1509 960 1563 ad
992 1510 1146 1563 bona
1178 1526 1441 1579 qumque.
1474 1509 1604 1561 Ideo
1638 1508 1777 1561 sub-
1887 1510 2139 1564 maxime
2171 1511 2229 1565 in
2261 1530 2324 1566 eo
2358 1513 2513 1567 istud
2574 1512 2902 1583 contigerit,
2964 1510 3058 1581 qui
3111 1507 3526 1579 longanimiter

108 1599 319 1671 junxit
349 1617 361 1653 :
400 1622 425 1647 ‹‹
461 1599 587 1654 Non
618 1600 773 1653 enim
808 1598 1067 1667 injustus
1100 1604 1272 1665 Deus,
1308 1604 1371 1651 ut
1403 1596 1779 1651 obliviscatur
1888 1598 2076 1653 ferens
2110 1603 2353 1671 adeptus
2383 1607 2469 1657 est
2502 1604 2557 1656 in
2592 1602 2728 1656 ﬁliis
2762 1600 3180 1673 promissiones
3213 1613 3326 1651 non
3353 1596 3524 1649 modo

118 1690 320 1758 operis
353 1688 532 1744 vestri
565 1694 619 1743 et
658 1688 1008 1753 dilectionis,
1068 1706 1243 1759 quam
1306 1687 1665 1752 ostendistis,
1718 1687 1776 1740 in
1886 1689 2157 1758 praeteriti
2191 1692 2626 1762 temporis,qua3
2650 1692 2706 1745 in
2734 1690 2944 1762 populo
2969 1686 3338 1758 Deiimpletm
3365 1688 3526 1751 sunt,

119 1778 365 1833 nomine
394 1777 604 1848 ipsius,
630 1778 727 1848 qui
755 1776 1101 1831 ministratis
1126 1777 1366 1845 sanctis,
1401 1782 1458 1831 et
1482 1776 1774 1830 ministra-
1887 1777 1985 1831 sed
2018 1779 2203 1847 magis
2234 1779 2490 1834 etiamin
2516 1781 2801 1845 futurum,
2828 1777 3246 1850 promissiones
3270 1776 3328 1829 in
3353 1772 3524 1838 ﬁlios,

122 1867 216 1920 tis.
248 1889 270 1915 ι
320 1866 465 1920 Ecce
528 1866 821 1936 quomodo
869 1866 1143 1920 recreavit
1192 1866 1421 1920 animas
1470 1882 1671 1920 eorum
1723 1869 1777 1919 et
1810 1897 1856 1961 Β
1887 1882 2035 1936 quos
2060 1867 2397 1923 bonitasDei
2420 1869 2490 1923 de
2512 1867 2807 1939 lapidibus
2833 1867 3097 1938 gentium
3126 1862 3447 1928 suscitavit,
3472 1864 3529 1915 et

125 1955 502 2023 confortavit,
530 1954 771 2024 antiqua
801 1953 886 2009 eis
942 1954 998 2007 in
1054 1960 1307 2009 mentem
1360 1971 1630 2009 revocans
1660 1971 1672 2009 :
1726 1958 1781 2007 et
1810 1951 1854 1961 ”
1889 1954 2023 2009 fecit
2053 1972 2150 2010 eos
2182 1956 2239 2009 in
2269 1958 2379 2012 ﬁde
2410 1973 2537 2011 esse
2570 1957 2717 2011 ﬁlios
2749 1956 3013 2010 Abrahae.
3070 1951 3526 2008 Promissionem

128 2044 259 2099 fecit
291 2060 413 2113 eos,
470 2048 533 2097 ut
587 2060 700 2097 non
755 2044 1110 2097 aestimarent
1160 2044 1419 2097 oblivisci
1479 2048 1678 2113 Deum,
1726 2047 1781 2096 et
1888 2043 2068 2108 enim,
2101 2045 2247 2111 dico,
2283 2050 2519 2115 operata
2549 2050 2638 2101 est
2668 2044 3086 2116 longanimitas
3118 2039 3430 2102 audientis,
3473 2041 3529 2092 et

130 2134 421 2204 praeterita
452 2134 581 2203 ejus
612 2132 892 2187 beneﬁcia
922 2132 979 2185 in
1012 2150 1129 2186 eos.
1178 2133 1424 2187 Necesse
1480 2138 1569 2187 est
1624 2132 1777 2185 enim
1889 2134 3261 2206 exspectantishaereditatempromissam,quam
3288 2126 3527 2201 pusilla-

129 2238 259 2276 eum
300 2237 559 2290 peccare,
594 2222 685 2275 cui
728 2236 862 2291 spes
909 2220 1092 2274 deerit
1150 2222 1504 2275 futurorum.
1563 2221 1779 2276 Deinde
1890 2222 2077 2277 nimes
2109 2228 2162 2277 et
2192 2224 2471 2279 increduli
2503 2225 2676 2279 verbo
2709 2224 2807 2278 Dei
2865 2240 2978 2277 non
3027 2222 3263 2276 fuerunt
3312 2216 3526 2287 adepti,

129 2309 404 2364 hortatur
434 2326 533 2364 eos
558 2311 612 2363 in
647 2310 921 2364 omnibus
941 2328 1172 2380 sperare
1193 2312 1406 2365 futura.
1434 2312 1577 2364 Eum
1598 2311 1777 2375 enim,
1888 2310 2039 2365 sicut
2072 2312 2324 2382 plurima
2356 2313 2588 2368 illorum
2620 2313 2678 2367 in
2710 2314 2939 2368 deserto
2973 2310 3143 2383 periit
3189 2306 3525 2362 multitudo.

130 2399 228 2469 qui
261 2400 536 2468 desperat
568 2398 636 2451 de
668 2400 1053 2467 przesentibus
1086 2400 1382 2453 beneﬁciis
1418 2400 1534 2465 Dei,
1559 2400 1711 2469 quod
1747 2417 1781 2455 a
1888 2400 2071 2463 Quam
2106 2402 2353 2473 impium
2376 2407 2464 2457 est
2491 2401 2842 2471 Deojuranti
2869 2418 2983 2457 non
3013 2396 3279 2453 crederet!
3304 2393 3529 2449 Juravit

130 2487 245 2542 Deo
280 2503 401 2540 non
434 2486 657 2551 habeat,
684 2488 753 2541 de
778 2488 993 2542 futuris
1016 2489 1340 2542 confortare
1360 2490 1491 2558 quis
1524 2489 1779 2560 poterit?
1887 2489 2041 2543 enim
2074 2490 2227 2546 Deus
2260 2509 2361 2563 per
2391 2492 2795 2562 semetipsum,
2830 2490 2967 2560 quia
2998 2487 3291 2542 neminem
3324 2482 3531 2538 habuit

130 2575 341 2631 Simile
374 2576 511 2646 quid
544 2576 760 2631 Galatis
782 2579 907 2645 v,7,
935 2577 1307 2648 improperat,
1334 2579 1566 2633 dicens:
1595 2601 1619 2625 ‹‹
1639 2579 1777 2633 Cur-
1889 2580 2190 2649 majorem,
2226 2598 2326 2650 per
2358 2598 2532 2652 quem
2557 2581 2802 2651 juraret.
2829 2580 3026 2633 Potest
3046 2576 3140 2631 hic
3168 2588 3435 2647 persona,
3466 2570 3526 2625 in

133 2665 357 2720 rebatis
391 2666 554 2720 bene.
589 2667 870 2731 Quisnam
904 2683 1003 2721 vos
1036 2668 1341 2721 fascinavit
1362 2668 1387 2721 ?
1411 2688 1441 2719 ι
1474 2672 1659 2739 Atque
1682 2668 1780 2723 ite-
1888 2666 1995 2721 hoc
2022 2670 2374 2738 juramento,
2407 2670 2505 2725 Dei
2531 2670 2716 2723 Patris
2739 2668 3005 2738 intelligi,
3032 2665 3131 2737 qui
3154 2665 3225 2720 de
3251 2661 3393 2717 Filio
3420 2675 3526 2714 suo

134 2771 264 2809 rum
291 2770 305 2807 :
341 2778 369 2804 ‹‹
404 2756 591 2809 Tanta
620 2757 777 2825 passi
809 2754 949 2809 estis
981 2755 1105 2810 sine
1127 2758 1346 2811 causa?
1372 2780 1398 2805 ››
1426 2758 1565 2825 (Gul.
1596 2775 1675 2826 ιιι,
1702 2758 1778 2827 4.)
1886 2757 2074 2812 eidem
2106 2758 2443 2829 patriarcha:
2478 2758 2765 2828 promisit,
2798 2757 3034 2812 dicens:
3070 2756 3138 2809 Et
3192 2752 3251 2807 in
3303 2750 3527 2807 semine

136 2844 203 2898 Ut
261 2848 459 2898 tamen
516 2844 811 2915 mitigaret
864 2846 1128 2898 eamdem
1208 2846 1580 2913 sententiam,
1648 2864 1779 2901 mox
1886 2850 1985 2900 tuo
2020 2848 2435 2902 benedicentur
2467 2864 2669 2903 omnes
2724 2852 2924 2918 gentes
2969 2850 3133 2899 terra:
3180 2842 3331 2914 (Gen.
3384 2856 3523 2908 χχιι,

133 2932 442 3001 subjungit
475 2950 487 2986 :
525 2954 551 2979 ‹‹
584 2932 643 2985 Si
693 2936 886 2986 tamen
950 2933 1075 2986 sine
1133 2950 1329 2987 causa.
1368 2958 1392 2981 ››
1453 2935 1545 2988 Sic
1603 2937 1777 2989 etiam
1893 2936 1998 3005 18).
2022 2958 2047 2987 ››
2080 2937 2203 2991 Non
2237 2936 2376 2991 dicit
2412 2958 2436 2988 (ι
2466 2937 2524 2991 in
2558 2937 2960 3001 seminibus,»
2994 2934 3286 2989 utbeatus
3310 2930 3527 2985 Paulus

135 3021 240 3075 hoc
302 3020 427 3074 loco
486 3020 830 3089 temperavit
886 3021 1235 3076 sententiam
1294 3039 1484 3088 suam,
1546 3023 1772 3078 dicens:
1888 3025 1945 3079 in
1981 3025 2093 3080 alia
2124 3027 2487 3081 demonstrat
2517 3025 2775 3097 Epistola
2806 3026 2959 3095 (Gal.
2996 3041 3080 3087 III,
3119 3024 3203 3093 16)
3229 3038 3241 3075 :
3268 3021 3391 3085 sed,
3416 3041 3441 3069 ‹‹
3468 3019 3525 3072 in

132 3109 253 3164 Non
317 3107 473 3163 enim
534 3109 794 3177 injustus
852 3115 1022 3173 Deus,
1084 3116 1147 3164 ut
1201 3110 1577 3165 obliviscatur
1649 3130 1779 3183 ope-
1889 3116 2107 3169 semine
2142 3122 2258 3181 tuo,
2296 3138 2321 3163 »
2357 3116 2463 3170 hoc
2497 3120 2603 3183 est,
2637 3116 2695 3168 in
2737 3114 2988 3168 Christo.
3049 3112 3220 3166 Jurat
3268 3107 3423 3163 enim
3473 3110 3531 3161 et

136 3199 212 3253 ris
245 3198 443 3261 vestri,
475 3199 617 3252 dum
652 3203 874 3253 tantam
936 3200 1279 3253 charitatem
1332 3201 1669 3255 ostendistis
1718 3202 1776 3256 in
1816 3263 1849 3273 Α
1888 3202 2044 3258 idem
2078 3203 2342 3259 Christus
2372 3204 2429 3258 in
2465 3202 2792 3273 Evangelio,
2825 3202 3063 3255 dicens:
3099 3221 3125 3248 α
3150 3200 3331 3251 Amen
3356 3210 3527 3249 amen

136 3287 377 3343 sanctis.
411 3286 698 3341 Volumus
724 3287 878 3342 enim
908 3305 1010 3343 vos
1042 3289 1365 3343 imitatores
1396 3307 1595 3343 eorum
1627 3307 1776 3357 esse,
1811 3263 1853 3328 Ο
1891 3291 2017 3345 dico
2044 3292 2236 3357 vobis;
2272 3316 2293 3343 »
2332 3297 2387 3345 et
2410 3292 2532 3362 ipse
2565 3308 2664 3361 per
2686 3289 3089 3359 semetipsum,
3119 3286 3256 3356 quia
3280 3299 3385 3339 nec
3407 3283 3532 3353 ipse

138 3376 234 3449 qui
264 3393 369 3447 per
400 3376 572 3431 ﬁdem
606 3380 663 3430 et
698 3375 1036 3447 patientiam
1072 3377 1391 3431 haereditati
1422 3379 1603 3449 (1409)
1645 3383 1783 3434 sunt
1893 3380 2391 3450 habuitmajorem
2416 3396 2517 3451 per
2543 3378 2978 3451 quemjuraret.
3005 3397 3031 3425 «
3058 3374 3411 3429 Benedicens
3431 3370 3532 3425 be-

138 3465 585 3537 promissiones.
1895 3468 2159 3522 nedicam
2184 3472 2260 3533 te,
2297 3490 2323 3516 ››
2355 3468 2463 3522 hoc
2494 3468 2551 3521 in
2586 3465 2770 3522 stellis
2802 3464 2952 3530 cmli,
3004 3480 3105 3534 per
3148 3478 3296 3533 quas
3344 3459 3534 3515 sancti

211 3557 400 3620 Quare
425 3572 558 3610 vero
590 3554 944 3609 desiderium
980 3554 1217 3611 haberet
1248 3556 1317 3609 de
1348 3555 1535 3611 salute
1558 3574 1782 3624 eorum,
1895 3557 2276 3623 designantur
2307 3557 2377 3611 de
2408 3558 2536 3626 ejus
2566 3555 2788 3611 semine
2821 3553 3020 3622 futuri,
3056 3550 3299 3621 intelligi
3346 3553 3537 3623 potest

141 3644 407 3715 sequenti
439 3644 695 3699 ostendit
724 3643 1092 3715 allegatione,
1148 3645 1385 3700 dicens:
1442 3669 1469 3695 «ι
1504 3647 1784 3717 Cupimus
1896 3647 2139 3703 dictum.
2167 3670 2192 3694 ‹‹
2226 3645 2620 3718 Multiplicans
2652 3643 3054 3716 multiplicabo
3088 3646 3161 3708 te,
3194 3663 3217 3686 η
3250 3644 3306 3697 et
3338 3640 3446 3695 hoc
3477 3639 3535 3693 in

141 3734 293 3787 enim
326 3748 811 3803 unumquemque
866 3737 1123 3787 vestrum
1177 3735 1444 3788 eamdem
1495 3739 1785 3791 ostentare
1896 3752 2071 3790 arena
2104 3735 2301 3801 maris,
2352 3752 2449 3807 per
2508 3752 2683 3807 quam
2745 3738 3073 3806 peccatores
3128 3730 3327 3803 populi
3375 3728 3537 3785 illius

140 3821 595 3877 sollicitudinem
628 3822 697 3875 ad
731 3820 1117 3892 expletionem
1151 3823 1272 3891 spei
1296 3840 1480 3893 usque
1505 3823 1560 3877 in
1586 3826 1784 3889 ﬁnem,
1895 3825 2191 3895 designari
2222 3831 2507 3897 possunt;
2533 3830 2780 3897 utraque
2805 3824 2960 3880 enim
2984 3822 3295 3878 Dominum
3322 3820 3540 3875 dixisse

142 3916 203 3964 ut
235 3927 346 3964 non
382 3926 591 3981 segnes
633 3910 1037 3964 efﬁciamini.»
1072 3911 1488 3966 Desideramus
1510 3928 1667 3978 vero,
1694 3914 1783 3967 in-
1897 3914 2134 3983 legitur,
2170 3914 2267 3968 ubi
2299 3915 2413 3970 ait:
2452 3937 2477 3965 ‹‹
2508 3916 2574 3968 Et
2606 3913 2711 3969 erit
2744 3929 2943 3969 semen
2978 3917 3147 3966 tuum
3174 3911 3327 3965 sicut
3358 3908 3539 3963 stellas

140 4000 288 4069 quit,
324 4015 437 4053 non
472 4002 703 4053 tantum
736 3998 888 4053 circa
918 4000 1111 4069 verba,
1145 4000 1245 4055 sed
1269 4000 1443 4055 etiam
1478 4002 1535 4055 iu
1559 4000 1787 4057 virtuti-
1897 4004 2044 4070 cceli,
2078 4007 2133 4057 et
2164 4003 2317 4059 sicut
2347 4020 2521 4058 arena
2553 4020 2679 4074 qua;
2712 4007 2801 4058 est
2832 4002 2892 4056 in
2924 4000 3120 4055 littore
3154 4000 3334 4054 maris
3382 3997 3539 4068 (Gen.

141 4089 251 4143 bus
281 4087 633 4153 conversari,
669 4104 783 4141 non
817 4088 983 4157 quasi
1019 4090 1213 4158 priora
1243 4094 1429 4143 vestra
1461 4090 1784 4161 culpantes,
1896 4110 2034 4158 xxii,
2065 4094 2173 4162 17).
2201 4114 2227 4139 ››

140 4178 237 4232 sed
273 4181 336 4231 ut
366 4178 436 4231 de
470 4176 686 4231 futuris
716 4175 951 4231 solliciti
985 4177 1112 4232 sitis
1137 4178 1541 4247 admonentes,
1567 4180 1673 4235 hoc
1700 4186 1788 4236 est
1975 4204 2001 4231 ‹‹
2035 4182 2311 4235 Homines
2344 4180 2498 4234 enim
2532 4194 2634 4249 per
2662 4179 2941 4248 majorem
2985 4193 3158 4232 suum
3210 4176 3435 4245 jurant,
3486 4178 3543 4228 et

140 4265 342 4336 quales
375 4264 573 4321 fuistis
605 4265 886 4335 primum,
920 4264 1067 4321 tales
1100 4284 1199 4321 vos
1232 4268 1505 4337 cupimus
1539 4273 1595 4323 et
1618 4270 1787 4324 modo
1900 4270 2092 4326 omnis
2120 4269 2523 4322 controversiae
2556 4282 2755 4321 eorum
2786 4265 2922 4320 ﬁnis
2946 4266 3014 4319 ad
3039 4264 3541 4318 conﬁrmationem

140 4371 269 4410 esse
297 4359 353 4409 et
402 4355 459 4409 in
496 4356 784 4408 futurum.
838 4355 906 4408 Et
940 4372 1053 4409 non
1088 4355 1253 4425 dixit,
1288 4355 1437 4426 volo,
1487 4358 1641 4428 quod
1703 4364 1791 4413 est
1899 4364 1987 4414 est
2010 4359 2437 4428 juramentum.
2462 4379 2487 4405 ››
2522 4356 2581 4411 Si
2612 4355 2791 4427 igitur
2822 4353 3161 4409 hominibus
3194 4352 3252 4406 in
3277 4352 3541 4406 futurum

141 4442 508 4498 auctoritatis
542 4442 841 4509 doctrinae;
878 4444 977 4498 sed
1012 4445 1168 4514 quod
1202 4450 1323 4499 erat
1354 4450 1607 4516 paternae
1641 4446 1788 4501 dile-
1899 4446 2256 4503 credendum
2289 4452 2397 4510 est,
2430 4447 2499 4500 de
2530 4444 2745 4515 quibus
2776 4442 2991 4497 dicitur
3022 4458 3123 4514 per
3148 4440 3532 4511 Prophetam:

140 4533 370 4587 ctionis.
408 4533 526 4587 Hoc
558 4537 668 4600 est,
700 4533 973 4604 cupimus
1008 4550 1492 4605 unumquemque
1530 4538 1787 4590 vestrum
1901 4560 1929 4587 ‹‹
1962 4535 2164 4591 Omnis
2198 4535 2372 4590 homo
2430 4534 2677 4590 mendax
2726 4533 2897 4603 (Psal.
2958 4548 3081 4597 cxv,
3113 4531 3261 4601 2)»:
3323 4534 3544 4601 quanto

138 4622 428 4686 eamdem,
462 4638 638 4692 quam
666 4621 803 4676 olim
836 4622 1150 4691 habuistis,
1211 4622 1668 4677 sollicitudinem
1717 4625 1787 4679 ad
1821 4628 1868 4691 D
1902 4626 2093 4697 magis
2124 4626 2223 4681 Dei
2248 4627 2587 4696 juramento
2620 4624 2775 4679 credi
2807 4622 2996 4691 debet,
3031 4620 3129 4693 qui
3168 4623 3256 4674 est
3311 4618 3547 4685 veritas,

140 4710 526 4781 expiationem
557 4710 702 4781 spei,
738 4710 795 4764 id
815 4714 923 4779 est,
952 4710 1166 4766 habere
1182 4711 1402 4767 debetis
1431 4711 1487 4765 in
1515 4716 1789 4769 aeternam
1902 4715 1999 4785 qui
2029 4731 2129 4769 nec
2164 4713 2307 4780 falli,
2340 4730 2444 4768 nec
2478 4712 2708 4767 mentiri
2742 4711 2971 4784 potest?
2992 4709 3268 4765 Homines
3291 4724 3393 4780 per
3422 4722 3546 4763 ma-

138 4797 654 4855 resurrectionem.
718 4821 743 4848 «
778 4798 995 4853 Verum
1040 4799 1369 4855 imitatores
1417 4817 1642 4865 eorum,
1689 4802 1788 4872 qui
1894 4804 2085 4875 jorem
2110 4802 2533 4872 suijurant;et
2553 4800 2746 4857 omnis
2771 4799 3173 4856 controversiae
3194 4814 3393 4854 eorum
3411 4796 3545 4854 ﬁnis

139 4889 253 4943 ﬁde
285 4892 345 4942 et
372 4887 657 4958 patientia
685 4888 1114 4949 heareditabunt
1136 4890 1621 4960 promissiones.»
1648 4891 1791 4946 Hor-
1903 4894 1974 4947 ad
2002 4892 2508 4947 conﬁrmationem
2543 4896 2634 4947 est
2658 4892 3086 4962 juramentum,
3120 4892 3292 4961 prout
3323 4887 3372 4943 si
3400 4886 3549 4942 dice-

137 4982 294 5031 tatur
323 4975 481 5032 enim
516 4976 816 5031 auditores
850 4992 1009 5043 suos,
1076 4982 1145 5032 ut
1206 4978 1318 5032 ﬁde
1377 4996 1491 5033 non
1552 4980 1687 5033 ﬁcta
1738 4985 1794 5035 et
1903 4990 2027 5037 rel:
2066 4982 2144 5035 Ex
2174 4981 2282 5036 hoc
2314 4980 2563 5035 solvitur
2606 4981 2784 5036 totius
2840 4977 3240 5034 controversiis
3290 4976 3549 5048 discepta

142 5064 418 5135 patientia
451 5064 711 5135 perfecta
742 5068 1079 5134 exspectent
1109 5065 1535 5136 promissiones
1580 5067 1679 5121 Dei
1738 5071 1794 5121 et
1901 5071 2003 5137 tio,
2037 5087 2150 5125 non
2186 5068 2699 5137 uniuscujuslibet,
2735 5069 2833 5123 sed
2857 5068 3058 5123 totius.
3084 5066 3397 5138 Oportebat
3417 5064 3547 5136 qui-

142 5153 508 5210 hereditates
542 5169 693 5223 quas
723 5153 942 5207 sanctis
976 5154 1099 5209 suis
1142 5154 1433 5224 promisit.
1903 5161 2033 5215 dem
2068 5158 2192 5212 sine
2215 5158 2554 5226 juramento
2586 5158 2819 5211 credere
2849 5157 2986 5225 Deo,
3020 5156 3339 5226 sedjurare
3364 5153 3547 5207 Deum

206 5247 269 5299 Et
298 5244 411 5299 hoc
446 5242 685 5298 ﬁrmius
716 5242 998 5313 exemplis
1029 5244 1403 5298 corroborare
1434 5243 1660 5310 nititur,
1703 5245 1790 5297 di-
1902 5248 2061 5303 dicit.

144 5347 267 5387 cens
294 5349 305 5387 :
334 5356 363 5383 ‹‹
390 5330 649 5386 Abrahae
674 5347 929 5400 namque
944 5331 1288 5401 promittens
1312 5336 1485 5397 Deus,
1511 5332 1787 5402 quoniam
1974 5358 2000 5384 ‹‹
2036 5336 2096 5387 In
2131 5347 2245 5401 quo
2277 5328 2678 5385 abundantius
2706 5329 2906 5384 volens
2930 5335 3078 5385 Deus
3101 5331 3406 5385 ostendere
3425 5326 3547 5400 pol-

142 5423 425 5477 neminem
454 5419 690 5488 habuit,
716 5434 817 5487 per
846 5421 1283 5489 quemjuraret,
1311 5423 1613 5491 majorem,
1633 5422 1791 5491 jura-
1899 5420 2249 5478 licitationes
2278 5414 2634 5481 haeredibus,
2666 5417 3260 5488 immobilitatemque
3317 5416 3548 5473 consilii

138 5511 209 5566 vit
233 5528 332 5583 per
362 5507 790 5577 semetipsum,
824 5507 1055 5564 dicens:
1092 5509 1437 5564 Benedicam
1463 5514 1538 5576 te,
1558 5514 1612 5563 et
1634 5510 1789 5564 mul-
1903 5509 2013 5565 sui.
2043 5529 2069 5556 ››
2105 5506 2408 5573 PrOpterea
2437 5500 2615 5557 etiam
2641 5504 2822 5575 hujus
2854 5504 3265 5576 promissionis
3298 5506 3544 5561 mentio-

138 5598 397 5671 tiplicans
422 5594 928 5665 multiplicabote.
957 5596 1117 5649 Etsic
1139 5596 1553 5667 longanimiter
1576 5598 1786 5667 terens,
1902 5613 2033 5653 nem
2064 5591 2221 5658 facit,
2255 5606 2381 5660 quae
2415 5588 2485 5641 ad
2519 5606 2627 5646 nos
2655 5594 2988 5650 communis
3032 5593 3184 5649 facta
3235 5599 3360 5649 est:
3421 5617 3448 5643 ‹‹
3485 5594 3547 5647 In

194 5700 375 5772 (1409)
406 5699 494 5753 Ex
527 5695 829 5762 sequent.,
862 5697 915 5745 et
944 5693 1359 5749 Ambrosiastri
1391 5698 1566 5764 textu,
1600 5694 1913 5764 legendum
1944 5696 2098 5750 esset
2127 5688 2531 5745 liwreditaturz’.
