3966 6210
397 377 515 443 763

1411 385 1754 448 ATTONIS
1801 386 2386 448 VERCELLENSIS
2433 385 2784 451 EPISCOPI

3689 387 3833 448 ’764

399 515 1140 588 terposuitjusjurandum,
1167 520 1484 590 »quoniam
1503 521 1656 577 enim
1681 522 1833 594 apud
1849 521 2038 578 homi-
2069 522 2121 587 Α
2153 520 2293 575 tifex
2324 520 2511 576 factus
2538 526 2625 576 est
2645 521 2968 577 secundum
3028 518 3294 576 ordinem
3345 516 3830 575 Melchisedech.

401 621 506 662 nes
537 607 646 662 hoc
675 608 903 663 videtur
931 608 1100 664 ﬁdele
1120 627 1268 680 esse,
1293 628 1424 667 cum
1447 614 1850 684 juramentum
1873 615 2041 670 inter-

403 696 577 751 fuerit
607 698 1017 753 controversiis
1052 716 1273 754 eorum.
1305 701 1428 756 Non
1463 708 1657 758 tamen
1693 704 1910 774 zequale
1958 709 2046 758 est

403 785 698 841 hominem
734 804 833 856 per
863 804 923 842 se
946 791 1169 859 jurare,
1202 796 1258 845 et
1293 792 1494 845 Deum.
1527 793 1710 846 Homo
1742 793 1896 846 enim
1951 793 2041 846 sui

402 880 753 945 potestatem
786 893 899 930 non
962 876 1180 945 habet;
1243 879 1395 934 Deus
1447 886 1641 934 autem
1696 887 2041 952 potestatem

403 963 578 1018 habet
608 965 871 1018 omnium
905 980 1031 1035 qua:
1066 972 1222 1021 sunt.
1257 968 1365 1022 Sed
1399 969 1537 1038 quia
1568 968 1930 1023 ineredulum
1958 975 2045 1023 est

402 1051 726 1106 humanum
759 1069 968 1122 genus,
1000 1056 1410 1110 condescendit
1440 1058 1508 1111 ad
1544 1075 1670 1112 nos.
1706 1058 2040 1112 Sicutenim

393 1141 556 1209 jurat
589 1146 826 1212 propter
874 1159 1000 1212 nos,
1036 1145 1305 1214 quamvis
1363 1147 1671 1217 indignum
1705 1147 1753 1201 ei
1800 1148 1876 1202 sit
1932 1165 2041 1200 non

401 1229 576 1294 credi,
605 1229 687 1284 sic
707 1232 979 1301 superius
1002 1233 1225 1287 dictum
1243 1240 1331 1288 est
1353 1251 1366 1289 :
1389 1259 1412 1283 ‹‹
1434 1235 1894 1290 Etdidicitexhis
1918 1254 2044 1305 quae

401 1334 613 1389 passus
637 1323 728 1373 est
754 1335 765 1373 :
796 1341 824 1366 ››
843 1320 1119 1390 quoniam
1151 1321 1420 1377 homines
1439 1323 1545 1378 hoc
1568 1329 1777 1394 putant
1795 1325 2044 1378 maxime

400 1422 528 1462 esse
560 1407 805 1476 dignum
837 1410 969 1478 ﬁde,
1007 1415 1069 1464 ut
1101 1427 1204 1481 per
1232 1412 1695 1483 experimentum
1729 1413 1828 1484 qui
1860 1418 2047 1468 trans-

401 1500 494 1551 eat
524 1497 595 1551 ad
631 1497 828 1552 ﬁdem.

480 1604 504 1633 ε
538 1585 609 1641 Ut
638 1603 741 1657 per
769 1586 918 1643 duas
949 1605 1040 1642 res
1067 1588 1420 1659 immobiles,
1455 1589 2046 1661 quibusimpossibile

402 1678 492 1729 est
518 1675 748 1730 mentiri
777 1677 1370 1742 Deum,fertissimum
1395 1679 1671 1733 solatium
1700 1679 2043 1743 habeamus,

402 1763 503 1834 qui
523 1765 977 1836 confugimusad
995 1767 1302 1821 tenendam
1318 1768 1673 1838 propositam
1690 1786 1849 1840 spem
1869 1785 2044 1839 quam

2153 609 2390 681 Oportet
2420 610 2615 681 itaque
2646 615 2700 665 et
2725 610 2878 676 illos,
2912 625 3161 681 quorum
3193 608 3454 664 Pontifex
3503 612 3612 675 est,
3679 624 3832 663 me-

2153 697 2326 753 liores
2356 716 2520 763 esse;
2555 705 2611 753 et
2643 704 2927 770 quantum
2960 704 3048 752 est
3078 697 3231 752 inter
3270 699 3459 751 Aaron
3520 702 3578 750 et
3637 696 3830 751 Chri-

2155 793 2338 854 stum,
2398 794 2628 843 tantum
2690 793 2778 842 est
2837 788 3269 859 quodammodo
3331 787 3481 840 inter
3562 785 3832 840 Judaaos

2154 881 2211 932 et
2241 877 2604 932 Christianos
2636 878 2945 948 Superiora
2976 876 3150 930 etiam
3175 880 3231 931 et
3279 875 3587 930 sacriﬁcia.
3639 874 3832 929 Talia

2154 965 2424 1022 videlicet
2454 967 2790 1035 offeramus,
2827 983 2951 1036 qua:
2983 965 3040 1019 in
3076 965 3173 1019 illo
3193 965 3528 1020 sanctuario
3554 963 3826 1030 caelesti,

2155 1057 2342 1111 offerri
2374 1060 2621 1126 possunt
2644 1073 2755 1110 non
2784 1056 2908 1124 jam
2944 1055 3195 1126 pecudes
3222 1058 3277 1108 et
3302 1054 3494 1119 boves,
3526 1070 3644 1108 non
3670 1070 3830 1108 eau-

2154 1145 2389 1216 guinem
2424 1149 2480 1199 et
2509 1145 2760 1216 adipem.
2795 1144 3004 1198 Omnia
3036 1143 3155 1197 haec
3188 1143 3381 1198 soluta
3398 1149 3557 1211 sunt,
3587 1147 3645 1196 et
3709 1160 3828 1213 pro

2155 1235 2238 1288 eis
2269 1234 2663 1288 iutroductum
2696 1239 2784 1288 est
2815 1232 3158 1288 rationabile
3208 1232 3558 1302 obsequium
3619 1233 3824 1301 (Rom.

2155 1340 2254 1390 xu,
2290 1325 2340 1389 1)
2393 1323 2551 1384 Quod
2597 1328 2792 1375 autem
2851 1328 2939 1376 est
2998 1320 3342 1375 rationabile
3400 1321 3828 1391 obsequium?

2155 1411 2330 1464 etiam
2351 1411 2500 1481 quod
2533 1427 2634 1482 per
2650 1411 3102 1480 animam,quod
3128 1426 3228 1480 per
3253 1408 3524 1480 spiritum
3555 1408 3826 1463 oﬂ'ertur

2157 1504 2290 1553 Deo.
2323 1523 2347 1546 ‹‹
2383 1499 2637 1570 Spiritus
2670 1504 2776 1565 est,
2818 1519 2837 1545 α
2875 1499 3085 1569 inquit,
3148 1521 3174 1546 «
3208 1498 3382 1564 Deus,
3427 1502 3483 1552 et
3526 1514 3646 1563 eos,
3705 1497 3821 1568 qui

2156 1588 2400 1642 adorant
2429 1605 2586 1655 eum,
2617 1589 2678 1642 in
2711 1588 2918 1658 spiritu
2973 1592 3028 1642 et
3085 1585 3323 1640 veritate
3372 1591 3600 1656 oportet
3658 1588 3818 1640 ado—

2156 1693 2284 1730 rare
2320 1681 2498 1746 (Joan.
2539 1695 2610 1744 1v,
2642 1678 2754 1745 2’1).
2793 1700 2818 1724 ››
2869 1677 3016 1740 Quid
3074 1681 3182 1745 est,
3235 1680 3412 1728 Deum
3469 1673 3529 1728 in
3588 1673 3812 1745 spiritu

2157 1765 2416 1832 adorare,
2452 1765 2563 1820 nisi
2598 1766 2656 1819 in
2689 1765 2994 1830 charitatc,
3029 1767 3085 1818 et
3133 1763 3246 1817 ﬁde
3291 1762 3565 1833 perfecta,
3600 1767 3657 1816 et
3702 1777 3814 1833 spe

403 1851 555 1907 sicut
571 1853 885 1908 anchoram
921 1853 1207 1910 habemus
1231 1856 1638 1910 animaetutam
1659 1873 1724 1910 ac
1747 1857 1997 1911 firmam.
2016 1879 2041 1905 »
2078 1885 2125 1949 B
2159 1854 2398 1909 indubia
2419 1859 2475 1909 et
2497 1853 2713 1909 sanctis
2735 1853 2941 1909 anima:
2964 1852 3301 1920 virtutibus,
3322 1867 3470 1922 quas
3483 1850 3814 1922 Apostolus

401 1940 558 1996 Duas
589 1958 679 1996 res
711 1941 875 2011 dicit,
908 1943 1246 2014 signiﬁcans
1272 1944 1372 2001 Dei
1406 1945 1592 2000 Patris
1623 1945 2043 2016 promissiones

401 2030 472 2084 de
494 2028 636 2085 Filio
661 2047 767 2086 suo
789 2037 847 2086 et
867 2033 1182 2088 adventum
1209 2031 1335 2088 Filii
1365 2035 1422 2088 in
1452 2034 1606 2089 hunc
1629 2035 1914 2089 mundum
1942 2052 2044 2106 pro

400 2117 588 2174 salute
619 2124 836 2174 nostra.
875 2120 1174 2192 Proposita
1205 2139 1337 2177 vero
1366 2139 1500 2194 spes
1557 2123 1768 2179 veritas
1826 2129 1914 2179 est
1956 2141 2045 2179 re-

401 2223 529 2261 rum
564 2213 884 2278 gestarum,
918 2225 1046 2280 qua;
1079 2209 1427 2281 patriarchis
1459 2212 1760 2282 promissa:
1794 2217 1954 2282 sunt,
1989 2217 2047 2267 et

398 2294 661 2364 reddita),
695 2300 760 2349 ut
789 2312 857 2350 ex
889 2298 1206 2352 transactis
1239 2298 1436 2352 futura
1465 2299 1798 2354 credamus.
1860 2300 2042 2362 Quam

401 2399 566 2454 spem
599 2384 751 2438 sicut
777 2384 1118 2449 anchoram,
1142 2386 1354 2457 inquit,
1388 2386 1708 2443 habeamus
1730 2387 1936 2442 animae
1960 2393 2048 2442 tu-

400 2475 521 2526 tam
549 2488 615 2525 ac
648 2472 898 2526 ﬁrmam.
935 2473 1099 2528 Sicut
1128 2474 1284 2529 enim
1317 2475 1808 2547 anchorajactata
1850 2477 2044 2532 navim

406 2576 519 2615 non
553 2560 838 2631 permittit
867 2561 1252 2630 circumferri,
1281 2563 1417 2619 licet
1446 2564 1599 2620 venti
1645 2571 2050 2621 commoveant

405 2665 556 2715 eam,
589 2649 690 2703 sed
713 2650 936 2718 jactata
966 2651 1196 2706 ﬁrmam
1230 2653 1370 2707 facit
1402 2654 1626 2722 navim;
1661 2655 1745 2710 sic
1795 2659 1853 2710 et
1905 2656 2048 2712 ﬁdes

407 2751 509 2808 spe
557 2737 826 2792 roborata
885 2738 1204 2794 introducit
1264 2757 1368 2796 nos
1425 2742 1484 2796 in
1543 2759 1738 2798 rerum
1796 2745 2049 2816 speciem

408 2840 586 2896 quam
619 2826 791 2880 modo
823 2825 937 2881 ﬁde
967 2831 1022 2882 et
1053 2845 1156 2899 spe
1186 2833 1477 2886 tenemus.

481 2912 613 2969 Ideo
645 2914 892 2984 addidit,
925 2916 1124 2972 dicens
1151 2936 1163 2974 :
1188 2942 1216 2968 ‹‹
1249 2920 1317 2973 Et
1348 2919 1715 2976 incedentem
1761 2939 1947 2994 usque
1977 2924 2048 2978 ad

408 3001 686 3058 interiora
714 3004 1039 3062 velaminis.
1066 3029 1094 3056 ››
1123 3008 1464 3080 Tempestas
1493 3009 1672 3075 enim,
1723 3016 1778 3066 et
1828 3011 2050 3066 multus

410 3091 599 3146 imber
626 3099 952 3149 commovet
979 3099 1162 3150 ratem
1190 3115 1202 3164 ;
1239 3097 1494 3153 anchora
1525 3104 1720 3155 autem
1754 3118 1869 3156 non
1921 3117 2048 3172 per-

410 3179 590 3235 mittit
619 3197 748 3236 eam
779 3183 1058 3256 demergi.
1093 3185 1186 3240 Sic
1218 3186 1393 3242 etiam
1427 3193 1627 3243 nostra
1658 3205 1813 3260 spes,
1872 3206 2050 3261 quam

2157 1942 2269 1998 alio
2300 1943 2425 1997 loco
2458 1943 2828 1997 abundanter
2849 1946 3202 1998 enumerat?

2226 2034 2380 2102 (CAP.
2412 2032 2556 2102 VII.)
2587 2055 2613 2080 «
2652 2032 2754 2086 Hic
2783 2031 2938 2086 enim
2999 2028 3442 2092 Melchisedech,
3477 2052 3498 2081 ι
3553 2027 3808 2096 Melchi,

2153 2137 2302 2183 rex;
2335 2121 2543 2176 sedech
2575 2137 2705 2175 vero
2747 2122 2988 2192 justitz'a?
3041 2119 3474 2190 interpretatur.
3533 2117 3605 2171 Et
3651 2117 3814 2186 quid

2155 2209 2314 2264 aliud
2349 2215 2456 2274 est,
2491 2226 2588 2264 rex
2626 2209 2896 2280 justitiaa,
2957 2209 3068 2263 nisi
3129 2208 3413 2263 Dominus
3473 2209 3671 2261 noster
3717 2205 3816 2260 Je-

2158 2316 2258 2353 sus
2288 2299 2578 2364 Christus,
2611 2300 2681 2353 de
2716 2315 2830 2369 quo
2853 2299 2980 2368 jam
3012 2314 3192 2368 supra
3221 2297 3445 2351 dictum
3469 2299 3585 2349 est:
3643 2317 3670 2342 ‹‹
3708 2293 3811 2348 Di-

2157 2387 2343 2442 lexisti
2370 2388 2688 2458 justitiam,
2723 2393 2780 2442 et
2803 2387 2977 2442 odisti
3009 2386 3383 2458 iniquitatem
3424 2384 3599 2454 (Psal.
3655 2400 3809 2450 κων,

2156 2477 2231 2548 8).
2259 2500 2284 2525 ››
2309 2478 2429 2532 Rex
2454 2477 2666 2532 Salem.
2702 2477 2771 2530 Et
2794 2476 2903 2531 hoc
2943 2475 3290 2530 vocabulum
3343 2473 3589 2528 sortitus
3620 2479 3711 2528 est
3742 2489 3812 2527 ex

2159 2565 2389 2621 civitate
2421 2581 2595 2636 quam
2658 2563 3026 2619 inhabitavit.
3082 2564 3227 2619 Nam
3283 2562 3489 2630 salem,
3552 2561 3662 2617 hoc
3721 2565 3812 2616 est

2152 2657 2327 2727 pacis,
2374 2655 2529 2726 quod
2589 2654 2800 2709 iterum
2856 2653 3111 2724 pertinet
3164 2652 3234 2706 ad
3293 2651 3617 2707 Christum.
3679 2650 3810 2722 Ipse

2159 2760 2412 2815 namque
2445 2744 2758 2813 nosjustos
2789 2742 2998 2810 efﬁcit;
3034 2743 3157 2814 ipse
3192 2739 3520 2814 paciﬁcavit
3568 2756 3700 2811 quae
3747 2738 3807 2793 in

2159 2831 2340 2901 cmlis,
2373 2837 2431 2886 et
2460 2848 2588 2902 quis
2617 2831 2674 2885 in
2709 2832 2881 2886 terris
2913 2835 3084 2897 sunt;
3129 2831 3231 2901 qui
3260 2834 3348 2885 est
3379 2845 3490 2900 pax
3521 2833 3721 2884 nostra
3750 2832 3810 2882 et

2159 2922 2294 2976 fecit
2326 2925 2570 2991 utraque
2603 2937 2786 2975 unum
2822 2920 3040 2990 (Ephes.
3077 2937 3137 2989 ιι,
3174 2920 3281 2989 14).
3321 2939 3342 2968 α
3379 2918 3664 2972 Sacerdos
3710 2917 3808 2971 Dei

2159 3010 2398 3066 summi.
2437 3031 2458 3060 ι
2496 3009 2778 3064 Sacerdos
2809 3009 2908 3064 Dei
2942 3009 3159 3064 summi
3180 3024 3307 3063 esse
3327 3007 3546 3061 dicitur
3570 3005 3812 3060 Melchi-

2159 3099 2366 3155 sedech
2393 3103 2462 3152 ad
2487 3098 2930 3153 distinctionem
2954 3097 3203 3152 aliorum
3223 3097 3490 3161 deorum,
3523 3099 3587 3150 ut
3617 3111 3810 3150 sacer-

2162 3189 2268 3243 dos
2302 3188 2397 3242 Dei
2431 3187 2737 3253 Creatoris,
2773 3204 2887 3242 non
2921 3186 3208 3242 idolorum
3263 3201 3390 3241 esse
3449 3184 3807 3239 crederetur.

408 3268 696 3326 habemus
719 3271 892 3326 ﬁxam
916 3251 1275 3330 ininteriora
1290 3251 2052 3344 velaminis,nullainﬁdeli-
2083 3251 2124 3318 Ο
2168 3299 2190 3328 ι
2227 3276 2335 3343 Qui
2367 3276 2619 3331 obviavit
2675 3251 2918 3331 Abrahm
2951 3292 3214 3345 regresso
3247 3292 3280 3330 a
3310 3275 3464 3329 caede
3514 3289 3741 3345 regum.
3778 3295 3809 3320 η

409 3361 528 3414 tate
555 3360 734 3428 mergi
755 3361 985 3432 poterit,
1032 3363 1080 3417 si
1103 3379 1236 3418 cum
1261 3364 1546 3436 Propheta
1573 3368 1853 3422 veraciter
1896 3367 2053 3422 dica-

413 3464 581 3504 mus:
610 3470 637 3499 «
657 3449 828 3505 Jacta
857 3450 916 3505 in
952 3456 1132 3507 Deum
1164 3471 1362 3509 curam
1388 3459 1572 3525 tuam,
1599 3461 1650 3511 et
1675 3457 1800 3528 ipse
1833 3461 1885 3511 te
1917 3473 2056 3511 enu-

412 3537 891 3608 triet(Psal.L1v,
952 3541 1064 3612 23),
1093 3563 1122 3590 ››
1181 3547 1239 3596 et
1287 3559 1400 3598 non
1460 3543 1764 3614 habentes,
1815 3545 2055 3600 omnino

414 3625 667 3680 demersi
701 3643 958 3694 eramus,
983 3647 1094 3684 non
1127 3634 1356 3686 tantum
1401 3633 1458 3687 in
1516 3633 1902 3704 spiritalibus,
1953 3635 2054 3689 sed

415 3712 591 3768 etiam
626 3714 682 3768 in
705 3715 1062 3784 carnalibus,
1085 3719 1242 3790 quia,
1268 3743 1296 3772 «
1325 3721 1424 3792 qui
1450 3727 1594 3789 arat,
1617 3745 1642 3772 ››
1687 3723 1876 3794 inquit
1903 3726 2056 3794 Apo-

417 3801 630 3867 stolus,
662 3825 690 3852 «
723 3803 780 3857 in
813 3821 916 3876 spe
946 3811 1072 3862 arat
1104 3826 1116 3875 ;
1164 3813 1220 3864 et
1267 3811 1460 3866 omnis
1511 3810 1674 3867 labor
1718 3816 1914 3867 noster
1957 3829 2059 3882 spe

417 3892 706 3947 mercedis
737 3894 1052 3963 cuiuslibet
1095 3897 1429 3954 consolatur
1485 3901 1533 3972 (ι
1589 3901 1705 3956 Cor.
1768 3918 1841 3955 1x.
1897 3902 2054 3970 10).»

417 3980 562 4052 Spes
592 3997 724 4038 vero
756 3985 1321 4055 penetratinteriora
1342 3989 1669 4056 velaminis,
1703 3990 1841 4044 dum
1893 3990 2058 4044 coele-

419 4070 534 4128 stia
563 4071 785 4142 absque
803 4071 924 4127 ulla
937 4073 1295 4131 dubitatione
1313 4078 1577 4143 credit,et
1599 4083 1793 4148 sperat
1805 4081 1860 4132 et
1879 4083 2058 4144 amat,

423 4160 699 4232 Operibus
721 4162 978 4218 ostendit
995 4164 1134 4235 quid
1158 4170 1337 4233 amet,
1367 4171 1423 4221 et
1454 4166 1591 4238 quid
1626 4167 1823 4222 credat
1843 4169 1898 4221 et
1921 4167 2061 4238 quid

419 4255 630 4321 speret.

490 4342 557 4393 Et
585 4342 650 4394 ut
670 4339 988 4397 ﬁrmiorem
1014 4342 1185 4399 nobis
1206 4359 1368 4415 spem
1407 4345 1668 4411 adderet,
1719 4343 2060 4414 subjunxit:

420 4447 449 4480 ι
471 4427 578 4484 Ubi
602 4444 924 4500 prazcursor
944 4447 1046 4502 pro
1077 4430 1246 4487 nobis
1281 4431 1503 4486 introiit
1521 4432 1714 4500 Jcsus,
1735 4433 2061 4488 secundum

417 4517 682 4574 ordinem
705 4518 1128 4576 Melchisedech
1147 4519 1415 4575 Pontifex
1431 4519 1690 4574 factusin
1713 4525 2014 4574 aeternum.
2035 4542 2062 4569 »

2165 3366 2430 3422 Tradunt
2459 3365 2678 3420 Hebraei
2715 3364 2871 3419 hunc
2902 3381 3030 3419 esse
3058 3368 3189 3419 Sem
3223 3363 3408 3418 ﬁlium
3441 3361 3582 3428 Noe,
3627 3366 3682 3416 et
3740 3377 3810 3417 eo

2163 3459 2447 3526 tempore,
2483 3470 2598 3524 quo
2621 3458 2784 3509 ortus
2814 3457 2904 3508 est
2932 3452 3252 3519 Abraham,
3287 3451 3567 3506 habuisse
3622 3449 3809 3505 astatis

2166 3561 2351 3600 annos
2381 3547 2668 3599 trecentos
2699 3543 3016 3614 nonaginta
3047 3543 3194 3596 duos
3226 3541 3426 3612 (1410),
3463 3545 3520 3595 et
3559 3556 3624 3594 eo
3656 3545 3811 3593 tem-

2167 3649 2324 3705 pore,
2357 3649 2472 3704 quo
2497 3629 3597 3697 mortuusAbraham,habuisseastatis
3624 3645 3811 3683 annos

2169 3722 2518 3803 quingentos
2551 3721 2852 3792 sexaginta
2883 3720 3163 3792 quinque,
3197 3724 3253 3774 et
3283 3719 3363 3772 ita
3419 3717 3813 3788 supervixisse

2166 3811 2459 3866 Abraham
2484 3826 2667 3865 annos
2690 3808 3082 3880 quadraginta
3102 3805 3813 3880 quinque,quibusexple-

2167 3899 2266 3969 tis,
2301 3899 2433 3953 facti
2467 3903 2604 3953 sunt
2627 3914 2830 3954 omnes
2861 3897 2982 3953 dies
3013 3897 3142 3952 vita:
3175 3898 3305 3967 ejus
3363 3895 3641 3950 sexcenti.
3691 3894 3812 3949 Nec

2170 4003 2298 4044 esse
2331 3988 2568 4052 mirum,
2601 3987 2650 4041 si
2682 3985 3102 4042 Melchisedech
3136 3985 3336 4042 victori
3365 3983 3660 4040 Abraham
3707 3984 3811 4038 ob-

2169 4076 2323 4130 viam
2355 4076 2719 4147 processerit,
2754 4081 2811 4129 et
2851 4076 2908 4129 in
2971 4074 3370 4140 refectionem,
3422 4079 3546 4128 tam
3602 4072 3808 4144 ipsius,

2173 4181 2348 4236 quam
2369 4170 2758 4237 pugnatorum
2781 4165 3150 4236 ejus,panem
3174 4163 3497 4234 vinumque
3512 4161 3807 4230 obtulerit,

2172 4258 2230 4308 et
2259 4255 2615 4309 benedixerit
2641 4255 2713 4319 ei,
2747 4254 2899 4324 quod
2925 4252 3196 4326 abnepoti
3215 4253 3472 4323 suojure
3498 4251 3809 4324 paternita-

2172 4343 2248 4398 tis
2279 4343 2532 4408 deberet,
2562 4347 2617 4396 et
2648 4343 2941 4398 decimaas
2972 4343 3179 4412 praedas
3209 4346 3386 4413 atque
3432 4340 3688 4396 victoriis
3742 4340 3807 4394 ab

2173 4432 2299 4504 ipso
2321 4431 2626 4503 acceperit.
2652 4431 2762 4486 Sed
2779 4432 2849 4486 de
2873 4431 2979 4485 hoc
3002 4431 3071 4484 ad
3100 4429 3358 4485 litteram
3391 4428 3630 4500 longius
3659 4429 3809 4484 labo-

2173 4537 2300 4576 rare
2316 4537 2551 4576 necesse
2579 4537 2691 4574 non
2715 4524 2822 4586 est,
2844 4521 2982 4592 quia
3003 4521 3062 4575 in
3085 4518 3528 4574 commentariis
3553 4517 3685 4573 libri
3717 4519 3810 4574 Ge-

420 4606 749 4663 Praacursor
779 4612 976 4663 autem
999 4609 1390 4679 quorumdam
1412 4611 1502 4662 est
1525 4624 1866 4678 praecursor,
1893 4608 2064 4664 sicuti
2094 4617 2140 4682 1)
2175 4627 2398 4678 neseos,
2438 4626 2584 4680 quos
2607 4610 2677 4665 de
2699 4609 2906 4680 spiritu
2929 4616 2982 4664 et
3006 4608 3197 4664 littera
3218 4613 3351 4664 ante
3366 4607 3593 4679 aliquot
3613 4607 3811 4679 scripsi

416 4694 674 4751 Joannes
701 4696 937 4752 Christi.
970 4697 1097 4752 Non
1127 4696 1282 4751 enim
1316 4696 1460 4750 dixit
1507 4695 1873 4766 simpliciter,
1915 4722 1941 4748 ‹‹
1975 4698 2064 4754 in-

417 4783 602 4850 troiit,
639 4811 663 4831 n
695 4786 818 4853 sed,
857 4809 877 4833 ι
907 4785 1003 4838 ubi
1037 4801 1362 4856 praecursor
1392 4801 1495 4855 pro
1536 4784 1706 4840 nobis
1764 4785 2003 4859 introiit,
2032 4812 2060 4840 ››

419 4872 518 4928 ubi
532 4873 947 4945 absquedubio
963 4890 1068 4927 nos
1082 4877 1344 4942 oporteat
1362 4874 1632 4946 prosequi
1645 4893 2060 4947 praecursorem

420 4966 708 5017 nostrum.
742 4966 1170 5016 Prmcursorem
1194 4961 1508 5034 siquidem,
1533 4968 1587 5019 et
1609 4971 2061 5038 consequentem

420 5049 479 5104 in
513 5049 719 5104 eadem
752 5048 927 5102 etiam
956 5048 1048 5101 via
1068 5065 1196 5105 esse
1217 5051 1502 5107 convenit.
1529 5053 1645 5109 Hoc
1663 5059 1858 5110 autem
1882 5057 1952 5111 de
1974 5073 2063 5122 eo,

421 5138 524 5211 qui
557 5136 883 5190 secundum
902 5152 1134 5193 carnem
1160 5145 1270 5211 est,
1295 5141 1525 5214 dicitur,
1551 5143 1650 5214 qui
1677 5145 2063 5216 semetipsum

417 5222 634 5282 obtulit
663 5223 1018 5282 sacriﬁcium
1053 5232 1168 5285 Deo
1202 5231 1261 5286 in
1293 5231 1529 5288 odorem
1553 5235 1882 5290 suavitatis.
1909 5236 2056 5290 Pon-

493 5381 679 5462 (11510)
710 5385 1404 5462 Ambrosiasterducentos
1449 5396 1776 5462 nonaginta.
1811 5393 1912 5448 Hic
1942 5393 2066 5449 obi-

423 5451 514 5538 ter
536 5451 972 5538 observabimus
986 5461 1138 5538 hanc
1155 5463 1486 5538 Opinionem
1510 5451 2066 5538 Melchisedech,_sci-

421 5527 847 5605 licetneumdem
871 5549 998 5588 esse
1021 5550 1086 5587 ac
1109 5527 1262 5601 Sem,
1281 5535 1496 5590 multos
1521 5538 1694 5591 etiam
1736 5554 1803 5590 cx
1839 5527 2066 5591 moder-

425 5596 520 5678 nis
543 5594 792 5680 fautores
812 5594 1310 5680 habere.§i_plura
1330 5607 1648 5680 desideres,
1677 5606 1772 5680 adi
1791 5607 2070 5680 dictione.-

423 5667 578 5726 rium
601 5667 736 5728 hist.
767 5675 912 5732 bibl.
945 5679 1008 5729 P.
1041 5667 1268 5731 Calinet
1298 5679 1368 5732 ad
1419 5667 2068 5749 vocabeclchisedcch,

2175 4715 2383 4765 annos,
2409 4697 2766 4752 sufﬁcienter
2787 4697 3117 4768 expositum
3141 4702 3229 4752 est
3249 4695 3458 4767 (1411).
3483 4718 3512 4747 ‹‹
3547 4697 3618 4751 Et
3646 4697 3813 4752 bene-

2175 4787 2322 4843 dixit
2343 4785 2415 4841 ei.
2442 4809 2468 4835 »
2501 4785 2608 4850 Qui
2639 4786 2794 4841 enim
2823 4785 3114 4841 benedicit
3144 4787 3334 4857 major
3361 4789 3454 4840 est
3481 4801 3666 4856 quam
3723 4784 3814 4858 qui

2174 4875 2555 4932 benedicitur.
2591 4874 2751 4930 Unde
2781 4879 2837 4930 et
2863 4874 3193 4929 sacerdotes
3223 4890 3293 4928 ex
3324 4875 3551 4929 semine
3584 4874 3813 4929 Abrahae

2173 4965 2315 5034 nati,
2352 4964 2561 5019 fratres
2591 4980 2730 5018 suos
2757 4963 3202 5033 benedicebant,
3232 4962 3288 5016 id
3321 4967 3432 5026 est,
3469 4962 3629 5018 ﬁlios
3652 4962 3812 5018 Israel

2175 5054 2392 5127 quibus
2413 5052 2509 5108 isti
2535 5051 2792 5107 decimas
2815 5051 3387 5118 dabant,secundum
3408 5049 3558 5123 legis
3587 5052 3817 5107 manda-

2172 5150 2300 5200 tum
2333 5159 2462 5197 vere
2498 5146 2562 5196 ut
2594 5140 2922 5209 majoribus
2953 5145 3011 5196 et
3039 5139 3536 5195 eminentioribus
3569 5140 3704 5196 sibi.

2249 5256 2277 5283 ‹‹
2310 5231 2410 5287 Cui
2443 5229 2704 5286 decimas
2735 5229 2999 5284 omnium
3032 5228 3229 5283 divisit
3256 5227 3582 5286 Abraham.
3609 5252 3638 5280 »
3663 5229 3816 5286 Nullo

2176 5393 2280 5476 ubi
2300 5407 2502 5473 omnes
2526 5391 2644 5446 fere
2667 5389 2992 5462 opiniones,
3011 5403 3334 5459 earumque
3351 5391 3630 5444 auctores
3649 5387 3815 5445 hacin

2177 5481 2238 5521 re
2266 5479 2546 5518 Invenies.

2248 5535 2431 5604 (1411)
2456 5532 2680 5604 Asserit
2701 5549 2761 5587 se
2778 5531 2836 5586 in
2853 5531 2912 5586 in
2935 5530 3152 5586 librum
3166 5529 3817 5604 Geneseoscommenta-

2178 5601 2265 5660 ria
2297 5601 2621 5676 scripsisse.
2656 5603 2890 5659 Utinam
2918 5607 3076 5660 tanto
3108 5601 3435 5674 potiremur
3455 5601 3753 5660 thesauro.
