3966 6210
156 430 274 490 7(ιὸ

749 424 1167 488 EXPOSITIO
1212 423 1293 486 IN
1338 424 1767 487 EPIS'I‘ULAS
1813 424 2069 488 PAULI.
2105 458 2180 471 —
2209 425 2289 488 IN
2324 425 2573 487 EPIST.
2618 424 2721 484 AD
2766 422 3001 483 HEBR.

3458 418 3576 479 766

162 563 336 618 modo
356 559 515 617 enim
540 559 801 615 dedisset
823 560 1117 613 Abraham
1153 559 1487 631 alienigenae
1519 558 1821 613 Melchise-
1852 560 1906 629 Α
1937 564 2089 615 esset
2118 579 2130 615 :
2157 584 2183 610 ‹‹
2207 562 2385 632 Cujus
2408 564 2601 615 autem
2626 558 2919 629 generatio
2942 572 3057 612 non
3082 551 3578 611 annumeraturin

161 652 306 707 dech
332 650 623 705 sacerdoti
659 649 1069 703 incircumciso
1092 649 1370 717 decimas,
1397 648 1507 702 nisi
1538 650 1664 718 ejus
1695 647 1821 719 plu-

162 740 349 794 rimus
379 740 570 793 honor
611 743 787 792 esset.

234 828 454 884 Deinde
487 827 731 881 alteram
765 827 1151 881 differentiam
1194 827 1535 889 introducit,
1570 827 1770 881 dicens
1807 844 1819 880 :

164 940 191 968 ‹‹
220 917 358 971 Sine
400 920 585 987 patre,
624 915 749 969 sine
782 922 987 979 matre,
1024 915 1150 969 sine
1184 914 1543 985 genealogia.
1582 937 1608 963 n
1663 916 1721 969 In
1756 932 1820 969 eo

161 1008 318 1063 enim
354 1007 511 1076 quod
546 1005 741 1060 subito
776 1020 986 1058 nomen
1017 1004 1145 1073 ejus
1180 1004 1496 1067 inducitur,
1522 1008 1579 1057 et
1609 1020 1676 1057 ex
1707 1020 1821 1073 qua

162 1098 348 1167 stirpe
368 1096 446 1148 sit
466 1098 805 1164 procreatus
823 1109 1195 1163 nequaquam
1222 1092 1421 1162 ponito
1433 1110 1589 1159 r,nec
1606 1093 1822 1146 indica-

160 1189 258 1238 tur
290 1186 364 1238 de
398 1184 566 1237 initio
597 1183 726 1236 vitae
758 1183 887 1250 ejus
916 1182 1000 1235 vel
1038 1182 1169 1245 ﬁne,
1202 1197 1305 1234 nec
1338 1186 1489 1241 ante,
1524 1198 1627 1233 nec
1662 1186 1818 1249 post-

161 1273 417 1326 modum
444 1271 763 1341 quidquam
789 1270 1054 1335 refertur,
1082 1271 1208 1324 ideo
1232 1270 1536 1341 adjungit:
1575 1271 1820 1339 «Neque

156 1360 407 1414 initium
441 1359 683 1421 dierum,
718 1375 907 1429 neque
938 1362 1113 1412 linem
1146 1360 1271 1411 vitae
1306 1358 1549 1412 habens.
1590 1382 1615 1405 ››
1668 1360 1816 1422 Quo-

158 1449 343 1503 modo
387 1462 491 1501 nec
542 1447 775 1500 initium
817 1447 1066 1510 dierum,
1104 1464 1291 1516 neque
1340 1449 1513 1500 finem
1566 1445 1820 1500 habuit?

158 1537 491 1601 Quomodo,
516 1535 629 1590 nisi
661 1537 799 1606 quia
824 1552 939 1589 non
973 1542 1192 1599 narrat,
1219 1536 1368 1590 sicut
1397 1536 1667 1606 superius
1692 1536 1816 1604 jam

155 1626 441 1687 diximus,
464 1624 766 1695 Scriptura
787 1624 917 1693 ejus
940 1623 1339 1694 genealogiam
1357 1623 1383 1677 ?
1404 1622 1563 1677 Sicut
1584 1627 1639 1677 et
1659 1622 1819 1676 Chri-

156 1720 289 1768 stus
320 1713 454 1783 ipsa
484 1716 699 1766 natura
730 1712 856 1765 sine
888 1712 1056 1766 initio
1090 1717 1147 1765 et
1190 1714 1302 1766 ﬁne
1332 1717 1439 1765 est.
1473 1712 1631 1765 Sicut
1662 1711 1817 1765 enim

156 1803 333 1858 istius
357 1802 660 1856 nescimus
685 1818 872 1871 neque
894 1801 1124 1855 initium
1150 1801 1400 1867 dierum,
1428 1818 1616 1870 neque
1644 1801 1816 1853 ﬁnem

156 1893 313 1953 vitae,
348 1897 586 1961 propter
619 1890 773 1960 quod
806 1906 919 1944 non
953 1896 1042 1944 est
1070 1890 1379 1960 scriptum,
1406 1889 1487 1943 ita
1520 1889 1818 1943 nescimus

158 1979 286 2034 Filii
325 1980 419 2033 Dei
453 1977 715 2046 initium,
737 1977 823 2032 vel
857 1980 1052 2032 linem.
1086 1978 1213 2048 Ipse
1247 1984 1335 2032 est
1366 1978 1519 2032 enim
1555 1978 1715 2032 solus
1746 1978 1816 2032 de

161 2073 332 2123 Patre
363 2067 487 2122 sine
521 2072 708 2121 matre
738 2066 973 2138 genitus
1005 2082 1105 2137 per
1136 2067 1496 2120 divinitatem
1530 2084 1541 2133 ;
1589 2066 1714 2137 ipse
1744 2066 1815 2120 de

164 2157 348 2212 Matre
380 2157 507 2211 sine
538 2160 704 2226 patre
746 2172 846 2227 per
890 2155 1360 2221 humanitatem;
1410 2156 1535 2225 ipse
1586 2171 1816 2227 quoque

160 2246 449 2300 Sacerdos
479 2250 755 2309 aeternus,
780 2245 849 2298 ad
885 2261 1058 2314 quem
1085 2244 1338 2299 dicitur:
1377 2268 1395 2292 ι
1426 2245 1508 2298 Tu
1544 2260 1604 2298 es
1635 2260 1818 2299 sacer-

157 2333 267 2388 dos
300 2333 363 2386 in
395 2338 675 2387 aeternum
709 2333 1032 2387 secundum
1065 2332 1330 2386 ordinem
1364 2332 1812 2387 Melchisedech.

150 2420 545 2477 Assimilatus
568 2427 654 2475 est
675 2426 865 2475 autem
892 2420 1034 2475 Filio
1058 2420 1178 2475 Dei.
1206 2443 1231 2469 η
1266 2421 1599 2475 Similitudo
1623 2421 1810 2476 hocin

152 2506 294 2564 loco
330 2525 444 2563 non
478 2525 576 2579 pro
614 2508 965 2580 aequalitate,
1001 2510 1100 2564 sed
1137 2526 1237 2579 pro
1270 2511 1457 2582 ﬁgura
1486 2511 1674 2581 posita
1703 2515 1808 2565 est.

155 2599 329 2654 Sicut
362 2598 515 2651 enim
564 2598 621 2652 in
675 2599 1057 2668 imaginibus,
1090 2599 1311 2669 aliquid
1345 2599 1555 2666 simile,
1590 2600 1808 2669 aliquid

158 2686 455 2741 dissimile
487 2688 763 2757 ponitur;
792 2687 1120 2743 similitudo
1147 2693 1235 2743 est
1268 2688 1323 2742 in
1359 2688 1641 2759 positione
1665 2687 1813 2743 colo-

156 2792 291 2831 rum
306 2784 388 2842 ,et
411 2775 493 2829 sic
511 2776 840 2831 differentia
858 2778 1171 2831 manifesta
1191 2781 1571 2845 monstratur,
1589 2783 1643 2831 et
1662 2794 1814 2847 qure-

160 2865 299 2919 dam
334 2865 571 2935 quidem
606 2863 841 2934 similis,
865 2867 1133 2935 quaedam
1157 2871 1349 2921 autem
1382 2866 1708 2929 dissimilis,
1734 2866 1814 2920 ita

160 2954 377 3008 umbra
398 2959 455 3008 et
486 2954 724 3020 veritas,
748 2955 934 3025 ﬁgura
964 2959 1021 3009 et
1051 2955 1202 3025 quod
1230 2956 1614 3025 significatur.
1651 2976 1676 3003 ‹‹
1701 2956 1815 3009 Ma-

163 3048 266 3098 net
297 3043 583 3097 Sacerdos
615 3043 672 3096 in
707 3048 1075 3114 perpetuum.
1110 3066 1137 3093 ››
1194 3043 1309 3098 Hoc
1340 3044 1410 3098 de
1441 3043 1669 3097 Christo
1704 3044 1813 3098 Do-

163 3132 348 3197 mino,
375 3148 491 3185 non
516 3132 587 3186 de
608 3130 1029 3186 Melchisedech
1052 3130 1300 3202 intelligi
1321 3132 1445 3186 vult
1464 3132 1811 3203 Apostolus:

162 3220 303 3291 quia
327 3220 440 3274 iste
464 3224 830 3285 mortuus,et
851 3236 964 3274 non
987 3220 1098 3274 fuit
1120 3221 1388 3275 sacerdos
1413 3222 1468 3276 in
1494 3228 1812 3289 aeternum;

158 3310 353 3380 figura
383 3312 583 3362 tamen
615 3309 745 3377 ejus
776 3308 913 3362 vivit
942 3308 1000 3361 in
1024 3308 1250 3363 Christo
1279 3309 1337 3363 in
1373 3316 1737 3380 perpetuum.

234 3397 397 3452 Unde
418 3401 476 3451 et
507 3397 812 3467 sequitur:
850 3419 875 3446 ‹‹
905 3396 1218 3452 Intuemini
1244 3402 1439 3452 autem
1466 3405 1720 3468 quantus
1742 3399 1817 3453 sit

158 3486 280 3553 hic,
308 3486 402 3540 cui
434 3490 489 3539 et
511 3485 772 3540 decimas
795 3485 955 3540 dedit
977 3487 1047 3540 de
1074 3485 1382 3557 praecipuis
1406 3486 1697 3541 Abraham
1725 3505 1818 3559 pa-

154 3574 439 3630 triarcha.
469 3593 497 3622 »
532 3574 695 3637 Quod
724 3591 854 3629 vero
886 3574 1220 3645 patriarcha
1252 3590 1501 3645 magnus
1526 3575 1817 3631 Abraham

154 3664 422 3720 decimas
441 3663 785 3717 substantiae
802 3680 918 3717 sua:
934 3662 1359 3718 Melchisedech
1385 3664 1667 3718 sacerdoti
1693 3669 1823 3735 post

158 3752 635 3807 benedictionem
668 3751 847 3819 dedit,
881 3752 1072 3806 sciens
1116 3751 1363 3821 qualiter
1394 3752 1601 3807 melius
1631 3770 1818 3808 sacer-

161 3840 393 3900 dotium
413 3841 676 3894 futurum
694 3839 749 3893 in
772 3839 984 3910 populo
999 3840 1817 3911 gentium,quamLeviticum,

161 3928 322 4000 quod
346 3930 406 3982 in
430 3927 610 3983 Israel
634 3928 705 3982 de
725 3928 852 3998 ipso
876 3932 1000 3983 erat
1025 3929 1389 3984 nasciturum
1414 3930 1817 4001 futurumque,

160 4026 231 4072 ut
256 4016 655 4072 sacerdotium
680 4015 946 4071 Ecclesia:
970 4016 1195 4071 habens
1219 4018 1570 4088 praeputium
1596 4018 1822 4074 benedi-

160 4109 322 4159 ceret
338 4104 703 4159 inAbraham
722 4103 1070 4158 circumciso
1085 4105 1819 4178 sacerdotiumSynagogm.

159 4195 235 4250 Et
266 4195 375 4248 hoc
407 4192 709 4265 apostolus
731 4192 945 4247 Paulus
969 4193 1211 4258 Judaeis,
1236 4195 1305 4248 ad
1340 4211 1486 4264 quos
1517 4195 1667 4249 hanc
1691 4195 1820 4266 Epi-

160 4281 383 4337 stolam
409 4281 746 4348 destinavit,
772 4280 1028 4335 inculcat
1055 4286 1111 4335 et
1140 4281 1317 4336 dicit:
1350 4283 1628 4352 Aspicite,
1650 4289 1706 4338 et
1734 4284 1822 4337 in-

158 4370 414 4442 telligite
444 4387 623 4442 quam
659 4386 911 4440 magnus
960 4370 1055 4424 hic
1099 4372 1372 4425 sacerdos
1401 4370 1821 4427 Melchisedech

160 4464 276 4525 est,
303 4459 404 4530 qui
436 4461 687 4531 figuram
711 4458 923 4513 Christi
955 4460 1260 4529 gestabat;
1296 4460 1386 4514 cui
1421 4464 1540 4514 tam
1574 4477 1825 4532 magnus

162 4548 505 4621 patriarcha
530 4548 826 4603 Abraham
850 4547 1107 4602 decimas
1130 4547 1291 4602 dedit
1317 4549 1384 4603 de
1418 4548 1745 4620 praecipuis,
1766 4550 1821 4604 id

162 4642 287 4702 est,
321 4637 393 4690 de
423 4637 767 4692 melioribus
796 4636 971 4690 rebus
1001 4653 1128 4706 qum
1160 4636 1432 4692 habebat.

247 4748 277 4772 ‹‹
316 4728 385 4776 Et
415 4725 645 4794 quidem
681 4725 751 4779 de
786 4723 921 4778 ﬁliis
956 4726 1082 4779 Levi
1115 4726 1506 4781 sacerdotium
1539 4727 1826 4798 accipien-

164 4818 289 4878 tes,
310 4812 653 4867 mandatum
677 4812 900 4867 habent
924 4813 1182 4868 decimas
1204 4830 1435 4869 sumere
1458 4832 1490 4869 a
1511 4816 1724 4887 populo
1747 4834 1831 4871 se-

168 4900 442 4957 cundum
466 4900 751 4972 legem,id
778 4905 933 4966 est,a
958 4901 1234 4957 fratribus
1257 4903 1751 4975 suis,quanquam
1776 4909 1832 4959 et

160 4990 283 5062 ipsi
307 4988 559 5045 exierint
579 4991 653 5044 de
681 4988 900 5043 lumbis
922 4990 1188 5045 Abrahaz.
1220 5013 1239 5038 ι»
1276 4992 1462 5046 Tanta
1485 4992 1701 5065 quippe
1722 4999 1829 5059 est,

164 5079 387 5151 inquit,
422 5077 742 5134 sacerdotii
776 5077 1134 5145 excellentia,
1170 5084 1232 5132 ut
1262 5079 1436 5134 etiam
1477 5081 1577 5150 qui
1610 5082 1833 5137 similes

162 5174 371 5224 essent
405 5166 906 5241 progenitoribus,
931 5172 987 5221 et
1016 5168 1287 5222 eumdem
1320 5168 1599 5223 haberent
1630 5186 1831 5241 proge-

165 5258 448 5327 nitorem,
466 5263 669 5312 tamen
688 5253 876 5309 multo
890 5255 1142 5325 amplius
1162 5256 1430 5312 meliores
1451 5258 1833 5327 essejudicati

165 5352 327 5417 sunt,
366 5364 400 5401 ε,
431 5346 659 5416 quibus
690 5342 1007 5411 accipiunt.
1039 5345 1111 5398 Et
1156 5346 1424 5415 quamvis
1472 5362 1505 5399 ει
1558 5345 1833 5400 fratribus

166 5435 294 5490 suis
327 5435 675 5490 sacerdotes
708 5430 782 5483 de
813 5428 964 5483 tribu
999 5432 1132 5486 Levi
1163 5432 1420 5488 decimas
1452 5440 1710 5501 sumant,
1746 5439 1831 5487 ta-

169 5539 303 5577 men
339 5524 435 5578 bic
468 5519 756 5577 sacerdos
789 5516 861 5569 de
889 5517 1038 5573 tribu
1075 5520 1203 5575 Levi
1238 5538 1351 5575 non
1386 5528 1527 5589 erat,
1550 5524 1647 5593 qui
1678 5524 1835 5576 deci-

169 5627 294 5666 mas
325 5614 397 5667 ab
422 5609 737 5666 Abraham
772 5606 1043 5674 sumpsit.
1068 5608 1313 5663 Proinde
1346 5610 1505 5665 nullo
1537 5612 1709 5664 modo
1741 5611 1837 5665 de-

168 5699 350 5756 disset
374 5699 734 5769 alienigena:
754 5690 1034 5761 decimas,
1051 5697 1163 5752 nisi
1188 5698 1315 5766 ejus
1340 5697 1632 5769 plurimus
1650 5698 1835 5753 honor

1931 648 2035 715 eis,
2060 672 2079 696 ιι
2109 650 2163 703 id
2190 655 2297 716 est,
2320 650 2375 703 in
2405 649 2538 704 ﬁliis
2561 648 2726 715 Levi;
2758 640 3203 708 Melchisedech,
3225 648 3288 698 ut
3308 642 3578 714 superius

1932 738 2031 801 ait.
2058 762 2085 788 ‹‹
2113 739 2237 793 sine
2260 744 2463 805 matre,
2488 743 2544 792 et
2574 738 2697 793 sine
2725 734 3059 807 genealogia
3086 758 3112 781 ››
3140 752 3152 788 :
3188 732 3576 803 signiﬁcativo

1932 833 2124 882 autem
2160 828 2354 893 modo,
2378 828 2589 881 Christi
2616 826 2911 896 generatio
2940 842 3039 896 per
3070 823 3430 877 divinitatem
3460 837 3574 875 non

1931 918 2555 986 annumeratur,juxta
2578 916 2720 969 illud
2748 934 2759 969 :
2791 936 2817 967 α
2835 914 3274 969 Generationem
3296 913 3423 979 ejus
3442 910 3577 981 quis

1930 1006 2266 1061 enarrabit?
2290 1028 2314 1053 ››
2344 1007 2609 1061 Decimas
2632 1005 2886 1075 sumpsit
2907 1003 3169 1068 Abrahae,
3194 1001 3447 1067 ethunc,
3474 998 3573 1069 qui

1928 1094 2181 1149 habebat
2207 1095 2713 1165 repromissiones,
2739 1092 3050 1147 benedixit.
3073 1092 3205 1145 Sine
3234 1089 3354 1144 ulla
3381 1093 3570 1142 autem

1929 1184 2409 1247 contradictione,
2436 1185 2589 1253 quod
2614 1183 2809 1237 minus
2831 1187 2939 1245 est,
2965 1198 2996 1234 a
3027 1180 3263 1235 meliore
3282 1176 3574 1233 benedici-

1928 1276 2022 1325 tur
2052 1274 2201 1342 (Isai.
2240 1290 2356 1337 LIII,
2390 1273 2465 1338 8).
2500 1272 2599 1325 His
2634 1277 2829 1324 autem
2861 1269 3092 1322 duobus
3124 1266 3312 1320 modis
3336 1263 3573 1319 Melchi-

1928 1361 2136 1415 sedech
2170 1360 2560 1415 sacerdotium
2596 1363 2713 1412 toto
2746 1358 2967 1412 Veteris
2998 1354 3355 1410 Testamenti
3388 1368 3573 1407 sacer-

1928 1450 2084 1504 dotio
2108 1448 2421 1519 praecellit:
2451 1450 2727 1519 primum,
2745 1447 2884 1517 quia
2904 1446 3161 1499 decimas
3185 1443 3254 1497 ab
3279 1441 3571 1495 Abraham

1926 1538 2191 1593 omnium
2220 1539 2588 1591 sacerdotum
2622 1541 2783 1607 patre
2806 1535 3066 1603 accipere
3094 1532 3325 1595 meruit,
3350 1534 3406 1583 et
3435 1529 3573 1599 quia

1926 1627 2105 1695 hunc,
2133 1626 2233 1697 qui
2262 1625 2748 1697 repromissiones
2770 1627 3090 1694 acceperat,
3116 1618 3429 1675 benedixit.
3456 1621 3573 1670 Hoc

1928 1716 2100 1769 modo
2136 1716 2192 1768 in
2216 1715 2408 1768 Veteri
2433 1716 2807 1769 Testamento
2829 1711 3126 1766 Christum
3150 1706 3408 1779 apertius
3436 1722 3576 1777 prte-

1926 1804 2179 1874 ﬁgurare
2238 1820 2351 1857 non
2411 1802 2621 1873 potuit,
2675 1818 2851 1872 quam
2906 1796 3351 1854 Melchisedech.
3412 1794 3571 1859 Quod

1848 1928 1893 1990 Β
1929 1907 2061 1945 vero
2096 1890 2423 1961 patriarcha
2454 1906 2703 1959 magnus
2728 1888 2987 1943 decimas
3010 1885 3202 1940 omnis
3229 1882 3572 1938 substantia:

1926 1996 2042 2033 sum
2071 1979 2491 2035 Melchisedech
2516 1977 2799 2033 sacerdoti
2836 1981 2966 2046 post
2989 1973 3446 2029 benedictionem
3470 1971 3570 2024 de-

1926 2069 2028 2135 dit,
2054 2069 2245 2123 sciens
2278 2067 2637 2139 spiritaliter,
2666 2070 2731 2121 ut
2760 2066 3037 2125 diximus,
3063 2061 3273 2116 melius
3300 2059 3571 2114 sacerdo-

1926 2157 2073 2211 tium
2101 2157 2364 2211 futurum
2400 2157 2455 2209 in
2492 2154 2704 2227 populo
2736 2154 3023 2225 gentium,
3047 2166 3224 2221 quam
3251 2148 3568 2213 leviticum,

1926 2247 2079 2313 quod
2128 2244 2183 2299 in
2231 2244 2407 2300 Israel
2441 2245 2510 2299 de
2539 2244 2667 2315 ipso
2698 2248 2821 2298 erat
2854 2240 3240 2304 nasciturum,
3275 2238 3569 2291 futurum-

1925 2350 2057 2403 que,
2092 2338 2155 2388 ut
2207 2333 2598 2389 sacerdotium
2634 2330 2899 2386 Ecclesia
2944 2329 3167 2383 habens
3215 2324 3567 2397 praaputium

1924 2421 2291 2477 benediceret
2340 2423 2398 2476 in
2446 2422 2742 2475 Abraham
2787 2416 3132 2473 circumciso
3177 2411 3567 2469 sacerdotium

1923 2526 2250 2581 synagogas.

1996 2621 2022 2648 «
2057 2606 2101 2651 A
2134 2598 2371 2654 meliore
2401 2598 2797 2664 benedicetur,
2831 2620 2858 2646 ››
2893 2596 2949 2650 id
2984 2599 3091 2661 est,
3127 2610 3160 2649 a
3190 2592 3429 2662 majore.
3468 2590 3568 2643 Be-

1923 2688 2173 2743 nedictio
2205 2687 2578 2743 abundantiae
2610 2692 2717 2742 est.
2754 2687 2887 2740 Ideo
2928 2689 3122 2739 autem
3172 2697 3342 2736 nemo
3392 2680 3566 2733 bene-

1923 2777 2111 2831 dicere
2143 2782 2351 2847 potest,
2388 2776 2499 2830 nisi
2544 2777 2643 2847 qui
2692 2776 2879 2845 major
2923 2779 3033 2842 est,
3067 2777 3124 2827 et
3171 2786 3339 2825 nemo
3390 2769 3569 2823 bene-

1923 2866 2032 2920 dici
2085 2870 2294 2937 potest,
2342 2865 2453 2920 nisi
2504 2866 2602 2936 qui
2654 2865 2846 2920 minor
2894 2868 3003 2918 est.
3053 2861 3228 2916 Vides
3276 2862 3567 2931 quantum

1923 2954 2167 3009 interest
2216 2954 2366 3008 inter
2415 2953 2711 3009 Abraham
2762 2956 2819 3007 et
2873 2948 3321 3012 Melchisedech,
3354 2946 3455 3017 qui
3505 2945 3569 2999 ﬁ-

1924 3058 2130 3114 guram
2183 3044 2421 3113 gerebat
2471 3042 2783 3097 Salvatoris
2835 3038 3041 3095 nostri.
3075 3037 3446 3108 Approbatur
3476 3033 3570 3088 hic

1924 3132 2132 3186 melior
2162 3130 2585 3186 Melchisedech
2630 3146 2778 3193 esse,
2814 3145 2990 3199 quam
3022 3126 3339 3191 Abraham,
3371 3129 3431 3177 et
3476 3138 3568 3176 sa-

1927 3220 2247 3275 cerdotium
2275 3222 2425 3290 ejus,
2449 3236 2626 3289 quam
2656 3218 2983 3273 levitarum.
3007 3214 3377 3285 Approbatur
3403 3209 3569 3265 Chri-

1928 3314 2055 3363 stus
2101 3308 2306 3363 melior
2335 3305 2787 3371 Melchisedech,
2820 3309 2877 3359 et
2926 3302 3200 3357 omnibus
3249 3297 3573 3370 prophetis,

1926 3395 2047 3450 sive
2090 3394 2462 3466 patriarcbis,
2494 3392 2581 3448 vel
2636 3391 2911 3447 omnibus
2958 3387 3200 3444 sanctis.
3235 3384 3333 3440 Isti
3383 3383 3573 3440 sancti

1927 3484 2081 3539 sicut.
2113 3484 2404 3547 homines,
2436 3482 2537 3536 ille
2568 3482 2720 3536 sicut
2750 3486 2924 3545 Deus,
2957 3483 3013 3533 et
3043 3476 3218 3531 homo
3246 3494 3258 3541 ;
3294 3474 3390 3528 isti
3422 3474 3575 3527 sicut

1928 3572 2031 3627 ﬁlii
2064 3572 2342 3643 adoptivi,
2376 3570 2473 3625 ille
2506 3576 2569 3625 ut
2605 3568 2875 3642 proprius
2907 3567 3105 3622 Filius.
3133 3565 3198 3619 Et
3225 3564 3377 3619 hanc
3407 3562 3571 3617 diffe-

1928 3662 2178 3716 rentiam
2229 3677 2329 3731 per
2376 3665 2564 3715 totum
2609 3665 2831 3715 textum
2872 3655 3140 3729 Epistolas
3173 3654 3351 3723 hujus
3384 3652 3573 3706 disse-

1932 3748 2539 3819 minat,etjaculatur,
2554 3748 2753 3803 volens
2772 3748 3172 3802 demonstrare
3190 3748 3474 3815 quantum
3494 3741 3576 3795 in-

1930 3837 2099 3893 tersit
2126 3840 2275 3892 inter
2297 3837 2616 3901 Christum,
2642 3844 2699 3893 et
2720 3835 3101 3908 patriarchas,
3122 3833 3207 3889 vel
3237 3831 3573 3904 prophetas.

1932 3928 1997 3982 Et
2020 3934 2252 3999 propter
2280 3927 2390 3981 hoc
2421 3927 2744 3997 assumpsit
2764 3922 3210 3987 Melchisedech,
3234 3922 3393 3992 quia,
3422 3918 3575 3973 sicut

1923 4016 2049 4086 jam
2081 4015 2359 4081 diximus,
2391 4016 2523 4085 plus
2554 4014 2834 4085 apertius,
2858 4018 2915 4068 et
2950 4010 3319 4066 manifestius
3341 4007 3577 4079 gerebat

1933 4106 2178 4174 ﬁguram
2238 4102 2553 4158 Salvatoris
2614 4100 2818 4167 nostri,
2870 4105 2927 4155 et
2977 4104 3042 4153 ut
3098 4097 3222 4167 ipse
3269 4096 3572 4166 approbat,

1935 4214 1962 4241 «
1994 4192 2121 4245 sine
2144 4191 2263 4245 ulla
2286 4190 2764 4254 contradictione,
2792 4189 2946 4258 quod
2972 4186 3169 4241 minus
3199 4189 3308 4248 est,
3337 4206 3363 4231 »
3392 4185 3575 4237 Abra-

1931 4279 2091 4347 ham,
2145 4302 2171 4327 ‹‹
2208 4296 2241 4333 a
2296 4277 2533 4332 meliore
2583 4277 2979 4341 benedicetur,
3014 4296 3042 4323 »
3094 4273 3151 4326 id
3195 4276 3305 4336 est,
3340 4270 3576 4326 Melchi-

1931 4367 2165 4423 sedech.
2190 4368 2482 4422 Abraham
2515 4367 2732 4437 quippe
2762 4363 3018 4419 decimas
3050 4361 3234 4425 dedit,
3265 4360 3417 4431 quod
3451 4375 3577 4430 per-

1931 4457 2079 4511 tinet
2102 4458 2172 4512 ad
2198 4457 2555 4511 sacerdotem
2578 4452 3021 4509 Melchisedech.
3037 4448 3461 4506 Melchisedech
3484 4448 3582 4503 ite-

1934 4563 2065 4600 rum
2100 4546 2415 4610 benedicit,
2448 4545 2599 4615 quod
2634 4547 2724 4599 est
2755 4541 3015 4597 melioris
3046 4538 3414 4595 excellentiae.

1859 4654 1904 4717 D
2009 4635 2169 4689 Istud
2205 4634 2467 4688 scribens
2498 4632 2833 4705 Apostolus,
2867 4636 2924 4687 et
2964 4628 3326 4717 examinans,
3358 4626 3583 4717 fortiter

1940 4724 2369 4794 condemnavit,
2402 4728 2459 4779 et
2508 4723 2755 4779 exclusit
2800 4721 3076 4777 Judaicas
3123 4716 3397 4773 rationes.
3446 4715 3582 4769 Pro-

1939 4816 2135 4883 pterea
2163 4812 2394 4867 dicebat
2427 4830 2439 4868 :
2481 4832 2501 4859 ι
2536 4813 2681 4877 Quia
2711 4810 3034 4865 imbecilles
3064 4807 3198 4863 facti
3228 4806 3368 4862 estis
3399 4805 3581 4876 (Hebr.

1939 4918 1992 4968 ν,
2024 4902 2111 4968 11)
2136 4918 2148 4967 ;
2177 4924 2197 4950 ι
2238 4900 2375 4971 quia
2405 4901 2514 4955 hoc
2535 4905 2789 4955 evertere
2819 4899 3069 4963 volebat,
3092 4913 3163 4951 ne
3194 4895 3585 4967 gloriarentur

1940 4990 1997 5045 in
2052 4990 2154 5044 eis.
2210 4989 2366 5044 Talis
2416 4995 2506 5043 est
2553 4992 2712 5043 enim
2763 4988 3052 5058 sapientia
3106 4984 3269 5040 Pauli
3316 4983 3584 5054 apostoli.

1941 5078 2260 5149 Perstrepit
2290 5078 2568 5148 primum,
2602 5082 2659 5131 et
2688 5083 2825 5131 tunc
2853 5076 3178 5148 ingreditur
3214 5074 3285 5129 ad
3334 5089 3420 5137 ea,
3456 5088 3583 5144 qua

1941 5167 2067 5222 vult
2097 5166 2422 5234 ostendere,
2450 5169 2507 5219 et
2535 5165 2676 5219 dicit
2706 5183 2718 5220 :
2761 5184 2781 5210 α
2816 5166 2885 5219 Et
2913 5165 3005 5219 hic
3038 5164 3298 5235 quidem,
3325 5160 3584 5215 decimas

1943 5257 2257 5310 morientes
2279 5253 2548 5307 homines
2568 5252 2877 5322 accipiunt.
2904 5274 2926 5304 ι
2960 5252 3273 5307 Morientes
3295 5250 3585 5319 homines,

1914 5344 1997 5397 ~id
2032 5348 2138 5407 est,
2175 5340 2326 5396 ﬁlios
2358 5345 2547 5397 Aaron
2580 5340 2908 5397 sacerdotes
2957 5341 3026 5394 de
3072 5340 3227 5393 tribu
3259 5339 3391 5394 Levi
3422 5339 3582 5404 dicit,

1943 5431 2080 5500 quia
2113 5429 2389 5486 mortales
2420 5436 2605 5499 erant,
2638 5452 2665 5477 ι(
2699 5428 2779 5482 ibi
2811 5434 3002 5482 autem
3034 5432 3413 5494 contestatur,
3447 5426 3587 5498 quia

1944 5519 2097 5572 vivit.
2136 5537 2157 5563 ι»
2209 5515 2317 5584 Ibi,
2349 5519 2407 5574 id
2439 5525 2545 5588 est,
2579 5520 2637 5572 in
2670 5518 2816 5580 loco,
2850 5534 2964 5583 quo
2997 5516 3227 5581 dicitur,
3261 5515 3584 5572 sacerdotio

1944 5604 2364 5662 Melchisedech
2413 5611 2790 5671 contestatur,
2824 5606 2962 5676 quia
3008 5607 3165 5672 vivit,
3199 5605 3339 5660 dum
3388 5606 3534 5660 dixit
3567 5617 3580 5654 ε

1947 5718 1976 5745 (ι
2005 5694 2089 5749 Tu
2120 5708 2181 5747 es
2212 5699 2488 5757 sacerdos
2520 5699 2578 5756 in
2604 5700 2904 5765 aeternum,
2932 5715 2961 5746 »
2992 5697 3099 5752 etc.
3132 5714 3158 5747 α
3187 5693 3253 5749 Et
3282 5693 3370 5765 (ut
3398 5693 3479 5749 ita
3501 5689 3586 5745 di-
