3966 6210
356 393 473 456 767

1372 403 1709 465 ATTONIS
1754 405 2341 468 VERCELLENSIS
2389 406 2743 471 EPISCOPI

3651 413 3786 474 768

359 545 520 598 ctum
553 543 653 618 sit)
705 562 806 617 per
833 545 1148 618 Abraham,
1180 552 1235 605 et
1268 550 1424 620 Levi,
1457 554 1554 624 qui
1600 555 1856 611 decimas
1903 572 1999 611 ac-
2028 540 2082 605 Α
2111 543 2169 597 id
2201 547 2308 612 est,
2343 545 2602 616 corporis
2633 547 2690 600 et
2735 543 3043 618 sanguinis
3071 545 3201 616 eius
3233 551 3678 604 sacramentum
3715 547 3784 606 in

359 633 530 704 cepit,
580 636 900 691 decimatus
949 643 1054 693 est.
1091 662 1117 688 »
1179 642 1442 697 Decimas
1496 646 1739 717 accepit,
1780 646 1836 700 id
1892 653 1999 716 est,

358 722 488 776 Levi
520 724 588 778 de
621 724 900 781 fratribus
931 728 1056 782 suis
1107 751 1133 777 ‹‹
1167 730 1490 786 decimatus
1531 740 1636 803 est,
1675 757 1696 783 )2
1751 737 1858 790 hoc
1890 743 2000 801 est,

364 829 390 862 α
420 811 478 866 in
504 811 722 868 lumbis
746 815 1010 881 Abrahae,
1038 839 1064 866 ››
1099 819 1236 888 quia
1258 821 1547 876 Abraham
1575 823 1997 879 Melchisedech

359 901 615 956 decimas
641 904 817 958 dedit.
854 906 1104 960 «Adhuc
1126 908 1279 963 enim
1308 909 1364 964 in
1400 910 1619 965 lumbis
1645 915 1825 983 patris
1854 919 1997 978 erat,

359 1004 490 1042 cum
514 989 763 1045 obviavit
789 993 836 1046 ei
865 994 1347 1051 Melchisedech.»
1376 1003 1674 1063 Quomodo
1699 1002 1757 1056 in
1783 1003 2001 1057 lumbis

357 1077 548 1132 adhuc
596 1085 737 1146 erat,
792 1099 925 1137 cum
983 1085 1033 1138 ei
1087 1087 1341 1143 obviavit
1387 1089 1855 1146 lt-lelchisedech?
1885 1094 2001 1146 l-loc

357 1169 463 1229 est,
501 1167 555 1221 in
589 1185 655 1223 eo
686 1175 809 1224 erat
841 1173 991 1237 Levi,
1027 1192 1363 1247 quanquam
1402 1184 1574 1234 natus
1605 1198 1718 1235 non
1752 1190 1925 1236 esset.

429 1256 611 1325 (1412)
662 1283 690 1309 ‹‹
725 1260 782 1313 Si
826 1278 962 1332 ergo
991 1268 1418 1321 consummatio
1467 1285 1566 1338 per
1613 1272 2000 1327 sacerdotium

355 1343 651 1402 leviticum
684 1355 808 1403 erat
837 1353 1112 1424 (pepulus
1144 1355 1298 1408 enim
1342 1359 1450 1411 sub
1494 1359 1618 1428 ipso
1667 1360 1852 1428 legem
1905 1379 2002 1417 ac-

358 1435 552 1505 cepit).
580 1459 604 1484 »
631 1437 867 1507 llicjam
894 1439 1502 1512 incipitdiﬁ‘erentiam
1526 1450 1830 1504 ostendere
1852 1451 2004 1506 inter

356 1521 545 1593 legem
601 1530 656 1580 et
708 1526 915 1596 legem,
951 1535 1007 1584 et
1056 1533 1445 1589 sacerdotium
1489 1540 1544 1590 et
1588 1540 2001 1610 sacerdotium,

357 1611 466 1666 hoc
525 1618 634 1679 est,
665 1614 848 1688 legem
901 1618 1104 1691 Moysi,
1137 1626 1193 1677 et
1239 1622 1423 1694 legem
1477 1626 1786 1697 Evangelii,
1821 1633 1877 1682 et
1911 1647 2004 1684 sa-

358 1702 683 1758 cerdotium
724 1707 934 1774 Aaron,
968 1713 1024 1763 et
1067 1713 1455 1768 sacerdotium
1488 1714 1724 1770 Christi.
1757 1718 2002 1781 Astruit,

358 1786 650 1858 siquidem
693 1793 909 1861 omnia,
942 1811 1070 1866 quae
1119 1797 1216 1853 ille
1267 1801 1517 1872 populus
1568 1810 1885 1875 acceperat,
1919 1806 2002 1860 si—

358 1876 692 1971 gniﬁcativo
724 1883 895 1938 modo
929 1885 1064 1940 data
1094 1891 1250 1942 sunt.
1286 1890 1586 1960 Siquidem
1629 1896 1684 1947 et
1731 1895 2000 1950 taberna-
2031 1905 2079 1971 Β

357 1965 576 2031 culum,
626 1973 683 2022 et
729 1971 1034 2041 sacriﬁcia,
1077 1980 1134 2030 et
1183 1981 1390 2033 caetera
1443 1980 1558 2035 alia
1606 1983 1803 2038 omnia
1849 1986 1999 2055 Apo-

355 2056 542 2112 stolus
573 2059 896 2130 ﬁguraliter
944 2063 1000 2117 in
1053 2063 1231 2135 hujus
1279 2073 1436 2123 textu
1487 2071 1755 2142 Epistolas:
1788 2073 2000 2128 intelli-

355 2146 456 2216 git.
490 2149 652 2212 Quod
702 2165 834 2205 vero
890 2151 1032 2207 dicit
1066 2171 1078 2208 :
1139 2177 1160 2204 ι
1197 2157 1451 2228 Populus
1503 2161 1611 2214 sub
1653 2161 1780 2232 ipso
1812 2163 1999 2233 legem

354 2236 594 2306 accepit,
630 2261 651 2290 ι
708 2239 766 2294 id
823 2246 930 2310 est,
985 2244 1094 2298 sub
1149 2246 1272 2300 suis
1324 2249 1632 2318 nepotibus
1682 2255 1892 2322 Moyse,
1947 2257 2002 2308 et

353 2326 569 2390 Aaron,
619 2328 717 2398 qui
767 2330 824 2383 in
885 2336 1094 2400 quarta
1147 2340 1516 2403 generatione
1575 2340 1753 2393 futuri
1813 2346 1997 2396 erant.

356 2435 384 2463 «
421 2414 566 2479 Quid
593 2416 783 2471 adhuc
805 2422 1200 2478 necessarium
1226 2424 1354 2488 fuit,
1383 2429 1704 2482 secundum
1735 2430 1999 2484 ordinem

356 2501 778 2559 Melchisedech
804 2506 984 2562 alium
1019 2526 1255 2582 surgere
1277 2515 1659 2581 sacerdotem,
1685 2521 1741 2571 et
1771 2535 1878 2572 non
1910 2535 1998 2574 se-

355 2590 616 2644 cundum
649 2593 912 2649 ordinem
943 2597 1133 2652 Aaron
1176 2600 1286 2654 dici
1311 2601 1339 2654 ?
1371 2624 1398 2650 »

430 2700 459 2728 «
493 2680 800 2736 Translato
832 2683 985 2739 enim
1019 2689 1364 2753 sacerdotio,
1399 2705 1636 2747 necesse
1684 2698 1790 2763 est,
1835 2699 1898 2749 ut
1947 2700 2004 2750 et

355 2767 504 2839 legis
534 2769 844 2826 translatio
875 2773 995 2832 ﬁat.
1033 2797 1060 2823 »
1093 2777 1467 2834 Translatum
1501 2783 1887 2838 sacerdotium
1922 2785 2003 2838 di-

357 2856 455 2924 cit,
489 2856 548 2910 id
579 2862 688 2920 est,
724 2859 853 2914 Levi
887 2866 943 2917 et
981 2865 1170 2920 Aaron
1216 2869 1285 2921 ad
1339 2868 1636 2924 Christum
1668 2889 1680 2935 ;
1736 2873 1842 2927 hoc
1891 2878 2001 2938 est,

359 2945 604 3001 exclusit
635 2950 1024 3006 sacerdotium
1059 2954 1242 3010 Aaron
1275 2973 1288 3009 :
1325 2973 1695 3030 nequaquam
1732 2962 1886 3015 enim
1920 2979 2005 3016 se-

359 3035 616 3090 cundum
633 3037 892 3094 ordinem
912 3041 1331 3100 Melchisedech
1349 3047 1564 3102 diceret
1581 3067 1816 3121 surgere
1835 3051 2003 3105 nobis

360 3124 741 3194 sacerdotem,
775 3127 824 3181 si
873 3127 1016 3185 illud
1063 3134 1455 3190 sacerdotium
1496 3137 1706 3193 melius
1738 3145 1908 3195 esset.
1943 3139 2003 3195 Si

358 3212 538 3284 igitur
566 3216 956 3272 sacerdotium
986 3219 1276 3277 introduci
1311 3223 1453 3279 illud
1488 3231 1732 3297 Oportet,
1767 3246 2004 3288 necesse

2111 634 2467 688 sacriﬁcium
2504 635 2839 691 offeramus.

2189 746 2207 772 α
2241 724 2307 776 Et
2334 724 2586 794 amplius
2609 725 2799 779 adhuc
2829 725 3204 779 manifestum
3230 729 3338 791 est,
3362 725 3410 780 si
3433 727 3782 783 secundum

2112 812 2556 868 similitudinem
2590 813 3012 869 Melchisedech
3060 819 3334 885 exsurget
3379 815 3529 871 alius
3562 833 3783 871 sacer-

2112 904 2292 957 dos.»
2328 904 2395 956 Et
2417 902 2671 973 amplius
2695 904 2901 963 adhuc.
2928 903 3035 958 hoc
3059 909 3168 971 est,
3197 921 3314 960 non
3338 903 3531 960 solum
3555 907 3628 962 de
3654 906 3784 962 alia

2110 991 2288 1059 tribu,
2323 992 2422 1045 sed
2457 991 2878 1047 excellentioris
2911 992 3169 1063 honoris,
3203 999 3260 1048 et
3309 996 3639 1052 secundum
3677 1014 3784 1052 or-

2114 1081 2310 1135 dinem
2343 1080 2760 1135 Melchisedech
2798 1083 3102 1137 manifeste
3133 1089 3427 1154 exsurget,
3461 1084 3615 1140 facta
3669 1104 3782 1142 sa-

2112 1169 2349 1225 cerdotii
2403 1170 2856 1240 comparatione,
2899 1171 3322 1227 Melchisedech
3379 1189 3507 1229 esse
3558 1176 3782 1231 melio-

2113 1276 2256 1328 rem,
2309 1276 2487 1330 quam
2537 1260 2688 1325 Levi,
2741 1261 2838 1330 qui
2890 1261 2948 1315 in
3001 1261 3314 1332 imaginem
3357 1264 3778 1334 pontiﬁcatus,

2114 1365 2286 1420 quem
2325 1350 2380 1402 in
2416 1354 2695 1403 aeternum
2731 1355 3114 1420 suscepturus
3155 1357 3277 1405 erat
3308 1351 3597 1422 Christus,
3627 1361 3780 1410 ante

2115 1438 2429 1510 praecessit.
2469 1460 2493 1486 α
2526 1438 2632 1500 Qui
2661 1456 2774 1493 non
2798 1441 3122 1493 secundum
3144 1439 3332 1511 legem
3356 1442 3618 1496 mandati
3644 1460 3780 1497 car-

2115 1526 2264 1582 nalis
2297 1529 2478 1582 factus
2511 1532 2618 1596 est,
2654 1528 2752 1582 sed
2786 1529 3110 1582 secundum
3159 1528 3432 1584 virtutem
3485 1529 3616 1585 vita:
3676 1531 3774 1586 in-

2114 1615 2404 1671 solubilis.
2443 1638 2469 1663 »
2523 1617 2734 1671 Factus
2780 1621 2888 1684 est,
2923 1617 3134 1688 inquit,
3165 1619 3438 1674 sacerdos
3469 1619 3772 1686 Christus,

2114 1721 2229 1759 non
2253 1705 2577 1759 secundum
2599 1705 2784 1776 legem
2810 1706 3080 1777 przecepti
3103 1705 3374 1763 carnalis.
3402 1707 3518 1764 Lex
3539 1709 3773 1782 quippe

2113 1810 2182 1848 ex
2212 1793 2399 1848 multa
2429 1798 2591 1864 parte
2620 1793 2873 1848 carnalis
2904 1799 3046 1850 erat.
3079 1795 3226 1859 Quid
3260 1800 3369 1865 est,
3421 1819 3451 1846 ‹‹
3487 1799 3771 1870 przecepti

2113 1882 2364 1938 carnalis
2385 1883 2412 1936 ‘I
2435 1904 2461 1930 »
2496 1883 2929 1952 Circumcidite,
2952 1884 3162 1954 inquit,
3189 1901 3458 1953 carnem;
3488 1885 3616 1941 lava
3639 1904 3774 1942 car-

2112 1989 2242 2026 nem
2273 1997 2285 2038 ;
2321 1972 2541 2026 munda
2565 1987 2819 2025 carnem.
2848 1972 3271 2028 Promissiones
3293 1979 3476 2044 erant,
3499 1975 3764 2031 multum

2110 2061 2316 2124 vivere,
2371 2060 2459 2114 lac
2516 2064 2573 2114 et
2630 2060 2764 2129 mel,
2815 2078 2943 2132 pax.
2999 2062 3080 2116 Ex
3136 2062 3246 2117 hac
3303 2062 3424 2134 lege
3478 2064 3764 2118 sacerdo-

2111 2151 2258 2205 tium
2309 2149 2566 2220 suscepit
2612 2151 2822 2204 Aaron.
2857 2149 3144 2216 Christus,
3180 2151 3393 2222 inquit,
3423 2153 3767 2208 secundum

2111 2240 2386 2292 virtutem
2410 2239 2535 2292 vita:
2560 2237 2913 2293 insolubilis.
2935 2240 3270 2294 Secundum
3294 2241 3570 2294 virtutem
3593 2241 3766 2309 dicit,

2113 2345 2226 2382 non
2259 2328 2582 2381 secundum
2614 2326 2822 2397 legem.
2859 2329 2920 2381 In
2955 2327 3080 2399 lege
3111 2329 3267 2383 enim
3301 2329 3618 2384 inﬁrmitas
3647 2331 3768 2385 fuit

2110 2417 2336 2471 Veteris
2383 2416 2763 2484 Testamenti,
2798 2417 2937 2488 quia
2980 2418 3190 2472 umbra
3236 2422 3379 2483 erat,
3413 2423 3472 2473 et
3521 2419 3651 2474 ideo
3705 2419 3764 2474 in

2111 2523 2176 2561 ea
2206 2505 2390 2560 virtus
2420 2510 2573 2560 stare
2607 2523 2720 2561 non
2762 2505 2969 2578 potuit.
3004 2511 3135 2561 Haec
3188 2512 3384 2561 autem
3430 2508 3549 2562 vita
3598 2507 3762 2563 inso-

2111 2595 2310 2650 lubilis
2347 2599 2452 2660 est,
2488 2595 2626 2663 quia
2675 2612 2788 2650 non
2848 2596 3056 2667 ﬁgura,
3111 2597 3209 2651 sed
3263 2596 3478 2652 veritas
3528 2601 3637 2652 est.
3693 2599 3763 2653 Et

2110 2684 2239 2738 ideo
2288 2684 2347 2738 in
2402 2684 2708 2754 Evangelio
2751 2701 2866 2740 non
2912 2684 3247 2755 inﬁrmitas,
3279 2685 3379 2740 sed
3411 2684 3601 2740 virtus
3631 2702 3761 2741 esse

2113 2776 2356 2838 constat,
2392 2777 2447 2826 et
2492 2772 2884 2829 insolubilitas
2916 2774 3242 2829 secundum
3275 2773 3576 2829 virtutem.

2187 2882 2213 2910 «
2244 2864 2612 2916 Contestatur
2643 2862 2800 2916 enim
2834 2876 2847 2915 :
2892 2861 3175 2926 Quoniam
3208 2867 3270 2917 tu
3301 2878 3363 2918 es
3396 2863 3672 2918 sacerdos
3700 2861 3761 2916 in

2113 2955 2414 3015 eternium,
2433 2951 2756 3005 secundum
2777 2951 3039 3006 ordinem
3055 2950 3548 3006 Melchisedech.»
3569 2956 3632 3004 In
3652 2951 3764 3006 hoc

2115 3039 2316 3093 ordine
2339 3038 2762 3093 Melchisedech
2786 3039 3054 3094 Christus
3086 3041 3355 3095 sacerdos
3387 3040 3446 3094 in
3477 3043 3762 3094 aeternum

2116 3131 2508 3198 nuncupatur,
2543 3128 2681 3199 quia
2729 3128 2822 3182 ille
2870 3128 3133 3183 carnales
3171 3127 3438 3184 victimas
3469 3145 3588 3182 non
3621 3129 3762 3182 011⁸8-

2115 3217 2298 3283 rebat,
2335 3217 2445 3272 nisi
2480 3235 2686 3289 panem
2720 3222 2777 3274 et
2804 3219 3006 3273 vinum
3041 3235 3055 3273 :
3101 3218 3183 3273 sic
3213 3222 3270 3273 et
3299 3217 3570 3274 Christus
3599 3216 3766 3272 obla-

358 3277 466 3371 est,
499 3305 563 3356 ut
609 3306 666 3358 et
716 3303 862 3376 legis
909 3308 1216 3364 translatio
1247 3277 2000 3390 eameam—($85-53;;

2143 3305 2333 3360 ionem
2385 3306 2553 3375 panis
2601 3311 2657 3362 et
2705 3307 2824 3361 vini
2873 3307 3123 3362 otl'erens
3169 3311 3284 3362 Dec
3334 3307 3512 3371 Patri,
3543 3305 3602 3360 id
3647 3310 3760 3376 est,

359 3391 631 3447 sacerdos
663 3393 790 3450 sine
821 3399 1171 3454 testamento
1201 3415 1349 3467 esse,
1378 3406 1435 3457 et
1466 3404 1590 3460 sine
1621 3405 1766 3478 lege,
1791 3413 1848 3463 et
1879 3409 2004 3467 sine

360 3481 683 3570 praeceptis.
716 3484 1091 3542 Translatum
1140 3493 1229 3544 est
1275 3492 1709 3562 sacerdotium;
1763 3513 1898 3570 ergo
1948 3503 2006 3554 et

359 3567 453 3624 lex
482 3570 772 3626 translata
800 3577 907 3628 est.

440 3677 462 3705 ι
496 3659 558 3712 In
590 3675 704 3729 quo
735 3661 888 3716 enim
922 3661 1044 3718 hac
1082 3665 1377 3734 dicuntur,
1405 3669 1476 3725 de
1525 3671 1639 3726 alia
1687 3674 1842 3728 tribu
1893 3679 2001 3745 est,

363 3746 433 3800 de
466 3762 582 3816 qua
610 3746 808 3803 nullus
841 3749 1044 3806 altario
1077 3759 1286 3824 praesto
1320 3758 1447 3814 fuit.
1488 3759 1866 3817 Manifestum
1916 3768 2006 3820 est

365 3833 543 3901 enim,
577 3835 732 3905 quod
775 3852 842 3891 ex
885 3838 1038 3895 Juda
1086 3846 1247 3898 ortus
1296 3845 1373 3900 sit
1424 3847 1710 3904 Dominus
1760 3857 2003 3908 noster:

364 3921 424 3976 in
461 3939 576 3994 qua
603 3923 758 3980 tribu
793 3925 937 3981 nihil
978 3928 1049 3984 de
1093 3933 1490 3991 sacerdotibus
1522 3936 1749 4006 Moyses
1777 3938 2006 3996 locutus

365 4014 473 4065 est.
508 4031 537 4060 ››
573 4011 635 4065 In
666 4027 781 4082 quo
811 4013 967 4069 enim
1002 4014 1122 4073 haec
1151 4019 1445 4092 dicuntur,
1471 4022 1526 4078 id
1560 4028 1665 4093 est,
1691 4025 1750 4079 in
1781 4025 2007 4082 Christo

365 4098 650 4156 translata
694 4105 751 4156 et
798 4100 908 4168 lex,
939 4103 1090 4161 sicut
1131 4108 1256 4177 jam
1291 4110 1456 4179 dixit,
1488 4113 1834 4169 translatam
1869 4117 2010 4171 dicit

367 4204 496 4244 esse
524 4194 581 4244 et
611 4190 850 4246 tribum.
884 4191 1197 4265 Oportebat
1226 4199 1441 4271 quippe
1493 4206 1556 4256 ut
1603 4202 1774 4258 etiam
1817 4205 2010 4260 tribus

368 4282 713 4334 mutaretur.
757 4280 823 4334 Et
869 4286 1161 4352 quomodo
1213 4288 1560 4344 translatum
1610 4296 1698 4347 est
1744 4295 2012 4349 sacerdo-

368 4367 519 4422 tium
541 4367 570 4422 ?
619 4367 696 4423 Ex
743 4369 900 4425 tribu
944 4373 1015 4427 ad
1060 4375 1304 4444 tribum,
1337 4378 1408 4432 de
1438 4381 1782 4436 sacerdotali
1815 4383 1886 4437 ad
1919 4401 2012 4438 re-

370 4455 584 4528 galem,
617 4462 682 4513 ut
728 4460 928 4515 eadem
981 4461 1110 4533 ipsa
1159 4464 1236 4518 sit
1282 4470 1339 4520 et
1386 4466 1619 4537 regalis,
1653 4473 1711 4523 et
1749 4472 2015 4526 sacerdo-

371 4547 532 4604 talis.
565 4547 634 4602 Et
681 4548 906 4605 intuere
952 4553 1320 4623 mysterium.
1355 4554 1552 4609 Primo
1607 4556 1718 4611 fuit
1767 4558 2011 4629 regalis;

2114 3411 2324 3465 corpus
2346 3399 2402 3450 et
2423 3395 2770 3466 sanguinem
2795 3412 2970 3451 suum
2996 3413 3009 3451 :
3041 3411 3216 3466 quam
3241 3394 3596 3451 oblationem
3620 3411 3764 3466 quo-

2113 3484 2253 3539 tidie
2284 3485 2584 3539 oﬁ‘erimus
2616 3500 2793 3555 super
2822 3484 3023 3555 altare,
3056 3488 3113 3540 et
3152 3484 3468 3539 sumimus.

2189 3594 2215 3623 ‹‹
2247 3573 2594 3644 Reprobatio
2643 3573 2881 3644 quidem
2940 3574 3004 3628 ﬁt
3050 3573 3427 3645 praecedentis
3469 3571 3762 3640 mandati,

2116 3668 2350 3735 propter
2369 3663 2769 3718 inﬁrmitatem
2791 3662 2918 3734 ejus
2940 3667 2997 3718 et
3016 3663 3416 3718 inutilitatem.
3432 3660 3588 3716 Nihil
3608 3661 3768 3716 enim

2117 3752 2186 3807 ad
2220 3751 2542 3822 perfectum
2575 3751 2820 3805 adduxit
2869 3749 2979 3806 lex.
3017 3772 3045 3799 ››
3099 3749 3452 3821 Reprobatio
3505 3747 3608 3802 illa
3656 3753 3769 3815 est,

2117 3842 2187 3895 de
2217 3857 2334 3911 qua
2363 3840 2544 3895 Isaias
2565 3839 2706 3895 dicit
2730 3856 2742 3895 :
2779 3860 2807 3889 «
2841 3840 2923 3894 Ne
2949 3839 3204 3894 offeratis
3228 3837 3383 3894 ultra
3408 3836 3769 3894 sacriﬁcium

2114 3930 2379 3984 frustra:
2433 3929 2739 3984 incensum
2789 3927 3180 3984 abominabile
3222 3931 3310 3983 est
3339 3925 3767 3982 mihi.Neome-

2119 4019 2300 4090 niam,
2329 4023 2385 4074 et
2413 4018 2755 4089 Sabbatum,
2779 4023 2836 4074 et
2868 4018 3214 4074 festivitates
3239 4017 3384 4073 alias
3407 4033 3524 4072 non
3548 4015 3768 4082 feram;

2117 4107 2306 4178 iniqui
2338 4112 2476 4162 sunt
2506 4112 2684 4162 cactus
2717 4108 2891 4163 vestri
2927 4124 2940 4161 :
2994 4107 3276 4162 Calendas
3306 4110 3528 4161 vestras
3572 4107 3630 4159 et
3670 4120 3771 4159 so-

2119 4196 2450 4252 lemnitates
2481 4201 2702 4252 vestras
2735 4197 2917 4252 odivit
2947 4196 3145 4252 anima
3174 4212 3305 4251 mea
3334 4195 3484 4267 (Isai.
3516 4211 3556 4260 ι,
3594 4193 3703 4264 13).
3739 4214 3765 4244 »

2120 4285 2224 4340 Hic
2255 4287 2616 4341 contendunt
2645 4286 2848 4357 aliqui,
2871 4287 3026 4358 quod
3058 4285 3240 4340 dixit:
3273 4307 3302 4335 «
3334 4287 3581 4355 PrOpter
3612 4282 3772 4337 inﬁr~

2123 4375 2387 4430 mitatem
2415 4377 2541 4447 ejus
2568 4393 2580 4430 :
2616 4397 2644 4424 ››
2676 4392 2813 4431 nam
2847 4379 2903 4431 et
2927 4375 3064 4430 alibi
3090 4370 3768 4430 ostenditinﬁrmitatem

2126 4465 2275 4535 ejus,
2309 4481 2443 4520 cum
2497 4464 2639 4520 dicit
2671 4481 2684 4519 :
2741 4488 2769 4515 ‹‹
2803 4469 2867 4519 In
2921 4482 3036 4536 quo
3073 4463 3485 4519 inﬁrmabatur
3515 4476 3619 4532 per
3649 4477 3770 4515 car-

2128 4571 2262 4610 nem
2297 4556 2474 4627 (Rom.
2510 4573 2633 4624 VIII,
2668 4556 2720 4625 3)
2754 4571 2768 4611 :
2802 4577 2829 4606 »
2855 4572 2969 4611 non
3001 4571 3137 4628 ergo
3167 4555 3298 4626 ipsa
3325 4552 3628 4608 inﬁrmata
3657 4554 3768 4620 est,

372 4641 576 4710 postea
605 4637 756 4693 facta
786 4642 876 4692 est
906 4640 1304 4697 sacerdotalis.
1336 4641 1426 4696 Sic
1456 4642 1631 4698 etiam
1665 4645 1934 4703 Christus
1965 4654 2021 4706 et
2049 4647 2095 4712 D
2128 4644 2227 4699 sed
2280 4642 2423 4697 nihil
2477 4644 2716 4714 perfecit
2765 4643 2894 4712 lex;
2935 4644 3073 4715 quia
3105 4660 3208 4699 nec
3240 4640 3608 4698 obedientem
3642 4655 3768 4711 per-

373 4743 472 4782 rex
490 4731 613 4781 erat
633 4744 898 4800 semper;
924 4729 1196 4783 sacerdos
1219 4734 1416 4784 autem
1441 4731 1630 4788 factus
1651 4737 1757 4804 est,
1783 4739 2016 4807 quando

371 4831 605 4871 carnem
638 4816 918 4887 suscepit,
945 4818 1072 4872 sine
1103 4817 1302 4888 aliqua
1331 4818 1507 4873 etiam
1541 4824 1886 4881 sacerdotali
1917 4845 2013 4900 ge-

373 4902 661 4976 nealogia,
693 4905 870 4960 homo
900 4905 1120 4959 exstitit
1149 4922 1218 4960 ex
1244 4905 1586 4966 hominibus
1612 4929 1624 4980 ;
1659 4917 1857 4986 utpote
1902 4935 2016 4973 non

371 5010 442 5050 ex
487 4993 643 5048 tribu
695 4993 849 5058 Levi,
884 4993 984 5046 sed
1034 5007 1103 5047 ex
1153 4993 1307 5049 tribu
1357 4999 1510 5053 Juda
1564 5004 1750 5071 ortus,
1783 5020 1850 5059 ex
1903 5023 2019 5078 qua

370 5081 527 5138 tribu
557 5081 704 5136 nihil
733 5081 804 5134 de
835 5081 1179 5137 sacerdotali
1213 5090 1496 5159 praecepto
1523 5091 1781 5163 accepit:
1815 5095 2018 5167 utique

371 5174 610 5243 prepter
656 5168 999 5240 mysterium
1052 5177 1425 5244 sacramenti,
1465 5180 1620 5250 quod
1669 5182 2018 5240 Christianis

371 5257 1048 5329 celebrare‘fprwceptum
1081 5267 1191 5332 est,
1224 5269 1288 5319 ut
1321 5283 1434 5322 non
1469 5270 1794 5326 secundum
1826 5275 2016 5328 Aaron

371 5345 665 5418 pecudum
699 5346 989 5419 victimas,
1023 5353 1122 5408 sed
1154 5353 1510 5412 oblationem
1543 5359 1737 5430 panis,
1768 5365 1826 5416 et
1872 5361 2014 5430 vini,

445 5557 630 5631 (1412)
662 5562 762 5643 [lic
794 5562 958 5621 initio
991 5567 1168 5643 hujus
1189 5568 1364 5643 linea:
1395 5569 1631 5641 legitur,
1665 5572 1818 5627 lectio
1850 5576 2018 5643 septi-

371 5648 486 5700 ma,
519 5645 652 5689 cum
684 5639 876 5692 tamen
911 5639 1120 5695 nullibi
1151 5641 1277 5696 aliae
1309 5657 1410 5696 sex
1439 5639 1726 5696 adnotata:
1759 5644 1897 5698 sint.

443 5702 967 5781 (1413)Jungenda
1014 5713 1155 5784 haec,
1206 5728 1334 5784 quae
1381 5713 1453 5768 de
1500 5713 1689 5782 gratia
1735 5718 1791 5768 et
1837 5714 2018 5770 libero

2128 4734 2343 4788 fectum
2376 4733 2562 4787 facere
2592 4737 2817 4804 poterat
2852 4752 2864 4790 ε
2926 4733 3027 4789 sed
3077 4749 3180 4789 nec
3211 4735 3514 4805 peccatum
3545 4727 3767 4796 tollere,

2125 4837 2229 4876 nec
2277 4825 2524 4876 mortem
2573 4821 2806 4878 vincere
2859 4822 3226 4894 praevalebat.
3259 4821 3370 4877 Sed
3425 4833 3608 4890 quare
3653 4816 3770 4870 im-

2128 4909 2285 4982 plere
2315 4927 2431 4965 non
2464 4911 2670 4983 possit,
2698 4912 2757 4966 in
2785 4928 2898 4983 quo
2923 4911 3336 4966 inﬁrmabatur
3364 4925 3466 4980 per
3485 4921 3724 4962 carnem
3751 4920 3766 4959 :

2119 4999 2381 5070 jubendo
2409 5000 2566 5055 enim
2600 5001 2922 5067 inﬁrmum,
2955 5004 3012 5055 et
3060 5017 3175 5055 non
3223 4996 3574 5069 adjuvando,
3606 4992 3770 5048 inﬁr-

2127 5093 2360 5155 matur;
2412 5089 2552 5160 quia
2603 5107 2706 5162 per
2751 5106 3010 5156 carnem,
3059 5090 3116 5144 id
3171 5093 3278 5156 est,
3333 5104 3435 5160 per
3488 5083 3770 5156 concupio

2128 5179 2380 5234 scentias
2398 5179 2591 5234 carnis
2609 5195 2676 5234 ex
2696 5185 2930 5250 peccato
2950 5178 3268 5245 venientes,
3284 5193 3432 5249 quas
3448 5173 3572 5231 solo
3589 5173 3783 5229 libero

2127 5268 2368 5324 arbitrio
2398 5269 2574 5324 homo
2623 5267 2853 5324 vincere
2905 5285 3021 5323 non
3069 5271 3281 5340 potest,
3316 5269 3429 5324 nisi
3459 5286 3595 5326 cum
3629 5288 3773 5342 pra:-

2128 5358 2366 5413 cedente
2395 5359 2604 5430 gratia,
2637 5357 2783 5430 legis
2813 5358 2998 5414 factor
3025 5373 3154 5414 esse
3185 5375 3302 5414 non
3334 5359 3546 5430 poterit
3566 5359 3771 5434 (1413).

2131 5567 2370 5645 arbitrio
2408 5570 2830 5645 dicuntur,_his
2884 5589 3010 5645 quae
3058 5572 3273 5644 sapius
3327 5574 3397 5630 de
3451 5573 3666 5632 iisdem
3713 5577 3777 5635 in

2128 5639 2486 5717 expositione
2515 5642 2785 5716 Epistolas
2835 5639 2918 5700 ad"
2954 5639 3267 5700 Romanos.
