3966 6210
406 299 516 355 7⁸71

1424 292 1762 353 ATTONIS
1811 292 2392 353 VERCELLENSIS
2440 291 2790 352 EPISCOPI

3696 293 3832 350 7'72

407 453 435 481 «
472 430 680 485 Filium
714 432 907 483 autem
925 427 984 482 in
1003 429 1280 481 aeternum
1305 425 1623 494 perfectum
1651 450 1663 490 ;
1701 448 1726 473 ››
1753 442 1868 479 non
1893 441 2045 480 nunc
2076 425 2130 490 Α
2163 441 2280 494 qua
2313 423 2624 478 I’salmista
2656 423 2734 478 ait
2762 441 2773 477 :
2813 446 2839 472 ‹‹
2873 423 3160 489 Quoniam
3193 422 3495 478 abscondit
3517 439 3613 478 me
3645 425 3708 477 in
3749 428 3836 480 ta-

407 519 598 574 solum
632 517 758 572 sine
787 514 1149 588 peccato,sed
1175 530 1403 584 semper
1428 529 1758 584 :nunquam
1793 514 2050 584 peccavit

401 608 499 663 ille
527 609 584 662 in
615 605 1005 662 sacerdotium
1039 603 1261 657 electus
1291 619 1304 656 :
1336 602 1460 656 sine
1511 607 1741 673 peccato
1767 603 1877 656 fuit
1908 604 2048 672 quia

402 701 701 770 peccatum
735 710 847 748 non
881 690 1505 755 habuit,necinventus
1536 697 1625 745 est
1670 691 1840 746 dolus
1872 692 1929 745 in
1950 709 2046 746 ore

404 788 533 857 ejus
559 784 728 855 (Psal.
763 798 914 846 xxxi,
948 782 1030 849 2).

475 879 628 946 (CAP.
663 871 833 941 Vill.)
867 892 893 919 «
925 868 1258 939 Capitulum
1291 872 1483 921 autem
1517 884 1694 938 super
1714 882 1780 921 ea
1802 883 1929 938 qua:
1963 868 2044 921 di-

399 961 834 1020 cuntur.Talem
867 958 1152 1012 habemus
1175 957 1565 1011 Pontificem.»
1595 955 1927 1026 Capitulum
1951 957 2038 1010 di-

397 1049 746 1106 minutivum
778 1053 903 1102 est:
936 1045 1178 1116 accipite
1211 1045 1429 1099 dictum
1459 1063 1472 1110 ;
1507 1045 1563 1098 id
1611 1050 1720 1109 est,
1753 1045 1824 1097 de
1855 1045 2041 1114 capite

392 1137 892 1210 recapitulandum
943 1143 1049 1200 est,
1112 1149 1238 1205 quae
1272 1149 1451 1204 supra
1511 1132 1784 1186 diximus.
1815 1133 2035 1202 Talem,

391 1229 600 1300 inquit,
629 1226 914 1280 habemus
947 1223 1304 1296 pontificem,
1340 1221 1571 1292 qualem
1602 1221 1826 1276 scilicet
1871 1220 2036 1275 illum

388 1334 568 1388 supra
597 1314 854 1370 ostendit
885 1313 993 1368 hoc
1023 1317 1110 1368 est
1135 1311 1476 1366 secumdum
1506 1310 1768 1364 ordinem
1799 1309 2038 1365 Melchi-

389 1404 601 1460 sedech
629 1420 640 1458 :
676 1426 703 1453 ‹‹
739 1403 839 1474 qui
871 1401 1132 1457 consedit
1165 1401 1221 1454 in
1274 1401 1512 1454 dextera
1541 1399 1698 1453 sedis
1743 1397 2036 1468 magnitu-

387 1495 544 1549 dinis
576 1494 632 1547 in
677 1492 862 1559 cmlis,
925 1497 1262 1546 sanctorum
1323 1488 1614 1553 minister,
1665 1493 1719 1542 et
1763 1487 2039 1542 tabcrculi

385 1584 526 1648 veri,
559 1583 714 1654 quod
749 1582 872 1635 fixit
904 1586 1073 1644 Deus,
1105 1584 1159 1634 et
1190 1595 1304 1633 non
1364 1578 1608 1632 homo.»
1673 1578 1731 1629 ln
1793 1577 2028 1630 dextere

383 1672 564 1743 Igitur
595 1671 814 1738 sedere,
847 1669 1001 1740 quod
1035 1668 1195 1735 dicit,
1231 1666 1586 1738 prosperitas
1642 1670 1866 1718 acternze
1899 1664 2023 1718 vita:

384 1760 762 1831 intelligitur:
799 1781 824 1806 «
887 1763 1226 1812 sanctorum
1287 1754 1573 1821 minister,
1629 1776 1654 1800 ››
1718 1753 1871 1807 unde
1905 1753 2029 1822 ipse

388 1850 671 1905 Dominus
730 1846 908 1902 dicit:
939 1869 967 1896 «
1030 1845 1205 1899 Filius
1233 1843 1490 1898 hominis
1522 1859 1635 1897 non
1666 1842 1822 1895 venit
1853 1841 2030 1894 mini-

386 1938 579 2007 strari,
638 1937 735 1992 sed
790 1935 1125 1990 ministrare
1169 1933 1376 2002 (Matth.
1414 1949 1504 1994 xx,
1528 1933 1638 1998 ‘33).
1674 1953 1701 1980 »
1736 1930 2032 1984 Taberna-

382 2027 580 2083 culum
613 2025 720 2080 hoc
748 2025 803 2078 in
827 2025 972 2090 loco,
1004 2023 1213 2077 cmlum
1245 2022 1406 2084 dicit,
1433 2021 1585 2092 quod
1619 2020 1742 2073 ﬁxit
1764 2019 1936 2084 Deus,
1970 2024 2034 2073 ut

381 2117 667 2188 scriptum
699 2119 823 2170 est:
859 2137 884 2163 ‹‹
923 2115 983 2167 1n
1020 2109 1306 2184 principio
1337 2110 1551 2164 creavit
1573 2109 1725 2164 Deus
1748 2107 1958 2163 cmlum
1977 2113 2032 2162 et

378 2212 591 2261 terram
625 2205 776 2275 (Sen.
814 2220 874 2269 |,.
913 2191 1043 2269 1).“››
1081 2202 1150 2255 Et
1181 2201 1307 2254 ideo
1331 2216 1530 2253 verum
1567 2195 2028 2262 tabernaculum,

379 2295 520 2366 quia
549 2293 833 2349 Dominus
866 2291 1009 2344 illud
1045 2290 1187 2355 ﬁxit,
1221 2293 1277 2342 et
1309 2305 1421 2342 non
1475 2287 1815 2358 figuraliter,
1878 2286 2029 2339 sicut

375 2384 545 2438 illud.
578 2381 733 2453 quod
769 2380 950 2450 Moysi
985 2378 1255 2433 manibus
1286 2380 1588 2447 operatum
1649 2380 1737 2430 est
1766 2391 1779 2442 ;
1813 2379 1868 2428 et
1898 2374 2026 2429 ideo

375 2472 594 2526 dicitur
622 2471 742 2524 veri
772 2467 911 2538 quia
943 2467 1129 2536 ﬁgura
1161 2482 1273 2520 non
1308 2465 1436 2519 fuit.

451 2582 471 2606 α
507 2557 713 2612 Omnis
744 2555 902 2610 enim
939 2554 1194 2625 pontifex
1221 2554 1290 2608 ad
1341 2553 1638 2607 offerenda
1695 2568 1941 2606 munera
1970 2556 2028 2605 et

375 2647 599 2703 hostias
629 2644 1024 2700 constituitur.
1060 2665 1087 2691 »
1124 2649 1196 2696 De
1227 2642 1547 2697 sacerdotio
1607 2641 1828 2695 levitico
1862 2640 2021 2705 dicit,

377 2735 516 2805 quia
545 2733 768 2788 hostias
797 2729 1060 2785 carnales
1077 2747 1179 2801 pro
1213 2729 1336 2784 suis
1366 2734 1421 2783 et
1444 2729 1642 2800 populi
1685 2727 1911 2782 delictis
1944 2726 2024 2781 of-

377 2823 660 2878 ferebant.

447 2933 474 2961 «
509 2911 672 2966 Unde
703 2925 937 2964 necesse
969 2911 1055 2962 est
1084 2911 1142 2962 et
1184 2907 1340 2962 hunc
1373 2907 1582 2962 habere
1614 2907 2019 2983 aliquid,quod

374 3001 594 3060 oti‘erat.
632 3021 659 3049 ››
721 2997 884 3054 Unde
941 3012 1178 3052 necesse
1233 3001 1320 3050 est
1351 2995 1648 3051 Christum
1675 2997 1886 3055 habere
1917 3001 2019 3056 ali-

371 3091 535 3160 quid,
565 3088 721 3160 quod
756 3087 978 3153 offerat,
1013 3086 1121 3140 hoc
1150 3090 1260 3152 est,
1294 3102 1504 3155 corpus
1537 3103 1733 3156 suum,
1767 3095 1818 3142 et
1883 3107 2014 3144 san-

369 3177 606 3250 guinem
639 3193 742 3248 per
773 3177 1034 3230 membra
1063 3191 1168 3229 sua
1195 3175 1485 3229 offerendo
1505 3175 1852 3246 quotidie,in
1885 3179 2012 3248 qui-
2047 3162 2088 3226 C

368 3267 582 3336 bus,ut
613 3270 692 3322 sit
716 3265 986 3321 sacerdos
1015 3264 1182 3319 nobis
1215 3279 1447 3318 necesse
1475 3269 1582 3318 est.

443 3381 463 3405 ιι
499 3357 557 3411 Si
589 3373 727 3428 ergo
757 3359 912 3410 esset
941 3370 1117 3425 super
1137 3358 1487 3421 terram,nec
1519 3359 1672 3408 esset
1698 3357 1969 3412 sacerdos
1997 3378 2010 3424 ;

365 3463 501 3502 cum
526 3449 725 3500 essent
743 3443 842 3514 qui
864 3442 1473 3497 offerrentsecundum
1492 3441 1677 3512 legem
1702 3460 1962 3499 munera.
1983 3468 2009 3494 -›

363 3535 428 3594 Si
490 3534 774 3588 Dominus
832 3530 1140 3586 carnaliter
1198 3534 1254 3584 et
1303 3529 1611 3584 visibiliter
1640 3529 1733 3586 hic
1765 3531 1820 3586 in
1857 3538 2011 3588 terra

368 3623 542 3678 modo
563 3621 872 3684 habitaret,
899 3635 1134 3672 necesse
1163 3623 1317 3672 esset
1347 3619 1656 3673 carnaliter
1685 3622 2006 3677 secundum

366 3711 556 3782 legem
587 3708 916 3764 sacerdotes
945 3723 1091 3760 esse.
1116 3706 1240 3760 Non
1273 3709 1465 3760 autem
1494 3713 1760 3777 poterant
1790 3711 2004 3764 auf'erri

365 3797 762 3870 significantia
786 3794 1444 3866 sacriﬁcia,priusquam
1476 3794 1618 3849 illud
1654 3797 2004 3854 sacriﬁcium

363 3888 644 3942 Sanctum
668 3889 1028 3948 sanctorum,
1061 3883 1215 3953 quod
1248 3899 1460 3953 corpus
1499 3884 1627 3954 ejus
1657 3891 1765 3955 est,
1803 3885 2007 3943 fuisset

361 3975 650 4031 oblatum.
675 3973 945 4029 Nondum
976 3972 1132 4027 enim
1169 3971 1459 4026 obtulerat
1481 3972 1536 4026 in
1556 3973 1826 4044 passione
1849 3975 2005 4031 holo-

357 4070 629 4120 caustum
663 4081 858 4120 suum.
889 4062 1013 4116 Non
1046 4066 1240 4115 autem
1272 4062 1571 4132 oportebat
1603 4064 1870 4119 umbram
1904 4083 2004 4120 au-

356 4155 514 4221 ferri,
546 4155 889 4225 priusquam
923 4151 1088 4215 illud,
1124 4151 1276 4221 quod
1310 4151 1773 4223 signiﬁcabatur,
1795 4157 2002 4209 conﬁr-

355 4248 576 4298 matum
602 4247 755 4298 esset
787 4240 1208 4297 contestatione
1238 4240 1636 4312 apostolorum
1689 4244 2002 4314 pradican-

354 4332 503 4389 tium
539 4337 596 4386 et
629 4332 738 4386 ﬁde
768 4328 1126 4386 credentium
1158 4328 1533 4400 populorum.

428 4420 566 4486 «Qui
598 4419 914 4491 exemplari
941 4423 997 4472 et
1025 4419 1243 4472 umbra:
1267 4419 1600 4473 deserviunt
1649 4420 1994 4476 caelestium.

351 4511 515 4566 Sicut
546 4525 892 4581 responsum
925 4512 1014 4562 est
1043 4507 1244 4580 Moysi,
1277 4523 1411 4562 cum
1445 4515 1882 4563 consummaret
1916 4516 1999 4563 ta-

349 4596 726 4654 bernaculum
772 4615 783 4652 :
843 4597 1008 4663 Vide,
1049 4597 1261 4668 inquit,
1311 4596 1509 4650 omnia
1565 4595 1736 4648 facito
1786 4613 1994 4652 secun-

348 4689 490 4744 dum
523 4687 675 4758 quod
710 4686 814 4741 tibi
849 4691 1150 4742 ostensum
1180 4689 1272 4739 est
1305 4685 1362 4737 in
1405 4686 1604 4736 monte
1635 4683 1829 4751 (Exod.
1862 4703 1992 4755 xxv,

347 4777 458 4846 40).
494 4797 522 4824 ››
556 4775 764 4831 Omnia
795 4774 1111 4846 siquidem.
1139 4773 1257 4828 sive
1289 4771 1702 4840 sacerdotium,
1737 4773 1854 4829 sive
1907 4781 1994 4830 ta-

344 4863 752 4930 bernaculum,
814 4865 933 4919 sive
994 4859 1300 4924 sacriﬁcia,
1361 4859 1578 4912 umbra:
1636 4859 1888 4929 fuerunt,
1936 4871 1994 4921 et

343 4952 735 5024 exemplaria:
769 4950 1093 5008 caelestium
1122 4949 1369 5016 figuram
1402 4946 1804 5015 ostendebant,
1830 4953 1993 5009 cccle-

341 5041 493 5096 tium
526 5041 742 5112 quippe
772 5035 1109 5094 deserviunt
1138 5034 1321 5104 (t-il4)
1348 5051 1361 5100 ;
1395 5034 1450 5088 id
1485 5041 1592 5103 est,
1619 5036 1757 5092 Novi
1787 5040 1987 5098 Testa-

344 5129 526 5186 menti
556 5145 752 5199 opera,
786 5141 912 5196 quae
948 5121 1213 5178 Ecclesiae
1265 5123 1524 5179 coelestia
1574 5137 1990 5200 nuncupantur

341 5234 537 5289 opera,
571 5216 709 5284 quia
737 5230 805 5267 ex
835 5229 904 5267 ea
934 5208 1190 5266 cmlestia
1219 5219 1646 5284 promerentur.
1678 5217 1760 5270 Ad
1791 5235 1985 5275 exem-

338 5305 504 5378 plum
537 5300 757 5370 quippe
787 5299 1145 5356 tabernaculi
1194 5300 1452 5358 Ecclesia
1507 5309 1843 5362 constructa
1874 5315 1980 5380 est,

339 5393 480 5465 quia
499 5387 652 5442 sicut
681 5389 1126 5446 tabernaculum
1160 5392 1218 5446 in
1249 5408 1443 5447 eremo
1467 5392 1805 5450 institutum
1853 5404 1979 5471 est;

335 5481 418 5538 ita
451 5472 705 5532 Ecclesia
765 5478 822 5534 in
865 5480 1046 5552 hujus
1075 5481 1202 5537 vitae
1225 5497 1420 5538 eremo
1451 5487 1539 5538 est
1565 5483 1983 5558 constituta,de

408 5577 596 5666 (1414)
619 5579 850 5645 Scilicet
877 5587 1108 5647 umbra.

2160 513 2474 567 bernaculo
2509 529 2613 567 suo
2648 513 2702 566 in
2739 512 2830 566 die
2855 511 3139 566 malorum
3173 513 3343 579 (Paul.
3377 513 3661 582 xxv1,3).»
3707 515 3832 568 Va-

2157 602 2257 656 riis
2275 601 2773 672 igiturspeciebus
2789 600 3828 673 instruiturtabernaculum,partim

2156 691 2448 760 pretiosis,
2480 690 2689 761 partim
2708 690 3045 744 vilioribus:
3075 705 3176 760 per
3198 691 3350 760 quod
3371 691 3831 747 demonstratur

2154 778 2301 833 alios
2335 785 2589 844 sanctos,
2627 778 2775 834 alios
2805 795 2934 833 esse
2968 784 3300 849 peccatores
3331 779 3389 832 in
3423 779 3713 846 Ecclesia,
3749 781 3827 836 ﬁ-

2154 868 2312 921 deles
2347 871 2540 921 autem
2575 883 2799 931 omnes,
2833 872 2888 921 et
2943 866 3097 921 intra
3126 883 3337 938 corpus
3370 868 3643 923 Ecclesia:
3677 886 3827 926 con-

2151 954 2408 1009 stitutos.

2225 1066 2250 1092 «
2283 1045 2447 1099 Nunc
2481 1049 2674 1099 autem
2709 1043 2920 1098 melius
2948 1044 3190 1099 sortitus
3219 1050 3308 1099 est
3338 1045 3750 1103 ministerium
3789 1073 3819 1097 ››

2149 1139 2368 1203 quanto
2401 1139 2463 1188 et
2491 1133 2746 1188 melioris
2770 1133 3105 1187 testamenti
3133 1134 3419 1189 mediator
3439 1139 3724 1206 est,quod
3754 1139 3816 1193 in

2148 1223 2488 1277 melioribus
2518 1222 3070 1294 repromissionibus
3112 1226 3367 1278 sanitum
3403 1230 3512 1280 est.
3537 1248 3564 1273 ››
3590 1226 3816 1283 Melius

2149 1311 2545 1365 ministarium
2601 1311 2845 1366 sortitus
2902 1317 2992 1366 est
3043 1311 3330 1379 Christus,
3373 1315 3528 1384 quod
3571 1315 3814 1384 Moyses

2148 1400 2540 1455 ministrabat.
2602 1400 2796 1467 Vides,
2860 1400 3071 1471 inquit,
3133 1407 3350 1472 quanto
3409 1402 3619 1459 melior
3682 1407 3811 1462 haec

2146 1487 2246 1543 illa
2269 1489 2692 1556 celebratione;
2727 1489 3020 1559 siquidem
3053 1489 3194 1544 illud
3229 1492 3548 1562 exemplar,
3583 1498 3642 1548 et
3685 1497 3808 1550 for-

2148 1595 2264 1642 ma,
2298 1579 2408 1632 ista
2439 1595 2571 1632 vero
2604 1578 2834 1632 veritas.
2861 1579 3067 1642 Tanto,
3100 1577 3586 1650 inquit,melioris
3618 1589 3805 1639 testa-

2155 1667 2332 1720 menti
2367 1667 2650 1720 mediator
2669 1670 2887 1736 quanto
2920 1665 3384 1723 meliussortitus
3414 1675 3505 1724 est
3535 1671 3805 1727 ministe-

2148 1758 2320 1822 rium,
2357 1755 2692 1810 testamenti
2718 1755 2977 1823 novi,ubi
3004 1761 3464 1824 peccata,nostra
3487 1761 3800 1816 remittun-

2145 1850 2262 1911 tur,
2297 1845 2491 1899 etvita
2522 1852 2736 1899 aeterna
2759 1844 3134 1916 promittitur.
3170 1845 3556 1919 Melius,quia
3576 1849 3635 1904 in
3667 1850 3796 1922 lege

2143 1933 2318 1988 veteri
2352 1933 2922 2004 requiescebant,sed
2946 1934 3018 1987 ad
3045 1939 3300 2005 tempus,
3334 1940 3390 1990 et
3416 1943 3649 2008 peccata
3672 1957 3794 1995 non

2141 2023 2584 2079 remittebantur
2613 2039 2625 2088 ;
2651 2022 2750 2075 sed
2783 2026 2847 2076 ut
2875 2020 3170 2077 auditores
3193 2023 3325 2094 plus
3349 2026 3652 2082 laetiﬁcaret
3673 2030 3789 2095 ,di-

2142 2112 2254 2167 cit:
2289 2135 2315 2161 ‹‹
2376 2112 2534 2174 Quod
2571 2111 2628 2164 in
2663 2109 3003 2166 melioribus
3037 2114 3582 2182 repromissionibus
3614 2118 3791 2172 sani-

2142 2208 2264 2256 tum
2324 2202 2504 2271 (1115)
2550 2205 2655 2254 est.
2689 2219 2714 2249 »ι
2766 2199 2927 2254 Unde
2975 2200 3082 2254 hoc
3113 2207 3334 2257 certum
3387 2210 3569 2260 estex
3625 2207 3789 2274 illis;

2140 2291 2417 2361 quoniam
2449 2289 2591 2343 illud
2625 2289 2859 2360 quidem
2894 2289 3195 2344 exclusum
3231 2298 3337 2360 est,
3380 2293 3536 2348 istud
3590 2302 3788 2352 autem

2139 2397 2241 2452 pro
2276 2380 2374 2434 illo
2409 2379 2804 2433 introductum
2839 2383 2946 2432 est.
2995 2380 3300 2450 Propterea
3331 2382 3485 2436 enim
3546 2385 3789 2452 eminet,

2137 2470 2276 2540 quia
2309 2467 2518 2522 melius
2549 2472 2654 2531 est,
2691 2491 2714 2514 ‹‹
2745 2467 3022 2521 Sanctum
3054 2473 3162 2534 est,
3201 2492 3220 2519 ι
3259 2469 3489 2540 inquit;
3537 2471 3650 2528 hoc
3680 2481 3788 2543 est,

2135 2559 2394 2613 sanctius
2421 2557 2516 2612 illo
2547 2561 2912 2622 testamento,
2948 2561 3004 2610 et
3039 2557 3241 2611 melior
3274 2557 3372 2613 illa
3405 2564 3788 2631 repromissio

2135 2665 2260 2718 quae
2285 2647 2459 2700 vitam
2495 2649 2768 2699 aeternam
2816 2645 3103 2716 promittit
3133 2663 3310 2717 quam
3343 2665 3471 2719 quae
3497 2650 3654 2707 bona
3681 2658 3792 2708 ter-

2133 2753 2272 2791 rena
2303 2734 2609 2806 promittit.

2206 2848 2233 2875 ‹‹
2264 2823 2408 2879 Nam
2442 2824 2487 2877 si
2517 2822 2675 2877 aliud
2711 2822 2872 2893 prius
2907 2822 3078 2894 culpa
3109 2829 3392 2893 vacasset,
3436 2844 3553 2882 non
3581 2829 3790 2902 utique

2130 2914 2369 2969 secundi
2400 2912 2562 2967 locus
2605 2912 3016 2982 inquireretur.
3051 2932 3080 2963 »
3113 2912 3169 2966 Si
3205 2913 3294 2968 lex
3333 2917 3542 2970 veteris
3603 2921 3789 2974 testa-

2133 3004 2312 3058 menti
2345 3001 2548 3073 culpas
2583 3010 2811 3056 nostras
2841 3005 3248 3067 sanassct,non
3283 3006 3542 3059 secunda
3577 3006 3671 3062 lex
3707 3026 3791 3064 re-

2129 3093 2476 3164 quireretur,
2511 3091 2662 3146 sicut
2694 3089 2784 3144 hic
2817 3089 2957 3144 dicit
2987 3090 3304 3162 propheta:

2199 3205 2224 3230 ‹‹
2257 3181 2605 3251 Vituperans
2627 3178 2781 3234 enim
2813 3196 2932 3243 cos,
2969 3179 3108 3232 dicit
3139 3198 3150 3234 :
3186 3181 3328 3235 Ecce
3352 3181 3476 3237 dies
3507 3185 3788 3252 veniunt,

2124 3270 2644 3338 dicitDominus,ct
2667 3267 3088 3327 consummabo
3113 3285 3290 3339 super
3305 3270 3547 3326 domum
3575 3273 3785 3344 Israel,

2122 3363 2178 3413 et
2236 3375 2412 3428 super
2471 3358 2709 3411 domum
2745 3357 2898 3414 Juda
2943 3360 3360 3412 testamentum
3392 3377 3611 3416 novum
3645 3367 3785 3434 (Jer.

2120 3465 2270 3515 xxxi,
2306 3448 2417 3515 31).
2457 3468 2483 3494 ››
2518 3446 2754 3516 Pr0pter
2781 3444 2991 3499 veteris
3028 3446 3183 3500 enim
3216 3447 3474 3504 hominis
3536 3467 3781 3525 noxam,

2059 3542 2064 3546 ’
2121 3555 2246 3609 qum
2275 3535 2645 3608 perlitteram
2673 3535 3000 3603 jubentem,
3035 3539 3091 3589 et
3132 3536 3451 3592 minantem
3526 3540 3784 3598 minime

2119 3623 2678 3691 sanabatur,dicitur
2700 3623 2839 3677 illud
2863 3627 3280 3678 testamentum
3304 3631 3504 3681 vetus:
3540 3628 3652 3684 hoc
3678 3649 3784 3687 au-

2118 3721 2234 3768 tem
2270 3729 2480 3768 novum
2520 3717 2752 3783 prepter
2778 3712 3093 3767 novitatem
3126 3714 3391 3785 spiritus,
3417 3734 3545 3788 quae
3580 3719 3780 3776 homi-

2117 3820 2248 3858 nem
2281 3819 2492 3857 novum
2521 3806 2689 3856 sanat
2717 3819 2751 3856 a
2781 3801 2916 3856 vitio
2947 3803 3277 3858 vetustatis.

2188 3891 2445 3962 Denique
2477 3891 2708 3944 attende
2731 3890 2883 3960 quod
2907 3892 3173 3962 sequitur
3198 3908 3209 3946 :
3243 3915 3262 3942 ι
3291 3893 3412 3948 Non
3438 3899 3776 3955 secundum

2113 3983 2553 4047 testamentum,
2615 3979 2767 4049 quod
2818 3978 3009 4049 pepigi
3069 3995 3200 4035 cum
3246 3981 3510 4052 patribus
3540 4001 3777 4054 eorum,

2114 4068 2248 4138 (Jer.
2290 4083 2479 4136 xxxiv,
2504 4067 2613 4137 13.)
2641 4090 2666 4116 ››
2691 4067 2834 4130 Quia
2861 4066 3004 4121 illud
3037 4074 3203 4124 vetus
3235 4075 3376 4139 erat,
3411 4071 3521 4127 hoc
3553 4091 3776 4131 novum

2111 4161 2220 4211 est.
2256 4156 2560 4222 Quomodo
2594 4154 2773 4224 igitur
2797 4155 2939 4210 illud
2977 4160 3171 4224 vetus,
3207 4157 3314 4213 hoc
3348 4176 3586 4229 novum,
3629 4180 3771 4220 cum

2109 4244 2199 4299 lex
2233 4245 2437 4298 eadem
2469 4243 2786 4314 impleatur
2817 4259 2918 4314 per
2950 4248 3366 4302 testamentum
3388 4266 3772 4322 novum,qua

2109 4332 2255 4387 dixit
2311 4333 2367 4387 in
2420 4332 2654 4386 Veteri:
2694 4353 2720 4381 «
2770 4333 2892 4386 Non
2927 4334 3272 4405 concupices
3299 4337 3493 4406 (Exod.
3528 4356 3624 4406 xx,
3661 4343 3768 4409 l7;

2107 4422 2264 4476 Deut.
2324 4438 2376 4490 ν,
2431 4422 2542 4491 27),
2579 4444 2606 4468 ››
2658 4421 2768 4475 nisi
2826 4421 2964 4492 quia
3020 4424 3172 4493 quod
3215 4423 3293 4478 ibi
3327 4426 3650 4497 prohibuit,
3677 4430 3769 4485 hic

2109 4510 2399 4582 implevit?

2179 4622 2205 4648 ‹‹
2245 4600 2302 4653 In
2340 4599 2452 4666 die,
2478 4615 2594 4669 qua
2625 4599 2979 4669 apprehendi
3004 4617 3244 4656 manum
3267 4602 3599 4670 illorum,ut
3621 4607 3765 4661 edu-

2105 4704 2292 4742 cerem
2333 4687 2462 4742 illos
2522 4689 2591 4742 de
2648 4693 2800 4742 terra
2849 4690 3098 4760 zEgypti.
3133 4711 3163 4740 »
3218 4693 3485 4747 Deﬁnivit
3543 4696 3762 4767 quippe

2104 4781 2206 4831 te"
2230 4794 2359 4847 pus,
2394 4776 2548 4846 quod
2582 4780 3000 4831 testamentum
3031 4779 3204 4834 dicat.
3239 4781 3361 4835 Non
3395 4782 3555 4838 enim
3591 4784 3757 4850 dixit,

2103 4870 2544 4928 testamentum,
2581 4865 2736 4936 quod
2769 4865 2873 4919 feci
2907 4867 3173 4936 patrihus
3231 4887 3457 4935 eorum,
3508 4889 3582 4926 ne
3617 4874 3758 4930 forte

2101 4952 2269 5022 illud,
2306 4954 2458 5024 quod
2493 4954 2564 5007 ad
2587 4953 2881 5008 Abraham
2917 4961 3017 5010 aut
3050 4956 3167 5011 Noe
3199 4959 3415 5013 factum
3441 4961 3757 5032 est,ipsum

2099 5058 2226 5097 esse
2257 5043 2632 5096 aestimarent.
2671 5043 2802 5096 Ideo
2834 5042 3074 5100 intulit:
3112 5067 3137 5093 «
3162 5047 3220 5100 In
3253 5048 3346 5101 die
3394 5065 3510 5118 qua
3546 5066 3757 5121 appre-

2098 5140 2271 5195 hendi
2309 5157 2546 5195 manum
2579 5139 2836 5207 illorum,
2875 5145 2937 5194 ut
2965 5143 3272 5198 educerem
3307 5143 3441 5200 illos
3501 5147 3576 5202 de
3605 5153 3758 5203 terra

2095 5229 2344 5302 ngypti.
2378 5251 2404 5277 ››
2464 5230 2612 5300 Ergo
2670 5227 2813 5282 illud
2864 5235 3028 5284 vetus
3057 5236 3198 5294 erat,
3235 5233 3374 5303 quia
3396 5234 3504 5288 hoc
3537 5253 3754 5291 novum

2094 5324 2202 5373 est.
2265 5317 2428 5372 Unde
2481 5317 2661 5388 igitur
2689 5317 2833 5371 illud
2865 5323 3048 5385 vetus,
3076 5319 3182 5374 hoc
3225 5338 3462 5392 novum,
3496 5341 3634 5379 cum
3671 5327 3758 5381 lex

2093 5407 2297 5461 eadem
2318 5405 2633 5476 impleatur
2646 5423 2744 5476 per
2759 5412 3176 5463 testamentum
3204 5426 3582 5483 novum,quaa
3608 5415 3756 5469 dixit

2093 5495 2152 5550 in
2185 5493 2415 5549 Veteri:
2454 5516 2481 5543 ‹‹
2509 5495 2633 5548 Non
2667 5495 3044 5566 concupisces
3065 5496 3092 5551 ?
3122 5499 3269 5563 Quia
3298 5499 3434 5571 ipsi,
3465 5519 3493 5551 ι
3533 5503 3750 5575 inquit,

2162 5598 2345 5679 (1415)
2367 5598 2815 5678 Vulg.sancitum
2848 5619 2862 5660 :
2887 5603 3320 5665 Ambrosiaster
3335 5609 3753 5694 sanctiﬁcatum
