3966 6210
162 313 277 371 773

740 308 1149 369 EXPOSITIO
1194 310 1270 368 ΙΝ
1320 310 1741 370 EPISTOLAS
1789 311 2047 372 PAULI.
2101 345 2175 353 —
2218 312 2290 370 ΙΝ
2339 313 2585 373 EPIST.
2633 315 2735 373 AD
2785 316 3016 375 HEBR.

3458 325 3577 381 ’ΠΙ

166 467 184 491 ιι
224 459 345 496 non
396 445 919 512 perseveraverunt
949 439 1007 493 in
1042 444 1392 495 testamento
1443 458 1591 503 meo,
1626 447 1681 495 et
1712 459 1816 512 ego
1847 445 1900 507 Α
1929 442 2192 496 Tollatur
2250 443 2487 515 impius,
2523 450 2577 499 et
2632 463 2743 500 non
2802 448 2992 502 videat
3050 448 3291 519 gloriam
3344 452 3575 508 Domini

161 530 393 602 neglexi
428 546 550 598 eos,
585 530 727 582 dicit
764 529 1067 583 Dominus.
1116 551 1141 577 υ
1174 530 1321 599 Ergo
1358 536 1590 601 propter
1613 531 1824 585 veteris

162 619 425 674 hominis
450 634 687 686 noxam,
713 634 838 687 qua:
874 633 973 687 per
1002 617 1259 671 litteram
1287 619 1593 688 jubentem
1629 623 1685 673 et
1715 619 1821 673 mi-

162 713 405 763 nantem
440 707 685 761 minime
713 707 1050 771 sanabatur,
1083 706 1300 760 dicitur
1329 706 1471 761 illud
1507 712 1822 761 testamen-

163 802 289 851 tum
324 801 492 849 vetus
520 812 532 859 ;
566 793 677 847 hoc
708 798 904 847 autem
960 809 1196 857 novum,
1243 798 1477 864 propter
1508 794 1823 848 novitatem

166 886 434 955 spiritus,
465 899 598 954 quae
630 881 931 936 hominem
987 898 1199 934 novum
1247 888 1468 936 sanata
1499 883 1636 936 vitio
1667 887 1824 936 vetu-

168 974 362 1028 statis.
398 972 492 1025 Sic
524 972 683 1025 enim
717 968 924 1023 ccelum
982 986 1192 1023 novum
1227 969 1457 1038 dicitur,
1504 987 1636 1024 cum
1670 970 1820 1023 idem

164 1062 366 1133 ipsum
402 1060 569 1114 debet
604 1058 1094 1129 permanere;sed
1130 1063 1361 1128 propter
1378 1060 1527 1128 quod
1551 1059 1605 1111 in
1629 1059 1823 1128 aliquo

165 1151 345 1204 debet
372 1147 623 1217 excludi,
676 1146 734 1200 in
768 1146 963 1216 aliquo
1023 1162 1383 1217 permanere,
1434 1148 1562 1200 ideo
1612 1147 1825 1201 dicitur

166 1254 414 1293 novum.
463 1239 539 1290 Ac
570 1236 616 1289 si
662 1235 919 1289 diceret:
975 1233 1389 1305 perfectionem
1444 1234 1672 1301 t'aciam,
1723 1234 1821 1289 ubi

165 1344 291 1381 non
326 1327 534 1397 figura,
567 1324 662 1379 sed
713 1323 842 1394 ipsa
891 1322 1100 1377 veritas
1160 1323 1505 1378 ostenditur.
1566 1329 1820 1394 Manum,

163 1415 331 1485 quod
368 1413 597 1476 dicitur,
635 1410 1092 1482 apprehendere,
1150 1416 1494 1481 potestatem
1543 1430 1731 1479 suam,
1767 1420 1824 1469 et

164 1503 407 1557 illorum
438 1500 793 1570 adjutorium
812 1501 1193 1555 demonstrat.
1220 1500 1547 1563 «Quoniam
1572 1502 1682 1573 ipsi
1708 1520 1822 1557 non

164 1593 622 1664 permanserunt
672 1589 730 1642 in
779 1592 1124 1643 testamento
1158 1605 1307 1649 meo.
1360 1594 1415 1643 et
1465 1607 1568 1662 ego
1602 1592 1823 1663 neglexi

165 1698 287 1745 eos,
323 1678 467 1733 dicit
497 1677 803 1733 Dominus.
836 1676 1069 1748 Neglexi
1103 1692 1221 1743 eos,
1277 1679 1431 1749 quod
1485 1680 1642 1746 dicit,
1679 1697 1742 1735 ac
1776 1682 1823 1736 si

1935 531 2085 599 (lsaz'.
2126 536 2397 599 xvmw),
2430 535 2706 603 quoniam
2763 536 2930 591 ibunt
2977 538 3198 592 sinistri
3257 539 3317 595 in
3380 541 3575 612 ignem

1933 625 2251 683 aeternum;
2292 622 2437 690 justi
2490 628 2682 677 autem
2733 624 2791 677 in
2824 624 2999 679 vitam
3059 632 3330 682 aeternam
3365 630 3573 699 (Matth.

1934 724 2059 773 xxv,
2095 710 2202 769 40‘).
2238 710 2369 772 Quae
2402 711 2517 764 vita
2548 716 2781 777 (eterna,
2816 713 2965 768 sicut
2992 719 3461 783 commemoravi,
3483 720 3578 775 de-

1937 797 2093 849 finita
2108 804 2197 851 est
2226 815 2291 853 ea
2313 816 2459 857 esse.
2487 806 2548 854 ut
2571 808 2923 871 cognoscant
2951 821 3131 858 unum
3147 822 3343 861 verum
3374 810 3571 867 Deum.

1934 884 2076 939 Hinc
2109 886 2247 940 dicit
2294 889 2667 943 etJoannes:
2731 889 3131 956 Dilectissimi,
3185 894 3285 948 lilii
3338 897 3431 950 Dei
3475 916 3574 952 su-

1936 990 2086 1043 mus,
2112 979 2167 1028 et
2202 976 2457 1029 nondum
2475 978 2745 1047 apparuit
2765 980 2903 1048 quid
2919 980 3393 1038 erimus.Scimus
3417 986 3577 1057 quia,

1934 1078 2066 1115 cum
2100 1064 2455 1134 apparuerit,
2483 1065 2704 1119 similes
2725 1067 2774 1119 ei
2799 1067 3039 1133 erimus,
3065 1070 3338 1139 quoniam
3364 1074 3580 1129 videbi-

1936 1168 2066 1205 mus
2099 1169 2229 1205 eum
2255 1153 2425 1206 sicuti
2449 1159 2535 1207 est
2554 1156 2603 1220 (l
2632 1159 2793 1208 Joan.
2822 1173 2903 1222 Ill,
2936 1161 3012 1221 2).
3047 1180 3073 1205 ‹‹
3103 1159 3230 1213 ΗίΕο
3256 1162 3577 1219 similitudo

1933 1256 2087 1293 nunc
2120 1240 2320 1309 incipit
2352 1242 2673 1308 reformari,
2700 1245 2960 1313 quandiu
3002 1245 3174 1301 homo
3216 1249 3461 1306 interius
3492 1269 3579 1307 re-

1934 1333 2180 1383 novatur
2210 1330 2279 1384 de
2310 1330 2401 1384 die
2431 1330 2487 1383 in
2539 1331 2715 1395 diem,
2750 1335 3072 1388 secundum
3108 1335 3421 1409 imaginem
3450 1342 3579 1411 ejus

1934 1417 2030 1487 qui
2063 1418 2275 1471 creavit
2303 1434 2457 1473 eum.
2492 1420 2593 1472 Sed
2630 1421 2698 1474 ad
2734 1420 2891 1475 illius
2923 1424 3249 1478 eminentiae
3281 1429 3579 1496 perfectio-

1935 1523 2088 1565 nem.
2124 1524 2247 1577 quis
2280 1512 2418 1560 tunc
2444 1507 2640 1562 futura
2670 1514 2778 1577 est,
2830 1511 2967 1581 quid
3004 1511 3130 1579 hoc,
3164 1519 3264 1567 aut
3292 1523 3580 1585 quantum

1934 1600 2021 1649 est
2044 1596 2070 1647 ‘?
2104 1596 2401 1665 Siquidem
2434 1598 2745 1667 Apostolus
2778 1601 2846 1653 ad
2883 1598 2980 1655 illa
3011 1602 3345 1671 ineffabilia,
3383 1606 3580 1677 quale-

1933 1700 2161 1755 cunque
2192 1685 2477 1740 adhibens
2508 1686 2577 1741 de
2609 1688 2762 1742 notis
2793 1688 2967 1743 rebus
2991 1691 3345 1759 exemulum,
3371 1710 3582 1765 parvu-

168 1768 361 1824 dicat:
400 1766 631 1837 Reliqui
674 1782 770 1820 eos
802 1766 1125 1820 secundum
1168 1766 1457 1821 desideria
1506 1767 1695 1823 cordis
1725 1786 1823 1823 eo-
1858 1772 2048 1871 B1am
2077 1778 2301 1827 satiatem
2350 1774 2502 1827 virili
2533 1777 2888 1846 comparavit
2936 1779 3125 1834 aetati:
3177 1798 3307 1837 cum
3367 1801 3579 1853 essem,

174 1874 329 1913 rum.

246 1970 274 1997 ιι
311 1947 461 2012 Quia
490 1945 601 2000 hoc
632 1948 1074 2014 testamentum,
1109 1945 1259 2015 quod
1287 1945 1593 2016 disponam
1627 1948 1828 2002 domui

178 2035 358 2091 Israel
392 2040 525 2106 post
556 2034 681 2088 dies
712 2032 863 2100 illos,
896 2032 1037 2087 dicit
1069 2034 1347 2088 Dominus
1378 2054 1389 2089 :
1437 2036 1627 2089 dando
1674 2036 1828 2107 leges

177 2142 339 2180 meas
372 2126 431 2178 in
464 2127 655 2177 mente
689 2138 910 2187 eorum,
946 2121 1077 2176 etin
1106 2124 1482 2178 cordeeorum
1508 2126 1827 2195 superscri-

174 2215 312 2269 bam
347 2230 467 2267 cas.
501 2212 680 2283 Leges
712 2211 867 2265 enim
918 2228 1055 2265 suas
1088 2212 1301 2266 scribet
1340 2213 1397 2267 in
1431 2214 1704 2267 cordibus
1734 2231 1827 2269 eo-

172 2319 333 2368 rum,
367 2317 481 2356 non
516 2301 574 2355 in
608 2300 826 2355 tabulis
858 2298 1127 2371 lapideis,
1164 2302 1261 2355 sed
1296 2300 1354 2354 in
1390 2302 1607 2356 tabulis
1639 2303 1830 2358 cordis

171 2390 539 2447 carnalibus.
587 2389 732 2444 Nam
763 2387 901 2459 quia
930 2389 1139 2444 veteris
1173 2391 1506 2445 testamenti
1542 2394 1829 2461 promissa

168 2486 416 2534 terrena
442 2482 596 2543 sunt,
637 2476 788 2543 licet,
822 2477 1075 2548 exceptis
1106 2480 1515 2549 sacramentis,
1542 2497 1665 2551 qua)
1709 2498 1831 2535 um-

171 2569 287 2622 bra
320 2570 488 2621 erant
510 2567 856 2633 futurorum,
892 2565 1045 2620 sicut
1073 2570 1161 2620 est
1190 2566 1579 2634 circumcisio,
1604 2574 1661 2623 et
1691 2570 1829 2623 Sab-

175 2658 406 2719 batum,
438 2662 487 2709 et
510 2653 871 2709 aliaedierum
898 2655 1350 2722 observationes,
1370 2658 1829 2727 etquarumdam

177 2760 471 2809 escarum,
516 2741 887 2808 caeremoniae,
940 2747 997 2797 et
1041 2742 1343 2813 multiplex
1388 2746 1828 2817 sacrificiorum,

179 2847 605 2901 sacrorumque
636 2832 804 2897 ritus,
839 2848 963 2902 quae
997 2833 1293 2899 vetustati,
1328 2833 1543 2887 carnali
1578 2834 1713 2905 legi,
1739 2837 1834 2905 ju-

180 2938 373 2994 goque
406 2920 597 2976 servili
640 2920 1054 2990 congruebant,
1110 2920 1249 2975 talia
1295 2922 1510 2993 quippe
1540 2924 1834 2979 contineat

185 3016 477 3084 praecepta
498 3008 767 3080 justitia,
802 3008 997 3079 qualia
1044 3026 1200 3064 nunc
1248 3027 1479 3082 quoque
1527 3014 1834 3069 observare

184 3098 584 3171 praecipimus,
604 3114 730 3168 quae
764 3097 1011 3153 maxime
1042 3098 1271 3154 duabus
1296 3098 1411 3154 illis
1441 3100 1679 3169 tabulis,
1706 3103 1831 3157 sine

1937 1861 2149 1930 inquit,
2193 1862 2489 1931 parvulus,
2540 1866 2709 1933 quasi
2770 1866 3047 1935 parvulus
3076 1868 3375 1940 loquebar,
3412 1876 3581 1945 quasi

1939 1949 2213 2021 parvulus
2237 1951 2556 2021 sapiebam,
2580 1952 2745 2023 quasi
2762 1955 3039 2023 parvulus
3061 1959 3389 2028 cogitabam
3418 1980 3580 2028 ;cum

1938 2044 2131 2093 autem
2167 2039 2351 2093 factus
2384 2057 2512 2093 sum
2543 2040 2646 2107 vir,
2699 2059 2824 2111 quae
2856 2044 3079 2113 parvuli
3123 2052 3307 2116 erant,
3342 2050 3582 2120 deposui

1938 2128 1983 2197 (1
2016 2128 2137 2181 Cor.
2164 2143 2287 2192 χιιι,
2330 2129 2433 2196 11).
2459 2129 2574 2181 Cur
2614 2134 2805 2184 autem
2831 2132 2935 2185 hoc
2960 2133 3188 2199 dixerit,
3222 2153 3583 2209 consequen-

1938 2221 2023 2269 ter
2055 2218 2388 2285 ostendens,
2426 2218 2763 2288 «videmus,
2801 2219 3015 2291 inquit,
3050 2240 3204 2278 nunc
3237 2242 3337 2296 per
3375 2244 3579 2299 specu-

1938 2304 2060 2358 lum
2097 2306 2151 2358 in
2204 2305 2548 2376 mnigmate:
2602 2312 2742 2361 tunc
2801 2314 2999 2364 autem
3041 2311 3184 2366 facie
3234 2315 3304 2368 ad
3350 2316 3579 2373 faciem.

1940 2393 2103 2447 Nunc
2127 2393 2246 2447 scio
2279 2410 2345 2447 ex
2375 2399 2537 2465 parte
2565 2413 2576 2449 :
2608 2401 2745 2450 tunc
2777 2402 2972 2452 autem
3027 2416 3396 2470 cognoscam,
3432 2406 3584 2460 sicut

1940 2474 2207 2543 cognitus
2240 2490 2370 2527 sum
2413 2474 2571 2540 (Ibid.
2608 2477 2720 2543 12):
2757 2499 2783 2526 »
2832 2479 3071 2547 proinde
3097 2481 3271 2535 etiam
3296 2499 3396 2553 per
3427 2484 3583 2539 hunc

1940 2561 2302 2632 prophetam,
2346 2564 2513 2632 cujus
2545 2566 2945 2620 testimonium
2997 2573 3438 2637 pertractemus,
3476 2573 3584 2629 hoc

1941 2650 2194 2717 additur,
2227 2654 2291 2703 ut
2322 2651 2377 2703 in
2412 2667 2476 2704 eo
2510 2668 2748 2717 merces,
2786 2653 2842 2706 in
2866 2671 2931 2708 eo
2957 2656 3110 2721 linis,
3134 2657 3190 2711 in
3223 2674 3288 2712 eo
3312 2661 3583 2730 perfectio

1940 2737 2250 2804 felicitatis,
2302 2738 2359 2791 in
2420 2756 2485 2793 eo
2544 2741 2719 2794 beatae
2777 2747 3115 2813 aeternisque
3169 2746 3294 2799 vitea
3352 2766 3584 2805 summa

1941 2827 2241 2881 consistat.
2298 2832 2435 2881 Cum
2501 2828 2656 2882 enim
2710 2829 2994 2886 dixisset:
3030 2855 3057 2880 ‹‹
3110 2834 3176 2887 Et
3221 2851 3317 2889 ero
3360 2836 3475 2893 illis
3523 2839 3582 2895 in

1941 2917 2147 2982 Deum,
2183 2921 2237 2970 et
2268 2915 2380 2987 ipsi
2412 2923 2583 2971 erunt
2614 2916 2754 2972 mihi
2790 2919 3064 2990 populus,
3108 2924 3385 2979 continuo
3417 2927 3583 2981 addi-

1942 3006 2061 3060 dit:
2086 3029 2111 3055 (ι
2141 3006 2207 3058 Et
2229 3022 2341 3059 non
2365 3005 3013 3079 docebitunusquisque
3036 3010 3362 3081 proximum
3386 3032 3583 3083 suum,

1942 3102 1997 3149 et
2029 3095 2436 3165 unusquisque
2484 3096 2721 3149 fratrem
2771 3112 2969 3161 suum,
3016 3098 3251 3156 dicens:
3294 3104 3584 3170 Cognosce

182 3170 374 3260 ﬁgura
408 3187 768 3242 adumbratae
801 3186 1555 3260 signiﬁcationis,expressa
1571 3195 1727 3257 sunt,
1758 3191 1831 3245 si-
1862 3170 1904 3237 C
1944 3184 2275 3239 Dominum.
2317 3206 2335 3231 η
2374 3184 2537 3237 Nunc
2559 3186 2849 3254 cerlejam
2882 3191 3113 3257 tempus
3135 3194 3219 3243 est
3249 3194 3585 3250 testamenti

184 3277 302 3331 cuti
328 3282 464 3332 est<<
489 3275 614 3329 Non
646 3274 1025 3341 adulterabis,
1061 3292 1175 3329 non
1208 3276 1591 3333 homicidium
1633 3280 1830 3347 facies,

182 3383 301 3422 non
333 3363 734 3435 concupisces,
772 3386 799 3412 ››
830 3368 886 3418 et
924 3364 973 3419 si
1015 3365 1246 3432 quidem
1281 3370 1368 3420 est
1398 3365 1556 3420 aliud
1589 3368 1833 3421 manda-

180 3460 333 3519 tum,
368 3453 520 3524 qued
556 3454 612 3506 in
646 3452 755 3506 hoc
804 3468 1069 3507 sermone
1121 3453 1574 3525 recapitulatur:
1620 3456 1834 3527 Diliges

181 3544 519 3617 proximum
552 3547 718 3596 tuum
750 3547 1029 3612 tanquam
1076 3541 1350 3612 teipsum,
1401 3549 1598 3598 tamen
1643 3545 1742 3616 qui
1775 3545 1834 3599 in

183 3651 271 3697 eo,
296 3632 440 3699 dixi,
476 3631 764 3702 promissa
791 3634 1023 3685 terrena
1044 3635 1100 3685 et
1122 3631 1465 3701 temporalia
1496 3633 1835 3701 recitantur,

184 3739 313 3793 qua:
344 3722 501 3775 bona
533 3724 670 3774 sunt
703 3720 880 3788 hujus
912 3719 1306 3790 corruptibilis
1330 3720 1542 3790 carnis,
1569 3724 1837 3793 quamvis

184 3812 271 3866 eis
303 3809 661 3879 sempiterna
689 3812 865 3879 atque
914 3808 1189 3875 ccelestia,
1232 3810 1302 3863 ad
1356 3827 1567 3864 novum
1620 3812 1841 3867 scilicet

184 3903 605 3953 testamentum
628 3896 996 3968 pertinentia,
1022 3898 1413 3967 ﬁgurarentur
1437 3915 1447 3952 :
1475 3914 1629 3953 nunc
1652 3901 1838 3971 ipsius

184 3987 382 4043 cordis
417 3987 635 4040 bonum
667 3986 1052 4056 promittitur,
1106 3984 1349 4056 spiritus
1380 3988 1571 4042 bonus
1604 3990 1835 4057 mentis,

185 4076 295 4130 hoc
326 4082 440 4140 est,
470 4073 839 4145 intelligibile
884 4074 1124 4141 bonum,
1158 4090 1292 4129 cum
1337 4076 1585 4131 dicitur:
1622 4100 1648 4127 ‹‹
1683 4078 1839 4133 Dans

186 4164 344 4236 leges
374 4180 536 4218 meas
568 4164 626 4217 in
662 4168 855 4217 mente
897 4179 1120 4233 eorum,
1156 4170 1212 4218 et
1242 4163 1299 4218 in
1337 4166 1608 4220 cordibus
1637 4183 1839 4222 eorum

187 4253 445 4308 scribam
477 4268 595 4307 eas.
627 4274 655 4300 »
686 4250 847 4305 Unde
879 4251 1228 4320 significavit
1248 4268 1345 4307 eos
1373 4270 1486 4308 non
1519 4254 1841 4311 forinsecus

188 4342 428 4411 habere,
462 4341 563 4395 sed
596 4340 782 4412 ipsam
819 4339 964 4412 legis
990 4339 1283 4409 justitiam
1308 4340 1642 4398 dilecturos.

262 4430 484 4485 Deinde
542 4429 769 4484 addidit
824 4434 879 4484 et
921 4430 1269 4484 mercedem.
1319 4453 1339 4479 α
1375 4430 1445 4484 Et
1503 4446 1599 4486 ero
1652 4433 1735 4488 eis
1782 4434 1841 4488 in

1942 3274 2094 3339 novi,
2128 3272 2221 3327 cui
2253 3276 2340 3326 est
2374 3272 2524 3325 facta
2542 3274 2853 3341 promissio
2878 3290 2977 3343 per
3010 3274 3125 3329 haec
3150 3278 3344 3343 verba,
3373 3296 3498 3349 quae
3515 3298 3585 3337 ex

1941 3362 2041 3416 illa
2090 3360 2393 3433 prephetia
2442 3360 3048 3417 commemoravimus.
3092 3364 3208 3418 Cur
3245 3365 3351 3420 hoc
3392 3368 3585 3424 adhuc

1942 3452 2102 3517 dicit,
2165 3448 2572 3519 unusquisque
2602 3450 2862 3518 proximo
2929 3467 3036 3505 suo
3092 3457 3149 3506 et
3210 3454 3371 3508 fratri
3432 3472 3581 3514 suo:
3652 3512 3657 3513 ,

1951 3559 1971 3587 α
2007 3541 2299 3609 Cognosce
2332 3538 2640 3591 Dominum
2662 3537 2689 3590 ?
2719 3559 2746 3587 »
2780 3541 2862 3592 An
2895 3539 3039 3593 forte
3071 3557 3184 3595 non
3215 3542 3589 3613 dicitur,cum

1944 3627 2324 3698 Evangelium
2359 3625 2726 3696 praedicatur,
2744 3632 2798 3681 et
2827 3629 2955 3698 ejus
2988 3628 3115 3699 ipsa
3146 3631 3211 3684 fit
3232 3632 3588 3702 praedicatio,

1946 3722 2009 3773 ut
2066 3717 2173 3771 hoc
2203 3714 2414 3785 ubique
2446 3714 2715 3769 dicatur?
2760 3716 2905 3771 Nam
2966 3718 3119 3773 unde
3166 3735 3228 3774 se
3273 3720 3591 3792 Apostolus

1946 3806 2208 3878 gentium
2233 3804 2372 3858 dicit
2400 3820 2526 3859 esse
2549 3805 2865 3870 doctorem,
2895 3806 3005 3861 nisi
3032 3808 3172 3878 quia
3190 3808 3297 3864 hoc
3319 3810 3403 3875 fit,
3436 3813 3591 3882 quod

1947 3896 2069 3967 ipse
2102 3894 2218 3949 ait:
2252 3915 2277 3945 ι)
2314 3894 2612 3957 Quomodo
2644 3894 3017 3957 invocabant,
3050 3896 3106 3949 in
3126 3914 3300 3967 quem
3333 3916 3447 3954 non
3474 3917 3595 3957 cre-

1949 3985 2264 4039 diderunt?
2290 3988 2406 4036 Aut
2436 3984 2727 4052 quomodo
2758 3985 3013 4049 credent,
3049 4002 3222 4055 quem
3249 4004 3361 4042 non
3391 3990 3591 4045 audie-

1950 4073 2121 4126 runt?
2156 4072 2454 4134 Quomodo
2506 4072 2743 4125 audient
2792 4073 2916 4126 sine
2948 4075 3295 4142 praedicante
3324 4078 3499 4144 (Rom.
3534 4096 3592 4145 x,

1952 4161 2082 4231 14)?
2110 4184 2129 4209 ιι
2165 4166 2307 4214 Cum
2339 4176 2473 4229 ergo
2508 4176 2661 4213 nunc
2694 4160 3147 4230 istaprzedicatio
3167 4180 3595 4235 usquequaque

1951 4251 2296 4315 crebrescat,
2318 4248 2608 4317 quomodo
2626 4251 2857 4317 tempus
2880 4252 2969 4302 est
2991 4252 3325 4305 testamenti
3350 4252 3502 4318 novi,
3523 4255 3594 4310 de

1950 4354 2066 4409 quo
2100 4336 2379 4407 propheta
2404 4334 2583 4389 dixit:
2620 4360 2645 4385 ‹‹
2680 4336 2748 4389 Et
2780 4352 2891 4389 non
2927 4336 3156 4391 docebit
3186 4340 3598 4411 unusquisque

1951 4426 2279 4499 proximum
2330 4440 2525 4491 suum,
2568 4428 2624 4477 et
2671 4424 3077 4495 unusquisque
3129 4426 3363 4482 fratrem
3396 4446 3594 4503 suum,

188 4522 397 4588 Deum,
431 4524 488 4576 et
516 4520 628 4591 ipsi
660 4524 829 4574 erunt
859 4519 1001 4573 mihi
1036 4519 1093 4574 in
1144 4519 1451 4590 populum.
1488 4543 1514 4569 r
1555 4521 1700 4583 Quid
1737 4522 1844 4578 hoc
1875 4539 1920 4601 D
1952 4516 2186 4571 dicens:
2239 4518 2529 4585 Cognosce
2589 4513 2927 4579 Dominum,
2961 4516 3098 4584 quia
3148 4531 3351 4571 omnes
3383 4534 3597 4589 cogno-

188 4612 345 4667 hono
399 4608 633 4675 melius,
679 4608 819 4680 quid
867 4608 975 4662 hac
1029 4608 1302 4663 felicitate
1347 4608 1845 4667 felicius?Vivere

189 4706 331 4763 Deo,
364 4698 550 4752 vivere
582 4701 652 4753 de
685 4698 823 4763 Deo,
869 4698 1024 4768 apud
1058 4714 1232 4769 quem
1263 4702 1351 4753 est
1382 4700 1509 4753 fons
1540 4699 1670 4755 vitm
1701 4705 1756 4754 et
1786 4702 1843 4755 in

190 4788 371 4858 cujus
404 4785 620 4841 lumine
646 4787 976 4841 videbimus
1013 4788 1199 4841 lucem
1228 4787 1239 4840 l
1288 4792 1358 4841 De
1391 4787 1498 4842 hac
1542 4787 1658 4843 vita
1706 4790 1847 4844 dicit

186 4877 319 4949 ipse
352 4875 676 4931 Dominus:
718 4898 737 4923 ιι
795 4876 923 4929 Haec
954 4881 1039 4930 est
1089 4881 1282 4930 autem
1341 4878 1459 4930 vita
1515 4884 1746 4944 aeterna,
1784 4884 1847 4933 ut

188 4971 552 5038 cognoscant
582 4970 637 5019 te
668 4982 853 5019 unum
888 4981 1085 5019 verum
1122 4965 1303 5018 Deum
1336 4967 1514 5031 (Joan.
1547 4984 1683 5032 xvu,
1712 4968 1786 5037 3).
1816 4990 1842 5016 ››

187 5056 307 5110 Hoc
338 5060 494 5110 enim
529 5059 586 5107 et
642 5053 769 5125 ipse
819 5053 1109 5123 promittit
1151 5052 1528 5108 dilectoribus
1561 5056 1705 5120 suis,
1762 5056 1843 5109 di-

189 5160 363 5199 cens:
403 5164 430 5193 «
459 5142 567 5205 Qui
600 5141 795 5213 diligit
836 5157 949 5208 me,
994 5142 1273 5195 mandata
1302 5158 1432 5196 mea
1463 5144 1753 5209 custodit;
1788 5148 1843 5198 et

188 5234 287 5303 qui
336 5231 533 5303 diligit
566 5247 677 5299 me,
707 5230 990 5301 diligetur
1018 5246 1051 5283 a
1100 5230 1266 5283 Patre
1299 5246 1449 5295 meo,
1482 5234 1539 5285 et
1579 5247 1683 5301 ego
1711 5231 1840 5285 dili-

191 5336 324 5391 gem
358 5336 517 5384 eum,
552 5325 608 5374 et
651 5318 960 5374 ostendam
995 5335 1085 5372 me
1142 5318 1337 5388 ipsum
1373 5318 1457 5371 illi
1506 5320 1686 5389 (Joan.
1723 5337 1837 5390 xxv,

189 5410 319 5479 21):
355 5432 383 5459 ››
448 5408 652 5480 utique
687 5408 745 5462 in
780 5408 969 5461 forma
998 5406 1120 5474 Dei,
1184 5407 1242 5460 in
1303 5424 1419 5477 qua
1468 5408 1705 5479 aequalis
1753 5414 1842 5463 est

189 5496 363 5563 Patri,
424 5515 540 5553 non
600 5499 657 5551 in
718 5498 910 5551 forma
964 5495 1132 5563 servi,
1164 5494 1223 5549 in
1257 5512 1373 5566 qua
1431 5513 1492 5551 se
1538 5503 1593 5551 et
1643 5495 1838 5569 impiis

188 5588 549 5652 ostendebat.
603 5588 771 5644 Tunc
824 5584 979 5641 enim
1037 5585 1135 5643 fiet
1190 5584 1344 5657 quod
1377 5586 1661 5658 scriptum
1708 5591 1833 5645 est:

1955 4609 2118 4659 scent
2166 4619 2259 4657 me
2310 4621 2343 4658 a
2377 4603 2597 4657 minore
2626 4619 2812 4673 usque
2844 4604 2914 4657 ad
2974 4606 3251 4675 majorem
3296 4621 3530 4662 eorum:
3567 4631 3596 4659 ››

1957 4693 2068 4747 nisi
2103 4693 2242 4763 quia
2271 4693 2533 4763 ejusdem
2566 4692 2899 4747 testamenti
2925 4693 3053 4748 novi
3085 4697 3359 4749 aeternam
3384 4712 3601 4753 merce-

1956 4781 2173 4850 dem,id
2189 4786 2277 4835 est
2295 4781 2479 4852 ipsius
2506 4781 2599 4836 Dei
2621 4782 3019 4837 beatissimam
3044 4783 3598 4855 contemplationem

1954 4871 2346 4941 promittendo
2398 4872 2743 4939 conjunxit?
2776 4872 2923 4935 Quid
2977 4889 3113 4945 ergo
3173 4878 3281 4941 est,
3316 4891 3520 4931 omnes
3566 4894 3601 4932 a

1957 4960 2177 5014 minore
2212 4976 2393 5029 usque
2425 4960 2495 5013 ad
2528 4964 2810 5027 majorem
2833 4977 3055 5027 eorum,
3091 4962 3202 5018 nisi
3235 4980 3439 5019 omnes
3472 4982 3597 5036 per-

1953 5049 2205 5103 tinentes
2229 5046 2573 5117 spiritaliter
2594 5049 2663 5101 ad
2688 5049 2928 5104 domum
2962 5050 3157 5116 Israel,
3184 5056 3241 5106 et
3262 5054 3331 5105 ad
3355 5053 3599 5107 domum

1950 5138 2122 5200 Juda,
2157 5136 2264 5189 hoc
2309 5141 2417 5203 est,
2469 5135 2538 5188 ad
2574 5136 2928 5202 ﬁliosIsaac,
2970 5140 3040 5192 ad
3088 5156 3285 5193 semen
3316 5140 3599 5196 Abrahw?

1952 5228 2084 5296 Ipsa
2116 5227 2203 5278 est
2224 5223 2377 5276 enim
2412 5224 2747 5292 promissio,
2772 5224 2841 5279 de
2872 5243 2986 5295 qua
3011 5227 3061 5281 ei
3085 5228 3307 5282 dictum
3331 5232 3454 5282 est:
3480 5252 3507 5278 «
3534 5228 3598 5284 In

1954 5318 2108 5369 Isaac
2141 5309 2442 5365 vocabitur
2488 5310 2593 5364 tibi
2627 5327 2825 5365 semen
2882 5314 3033 5381 (Gen.
3092 5332 3206 5380 xxx,
3244 5317 3351 5387 12).
3387 5338 3415 5365 ››
3473 5317 3599 5373 Non

1949 5403 2104 5458 enim
2135 5399 2232 5469 qui
2270 5397 2371 5450 filii
2405 5399 2618 5463 carnis,
2670 5398 2727 5451 hi
2762 5399 2863 5453 filii
2895 5402 3018 5469 Dei,
3054 5402 3153 5455 sed
3201 5403 3305 5456 filii
3344 5406 3599 5475 promis-

1947 5490 2130 5546 sionis
2146 5489 2507 5557 deputantur
2524 5487 2582 5542 in
2611 5503 2832 5543 semen.
2853 5488 3179 5552 «Quoniam
3202 5506 3404 5548 omnes
3418 5494 3603 5551 scient

1946 5598 1980 5639 ε.
2000 5578 2224 5634 minore
2244 5589 2432 5646 usque
2462 5574 2531 5629 ad
2566 5574 2848 5649 majorem
2875 5593 3096 5635 eorum.
3118 5600 3143 5627 η
3167 5576 3369 5643 Omnis
3399 5578 3596 5665 Israel,
