3966 6210
127 342 247 401 ’ΠἾ

682 341 1099 403 EXPOSITlO
1146 342 1219 402 IN
1266 343 1698 407 EPISTOLAS
1744 346 2003 409 PAULI.
2048 384 2123 394 —
2171 352 2248 411 IN
2298 354 2547 415 EPIST.
2594 357 2697 417 AD
2742 355 2978 418 HEBR.

3437 364 3556 422 778

129 490 260 529 esse
282 470 499 528 coelum
535 472 722 539 (Hebr.
761 490 865 537 xu,
908 474 1017 539 2i),
1050 478 1108 528 et
1140 474 1530 531 velamentum
1562 476 1793 546 cmlum,
1829 482 1879 545 Α
1912 480 1992 534 Ne
2021 483 2174 537 enim
2208 484 2465 541 dicerent
2495 489 2786 557 quomodo
2818 505 3001 545 unum
3033 497 3122 546 est
3151 491 3503 547 sacrificium
3527 494 3554 547 ?

130 570 190 618 et
219 578 459 617 carnem
491 560 812 615 intrantem
864 562 923 615 in
956 562 1234 617 interiora
1270 564 1574 619 velaminis
1608 568 1790 635 (Hebr.

130 669 209 718 v1,
256 650 364 718 19),
404 650 516 705 hoc
557 657 649 704 est
688 650 1080 705 velamentum
1129 653 1320 706 carnis
1359 654 1487 722 ejus
1518 654 1699 724 (Hebr.
1734 671 1789 718 x,

128 741 243 809 20).
277 746 540 794 Aureum
574 738 969 804 thuribulum,
1016 740 1169 793 idem
1219 741 1341 811 ipse
1383 742 1649 797 Christus
1682 748 1791 797 est.

129 835 281 883 Area
312 827 655 883 testamenti
692 844 803 881 non
838 826 1157 899 incongrue
1207 828 1396 898 ipsam
1445 832 1675 884 Domini
1708 836 1795 886 est

129 916 449 972 Salvatoris
482 915 668 971 nostri
722 917 1181 970 incarnationem
1236 919 1528 989 designat,
1586 920 1642 972 in
1676 937 1791 989 quo

129 1012 273 1061 sunt
302 1022 511 1061 omnes
544 1005 801 1059 thesauri
834 1006 1131 1075 sapientiae
1165 1012 1221 1060 et
1261 1008 1516 1061 scientia:
1544 1009 1787 1062 abscon-

130 1095 263 1149 diti.
296 1095 687 1149 Circumteeta
718 1108 783 1147 ex
818 1097 973 1147 omni
1016 1099 1176 1164 parte
1209 1112 1351 1149 auro
1375 1097 1787 1161 mundissimo,

130 1184 273 1254 quia
288 1188 595 1254 assumpta
627 1199 659 1236 a
692 1182 834 1236 Filio
866 1183 962 1237 Dei
997 1182 1255 1238 humana
1285 1191 1513 1249 natura,
1536 1191 1595 1239 et
1628 1187 1787 1241 intus

126 1272 355 1326 virtute
376 1271 561 1326 sancti
583 1269 838 1341 Spiritus
864 1269 1033 1341 plena
1049 1277 1192 1337 erat,
1215 1278 1271 1327 et
1294 1274 1430 1327 foris
1449 1273 1786 1329 hominibus

128 1365 341 1431 aperte
362 1360 543 1414 sancti
563 1358 815 1430 Spiritus
846 1376 1023 1430 opera
1044 1362 1550 1431 praemonstrabat.
1574 1362 1786 1417 Urnam

128 1463 643 1519 quoqueauream,
666 1448 773 1502 hoc
787 1452 896 1513 est,
919 1463 1152 1504 carnem
1176 1449 1556 1521 intelligimus
1574 1450 1789 1505 Christi

126 1552 342 1608 puram
357 1542 534 1607 atque
548 1536 856 1601 sinceram,
890 1553 1015 1607 quae
1032 1538 1396 1593 reconditum
1414 1540 1472 1594 in
1500 1556 1562 1595 se
1576 1557 1791 1594 manna

128 1625 759 1696 perpetuaedivinitatis
773 1632 1068 1680 conservat
1082 1668 1093 1685 .
1109 1631 1164 1681 et
1183 1627 1429 1698 angelici
1447 1628 1606 1683 illius
1623 1630 1790 1700 panis

126 1730 449 1787 perennem
464 1714 759 1770 celestem
778 1714 1329 1786 geritdulcedinem.
1360 1717 1589 1773 Necnon
1613 1718 1789 1773 etiam

126 1803 354 1875 virgam
387 1810 604 1870 Aaron,
640 1804 699 1857 id
726 1809 833 1873 est,
862 1804 1125 1872 ejusdem
1150 1804 1371 1859 summi
1392 1806 1627 1877 verique
1650 1822 1789 1877 pon-

129 1892 326 1960 tificis,
364 1910 479 1947 non
516 1892 629 1947 nisi
660 1892 883 1947 Domini
920 1894 1103 1947 nostri
1129 1894 1269 1948 Jesu
1298 1894 1507 1949 Christi
1536 1895 1791 1950 salutare

129 1981 427 2047 vexillum,
442 1987 502 2036 et
518 1982 867 2037 immortalis
886 1982 1177 2037 memoriie
1193 1998 1424 2054 semper
1437 1985 1789 2039 viriditatem

131 2070 521 2125 frondentem.
548 2070 782 2124 Tabulae
810 2087 1042 2141 quoque
1063 2069 1304 2141 lapideaa
1328 2089 1441 2127 non
1467 2073 1791 2144 incongrue

131 2156 386 2230 duplicis
400 2161 734 2213 testamenti
752 2165 1087 2230 perpetuam
1104 2160 1439 2215 firmitatem
1458 2161 1786 2232 designant.

130 2246 614 2317 Propitiatorium
647 2247 863 2318 quippe
911 2264 1025 2302 non
1061 2246 1221 2302 aliud
1264 2265 1441 2318 quam
1474 2250 1788 2305 Dominum

131 2334 520 2403 Salvatorem,
553 2334 774 2390 scilicet
804 2334 1115 2407 specialius
1144 2336 1201 2390 in
1225 2353 1289 2391 eo
1313 2336 1537 2392 viscera
1559 2338 1790 2409 pietatis

128 2424 450 2495 designat;
479 2425 546 2478 de
572 2441 685 2494 quo
717 2424 862 2479 dicit
891 2425 1244 2496 Apostolus:
1304 2447 1331 2475 ‹‹
1364 2430 1547 2493 Quem
1580 2444 1787 2498 propo-

125 2512 254 2568 suit
269 2512 429 2567 Deus
444 2511 909 2582 propitiationem
926 2530 1025 2584 per
1038 2515 1212 2569 tidem
1229 2516 1287 2568 in
1303 2516 1590 2587 sanguine
1605 2518 1789 2587 ipsius

127 2602 309 2673 (Rom.
353 2618 441 2665 III,
474 2601 581 2671 25).
617 2624 643 2650 ››
672 2602 815 2656 Nam
849 2615 903 2657 et
934 2603 1063 2657 ideo
1113 2605 1366 2674 desuper
1396 2604 1613 2676 posuit,
1649 2606 1790 2676 quia

126 2689 606 2760 superexaltatur
627 2690 1027 2746 misericordia
1058 2693 1279 2762 judicio
1312 2711 1323 2748 :
1362 2695 1517 2748 unde
1553 2693 1787 2749 etPsal-

126 2780 309 2835 mista
339 2795 353 2833 :
397 2800 425 2831 ι
456 2779 685 2847 Suavis,
721 2780 934 2850 inquit,
958 2781 1241 2836 Dominus
1267 2782 1573 2849 universis,
1600 2787 1655 2837 et
1677 2784 1787 2837 mi-

125 2869 457 2924 serationes
478 2868 607 2937 ejus
629 2885 804 2939 super
825 2868 1019 2924 omnia
1052 2886 1226 2940 opera
1257 2872 1384 2940 ejus
1406 2873 1574 2941 (Psal.
1604 2889 1785 2943 cxmv,

122 2960 198 3027 9).
235 2980 265 3009 »
300 2959 487 3027 Cujus
518 2974 551 3012 a
583 2958 819 3024 dextris,
852 2962 909 3013 et
939 2976 973 3013 a
1020 2958 1279 3013 sinistris
1325 2960 1439 3014 duo
1484 2961 1785 3015 cherubim

125 3046 488 3114 consistunt,
517 3047 671 3117 quod
693 3051 781 3101 est
806 3047 1107 3118 plenitudo
1126 3049 1401 3115 scientiae,
1430 3048 1487 3103 id
1512 3055 1621 3115 est,
1645 3050 1786 3104 dile-

124 3137 238 3191 ctio
261 3134 372 3191 Dei
397 3139 455 3189 et
476 3134 721 3205 proximi
747 3156 759 3197 ;
793 3152 895 3206 per
932 3137 1084 3206 quod
1127 3136 1412 3192 Dominus
1435 3138 1781 3193 ostenditur.

1904 568 2168 624 Ostendit
2199 573 2337 626 illud
2384 576 2511 644 jam
2563 577 2697 631 inde
2729 578 2800 632 ab
2854 578 3039 645 initio,
3072 578 3365 651 siquidem
3398 582 3555 651 quod

1904 664 2162 713 sanctius
2194 668 2340 725 erat,
2376 681 2559 719 unum
2594 672 2737 721 erat.
2771 668 2933 721 Tunc
2965 668 3121 722 enim
3155 670 3431 739 pontifex,
3465 670 3555 724 in-

1904 748 2049 816 quit,
2071 750 2248 803 semel
2272 752 2563 820 offerebat,
2586 760 2640 807 et
2660 757 2840 809 semel
2861 757 3154 811 credimus
3174 758 3552 814 Mediatorem

1905 843 2167 891 nostrum
2198 839 2251 893 in
2281 842 2547 911 passione
2570 844 2854 899 oblatum.
2882 846 2945 899 l‘lt
2980 846 3125 900 bene
3166 848 3331 916 dixit,
3378 871 3404 897 (ε
3441 864 3555 903 non

1901 925 2025 978 sine
2049 928 2366 997 sanguine:
2393 952 2419 977 »
2444 931 2497 984 id
2526 937 2634 995 est,
2662 950 2775 987 non
2800 934 2925 988 sine
2940 934 3212 1005 passione
3237 935 3557 991 Salvatoris

1902 1015 2082 1067 nostri
2118 1017 2401 1088 redempti
2436 1036 2665 1075 sumus.

1972 1144 1997 1167 ιι
2035 1120 2149 1174 Hoc
2182 1122 2549 1191 significante
2579 1126 2796 1196 Spiritu
2822 1133 3047 1193 sancto,
3077 1152 3103 1177 ››
3130 1131 3500 1198 subauditur,
3526 1147 3559 1185 ι

1901 1206 2114 1279 Moyse,
2148 1212 2299 1280 quod
2336 1213 2605 1268 Christus
2636 1216 2816 1269 semel
2873 1222 3180 1287 pateretur
3212 1236 3312 1289 pro
3344 1234 3559 1291 genere

1901 1294 2197 1352 humano:
2233 1322 2258 1348 ‹‹
2297 1300 2567 1355 Nondum
2620 1303 2983 1374 propalatam
3040 1322 3168 1361 esse
3215 1311 3556 1362 sanctorum

1897 1384 2047 1438 viam
2081 1387 2269 1453 (Exod.
2300 1405 2431 1453 xxx,
2467 1390 2569 1443 10:
2606 1392 2727 1445 Leti.
2780 1408 2891 1460 xvr,
2922 1394 2999 1463 2).
3044 1416 3065 1443 n
3108 1393 3325 1449 Idcirco
3358 1396 3557 1450 adhuc

1899 1470 1999 1526 illa
2031 1476 2365 1545 manebant,
2400 1477 2539 1547 quia
2582 1480 2831 1534 necdum
2861 1479 2973 1535 ista
3004 1482 3394 1553 apparebant,
3429 1500 3556 1554 qua

1900 1577 2002 1630 per
2030 1561 2160 1617 illas
2190 1562 2476 1635 imagines
2508 1567 2868 1623 umbraticas
2901 1568 3406 1640 significabantur.

1969 1699 1996 1723 ‹‹
2033 1678 2239 1733 Adhuc
2263 1679 2454 1750 priore
2478 1681 2851 1737 tabernaculo
2882 1683 3139 1741 habente
3158 1690 3395 1742 statum.
3417 1688 3554 1754 Quas

1899 1765 2173 1835 parabola
2197 1772 2284 1821 est
2318 1770 2595 1839 temporis
2628 1770 2927 1827 instantis.
2957 1796 2984 1821 ››
3014 1773 3338 1839 Illudenim
3364 1775 3558 1831 taber—

1818 1846 1866 1910 B
1900 1852 2173 1907 naculum
2203 1856 2389 1925 figura
2417 1858 2525 1910 fuit
2557 1860 2835 1930 temporis
2868 1861 3169 1929 instantis,
3196 1863 3252 1916 id
3276 1868 3382 1931 est,
3405 1881 3551 1934 prae—

1902 1941 2082 1996 sentis
2104 1942 2381 2011 ecclesiae,
2412 1962 2538 2015 quae
2581 1964 2736 2001 nunc
2772 1948 2829 2002 in
2873 1966 3016 2003 novo
3052 1954 3404 2005 testamento
3435 1956 3545 2006 est.

1978 2056 2201 2111 «Juxta
2227 2076 2402 2129 quam
2439 2078 2701 2126 munera,
2728 2068 2785 2116 et
2821 2063 3021 2118 hostia:
3046 2064 3389 2135 offeruntur,
3425 2083 3552 2137 quas

1902 2161 2016 2199 non
2051 2152 2298 2215 possunt
2322 2148 2491 2217 juxta
2542 2150 2960 2206 conscientiam
3010 2152 3331 2223 perfectum
3364 2154 3553 2211 facere

1902 2233 2268 2305 servientem,
2302 2236 2673 2293 solummodo
2724 2239 2781 2294 in
2814 2240 2980 2305 cibis,
3027 2246 3083 2295 et
3116 2241 3173 2295 in
3208 2242 3463 2312 potibus,
3494 2246 3553 2298 et

1900 2322 2076 2377 variis
2100 2324 2429 2395 baptismis,
2455 2326 2771 2396 etjustitiis
2794 2329 2989 2384 carnis
3009 2346 3193 2396 usque
3216 2331 3285 2386 ad
3314 2336 3549 2402 tempus

1899 2412 2273 2468 correctionis
2298 2414 2609 2485 impositis.
2634 2439 2661 2465 ››
2686 2417 2933 2471 Attende
2972 2418 3126 2488 quod
3150 2416 3294 2472 nihil
3318 2419 3387 2472 ad
3412 2435 3540 2489 per-

1900 2500 2115 2555 fectum
2148 2502 2391 2556 adduxit
2416 2503 2526 2559 lex.
2564 2504 2669 2559 Per
2698 2510 2919 2560 veteres
2944 2505 3160 2577 quippe
3187 2505 3411 2561 hostias
3434 2523 3550 2563 non

1898 2594 2215 2659 potuerunt
2246 2593 2554 2646 emundari
2583 2611 2595 2661 ;
2631 2610 2744 2647 non
2776 2594 2931 2648 enim
2972 2595 3176 2649 sordes
3209 2594 3417 2649 animas
3448 2595 3548 2650 de-

1900 2677 2300 2745 mittebantur,
2326 2682 2425 2735 sed
2462 2686 2690 2736 tantum
2724 2682 2874 2737 circa
2904 2699 3115 2754 corpus
3137 2688 3321 2748 erant,
3341 2699 3549 2738 secun-

1898 2766 2035 2821 dum
2060 2768 2244 2838 legem
2271 2770 2530 2824 mandati
2554 2770 2824 2827 carnalis.
2849 2771 2972 2827 Non
2992 2771 3146 2826 enim
3166 2771 3544 2843 adulterium,

1898 2872 2014 2910 non
2048 2856 2428 2913 homicidium
2472 2858 2765 2914 dimittere
2796 2864 3043 2931 poterat.
3080 2860 3195 2915 Hoc
3226 2861 3383 2916 enim
3412 2877 3545 2933 age-

1898 2945 2031 2999 bat:
2058 2944 2166 2999 hoc
2190 2948 2421 3001 comede
2447 2966 2459 3013 ;
2486 2946 2627 3001 illud
2654 2964 2768 3002 non
2793 2949 3086 3004 comedas.
3119 2971 3145 3001 ι
3169 2948 3550 3005 Solummodo

1899 3032 2224 3088 differentia
2260 3035 2318 3089 in
2351 3035 2496 3090 cibis
2526 3040 2584 3091 et
2612 3035 2670 3090 in
2702 3037 2958 3106 potibus.
2998 3060 3024 3085 ››
3056 3038 3167 3092 Hoc
3199 3042 3418 3109 potare,
3454 3038 3542 3092 in-

1899 3122 2061 3191 quit;
2091 3121 2197 3176 hoc
2229 3138 2344 3176 non
2369 3122 2519 3178 licet.
2552 3146 2571 3171 α
2603 3124 2671 3177 Et
2694 3124 2870 3178 variis
2891 3125 3202 3195 baptismis
3222 3124 3546 3194 etjustitiis

124 3225 314 3281 Nemo
340 3223 503 3278 enim
539 3227 727 3293 potest
758 3225 1053 3293 pervenire
1084 3226 1154 3279 ad
1187 3225 1523 3293 Dominum,
1549 3227 1661 3280 nisi
1685 3244 1787 3298 per
1817 3201 1858 3266 C
1897 3210 2109 3265 carnis.
2148 3233 2175 3259 ››
2208 3210 2338 3265 Haec
2370 3211 2525 3265 enim
2556 3216 2679 3265 erat
2700 3212 2937 3281 justitia
2966 3212 3180 3266 carnis.
3216 3212 3278 3266 In
3310 3212 3419 3267 hoc
3445 3213 3543 3268 de-

122 3314 507 3369 charitatem.
542 3311 851 3367 Plenitudo
883 3314 1036 3367 enim
1087 3312 1234 3385 legis
1280 3314 1509 3370 dilectio
1540 3320 1647 3370 est.
1678 3316 1788 3369 Alii
1892 3298 2023 3369 ,ῖῖοίί
2055 3298 2155 3353 illa
2180 3304 2567 3365 sacramenta:
2602 3300 2919 3355 οείθοάθηδ
2951 3299 3089 3369 (ἰυίᾶ
3120 3298 3343 3355 “Ullam
3374 3299 3545 3355 habe'

120 3404 337 3459 eadem
371 3401 490 3455 duo
521 3400 848 3468 cherubim,
879 3402 993 3457 duo
1044 3402 1385 3474 intelligunt
1414 3409 1788 3471 testamenta,

122 3509 257 3564 qua
294 3489 771 3562 propitiatorium
803 3490 925 3554 Dei,
956 3492 1012 3545 id
1049 3495 1155 3559 est,
1189 3492 1403 3546 Christi
1426 3499 1792 3548 sacramenta

120 3582 517 3645 obumbrant,
550 3583 801 3634 testante
836 3580 1151 3650 propheta:
1181 3602 1208 3629 ‹‹
1241 3580 1299 3634 In
1330 3581 1518 3636 medio
1540 3582 1789 3636 duorum

122 3667 489 3726 animalium
518 3668 888 3739 cognosceris
919 3670 1068 3739 (lsaz'.
1106 3688 1118 3724 ι
1149 3672 1228 3741 3).
1264 3693 1292 3717 ››

199 3784 231 3809 «ι
252 3759 340 3814 De
355 3757 574 3828 quibus
597 3774 709 3811 non
734 3758 1009 3813 estmodo
1028 3758 1341 3812 dicendum
1359 3775 1459 3830 per
1475 3758 1734 3831 singula;
1763 3781 1789 3808 »

122 3847 433 3916 lortnssis,
468 3846 607 3917 quia
637 3846 824 3902 multo
863 3863 1133 3901 sermone
1164 3864 1311 3918 opus
1343 3847 1633 3902 habebant
1664 3850 1792 3904 ideo

127 3938 328 3995 dixit:
370 3959 395 3984 «
423 3936 502 3991 De
526 3936 742 4006 quibus
766 3952 880 3990 non
905 3940 993 3991 est
1015 3937 1186 3990 modo
1212 3937 1523 3992 dicendum
1552 3954 1653 4009 per
1671 3938 1791 3993 sin-

122 4028 298 4102 gula.
332 4048 362 4075 »
399 4025 684 4087 Quoniam
719 4042 834 4079 non
868 4024 987 4079 haec
1024 4024 1148 4080 sola
1169 4031 1351 4092 erant,
1378 4042 1501 4096 quae
1523 4028 1795 4081 videban-

122 4124 251 4183 tur,
296 4114 402 4170 sed
433 4113 766 4185 aenigmata.
820 4114 898 4167 Ad
924 4130 1072 4184 quos
1113 4130 1238 4179 nos,
1280 4114 1337 4167 in
1381 4120 1664 4185 quantum
1699 4115 1795 4171 ille

122 4204 302 4261 dedit
350 4202 451 4273 qui
505 4218 570 4256 os
626 4206 926 4256 mutorum
976 4202 1205 4273 aperuit
1252 4207 1309 4257 et
1338 4203 1568 4275 linguas
1602 4205 1794 4259 infan-

119 4296 290 4351 tium
324 4292 463 4346 facit
492 4290 745 4346 disertae
794 4291 942 4362 (Sap.
976 4309 1033 4359 x,
1076 4291 1189 4361 21),
1226 4292 1496 4347 accedere
1522 4309 1794 4364 procura-

120 4385 360 4440 vimus.

202 4496 237 4523 ‹‹
283 4470 383 4524 llis
414 4485 550 4526 vero
582 4468 948 4540 compositis,
982 4468 1042 4521 in
1076 4469 1253 4539 priori
1278 4468 1511 4540 quidem
1538 4472 1798 4527 taberna-

1899 3388 2039 3442 bant
2069 3387 2364 3441 virtutem.
2405 3387 2486 3451 Et,
2512 3403 2821 3457 quousque
2842 3389 2912 3441 ad
2937 3392 3169 3458 tempus
3191 3388 3549 3460 corrigeren-

1899 3480 2014 3545 tur,
2040 3491 2225 3545 usque
2249 3477 2389 3529 dum
2414 3475 2732 3530 transirent
2752 3480 2940 3531 vetera
2966 3493 2978 3543 ;
3019 3475 3237 3530 umbrae
3270 3481 3326 3530 et
3346 3476 3545 3548 figura:

1902 3580 2028 3635 qua:
2062 3565 2333 3631 fuerunt;
2370 3568 2425 3618 et
2450 3564 2747 3619 venissent
2780 3581 2943 3619 nova.

1977 3670 2300 3725 «Christus
2333 3676 2528 3726 autem
2576 3671 2861 3727 assistens
2909 3672 3167 3743 pontifex
3216 3672 3550 3728 futurorum

1900 3760 2210 3827 bonorum,
2245 3776 2347 3832 per
2376 3760 2630 3832 amplius
2661 3766 2718 3816 et
2764 3761 3076 3833 perfectius
3105 3760 3547 3818 tabernaculum

1904 3866 2017 3904 non
2052 3851 2493 3918 manufactum;
2544 3850 2599 3905 id
2649 3856 2758 3917 est,
2812 3868 2925 3906 non
2971 3851 3149 3921 huius
3199 3850 3548 3922 creationis;

1904 3955 2092 4008 neque
2114 3956 2214 4009 per
2235 3940 2582 4010 sanguinem
2610 3939 2928 4009 hircorum,
2962 3945 3063 3995 aut
3083 3940 3422 4006 vitulorum,
3443 3941 3547 3995 sed

1904 4044 2005 4098 per
2032 4028 2331 4098 proprium
2356 4027 2703 4098 sanguinem
2729 4029 2990 4082 introivit
3018 4026 3198 4082 semel
3230 4027 3288 4081 in
3320 4030 3549 4093 sancta,

1904 4120 2119 4170 aeterna
2176 4116 2575 4186 redemptione
2630 4115 2883 4170 inventa.
2918 4137 2946 4164 ››
2994 4114 3283 4178 Christus.
3332 4105 3549 4186 inquit,

1906 4204 2208 4272 assistens,
2244 4203 2360 4257 sive
2392 4208 2457 4256 ut
2487 4202 2545 4256 in
2580 4202 2935 4273 quibusdam
2960 4202 3259 4257 codicibus
3280 4201 3549 4267 habetur,

1906 4292 2219 4346 adveniens
2248 4291 2453 4361 (1418),
2504 4290 2613 4345 hoc
2660 4296 2771 4357 est,
2811 4291 2881 4345 ad
2931 4290 3037 4345 hoc
3068 4290 3262 4361 ipsum
3292 4289 3554 4355 veniens,

1906 4397 2021 4435 non
2057 4380 2189 4434 aliis
2221 4380 2559 4435 succedens.
2614 4380 2737 4433 Non
2786 4379 2974 4451 primo
3021 4377 3275 4445 advenit,
3326 4383 3385 4433 et
3413 4383 3554 4434 tunc

1910 4470 2097 4523 factus
2122 4472 2229 4537 est,
2254 4469 2353 4522 sed
2378 4466 2554 4523 simul
2579 4467 2757 4523 venit.
2794 4468 2867 4521 Et
2894 4484 3007 4521 non
3049 4466 3213 4536 dixit,
3236 4465 3551 4522 adveniens

120 4562 274 4619 culo
321 4574 557 4628 semper
605 4557 929 4611 introibant
975 4558 1333 4628 sacerdotes,
1385 4559 1805 4615 sacrificiorum
1837 4568 1882 4631 D
1914 4557 2169 4629 pontifex
2191 4557 2536 4626 hostiarum,
2558 4558 2659 4612 sed
2683 4554 3197 4624 bonorum;veluti
3220 4571 3334 4610 non
3356 4553 3555 4611 valens

120 4650 340 4709 ofﬁcia
372 4650 875 4700 consummantes.
911 4668 933 4697 υ
971 4646 1075 4700 His
1100 4646 1180 4699 ita
1203 4647 1628 4717 prmordinatis,
1653 4648 1805 4704 sicut

118 4735 426 4811 superius
446 4733 749 4803 Apostolus
770 4734 1056 4800 narravit;
1078 4734 1134 4786 in
1161 4734 1335 4804 priori
1358 4735 1593 4805 quidem
1619 4737 1803 4792 taber-

119 4823 361 4885 naculo
393 4837 617 4894 semper
651 4823 953 4877 intrabant
983 4823 1335 4891 sacerdotes,
1369 4825 1553 4879 donec
1584 4826 1805 4883 veniret

120 4914 437 4975 Mediator
456 4911 578 4982 Dei,
600 4912 704 4982 qui
731 4911 906 4966 semel
934 4911 1176 4966 introiit.
1211 4913 1389 4967 Erant
1411 4915 1644 4984 quidem
1668 4914 1802 4985 ista,

121 5006 237 5062 sed
277 5018 397 5057 non
431 5001 740 5055 fruebatur
768 5000 852 5054 eis
894 5000 1184 5072 populus:
1238 5019 1350 5057 non
1386 5002 1541 5057 enim
1576 5003 1806 5059 videbat

123 5093 287 5149 illud
323 5090 484 5161 quod
543 5087 1016 5159 prazfigurahant.
1070 5090 1316 5145 Proinde
1366 5108 1480 5146 non
1532 5091 1649 5146 illis
1682 5109 1803 5147 ma-

123 5184 222 5255 gis
258 5183 432 5236 erant
463 5175 789 5233 constituta
830 5193 1006 5247 quam
1058 5178 1195 5247 illis,
1248 5180 1463 5249 quibus
1496 5180 1804 5251 propheta-

124 5273 380 5328 bantur.

202 5381 235 5410 ‹‹
276 5359 339 5413 In
365 5355 633 5414 secundo
657 5357 857 5407 autem
882 5355 1061 5410 semel
1084 5356 1141 5410 in
1167 5372 1320 5411 anno
1344 5356 1505 5411 solus
1524 5356 1802 5427 pontifex,

125 5467 255 5506 non
291 5448 421 5502 sine
453 5441 774 5515 sanguine,
809 5457 983 5511 quem
1014 5445 1183 5499 offert
1232 5461 1334 5515 pro
1386 5462 1492 5499 sua
1520 5448 1577 5498 et
1606 5443 1806 5514 p0puli

127 5536 499 5613 ignorantia.
540 5556 562 5581 ι
605 5528 857 5585 Intueris
880 5531 1002 5599 jam
1036 5534 1254 5587 formas
1284 5537 1419 5587 ante
1450 5532 1804 5604 praemissas,

201 5644 396 5727 (1418)
427 5638 537 5697 Vel
567 5635 755 5695 etiam
786 5637 851 5689 ut
888 5635 947 5690 in
988 5637 1140 5710 aliis,
1172 5638 1449 5697 accedens.

470 5773 750 5833 Paeon.
799 5760 1113 5831 CXXXIV.

1918 4663 2186 4702 sermone
2214 4647 2553 4702 universum
2584 4646 2926 4718 exprimere.
2952 4644 3417 4701 Tabernaculum
3440 4660 3555 4700 non

1913 4736 2336 4803 manufactum,
2371 4737 2559 4807 ipsam
2592 4753 2825 4791 carnem
2859 4734 3153 4806 pontificis
3178 4733 3363 4789 nostri
3393 4733 3555 4803 dicit,

1914 4829 1970 4880 et
1989 4841 2119 4879 vere
2142 4841 2255 4879 non
2280 4824 2458 4894 hujus
2479 4824 2810 4895 creationis,
2835 4824 2975 4895 quia
2994 4829 3113 4879 tota
3138 4822 3393 4878 Trinitas
3415 4839 3555 4894 ope-

1913 4918 2040 4968 rata
2072 4919 2160 4968 est
2192 4915 2247 4967 in
2272 4930 2357 4968 ea.
2384 4913 2581 4984 Neque
2605 4932 2671 4969 ex
2692 4914 2785 4969 bis
2816 4913 3101 4969 creaturis
3122 4917 3230 4981 est,
3260 4914 3360 4969 sed
3383 4912 3555 4984 spiri-

1912 5001 2047 5056 talis
2087 5020 2156 5056 ex
2186 5002 2403 5073 Spiritu
2439 5007 2659 5056 sancto.
2700 5009 2781 5056 Ac
2814 5020 2915 5073 per
2936 5002 3044 5057 hoc
3076 5007 3181 5067 est,
3217 5002 3471 5073 amplius
3502 5006 3562 5057 et

1914 5090 2249 5161 perfectius,
2280 5089 2419 5158 quia
2443 5094 2651 5143 cuncta
2672 5090 2861 5144 sancti
2883 5090 3136 5161 Spiritus
3165 5089 3421 5161 operatio
3453 5089 3556 5144 ha—

1913 5180 2060 5234 bitat
2098 5178 2157 5231 in
2197 5193 2284 5245 ea,
2325 5176 2464 5243 quia
2505 5177 2562 5228 in
2603 5175 2731 5245 ipso
2782 5177 3007 5232 habitat
3035 5178 3227 5233 omnis
3258 5176 3558 5249 plenitudo

1914 5264 2260 5320 divinitatis.
2284 5261 2673 5332 Corporaliter
2698 5286 2723 5311 «
2751 5281 2853 5334 per
2880 5265 3564 5338 proprium,inquit,san-

1914 5353 2150 5425 guinem
2170 5349 2620 5404 introivitsemel
2633 5349 2692 5403 in
2709 5356 3151 5421 sancta,a3terna
3163 5355 3563 5426 redemptione

1914 5442 2168 5495 inventa.
2200 5460 2228 5485 »
2253 5437 2493 5498 Quando
2515 5436 2672 5504 dicit,
2703 5460 2723 5488 α
2756 5440 3058 5506 inventa,»
3085 5443 3342 5497 ostendit
3360 5458 3561 5497 eorum

1916 5543 2066 5595 esse,
2092 5525 2191 5598 qui
2207 5541 2317 5579 non
2334 5524 2802 5583 inveniebantur.
2816 5527 2931 5584 Alii
2944 5528 3278 5589 sacerdotes
3290 5532 3559 5604 frequen-

3172 5768 3249 5835 25
