3966 6210
427 381 540 438 779

1451 375 1708 435 ATTON
1719 375 1786 434 IS
1831 373 2417 435 VERCELLENSIS
2462 371 2809 432 EPISCOPI

3712 375 3836 436 780

426 516 512 564 ter
545 510 813 564 intrando
847 525 958 562 non
1009 508 1392 572 invenerunt;
1449 506 1556 561 iste
1609 523 1710 577 per
1761 523 1942 560 unum
1979 506 2065 558 in-
2100 507 2152 569 Α
2185 504 2326 573 lege,
2352 520 2528 557 unam
2553 503 2766 558 Christi
2793 507 3060 568 mortem,
3085 520 3215 574 quae
3250 519 3352 574 pro
3376 503 3546 560 nobis
3572 508 3835 576 gratuita

430 615 698 670 gressum
730 603 1002 652 aeternam
1037 596 1500 666 redemptionem
1525 595 1763 648 invenit.

507 708 534 740 α
565 689 772 742 Sancta
804 708 832 734 »
866 686 971 739 hoc
1001 684 1058 737 in
1108 683 1252 751 loco,
1306 684 1514 737 cmlum
1566 683 1838 754 appellat,
1871 683 1929 736 in
1963 698 2075 752 quo

431 775 708 830 introivit.
726 779 955 828 Intuere
969 773 1262 843 quomodo
1279 771 1714 826 tabernaculum
1727 771 2074 836 ,etvelamen

430 869 489 918 et
510 864 719 919 cmlum
742 861 885 916 illud
910 861 1276 915 Dominicum
1303 875 1512 932 corpus
1534 865 1714 914 vocat.
1742 863 1928 924 Quare
1942 876 2076 929 ergo

432 952 731 1007 hocf'acit?
745 951 1073 1005 Secundum
1092 949 1288 1014 aliam,
1305 955 1360 1003 et
1375 948 1546 1003 aliam
1565 949 2074 1018 significationem.

433 1040 507 1095 Ut
530 1047 669 1112 puta
691 1038 887 1102 veluti,
915 1039 1068 1108 quod
1097 1038 1223 1091 dico
1246 1037 1528 1106 velamen,
1553 1036 1760 1090 ccelum
1785 1042 1892 1090 est.
1918 1036 2080 1090 Sicut

432 1130 588 1183 enim
624 1143 788 1182 muro
817 1127 1071 1196 quodam
1106 1125 1386 1180 discernit
1432 1130 1634 1180 sancta
1665 1142 1764 1196 per
1792 1124 2076 1188 velamen,

432 1217 515 1272 sic
546 1222 601 1271 et
631 1232 761 1270 caro
793 1216 1157 1270 abscondens
1188 1214 1576 1269 divinitatem.
1612 1212 2077 1268 Tabernaculum

432 1305 666 1378 quippe,
701 1310 758 1359 et
786 1304 1048 1359 velamen
1082 1309 1138 1357 et
1165 1303 1399 1373 omium,
1433 1302 1718 1373 quidquid
1753 1303 1913 1356 intus
1946 1301 2078 1355 reti-

432 1397 592 1458 nent,
626 1393 768 1446 foris
800 1409 910 1446 non
946 1397 1204 1463 apparet,
1243 1392 1321 1444 ita
1350 1409 1480 1445 caro
1512 1391 1899 1457 abscondens,
1929 1389 2082 1444 sicut

431 1481 708 1549 diximus,
741 1481 1128 1536 divinitatem.

505 1594 531 1619 ‹‹
557 1569 614 1624 Si
638 1569 794 1623 enim
819 1569 1062 1640 sanguis
1087 1569 1401 1634 hircorum,
1427 1573 1482 1622 et
1507 1573 1830 1630 taurorum,
1860 1571 1914 1619 et
1937 1565 2084 1620 cinis

433 1659 627 1713 vitula:
660 1675 936 1730 aspersus
969 1657 1304 1728 inquinatos
1347 1657 1674 1711 sanctificat
1695 1657 1764 1710 ad
1798 1656 2083 1709 emunda-

439 1749 654 1803 tionem
674 1747 888 1810 carnis,
905 1751 1121 1816 quanto
1142 1745 1328 1816 magis
1351 1744 1592 1814 sanguis
1610 1743 1842 1808 Christi,
1865 1743 1962 1814 qui
1988 1760 2087 1812 per

2184 594 2396 664 pietate
2429 598 2660 663 peracta
2691 598 2798 659 est,
2853 592 3286 664 significabant,
3339 597 3404 648 ut
3458 592 3615 649 illius
3650 601 3838 652 morte

2184 681 2575 736 intercedente
2599 681 2974 736 abluerentur
2994 681 3181 752 culpa:
3214 682 3712 738 conscientiarum
3737 702 3835 740 no-

2185 777 2462 838 strarum,
2487 788 2612 841 qure
2637 787 2738 840 per
2753 771 3098 840 sanguinem
3118 771 3608 826 irrationabilium
3631 789 3840 828 emun-

2185 860 2310 914 dari
2344 877 2456 913 non
2519 864 2807 930 poterant.
2867 859 3082 914 Idcirco
3144 859 3428 914 Dominus
3487 866 3543 916 et
3572 859 3841 917 Salvator

2188 954 2388 1002 noster
2418 948 2547 1002 novi
2575 949 2906 1003 testamenti
2943 948 3230 1002 mediator
3281 949 3471 1004 factus
3502 955 3612 1016 est,
3648 956 3714 1004 ut
3745 967 3842 1022 per

2189 1037 2507 1091 indebitam
2542 1055 2709 1092 suam
2748 1042 2994 1091 mortem
3047 1038 3267 1092 umbra
3320 1037 3536 1110 pariter
3586 1038 3756 1110 legis,
3787 1045 3840 1096 et

2190 1125 2372 1196 culpa:
2431 1125 2738 1180 hominum
2803 1125 3132 1179 finirentur.
3198 1149 3224 1174 ‹‹
3260 1127 3320 1180 In
3378 1127 3838 1198 redemptionem

2189 1215 2526 1269 earumdem
2556 1214 3118 1286 praevaricationum,
3155 1231 3282 1285 quae
3315 1221 3482 1270 erant
3515 1216 3630 1271 sub
3662 1218 3835 1288 priori

2191 1307 2564 1369 testamento,
2601 1324 2629 1351 »
2663 1304 2717 1356 id
2749 1308 2859 1369 est,
2889 1319 2989 1373 per
3019 1303 3268 1374 gratiam
3301 1303 3519 1358 Christi
3550 1305 3836 1376 accipiant

2193 1391 2598 1445 remissionem
2632 1395 3023 1462 peccatorum,
3059 1408 3232 1462 quam
3275 1392 3487 1448 habere
3519 1393 3634 1448 sub
3665 1393 3831 1466 priori

2192 1481 2842 1550 testamento,jubente.
2866 1485 2921 1534 et
2943 1496 3056 1535 non
3081 1481 3393 1550 adjuvante
3411 1481 3706 1553 percipere
3725 1499 3831 1538 non

2194 1573 2530 1639 potuerunt,
2588 1573 2644 1622 et
2698 1568 3213 1639 repromissionem
3267 1569 3560 1641 accipiant
3616 1575 3828 1626 internae

2195 1657 2375 1725 (1419)
2410 1656 2783 1723 hrcreditatis,
2832 1657 2886 1710 id
2947 1662 3054 1724 est,
3116 1657 3437 1729 percipiant
3495 1657 3557 1712 in
3591 1658 3828 1715 Ecclesia

2197 1763 2296 1815 per
2324 1745 2622 1801 Christum
2656 1747 2810 1816 quod
2861 1744 2950 1800 lex
2999 1747 3272 1812 ostendit,
3321 1748 3422 1801 sed
3456 1748 3826 1804 sectatoribus

437 1837 1003 1909 Spiritumsanctum
1019 1833 1401 1904 semetipsum
1417 1831 2084 1887 obtulitimmaculatum
2119 1876 2165 1940 B
2197 1833 2321 1888 suis
2337 1835 2492 1888 ‘dare
2525 1851 2639 1889 non
2671 1834 2876 1905 potuit.

440 1926 576 1996 Deo,
609 1923 949 1979 emundabit
980 1923 1394 1977 conscientiam
1430 1925 1687 1975 nostram
1714 1921 1785 1974 ab
1809 1919 2081 1991 operibus

439 2015 706 2079 mortuis,
733 2014 803 2067 ad
828 2011 1196 2068 serviendum
1223 2011 1334 2065 Deo
1362 2010 1670 2065 viventi?»
1696 2009 1754 2063 Si
1779 2009 1933 2063 enim
1959 2026 2082 2062 car-

438 2120 591 2169 nem,
645 2103 857 2173 inquit,
907 2105 1093 2171 potest
1143 2100 1440 2154 mundare‘
1473 2098 1714 2170 sanguis
1755 2103 2080 2165 taurorum,

439 2193 624 2247 multo
646 2191 899 2262 amplius
921 2190 1128 2244 animae
1152 2189 1381 2244 sordem
1399 2187 1570 2241 diluit
1588 2185 1828 2257 sanguis
1845 2186 2080 2242 Christi.

439 2281 542 2335 Hie
575 2279 830 2336 ostendit
863 2279 1166 2347 utriusque
1217 2276 1618 2329 mundationis
1671 2274 2080 2342 differentiam,

442 2369 734 2440 quomodo
757 2373 950 2421 autem
975 2366 1088 2419 ista
1106 2363 1331 2419 cxclesa
1358 2365 1454 2428 sit,
1479 2363 1577 2417 illa
1599 2368 1792 2417 autem
1817 2363 2078 2417 humilis.

442 2457 646 2512 Merito
677 2454 992 2524 siquidem,
1025 2453 1164 2524 quia
1195 2452 1294 2507 illa
1325 2452 1646 2520 mundatio,
1683 2451 1923 2521 sanguis
1953 2456 2081 2505 tau-

443 2560 640 2599 rorum
668 2561 680 2610 ;
707 2543 819 2596 ista
840 2546 1036 2596 autem
1059 2540 1292 2596 Christi.
1319 2541 1386 2593 Et
1407 2557 1518 2593 non
1538 2539 1587 2593 ei
1612 2539 1826 2593 sufficit
1848 2539 2082 2593 nomine

440 2636 671 2688 tantum
695 2630 801 2684 hoc
824 2629 1055 2700 signare
1072 2645 1084 2681 :
1103 2629 1263 2698 ponit
1279 2627 1451 2682 etiam
1471 2627 1642 2680 modo
1661 2626 2077 2681 differentiam:

441 2742 469 2769 ‹‹
513 2720 610 2790 qui
642 2734 743 2789 per
772 2717 1074 2788 Spiritum,
1112 2739 1138 2763 »
1188 2714 1398 2785 inquit,
1438 2734 1458 2761 ι
1493 2719 1784 2779 sanctum,
1819 2716 2078 2784 seipsum

439 2808 651 2865 obtulit
681 2805 1125 2860 immaculatum
1158 2804 1309 2870 Deo;
1346 2824 1371 2850 ››
1408 2803 1514 2857 hoc
1563 2810 1672 2869 est,
1703 2803 2079 2869 sacrificium,

438 2895 882 2951 immaculatum
915 2899 1059 2962 erat,
1092 2893 1383 2946 mundum
1417 2909 1448 2946 a
1479 2893 1760 2962 peccatis;
1796 2891 1902 2946 hoc
1922 2893 2078 2947 enim

437 3001 540 3056 per
570 2983 851 3056 Spiritum
883 2986 1173 3048 sanctum,
1209 2997 1322 3035 non
1371 2997 1473 3051 per
1511 2980 1726 3051 ignem,
1760 2997 1948 3052 neque
1980 2998 2081 3052 per

437 3073 600 3129 vituli
633 3071 997 3143 sanguinem.
1037 3094 1058 3118 α
1094 3071 1163 3124 Et
1193 3069 1520 3135 mundabit,
1557 3091 1582 3117 »
1630 3068 1848 3139 inquit,
1884 3093 1903 3116 «ι
1941 3086 2077 3124 con-

435 3161 740 3219 scientiam
763 3165 1022 3216 nostram
1045 3159 1118 3214 ab
1131 3157 1403 3229 operibus
1419 3157 1685 3212 mortuis.
1703 3180 1730 3207 ››
1747 3158 2077 3226 Benedixit,

2269 1946 2295 1971 ‹‹
2332 1923 2435 1977 Ubi
2480 1925 2633 1978 enim
2685 1927 3103 1978 testamentum
3158 1929 3266 1990 est,
3302 1941 3461 1982 mors
3492 1943 3721 1982 necesse
3747 1930 3828 1982 est

2196 2013 2512 2066 intercedat
2533 2012 2847 2067 testatoris.
2872 2013 3312 2068 Testamentum
3335 2015 3491 2070 enim
3512 2015 3569 2069 in
3588 2017 3825 2071 mortuis

2195 2101 2602 2154 confirmatum
2635 2104 2744 2165 est,
2777 2100 2995 2171 alioqui
3030 2102 3294 2156 nondum
3325 2101 3488 2170 valet,
3517 2104 3653 2158 dum
3687 2103 3824 2157 vivit

2193 2189 2294 2258 qui
2324 2192 2589 2244 testatur.
2627 2211 2654 2236 ››
2708 2189 2995 2245 Fortassis
3041 2189 3198 2246 enim
3241 2197 3476 2262 possent
3505 2191 3693 2263 multi,
3725 2192 3819 2264 qui

2195 2276 2486 2331 infirmius
2517 2276 2938 2345 efficiebantur,
2995 2295 3063 2332 ex
3116 2295 3206 2347 eo,
3263 2279 3415 2349 quod
3449 2283 3711 2335 mortuus
3740 2285 3822 2335 est

2192 2365 2479 2432 Christus,
2505 2367 2754 2420 maxime
2780 2383 2891 2420 non
2916 2367 3149 2422 credere
3169 2368 3661 2439 promissionibus
3680 2370 3725 2440 ej
3737 2386 3815 2426 us.

2193 2453 2308 2508 Hoc
2345 2453 2659 2524 Apostolus
2681 2455 2936 2525 exponit,
2960 2455 3225 2527 exempla
3259 2472 3328 2511 ex
3352 2459 3650 2513 communi
3673 2475 3819 2513 assu-

2193 2558 2358 2598 mens
2379 2543 2819 2598 consuetudine.
2845 2544 3024 2609 Quale
3047 2551 3242 2600 autem
3265 2545 3374 2601 hoc
3395 2547 3521 2602 est?
3539 2549 3818 2619 Propterea

2192 2630 2371 2701 igitur
2393 2635 2635 2700 oportet,
2654 2630 2868 2703 inquit,
2887 2633 3197 2699 confidere,
3219 2635 3358 2704 quia
3376 2652 3492 2690 non
3513 2636 3817 2692 viventibus

2190 2718 2586 2788 testatoribus,
2621 2721 2721 2773 sed
2757 2721 3024 2785 mortuis,
3058 2725 3198 2776 tunc
3229 2723 3460 2778 firmata
3490 2731 3633 2780 sunt
3660 2729 3819 2780 testa-

2192 2812 2388 2862 menta
2405 2813 2460 2862 et
2483 2807 2881 2864 fortitudinem
2906 2810 3218 2881 accipiunt.
3237 2812 3681 2868 Testamentum
3695 2818 3817 2868 tunc

2190 2898 2426 2950 firmum
2454 2896 2562 2951 erit
2585 2902 2893 2969 postquam
2917 2897 3092 2954 homo
3131 2899 3201 2954 de
3232 2899 3340 2955 hoc
3367 2903 3587 2958 saeculo
3632 2903 3821 2974 migra-

2187 2986 2370 3052 verit;
2403 2985 2598 3040 vivens
2629 3003 2782 3057 vero,
2837 2987 3066 3058 quoties
3117 2987 3387 3057 voluerit,
3449 2993 3718 3048 mutabit.
3747 2993 3820 3048 Ita

2190 3090 2347 3128 mors
2369 3073 2583 3128 Christi
2607 3092 2822 3131 novum
2843 3080 3258 3132 testamentum
3288 3079 3673 3138 confirmavit.
3702 3086 3816 3136 Pro-

2189 3167 2384 3232 pterea
2416 3179 2517 3233 pro
2548 3164 2716 3218 nobis
2739 3163 2797 3217 in
2820 3163 3046 3219 Christo
3067 3182 3278 3221 novum
3303 3172 3717 3226 testamentum
3738 3171 3815 3224 fir-

436 3253 507 3308 ab
546 3251 820 3324 operibus
869 3249 1134 3304 mortuis.
1187 3247 1312 3313 Hic,
1365 3247 1412 3302 si
1464 3248 1597 3318 quis
1649 3247 1902 3318 tetigerit
1931 3263 2077 3318 opus
2109 3242 2152 3309 C
2191 3256 2413 3306 matum
2447 3267 2574 3307 esse
2605 3252 2830 3321 asserit,
2865 3253 3035 3323 cujus
3083 3254 3407 3312 similitudo
3462 3264 3627 3315 vetus
3655 3263 3812 3314 testa-

435 3346 757 3405 mortuum,
781 3337 1217 3394 contaminatur
1241 3354 1252 3403 ;
1278 3337 1381 3403 ibi,
1407 3337 1453 3392 si
1479 3337 1613 3407 quis
1638 3337 2077 3408 tangebatmor-

431 3438 623 3498 tuum,
645 3429 1032 3501 polluebatur,
1063 3449 1083 3477 ι
1107 3427 1192 3480 Ad
1217 3425 1605 3491 serviendum,
1634 3448 1659 3473 ››
1681 3423 1889 3496 inquit,
1922 3426 2073 3481 «Deo

430 3517 724 3575 viventi.»
774 3518 1068 3572 Viventem
1121 3514 1338 3585 quippe
1385 3513 1543 3582 dicit,
1602 3518 1833 3584 propter
1863 3513 2074 3568 distin-

432 3609 684 3664 ctionem
715 3608 957 3661 deorum
1001 3610 1389 3658 mortuorum.
1427 3602 1531 3655 llic
1553 3601 1906 3668 manifestat,
1939 3602 2076 3673 quia

432 3713 609 3768 opera
629 3700 858 3749 mortua
883 3693 1162 3747 habentes
1184 3709 1297 3746 non
1321 3697 1568 3762 possunt
1590 3691 1805 3745 servire
1823 3695 1934 3746 Deo
1947 3692 2075 3746 vivo

435 3791 494 3841 et
514 3801 668 3840 vero.
694 3782 902 3837 Nullus
925 3781 1100 3850 igitur
1119 3797 1292 3851 opera
1313 3784 1546 3834 mortua
1585 3779 1826 3845 habens,
1851 3779 2075 3850 ingredi

433 3877 625 3946 potest
642 3873 713 3927 ad
729 3873 976 3926 Patrem.
998 3870 1056 3924 Si
1074 3869 1230 3924 enim
1249 3884 1404 3935 eum,
1424 3867 1524 3938 qui
1544 3884 1754 3939 corpus
1773 3873 2074 3924 mortuum

431 3963 730 4035 tangebat,
755 3977 870 4015 non
895 3958 1196 4031 oportebat
1214 3957 1431 4011 intrare
1450 3955 1833 4027 intemplum,
1856 3963 2074 4028 quanto

429 4052 619 4122 magis
637 4067 792 4113 eum,
809 4049 908 4120 qui
931 4065 1100 4119 opera
1123 4050 1346 4102 mortua
1368 4045 1580 4100 habet?
1598 4044 1842 4100 Pollutio
1861 4045 2076 4116 quippe

428 4146 516 4198 est
546 4141 822 4212 pessima.
858 4139 1086 4193 Mortua
1115 4136 1328 4208 quippe
1359 4152 1532 4207 opera
1577 4139 1714 4188 sunt
1745 4151 1872 4205 quae
1895 4134 2071 4188 vitam

427 4247 540 4284 non
565 4229 935 4300 habent,quze
952 4226 1089 4281 foris
1103 4243 1216 4281 non
1231 4222 1901 4295 operantur.Sicutenim
1923 4239 2072 4276 mor-

423 4323 595 4375 tuum
617 4335 827 4390 corpus
858 4317 930 4372 ad
963 4315 1191 4370 nullum
1223 4329 1462 4369 sensum
1485 4310 1747 4370 estutile.
1781 4327 1980 4366 verum
2014 4327 2071 4364 e-

421 4409 564 4464 tiam
579 4401 1544 4477 contristatapprOpinquantes;sic
1557 4404 1614 4454 et
1627 4404 1928 4470 peccatum
1943 4415 2074 4453 con-

421 4499 550 4554 festi
563 4516 616 4553 m
633 4496 910 4553 rationale
925 4499 1189 4548 nostrum
1208 4490 1538 4561 percutit,et
1553 4504 1664 4542 non
1680 4487 1964 4558 permittit
1978 4503 2070 4542 ne-

2187 3345 2450 3394 mentum
2481 3345 2624 3406 erat,
2660 3340 2719 3394 in
2749 3357 2864 3411 quo
2895 3357 3053 3396 mors
3100 3343 3395 3400 testatoris
3437 3362 3546 3418 per
3571 3347 3810 3402 victimas

2187 3429 2688 3499 praafigurabatur.
2723 3429 2781 3484 Si
2813 3444 2949 3502 ergo
2981 3435 3276 3501 quaeratur
3321 3436 3617 3504 quomodo
3645 3436 3811 3490 simus

2187 3517 2509 3571 secundum
2522 3518 2696 3571 verba
2707 3517 2966 3586 ejusdem
2982 3519 3240 3588 Apostoli
3254 3521 3586 3580 coheredes
3599 3523 3809 3589 Christi,

2187 3609 2244 3659 et
2267 3604 2368 3658 filii
2393 3610 2569 3677 atque
2591 3605 2849 3660 heredes
2872 3606 2969 3661 Dei
2996 3608 3172 3677 (Rom.
3196 3626 3317 3680 VIII,
3351 3611 3467 3679 17),
3494 3629 3623 3668 cum
3659 3611 3812 3668 etiam

2188 3693 2494 3748 hazreditas
2518 3699 2701 3749 morte
2723 3695 3044 3750 decessoris
3067 3697 3238 3752 firma
3259 3702 3552 3769 teneatur,
3599 3718 3695 3756 nec
3711 3699 3811 3754 ullo

2187 3781 2300 3837 alio
2316 3783 2487 3838 modo
2503 3782 2807 3838 haereditas
2823 3784 3007 3855 possit
3020 3783 3288 3859 intelligi,
3308 3789 3810 3860 respondeturipso

2187 3870 2424 3940 quidem
2449 3876 2680 3926 mortuo
2717 3872 2897 3928 factos
2933 3889 3038 3928 nos
3073 3891 3201 3930 esse
3240 3876 3527 3943 heredes,
3557 3877 3810 3951 quoniam

2186 3957 2288 4012 filii
2308 3960 2433 4028 ejus
2458 3959 2650 4029 etjam
2674 3959 3062 4017 dictisumus:
3085 3965 3555 4035 «nonjejunant,
3578 3990 3603 4016 »
3621 3965 3807 4038 inquit,

2187 4069 2212 4095 ‹‹
2236 4046 2338 4100 filii
2358 4048 3240 4118 sponsi,quandiucumillisest
3270 4070 3532 4124 sponsus
3569 4056 3806 4124 (Marem,

2187 4135 2294 4203 19).
2323 4156 2350 4184 n
2369 4137 2633 4190 Harredes
2651 4153 2786 4208 ergo
2799 4138 3210 4209 ejusdicimur,
3238 4142 3378 4213 quia
3404 4144 3638 4215 reliquit
3659 4140 3802 4197 nobis

2185 4223 2345 4293 pacis
2367 4223 2770 4279 ecclesiasticae
2793 4227 3246 4300 possessionem,
3272 4247 3374 4301 per
3397 4231 3572 4288 fidem
3599 4231 3802 4302 dispen-

2184 4311 2428 4367 sationis
2458 4313 2810 4382 temporalis,
2845 4331 3020 4386 quam
3053 4316 3112 4371 in
3144 4317 3252 4373 hac
3281 4318 3400 4374 vita
3435 4320 3796 4391 possidemus,

2184 4401 2475 4470 quomodo
2509 4405 2753 4456 testatus
2801 4407 2888 4457 est
2932 4403 3167 4460 dicens:
3219 4428 3247 4455 ‹‹
3282 4406 3487 4465 Pacem
3539 4409 3608 4463 do
3636 4404 3794 4471 vobis,

2181 4505 2379 4559 pacem
2416 4505 2604 4544 meam
2652 4489 2914 4562 relinquo
2944 4493 3106 4548 vobis
3152 4495 3332 4565 (Joan.
3385 4513 3503 4565 xxv,
3552 4497 3711 4566 27).»
3742 4493 3792 4546 ln

421 4576 2067 4676 queintelligentiamipsamquiescere,sedperturhat,et
2099 4612 2145 4676 Β
2180 4578 2495 4632 offensione
2527 4577 2742 4649 quippe
2783 4596 3050 4649 eramus;
3109 4583 3260 4638 mori
3319 4601 3429 4640 nos
3485 4583 3789 4658 oportebat;

419 4679 762 4738 commovet,
782 4677 839 4726 et
856 4669 1130 4724 continuo
1149 4667 1206 4720 in
1243 4665 1501 4720 animam
1530 4662 1733 4717 insilit.
1757 4663 1879 4717 Non
1904 4665 2063 4720 vides

417 4781 536 4831 eos,
554 4763 653 4834 qui
671 4762 872 4814 morbo
886 4757 1240 4817 afficiuntur,
1257 4753 1548 4824 quomodo
1563 4756 1790 4807 tumore
1806 4754 2060 4823 quodam

416 4853 796 4918 occupantur,
830 4845 1122 4915 quomodo
1153 4846 1381 4897 vertunt
1431 4858 1492 4895 se
1535 4846 1710 4912 atque
1742 4848 2056 4912 revertunt,

415 4937 709 5008 quomodo
726 4934 1026 4988 factoribus
1040 4937 1178 4988 sunt
1191 4931 1387 5004 repleti
1405 4932 1694 5001 quomodo
1710 4937 1906 5002 turpes
1922 4937 2061 5009 sunt

413 5041 612 5080 eorum
646 5023 840 5088 facies,
874 5024 1164 5094 quomodo
1196 5039 1294 5094 per
1327 5025 1513 5076 totum
1547 5019 1837 5074 immundi
1872 5021 2057 5075 sunt?

411 5114 580 5170 Tales
594 5114 804 5185 quippe
821 5113 1148 5167 suntetiam
1165 5116 1489 5184 peccantes,
1506 5110 1613 5164 etsi
1633 5126 1745 5163 non
1764 5107 2050 5164 videntur.

487 5225 512 5255 α
535 5204 750 5258 Etideo
784 5202 912 5257 novi
940 5201 1266 5257 testamenti
1313 5199 1593 5254 Mediator
1631 5201 1737 5261 est,
1783 5201 1847 5248 ut
1870 5201 2052 5251 morte

404 5293 812 5360 intercedente,
839 5293 892 5346 in
923 5291 1383 5362 redemptionem
1416 5285 1755 5340 earumdem
1781 5285 2052 5353 praevari-

405 5378 719 5443 cationum,
745 5396 869 5450 quae
892 5384 1058 5433 erant
1098 5378 1207 5432 sub
1252 5372 1428 5446 priori
1471 5375 1815 5426 testamento
1847 5387 2049 5442 repro-

403 5466 741 5522 missionem
773 5467 1082 5537 accipiant,
1110 5465 1209 5534 qui
1234 5460 1416 5516 vocati
1443 5465 1582 5514 sunt
1619 5464 1844 5513 aeternae
1868 5458 2045 5515 haere-

401 5555 663 5611 ditatis.»
688 5557 933 5611 Diversae
956 5553 1111 5607 enim
1135 5550 1403 5614 victimae,
1420 5565 1546 5619 quo:
1559 5546 2046 5602 occidebanturin

2177 4671 2442 4721 mortuus
2456 4671 2544 4721 est
2560 4683 2660 4737 pro
2676 4667 2865 4736 nobis,
2879 4673 2936 4724 et
2949 4670 3080 4725 fecit
3095 4688 3200 4727 nos
3218 4673 3429 4745 dignos
3442 4674 3787 4731 testamento;

2175 4756 2273 4810 sed
2299 4754 2680 4827 quiaindigni
2705 4755 2839 4811 facti
2873 4775 3100 4824 sumus,
3147 4777 3261 4815 non
3303 4763 3429 4832 jam
3473 4760 3785 4818 testamento

2171 4860 2319 4914 opus
2341 4847 2482 4907 erat,
2511 4844 2609 4898 sed
2645 4861 2834 4915 pmna.
2880 4846 3026 4909 Quid
3053 4847 3230 4916 igitur
3271 4849 3542 4920 gloriaris
3563 4850 3617 4903 in
3642 4840 3786 4916 lege?

2171 4933 2344 5001 (Rom.
2369 4949 2432 4997 11,
2454 4933 2568 5002 2.3.)
2597 4932 2657 4986 In
2681 4938 2907 4987 tantum
2937 4941 3240 5005 peccatum
3283 4938 3499 5009 quippe
3535 4953 3636 4992 nos
3663 4947 3780 4988 con—

2168 5019 2374 5086 siituit,
2403 5024 2466 5074 ut
2488 5019 2697 5075 salvari
2721 5038 2834 5076 non
2857 5038 3165 5092 possemus
3186 5024 3466 5098 alioquin,
3493 5025 3601 5081 nisi
3622 5016 3782 5078 Domi-

2167 5126 2278 5163 nus
2313 5126 2412 5181 pro
2454 5109 2622 5163 nobis
2680 5115 3023 5166 moreretur.
3083 5113 3424 5171 Cohaaredes
3455 5120 3646 5170 autem
3671 5109 3776 5177 ejus

2164 5198 2472 5261 efﬁcimur,
2497 5215 2628 5252 cum
2654 5197 2711 5252 in
2750 5199 2864 5254 fine
2902 5201 3097 5255 saeculi
3139 5194 3775 5259 absorbebiturmorsin

2160 5285 2404 5340 victoria
2435 5287 2479 5356 (Ι
2512 5287 2614 5340 Cor
2643 5303 2736 5352 xv,
2767 5287 2879 5357 54).
2914 5310 2940 5336 ‹‹
2977 5289 3141 5344 Tunc
3172 5291 3327 5346 enim
3361 5291 3580 5345 similes
3609 5287 3653 5341 ei
3682 5280 3771 5338 eri-

2163 5390 2319 5434 mus.
2369 5374 2646 5443 quoniam
2696 5373 3029 5430 videbimus
3087 5395 3222 5434 eum
3255 5379 3424 5434 sicuti
3459 5383 3548 5433 est
3575 5377 3619 5445 (I
3641 5373 3771 5428 Joan.

2159 5465 2331 5528 111,2).
2352 5463 2575 5526 nQuam
2598 5461 2992 5518 hereditatem
3018 5481 3131 5520 non
3150 5468 3279 5538 ejus
3293 5465 3473 5540 patris
3485 5467 3659 5520 morte
3671 5454 3772 5512 adi-

2157 5548 2461 5618 piscimur,
2477 5550 2574 5622 qui
2593 5549 2740 5606 mori
2756 5565 2871 5606 non
2887 5556 3104 5623 potest;
3120 5557 3396 5626 quoniam
3425 5553 3652 5628 quidem
3665 5547 3772 5619 ἱρεθ

472 5663 652 5742 (1419)
681 5663 837 5719 Inter
877 5666 1101 5716 wternae
1147 5661 1204 5714 et
1253 5652 1586 5711 hereditatis
1633 5650 1849 5723 legitur
1887 5652 2044 5711 lectio
2083 5667 2251 5712 nona.
