3966 6210
180 392 315 463 ’185

749 390 1161 451 EXPOSITIO
1208 391 1284 451 IN
1330 390 1759 453 EPISTOLAS
1807 392 2063 454 PAULI.
2100 426 2173 437 -
2222 396 2294 454 IN
2343 396 2589 456 EPIST.
2636 396 2737 455 AD
2783 394 3014 455 HEBR.

3499 394 3615 454 786

184 528 384 593 Quare
415 521 839 588 multorum,et
863 538 973 576 non
1008 521 1271 576 omnium
1299 522 1325 577 ?
1349 522 1493 588 Quia
1518 539 1632 577 non
1656 539 1857 580 omnes
1887 523 1942 590 Α
1971 525 2182 592 otl‘erri,
2216 531 2446 598 propter
2473 526 2892 593 inﬁrmitatem,
2926 530 2981 581 et
3013 531 3073 581 ut
3105 526 3384 582 memoria
3419 542 3615 597 pecca-

183 613 596 670 crediderunt.
635 610 758 666 Non
792 614 985 664 autem
1018 610 1281 665 omnium
1310 616 1545 681 peccata
1590 612 1852 679 abstulit,

178 707 432 776 propter
462 702 621 772 quod
654 699 890 755 credere
919 698 1246 754 noluerunt.

258 814 290 841 ‹‹
322 789 593 847 Secundo
626 788 753 843 sine
784 793 1016 859 peccato
1044 789 1347 859 apparebit
1377 790 1850 860 exspectantibus

176 898 242 937 se
258 880 322 937 in
337 879 615 935 salutem.
634 900 663 927 ››
678 876 1247 942 Quia,sicutnecesse
1262 882 1350 931 est
1370 894 1849 950 unumquemque

179 975 464 1026 nostrum
492 971 625 1039 post
655 970 901 1021 mortem
935 966 1191 1037 recipere
1213 967 1382 1037 juxta
1414 984 1589 1038 opera
1621 985 1747 1033 sua,
1770 967 1849 1021 ita

166 1060 419 1131 justum
442 1061 557 1124 est,
585 1056 947 1120 utChristus,
977 1055 1201 1110 devicta
1231 1060 1414 1110 morte
1437 1062 1491 1111 et
1520 1058 1725 1129 adepto
1758 1074 1846 1112 re-

177 1164 329 1221 gno,
348 1146 607 1202 secundo
631 1144 1391 1215 appareatexspectantibus
1406 1146 1552 1212 se,in
1573 1145 1844 1213 salutem,

178 1238 425 1307 etjuste
445 1234 695 1289 vindicet
716 1250 875 1297 suos,
902 1233 1001 1304 qui
1022 1232 1239 1303 injuste
1259 1250 1469 1305 passus
1493 1241 1578 1287 est
1610 1235 1679 1289 ab
1705 1233 1843 1289 alic-

178 1326 313 1382 nis.
347 1322 554 1379 Melior
575 1327 659 1376 est
691 1322 810 1375 haec
842 1321 1123 1393 apparitio
1154 1324 1624 1393 exspectantibus
1666 1340 1748 1389 se,
1785 1322 1841 1377 in

179 1412 477 1477 salutem,
521 1428 694 1482 quam
738 1410 1068 1465 communis
1102 1411 1267 1477 visio,
1300 1412 1369 1465 de
1423 1429 1538 1483 qua
1590 1413 1838 1467 dicitur:

179 1525 210 1553 α
235 1502 482 1557 Videbit
504 1516 635 1556 eum
660 1499 853 1555 omnis
874 1498 1101 1570 oculus,
1120 1505 1175 1554 et
1198 1500 1296 1570 qui
1316 1516 1448 1554 eum
1470 1505 1844 1572 pupugerunt

174 1592 372 1663 (Apoc.
405 1607 445 1659 1,
472 1590 548 1660 7).
586 1611 614 1637 n
647 1588 808 1653 Quod
839 1604 973 1643 vero
1017 1588 1116 1658 ait,
1151 1590 1405 1645 secundo
1439 1590 1565 1644 sine
1606 1594 1840 1660 peccato

178 1677 817 1751 apparebit,quomodo
841 1677 1097 1732 secundo
1120 1676 1244 1731 sine
1260 1681 1491 1748 peccato
1504 1677 1530 1730 ?
1544 1678 1842 1748 Nunquid-

178 1783 327 1823 nam
356 1765 419 1820 in
453 1765 642 1838 primo
672 1765 827 1820 venit
859 1781 991 1819 cum
1026 1770 1279 1836 peccato,
1313 1766 1383 1819 de
1415 1782 1528 1837 quo
1558 1767 1836 1836 scriptum

180 1860 317 1912 est:
349 1855 457 1921 Qui
482 1859 786 1926 peccatum
806 1870 917 1908 non
944 1853 1209 1924 fecit,nec
1234 1853 1511 1910 inventus
1557 1860 1643 1911 est
1675 1856 1840 1911 dolus
1873 1890 1920 1956 Β

183 1945 247 1999 in
269 1961 368 1999 ore
389 1945 519 2014 ejus
540 1944 761 2015 ‘?(Psal.
782 1960 935 2009 χχχι,
966 1938 1041 2013 2).
1068 1944 1134 1997 Et
1164 1943 1287 2015 ipse
1318 1944 1387 1997 de
1430 1961 1489 1999 se
1519 1944 1697 1999 dicit:
1733 1946 1839 2001 Ve-

186 2033 276 2088 nit
299 2033 456 2088 enim
481 2031 755 2104 princeps
778 2032 955 2101 hujus
977 2032 1199 2098 mundi,
1226 2036 1281 2086 et
1303 2032 1359 2086 in
1391 2050 1482 2088 me
1514 2033 1653 2087 nihil
1692 2034 1843 2089 inve-

185 2122 308 2177 niet
358 2124 539 2193 (Jaan.
574 2138 691 2186 xxv,
722 2121 831 2193 30).
857 2121 974 2176 Hoc
996 2127 1083 2176 est
1103 2138 1261 2193 ergo,
1286 2123 1540 2177 secundo
1563 2140 1841 2195 apparere

183 2212 317 2268 sine
334 2212 741 2283 peccato,jam
785 2227 899 2265 non
932 2209 1110 2265 videri
1144 2211 1201 2264 in
1235 2211 1621 2267 similitudine
1648 2213 1840 2268 carnis

184 2300 437 2373 peccati,
468 2301 569 2356 sed
606 2317 709 2356 nec
741 2299 989 2355 aliorum
1013 2304 1247 2371 peccata
1269 2304 1597 2372 portantem
1624 2301 1681 2355 in
1715 2319 1838 2357 cor-

184 2406 333 2462 pore
353 2406 462 2444 suo
485 2406 659 2461 super
677 2389 927 2460 lignum,
945 2388 1098 2444 sicut
1120 2388 1178 2443 in
1204 2390 1394 2463 primo
1416 2392 1663 2446 adventu
1683 2391 1835 2459 fecit,

183 2494 304 2535 nec
326 2477 667 2533 intervenire
689 2479 814 2550 jam
844 2476 1096 2549 amplius
1121 2495 1223 2550 pro
1241 2478 1516 2551 peccatis,
1539 2480 1638 2534 sed
1657 2479 1840 2535 vindi-

186 2572 355 2629 ctam
388 2582 644 2623 exercere
674 2566 731 2621 in
766 2570 1092 2639 peccantes.

262 2656 427 2727 (ΟΑΡ.
461 2655 552 2729 Χ.)
586 2679 611 2705 ‹‹
647 2656 925 2712 Umbram
957 2657 1113 2711 enim
1145 2656 1366 2712 habens
1423 2656 1512 2713 lex
1551 2658 1838 2713 bonorum

191 2746 528 2801 futurorum
563 2762 674 2800 non
690 2745 879 2817 ipsam
902 2745 1217 2817 imaginem
1233 2762 1559 2817 rerum,per
1580 2746 1840 2819 singulos

190 2850 379 2890 annos
402 2834 623 2889 eisdem
650 2834 796 2907 ipsis
814 2833 1046 2905 hostiis,
1070 2851 1216 2906 quas
1234 2835 1485 2890 offerunt
1508 2836 1839 2891 indesinen-

192 2929 300 2988 ter,
334 2939 642 2993 nunquam
690 2927 881 2993 potest
926 2924 1264 2978 accedentes
1314 2923 1594 2993 perfectos
1634 2925 1843 2991 facere,

192 3012 454 3083 alioquin
477 3016 809 3067 cessassent
830 3013 1021 3067 otl‘erri
1049 3029 1061 3079 ;
1086 3011 1214 3067 ideo
1236 3014 1388 3085 quod
1412 3013 1632 3068 nullam
1667 3015 1842 3071 habe-

194 3106 321 3156 rent
338 3100 489 3155 ultra
510 3100 926 3156 conscientiam
950 3101 1449 3173 peccati,cultores
1471 3103 1651 3159 semel
1677 3122 1844 3159 mun-

191 3190 335 3256 dati,
352 3190 455 3246 sed
484 3190 542 3244 in
567 3190 713 3261 ipsis
728 3191 1205 3245 commemoratio
1221 3196 1587 3262 peccatorum
1612 3210 1712 3265 per
1725 3194 1842 3247 sin-

1966 618 2161 670 torum
2196 616 2375 670 ﬁeret.
2409 615 2555 679 Quid
2608 632 2742 687 ergo
2792 616 2937 671 nos?
2974 616 3173 670 Nonne
3219 633 3319 686 per
3350 614 3613 686 singulos

1961 703 2086 759 dies
2104 704 2403 759 offerimus
2429 704 2785 760 ‘iOll‘erimus
2808 705 3064 776 quidem,
3100 705 3200 759 sed
3236 705 3304 758 ad
3340 704 3612 759 recorda-

1964 792 2180 848 tionem
2214 794 2490 849 facientes
2510 793 2713 849 mortis
2747 795 2957 863 ejus,et
2990 811 3104 848 una
3134 799 3221 849 est
3252 793 3369 847 haec
3396 793 3604 861 hostia,

1960 898 2074 935 non
2111 882 2326 937 multae.
2362 883 2659 946 Quomodo
2693 900 2808 937 una
2838 888 2946 951 est,
2998 887 3053 936 et
3090 900 3203 936 non
3257 881 3451 936 multis
3478 882 3503 935 ‘?
3542 883 3608 936 Et

1960 971 2100 1044 quia
2122 971 2301 1026 semel
2325 972 2519 1026 oblata
2540 976 2663 1036 est;
2690 971 2787 1025 illa
2819 971 3011 1026 oblata
3042 977 3129 1025 est
3160 971 3216 1024 in
3251 976 3449 1025 sancto
3473 988 3605 1026 san-

1957 1066 2206 1125 ctorum,
2244 1060 2352 1114 hoc
2380 1065 2573 1113 autem
2598 1059 2947 1113 sacriﬁcium
2972 1056 3268 1129 exemplar
3290 1063 3377 1111 est
3408 1056 3563 1110 illius
3592 1082 3604 1122 ;

1956 1151 2026 1203 ad
2060 1149 2254 1220 ipsum
2274 1150 2455 1218 (1426)
2483 1147 3173 1217 semperotl‘crimusmec
3194 1164 3345 1200 nunc
3369 1146 3604 1217 quidem

1955 1238 2114 1293 aliud
2152 1238 2368 1301 minus,
2404 1236 2560 1290 aliud
2593 1235 2785 1299 hodie,
2827 1234 2984 1289 aliud
3046 1253 3195 1303 cras,
3256 1252 3485 1305 semper
3534 1234 3604 1287 ad

1953 1326 2147 1397 ipsum
2178 1327 2399 1396 (1127):
2433 1324 2674 1395 proinde
2708 1340 2888 1377 unum
2921 1328 3010 1376 est
3068 1323 3173 1377 hoc
3231 1322 3605 1377 sacriﬁcium.

1956 1413 2230 1485 Alioquin
2262 1413 2369 1467 hac
2400 1412 2645 1480 ratione,
2712 1411 2988 1481 quoniam
3048 1429 3079 1464 a
3111 1410 3312 1464 multis
3344 1412 3601 1478 offertur,

1953 1502 2121 1558 multi
2138 1501 2348 1558 Christi
2370 1506 2523 1556 sunt.
2554 1500 3065 1570 Nequaquam,sed
3097 1517 3249 1554 unus
3263 1500 3477 1570 ubique
3492 1506 3599 1566 est,

1952 1597 2008 1647 et
2032 1593 2124 1646 hic
2151 1591 2355 1663 plenus
2382 1590 2656 1659 existens,
2681 1594 2735 1643 et
2768 1588 2886 1643 illic
2902 1588 3128 1661 plenus,
3164 1605 3342 1642 unum
3368 1605 3599 1659 corpus.

1950 1682 2109 1735 Sicut
2140 1681 2293 1735 enim
2320 1680 2419 1750 qui
2448 1679 2665 1750 ubique
2688 1679 2947 1745 oﬁ‘ertur,
2976 1694 3158 1732 unum
3183 1694 3392 1748 corpus
3416 1682 3523 1744 est,
3547 1682 3601 1731 et

1949 1785 2064 1824 non
2098 1769 2282 1823 multa
2310 1784 2569 1839 corpora,
2604 1766 2683 1820 ita
2711 1767 2885 1821 etiam
2918 1771 2973 1821 et
3004 1784 3186 1821 unum
3227 1766 3597 1821 sacriﬁcium.

1951 1858 2210 1913 Pontifex
2234 1861 2425 1911 autem
2452 1861 2646 1910 noster
2667 1855 2760 1909 ille
2774 1860 2881 1921 est,
2903 1855 3002 1926 qui
3030 1855 3283 1909 hostiam
3310 1856 3599 1909 mundan-

1952 1952 2067 2002 tem
2095 1964 2200 2001 nos
2219 1944 2447 2001 obtulit.
2476 1950 2666 2015 Ipsam
2692 1944 2992 1999 offerimus
3014 1949 3068 1998 ct
3092 1960 3266 2013 nunc,
3302 1961 3427 2013 quae
3462 1950 3598 1998 tunc

1952 2042 2040 2092 est
2070 2035 2283 2091 oblata.
2310 2034 2515 2089 Oblata
2550 2032 2787 2105 quidem
2815 2032 3082 2087 consumi
3110 2049 3222 2085 non
3247 2037 3456 2102 potest.
3484 2032 3599 2085 Hoc

1951 2131 2170 2195 autem,
2195 2124 2349 2195 quod
2374 2140 2481 2179 nos
2505 2122 2776 2187 iacimus,
2799 2122 2856 2175 in
2891 2120 3503 2177 commemorationem
3540 2123 3603 2175 ﬁt

1950 2215 2077 2285 ejus
2106 2214 2259 2285 quod
2292 2214 2511 2268 factum
2564 2217 2671 2266 est.
2709 2234 2735 2260 ‹‹
2793 2211 2910 2265 Hoc
2958 2210 3111 2265 enim
3159 2210 3346 2273 facite,
3387 2209 3598 2281 inquit,

1952 2304 2010 2358 in
2046 2320 2235 2358 meam
2272 2299 2889 2356 commemorationem
2913 2300 3061 2369 (Luc.
3090 2316 3227 2363 xxn,
3282 2298 3383 2364 19;
3416 2302 3443 2353 I
3477 2298 3594 2353 Cor.

1953 2411 2013 2461 ιι,
2044 2393 2153 2463 21).
2182 2416 2208 2441 ››
2226 2390 2351 2446 Non
2373 2389 2527 2444 aliud
2556 2387 3089 2449 sacriﬁcium,sicut
3116 2386 3367 2457 pontifex
3390 2387 3595 2455 (1428),

1950 2482 2050 2536 sed
2074 2482 2269 2553 ipsum
2289 2496 2517 2551 semper
2539 2477 2803 2532 facimus.
2828 2474 3009 2547 Magis
3033 2481 3225 2529 autem
3250 2474 3595 2529 recordatio-

1950 2587 2082 2625 nem
2111 2568 2377 2624 sacriﬁcii
2410 2584 2738 2637 operamur.

2025 2681 2052 2709 ιι
2087 2659 2217 2713 Ideo
2248 2656 2581 2728 ingrediens
2604 2655 2890 2709 mundum
2916 2652 3089 2708 dicit:
3116 2651 3397 2719 Hostiam,
3424 2658 3477 2706 et
3500 2652 3600 2706 ob-

1954 2748 2230 2803 lationem
2256 2744 2518 2813 noluisti,
2545 2760 2757 2813 corpus
2780 2746 2977 2797 autem
3002 2740 3214 2811 aptasti
3241 2740 3409 2794 mihi:
3439 2739 3598 2795 holo-

1952 2840 2337 2904 caustomata,
2371 2839 2427 2888 et
2459 2850 2560 2905 pro
2592 2838 2825 2905 peccato
2854 2848 2967 2886 non
3018 2829 3123 2884 tibi
3176 2829 3394 2902 placuit
3426 2830 3599 2899 (Psal.

1953 2925 2419 2995 xx1x,7)(1429).
2457 2924 2619 2977 Tunc
2668 2921 2818 2975 dixi:
2877 2920 3021 2975 Ecce
3077 2919 3281 2974 venio:
3316 2919 3373 2973 in
3416 2919 3603 2990 capite

1958 3014 2089 3069 libri
2112 3014 2397 3086 scriptum
2421 3016 2509 3067 est
2530 3012 2599 3066 de
2632 3027 2744 3080 me,
2778 3014 2842 3065 ut
2873 3010 3103 3078 faciam,
3137 3008 3311 3074 Deus,
3336 3007 3601 3063 volunta-

1956 3109 2073 3159 tem
2098 3109 2281 3158 tuam.
2314 3100 2592 3171 Superius
2613 3100 2849 3154 dicens:
2884 3098 3020 3169 quia
3054 3098 3297 3162 hostias,
3347 3102 3403 3151 et
3443 3096 3601 3152 obla-

1959 3193 2169 3261 tiones,
2194 3196 2249 3246 et
2280 3191 2799 3252 holocaustomata,
2834 3192 2888 3241 et
2914 3204 3017 3258 pro
3074 3192 3307 3256 peccato
3340 3183 3600 3252 noluisti,

191 3252 562 3352 gulosannos
587 3252 669 3332 ﬁt.
698 3279 1065 3350 Impossibile
1087 3252 1241 3334 enini
1258 3252 1843 3353 estsanguinetauroo
1875 3252 1918 3319 C
1958 3299 2063 3339 nec
2098 3252 2311 3354 placita
2343 3268 2481 3333 sunt
2513 3276 2615 3331 tibi
2648 3293 2772 3346 qua:
2806 3252 3127 3330 secundum
3144 3274 3325 3344 legem
3350 3272 3601 3327 otl‘erun-

192 3385 319 3424 rum
354 3373 414 3423 et
443 3368 743 3422 hircorum
777 3368 989 3423 auferri
1022 3373 1275 3441 peccata.
1314 3391 1341 3417 ››
1374 3370 1679 3442 Exemplar
1719 3377 1842 3426 tan-

192 3459 340 3523 tum,
374 3454 649 3524 ostendit,
684 3471 799 3509 non
830 3454 1125 3521 virtutem,
1159 3454 1309 3510 sicut
1348 3456 1407 3510 in
1466 3457 1843 3529 imaginibus,

192 3541 494 3614 exemplar
517 3541 775 3597 hominis
798 3541 972 3597 habet
995 3542 1331 3615 imago,non
1354 3548 1528 3599 etlam
1548 3545 1842 3613 virtutem,

196 3630 415 3689 Umbra
436 3631 593 3685 enim
618 3631 747 3696 fuit,
774 3647 887 3685 non
912 3632 1038 3702 ipsa
1060 3631 1292 3687 veritas.
1318 3631 1841 3689 Multifariasacra-

196 3726 398 3777 menta
414 3719 627 3775 Christi
658 3724 716 3775 et
745 3718 1007 3775 Ecclesiae
1039 3736 1141 3791 per
1170 3721 1464 3793 umbram,
1498 3721 1553 3776 id
1600 3728 1706 3792 est,
1743 3739 1846 3795 per

198 3810 447 3881 ﬁguram
470 3809 833 3877 ostendebat,
858 3810 1039 3864 donec
1062 3810 1282 3866 veniret
1309 3811 1438 3883 ipsa
1458 3812 1690 3880 veritas,
1716 3828 1843 3883 quas

196 3898 533 3954 interiorem
550 3898 813 3970 ejusdem
830 3899 1029 3971 ﬁgura:
1043 3916 1282 3955 sensum
1298 3899 1563 3955 Ecclesiae
1578 3917 1695 3955 suae
1709 3900 1844 3955 data

194 3988 451 4060 Spiritus
482 3987 667 4042 sancti
701 3987 890 4059 gratia
915 3988 1282 4059 patefaceret,
1343 3994 1399 4043 et
1451 3989 1751 4045 moriendo
1783 3989 1839 4044 in

196 4092 366 4133 cruce
389 4076 589 4131 omnia
612 4074 712 4131 illa
734 4081 1099 4131 sacramenta
1125 4076 1424 4133 revelaret.
1448 4078 1843 4149 Expiabantur

195 4170 430 4237 peccata
453 4165 523 4219 ad
558 4168 816 4236 tempus,
849 4181 961 4220 non
1017 4164 1481 4221 remittebantur.
1526 4168 1840 4238 Nunquam

194 4254 349 4310 enim
382 4254 572 4327 potuit
599 4255 941 4310 accedentes
992 4255 1277 4326 perfectos
1326 4256 1530 4322 facere,
1583 4256 1839 4328 alioquin

194 4352 526 4401 cessassent
556 4343 711 4398 ultra
741 4344 954 4399 offerri.
990 4345 1114 4408 Qua
1143 4344 1364 4399 ratione
1387 4345 1605 4401 eisdem
1625 4348 1845 4401 sacriﬁ-

195 4434 302 4491 ciis
319 4449 557 4505 semper
571 4449 638 4487 cu
649 4433 932 4488 rabantur
951 4432 1204 4488 auferri?
1222 4433 1277 4487 Si
1295 4433 1448 4489 enim
1473 4434 1544 4489 ab
1568 4434 1841 4489 omnibus

198 4527 393 4578 essent
422 4521 653 4577 liberati
707 4522 981 4593 peccatis,
1033 4538 1405 4593 nequaquam
1447 4538 1549 4592 per
1577 4522 1841 4595 singulos

1957 3376 2073 3439 tur,
2109 3375 2248 3424 tunc
2281 3367 2435 3421 dixi:
2472 3366 2613 3419 Ecce
2642 3363 2831 3426 venio,
2868 3369 2929 3417 ut
2980 3362 3187 3416 faciam
3242 3360 3600 3416 voluntatem

1954 3462 2140 3520 tuam,
2162 3454 2548 3511 Deus.Aufert
2580 3452 2858 3523 primum,
2894 3454 2956 3503 ut
2986 3465 3233 3518 sequens
3264 3452 3500 3503 statuat.
3536 3450 3600 3503 In

1958 3545 2377 3619 quavoluntate
2401 3540 2743 3598 sanctiﬁcati
2760 3556 2967 3593 sumus
2982 3555 3081 3610 per
3093 3537 3445 3593 oblationem
3459 3538 3601 3593 Cor-

1955 3637 2114 3709 poris
2158 3638 2296 3689 Jesu
2329 3631 2542 3687 Christi
2592 3630 2795 3699 (1/130).
2823 3651 2847 3675 ››
2880 3627 3209 3683 Anteriores
3240 3626 3476 3698 quidem
3510 3644 3602 3682 os-

1954 3725 2142 3781 tendit
2173 3721 2411 3778 inutiles
2442 3737 2569 3776 esse
2601 3718 2821 3774 hostias
2854 3718 2923 3772 ad
2960 3717 3245 3789 integram
3271 3716 3602 3772 mundatio-

1955 3830 2110 3884 nem,
2145 3817 2200 3867 et
2228 3812 2474 3867 formam
2513 3808 2699 3874 magis
2730 3824 2829 3862 eas
2859 3824 3009 3873 esse,
3047 3822 3150 3861 nec
3182 3822 3312 3863 esse
3340 3811 3604 3877 accepta-

1952 3902 2121 3958 biles.
2156 3902 2268 3957 Nec
2304 3899 2384 3954 illi
2420 3897 2764 3971 placuerunt
2804 3896 2874 3949 ab
2908 3895 3097 3960 initio,
3130 3895 3285 3949 sicut
3316 3911 3419 3965 per
3442 3894 3603 3949 Jere-

1953 3992 2133 4047 miam
2184 3988 2527 4061 prophetam
2592 4004 2669 4051 v1,
2730 3985 2800 4037 2O
2857 3984 3031 4038 dicit:
3094 3982 3604 4038 Holocaustomata

1950 4084 2144 4134 vestra
2174 4094 2285 4131 non
2312 4080 2450 4130 sunt
2483 4078 2738 4144 accepta,
2771 4076 2828 4127 et
2849 4071 3093 4125 victima:
3114 4075 3317 4124 vestrae
3342 4087 3454 4124 non
3478 4070 3601 4141 pla-

1953 4170 2203 4223 cuerunt
2232 4164 2373 4219 mihi
2412 4164 2544 4233 (Isa.
2581 4179 2618 4228 ι,
2655 4162 2713 4215 11
2742 4180 2758 4223 ς
2790 4162 2953 4214 Amos
3010 4176 3064 4224 v,
3124 4159 3234 4229 21).
3295 4158 3403 4213 Sed
3437 4157 3486 4212 si
3519 4144 3600 4212 illi

1954 4273 2069 4311 non
2102 4254 2468 4326 placuerunt,
2502 4266 2605 4304 nec
2634 4247 2904 4303 voluntas
2930 4244 3087 4301 illius
3114 4246 3256 4300 fuit:
3308 4247 3600 4316 quomodo

1951 4362 2087 4417 ergo
2111 4340 2415 4413 imperavit
2436 4345 2498 4393 ut
2518 4336 2710 4393 oﬁ'erri
2734 4333 3241 4391 debuissent?Tali
3259 4335 3429 4389 modo
3449 4336 3599 4405 Apo-

1951 4433 2159 4503 stolus,
2188 4434 2455 4487 creatura
2484 4428 2813 4483 Creatorem
2865 4440 3117 4494 sequens
3166 4423 3422 4494 peregit:
3467 4423 3601 4479 Volo

1954 4540 2158 4579 omnes
2192 4519 2460 4575 homines
2494 4533 2642 4585 esse,
2677 4514 2829 4571 sicut
2860 4513 3151 4583 meipsum
3183 4512 3227 4581 (1
3258 4511 3377 4567 Cor.
3398 4528 3496 4579 vn,
3520 4512 3602 4583 7),

196 4610 320 4666 dies
339 4610 688 4666 offerrentur
709 4610 996 4665 sacriﬁcia
1013 4628 1115 4683 pro
1134 4611 1293 4665 omni
1325 4610 1536 4683 populo
1558 4615 1626 4685 vet
1654 4612 1712 4665 in
1754 4630 1846 4667 ve-
1878 4620 1924 4684 1)
1956 4612 2013 4667 in
2048 4607 2442 4675 conscientia;
2490 4612 2547 4663 et
2596 4606 2802 4659 iterum
2831 4621 2842 4658 :
2894 4601 3057 4671 Volo,
3110 4600 3322 4672 inquit,
3354 4600 3602 4670 juvenes

196 4714 369 4770 spere
397 4703 457 4752 et
485 4699 542 4753 in
570 4699 685 4754 die.
719 4699 966 4755 Proinde
997 4699 1291 4755 accusatio
1338 4705 1706 4772 peccatorum
1742 4701 1849 4757 fuit

200 4786 359 4857 quod
385 4786 576 4854 ﬁebat,
600 4804 714 4843 non
739 4787 976 4858 solutio,
998 4788 1292 4843 accusatio
1316 4788 1695 4857 inﬁrmitatis,
1730 4807 1846 4845 non

194 4874 430 4930 virtutis
454 4876 730 4932 ostensio.
756 4877 1039 4941 Quoniam
1056 4877 1269 4948 quippe
1286 4877 1471 4949 primo
1492 4877 1683 4932 hostia
1698 4877 1841 4932 nihil

194 4963 438 5035 valebat,
465 4963 642 5020 etiam
671 4965 932 5020 secundo
957 4965 1323 5033 offerebatur,
1358 4982 1485 5036 quae
1503 4966 1677 5020 etiam
1696 4965 1842 5021 nihil

192 5052 551 5125 proﬁciebat.
573 5052 637 5108 In
655 5069 721 5108 eo
743 5053 899 5108 enim
915 5054 1070 5124 quod
1088 5053 1447 5109 oﬁ‘erebantu
1457 5072 1501 5123 r,
1511 5056 1605 5109 red
1615 5056 1842 5125 argutio

194 5146 563 5215 peccatorum
594 5145 758 5207 erat;
791 5141 851 5194 in
881 5157 946 5196 eo
1003 5142 1155 5212 quod
1215 5158 1466 5213 semper,
1508 5142 1843 5212 redargutio

194 5230 574 5288 inﬁrmitatis.
595 5230 839 5301 Propter
859 5229 966 5285 hoc
989 5230 1318 5303 imperavit,
1351 5229 1562 5302 inquit,
1613 5246 1845 5300 semper

282 5462 440 5527 1426)
474 5461 756 5517 Fortasse
787 5455 1043 5527 idipsum.

282 5463 418 5517 1426
474 5462 756 5517 Fortasse
787 5462 1043 5527 idipsum.

204 5608 213 5618 .
258 5462 441 5609 £14273
471 5533 754 5589 Fortasse
786 5534 851 5581 ut
884 5544 1031 5599 sup.,
1064 5530 1157 5585 hic
1187 5528 1362 5585 etiam
1392 5528 1728 5601 legendum,
1762 5530 1846 5582 id-

184 5622 440 5753 ipiii'e'a)
471 5675 541 5733 Id
573 5674 689 5741 est,
723 5666 881 5725 sicut
907 5667 1055 5729 alius
1084 5688 1200 5729 non
1230 5673 1320 5727 est
1348 5670 1625 5741 pontifex.

1959 4702 2199 4767 nubere,
2234 4698 2386 4753 ﬁlios
2408 4710 2709 4768 procreare
2737 4695 2784 4759 (ι
2809 4692 2957 4747 Mim.
2993 4707 3046 4744 ν.
3109 4690 3215 4759 lli).
3277 4689 3416 4744 Ecce
3454 4690 3603 4746 duas

1956 4790 2283 4845 voluntates
2314 4784 2635 4846 constituit,
2696 4782 2797 4838 sed
2847 4798 2960 4836 non
3011 4780 3194 4835 ambae
3248 4778 3375 4849 ejus
3428 4782 3602 4841 sunt;

1953 4879 2208 4949 primum
2226 4876 2465 4930 dicens:
2492 4871 2634 4927 Volo
2658 4887 2862 4927 omnes
2884 4869 3150 4925 homines
3172 4884 3299 4924 esse
3314 4867 3466 4923 sicut
3488 4885 3603 4923 me-

1952 4968 2147 5035 ipsum
2184 4981 2196 5032 ;
2233 4962 2525 5017 secundo:
2562 4960 2699 5015 Volo
2724 4960 2969 5028 juvenes
3002 4958 3256 5014 nubere:
3293 4956 3375 5012 sic
3423 4958 3600 5012 etiam

1953 5054 2047 5107 hic
2080 5068 2194 5106 non
2217 5055 2340 5105 erat
2356 5050 2485 5119 ejus
2514 5047 2781 5103 voluntas
2810 5051 2876 5100 ut
2907 5046 3286 5116 praecedentia
3316 5044 3602 5099 sacriﬁcia

1954 5142 2181 5202 ﬁerent,
2215 5138 2341 5201 sed,
2375 5138 2530 5190 sicut
2561 5135 2832 5205 superius
2864 5134 3031 5201 dixit,
3064 5135 3203 5205 quia
3262 5150 3376 5187 non
3408 5132 3601 5187 solum

1958 5246 2072 5284 non
2134 5226 2335 5291 voluit,
2396 5224 2495 5280 sed
2556 5238 2659 5276 nec
2719 5221 3070 5276 desideravit
3128 5222 3273 5277 hoc:
3308 5236 3442 5292 ergo
3471 5237 3602 5291 pro-

2028 5452 2214 5525 (1129)
2246 5452 2311 5507 In
2339 5452 2664 5525 cit.7Psal.:
2716 5450 3109 5525 holocaustum
3145 5454 3197 5506 et
3252 5467 3350 5525 pio
3375 5456 3605 5525 peccato

1957 5520 2065 5581 no}:
2087 5520 2416 5596 postulasti;
2447 5524 2821 5595 Vulg.autem
2848 5521 2906 5575 in
2938 5520 3045 5575 hac
3072 5520 3261 5596 Ep.x,
3285 5524 3339 5589 6,
3372 5520 3451 5579 ita
3496 5524 3605 5577 ha-

1958 5598 2055 5652 bet
2084 5593 2099 5649 :
2124 5593 2560 5651 holocauwmata
2577 5593 2677 5664 pro
2721 5601 2934 5667 peccato
2957 5610 3065 5649 non
3121 5593 3225 5648 tibi
3250 5596 3598 5665 placuerunt.

2028 5666 2213 5738 (1430)
2244 5666 2416 5742 Vulg.
2450 5671 2579 5742 post
2607 5684 2676 5725 ea
2703 5666 2878 5723 verba
2902 5665 3084 5733 addit,
3116 5667 3303 5723 semel.
