3966 6210
409 429 527 490 787

1425 421 1761 485 ATTONIS
1806 416 2391 483 VERCELLENSIS
2438 418 2790 482 EPISCOPI

3713 419 3820 483 788

411 562 542 632 pter
567 555 758 630 (1431)
788 555 1146 612 voluntatem
1176 553 1278 610 Dei
1307 553 1809 610 sacrificabantur.
1844 552 2057 607 Redar-
2087 552 2140 617 Α
2173 550 2296 617 sed,
2332 573 2360 600 «
2394 554 2459 606 ut
2490 555 2786 623 ponantur
2814 551 2925 608 sub
2956 550 3205 624 pedibus
3236 551 3387 623 ejus.
3422 572 3449 599 ››
3483 550 3617 608 Non
3651 549 3821 623 igitur

413 652 554 721 gnta
573 646 694 701 haec
725 662 817 702 res
837 649 982 712 erat,
1011 643 1234 699 nullam
1267 643 1490 698 habens
1519 642 1816 711 virtutem,
1840 642 1942 696 sed
1971 640 2060 694 in-

415 737 750 800 fructuosae,
782 738 839 790 et
868 732 1107 788 inutiles
1136 736 1339 798 erant;
1392 732 1589 785 formze
1650 730 1867 801 quippe
1898 732 2065 784 erant

417 825 751 881 futurorum
781 822 1015 886 Christi,
1048 831 1104 876 et
1132 821 1399 875 Ecclesiae
1427 838 1439 885 ;
1474 820 1793 874 offerebant
1849 817 2065 888 quippe

418 931 505 982 ea,
540 929 611 968 ne
644 913 770 967 sine
800 909 1083 966 sacrificio
1116 910 1407 972 sedentes,
1439 908 1495 961 in
1555 908 1778 961 cultum
1822 907 2065 960 deorum

420 1001 766 1070 alienorum,
801 1000 941 1053 dum
972 998 1259 1053 vidissent
1288 996 1433 1051 alios
1456 997 1679 1061 offerre,
1721 994 2065 1048 inciderent.

419 1089 770 1161 Impositum
792 1087 947 1143 enim
972 1086 1088 1141 illis
1115 1091 1239 1141 erat
1261 1085 1319 1139 in
1344 1085 1703 1149 servitutem,
1732 1082 2069 1152 nonjustiﬁ-

422 1178 730 1233 cationem.
790 1176 1039 1231 Proinde
1100 1174 1429 1230 sacrificare
1489 1190 1604 1227 non
1665 1177 1753 1226 est
1801 1170 2070 1225 voluntas

426 1267 524 1323 Dei
547 1267 749 1337 (1432).
774 1266 844 1320 Et
874 1262 1015 1319 dum
1048 1263 1132 1318 illi
1163 1262 1263 1317 illa
1290 1280 1404 1316 non
1454 1261 1823 1332 placuerunt,
1872 1260 2069 1314 statim

427 1356 683 1423 advenit,
706 1354 857 1409 sicut
889 1352 1171 1423 scriptum
1208 1356 1327 1406 est:
1364 1351 1577 1404 «Tunc
1609 1350 1763 1403 dixi:
1800 1351 1943 1403 Ecce
1974 1364 2070 1402 ve-

428 1446 562 1500 nio:
598 1467 626 1493 ››
660 1444 814 1516 quod
846 1443 917 1497 de
944 1441 1107 1496 nullo
1129 1440 1262 1505 alio,
1293 1439 1404 1494 nisi
1463 1440 1533 1493 de
1592 1438 1818 1493 Christo
1849 1439 2073 1492 dictum

430 1538 538 1590 est.
564 1532 701 1602 Sed,
724 1533 773 1587 si
800 1531 997 1586 formas
1016 1535 1205 1597 erant,
1229 1529 1522 1599 quomodo
1548 1528 1789 1582 veritate
1810 1527 2075 1581 veniente

433 1638 548 1677 non
580 1624 908 1686 cessarunt,
940 1635 1127 1689 neque
1156 1616 1597 1672 discesserunt?
1626 1617 1750 1671 Non
1782 1616 1937 1669 enim
1972 1631 2075 1685 po-

430 1713 625 1767 terant
646 1710 808 1779 prius
826 1707 1241 1777 auferri,quam
1264 1705 1406 1759 illud
1428 1704 1779 1762 sacrificium
1806 1708 2077 1757 sanctum

432 1803 792 1868 sanctorum,
827 1795 981 1868 quod
1014 1811 1225 1867 corpus
1255 1798 1361 1861 est,
1397 1793 1604 1848 fuisset
1624 1791 1905 1847 oblatum.
1932 1792 2078 1846 Nam

433 1888 536 1961 qui
566 1890 764 1959 postea
814 1884 918 1939 illa
971 1884 1257 1939 sacrificia
1313 1882 1804 1948 sacrificaverunt,
1849 1897 2080 1951 semper

431 1974 672 2048 Spiritui
704 1978 910 2029 sancto
943 1972 1308 2028 restiterunt.
1340 1971 1455 2026 Nec
1485 1972 1641 2026 enim
1693 1969 1906 2042 placita
1937 1973 2076 2024 sunt

428 2064 540 2133 illi,
571 2080 697 2136 quas
729 2062 1054 2119 secundum
1076 2059 1262 2133 legem
1285 2060 1609 2115 offeruntur
1633 2075 1644 2114 :
1672 2081 1699 2109 ‹‹
1726 2059 1839 2116 Nec
1861 2057 2070 2126 hostia,

430 2170 535 2209 nec
560 2152 798 2217 oblatio,
822 2167 927 2207 nec
955 2149 1458 2205 holocaustomata
1487 2152 1543 2204 et
1573 2165 1675 2220 pro
1724 2152 1958 2219 peccato
1990 2145 2072 2200 illi

431 2241 669 2315 placuit.
697 2262 725 2292 ››
761 2240 828 2295 Et
857 2240 966 2295 hoc
995 2256 1110 2295 non
1141 2256 1209 2294 ex
1251 2254 1398 2293 novo
1455 2238 1666 2292 iterum
1701 2240 2073 2302 testamento,

433 2331 534 2388 sed
556 2347 624 2386 ex
645 2328 942 2403 prOpbetis
964 2328 1236 2393 ostendit,
1260 2343 1327 2381 ex
1358 2325 1759 2397 superioribus
1788 2323 2075 2396 tempori-

421 2421 535 2475 bus
560 2419 858 2491 proferens
880 2416 1309 2482 testimonium,
1334 2415 1472 2486 quia
1493 2432 1729 2470 cessura
1750 2414 2073 2469 erant.Ideo

427 2508 645 2581 quippe
675 2507 901 2562 hostias
927 2507 1047 2578 jam
1079 2506 1265 2561 dictas
1324 2505 1529 2561 offerre
1568 2506 1771 2576 jussit,
1827 2503 1965 2576 quia
2014 2503 2072 2557 in

428 2599 619 2670 figura
633 2600 800 2652 erant
822 2596 893 2650 ad
916 2594 1171 2651 hostiam
1195 2610 1546 2665 veram,qua3
1570 2598 1755 2649 totum
1784 2593 2072 2647 mundum

428 2688 499 2744 de
530 2689 761 2759 peccato
784 2683 1066 2741 solveret:
1100 2687 1158 2739 et
1178 2688 1486 2755 propterea
1516 2680 2076 2755 reprobantur,quia

420 2777 549 2849 jam
569 2790 703 2831 vera
723 2773 913 2831 hostia
934 2772 1462 2847 appropinquabat.
1495 2773 1565 2827 Et
1596 2771 1733 2827 dicit
1754 2770 2071 2841 PrOpbeta:

428 2887 457 2916 ‹‹
491 2866 632 2921 Ecce
660 2863 864 2930 venio;
897 2863 958 2917 in
988 2862 1179 2933 capite
1207 2860 1341 2916 libri
1376 2860 1659 2931 scriptum
1714 2864 1802 2914 est
1857 2859 1928 2913 de
1984 2873 2076 2912 me

428 2954 598 3025 (Psal.
630 2968 820 3017 χχχιχ,
842 2952 932 3019 7);
968 2972 997 2999 ››
1030 2950 1085 3005 id
1117 2953 1228 3015 est,
1253 2947 1507 3012 Levitici,
1533 2948 1633 3019 qui
1687 2946 1835 3002 liber
1854 2947 2077 3001 hostias

428 3042 699 3115 imperat,
732 3044 789 3096 et
818 3042 1038 3095 narrat.
1076 3040 1222 3094 Dum
1253 3041 1451 3093 autem
1479 3054 1610 3092 sum
1644 3035 2080 3108 principalis,et

430 3130 557 3187 sola
585 3129 888 3187 sufficiens
907 3127 1102 3183 hostia
1127 3152 1141 3194 ;
1163 3126 1292 3182 ideo
1314 3126 1374 3180 in
1395 3125 1603 3197 capite,
1629 3125 1686 3179 id
1711 3130 1820 3194 est,
1844 3124 1901 3178 in
1926 3125 2079 3196 prin-

432 3220 585 3293 cipio
615 3218 744 3274 libri
781 3216 1109 3273 hostiarum
1140 3216 1211 3271 de
1239 3231 1330 3270 me
1360 3214 1642 3285 scriptum
1685 3218 1773 3268 est
1803 3217 1898 3268 ut:
1940 3237 1960 3262 ι
2016 3214 2079 3267 In

2173 640 2500 695 efficiamur
2521 658 2585 697 ex
2604 658 2847 697 numero
2870 641 3263 696 inimicorum.
3290 640 3415 695 Non
3441 640 3602 695 enim
3621 640 3702 695 illi
3724 642 3818 697 soli

2172 730 2417 797 inimici,
2453 731 2551 802 qui
2584 730 2851 785 infideles
2907 734 3064 799 sunt,
3099 730 3197 784 sed
3231 728 3405 783 etiam
3439 728 3540 799 qui
3572 729 3693 783 vita
3722 730 3820 785 im-

2176 820 2398 873 munda
2419 818 2573 890 pleni
2597 825 2754 873 sunt.
2773 842 2801 867 ‹‹
2828 819 3147 873 Prudentia
3164 823 3358 871 autem
3375 817 3571 871 carnis
3596 817 3823 874 inimica

2176 911 2266 960 est
2317 912 2429 962 Deo
2477 910 2648 978 (Rom.
2700 925 2819 974 vm,
2846 910 2940 975 6);
2993 906 3103 977 legi
3139 910 3334 960 autem
3366 906 3465 959 Dei
3500 923 3621 960 non
3656 907 3827 977 subji-

2178 996 2349 1049 citur.
2384 1018 2404 1044 αι
2433 995 2558 1049 Una
2580 997 2735 1050 enim
2760 996 3051 1050 oblatione
3069 994 3537 1059 consummavit;
3566 993 3621 1047 id
3648 996 3821 1063 est,ad

2180 1082 2311 1138 illos
2336 1090 2465 1153 post
2494 1085 2619 1139 dies
2649 1084 2781 1139 illos
2814 1084 2953 1138 dicit
2984 1084 3307 1138 Dominus:
3337 1105 3363 1131 ‹‹
3424 1082 3633 1137 Dando
3677 1082 3826 1153 leges

2183 1189 2343 1227 meas
2366 1174 2422 1227 in
2447 1174 2723 1228 cordibus
2747 1191 2969 1242 eorum,
3000 1177 3055 1227 et
3080 1172 3137 1226 in
3170 1171 3469 1226 mentibus
3500 1187 3707 1225 eorum
3732 1188 3823 1225 su-

2185 1262 2539 1332 perscribam
2575 1280 2671 1317 eas
2698 1279 2711 1328 ;
2736 1268 2791 1316 et
2824 1267 3217 1334 peccatorum,
3242 1264 3297 1314 et
3328 1258 3711 1331 iniquitatum
3741 1276 3824 1313 eo-

2183 1368 2313 1405 rum
2337 1352 2452 1417 iam
2479 1368 2589 1405 non
2610 1352 2955 1406 recordabor
2975 1349 3251 1421 amplius.
3278 1349 3383 1403 Ubi
3409 1352 3606 1403 autem
3630 1348 3823 1403 horum

2184 1440 2450 1494 remissio
2477 1441 2631 1508 :jam
2680 1457 2792 1494 non
2844 1438 3059 1493 oblatio
3110 1455 3212 1510 pro
3247 1441 3483 1509 peccato
3517 1438 3651 1508 (Jer.
3682 1454 3822 1493 xxxx.

2184 1531 2295 1600 33).
2313 1551 2339 1578 »
2357 1529 2516 1594 Quod
2541 1532 2791 1583 testatur
2812 1528 3046 1599 quidem
3061 1527 3314 1597 Spiritus
3337 1528 3582 1580 sanctus
3596 1540 3819 1596 perpro-

2188 1619 2447 1691 phetam,
2471 1616 2857 1688 adimpletum
2888 1622 2997 1671 est.
3030 1614 3144 1669 Illae
3176 1613 3377 1669 statim
3399 1613 3818 1677 discesserunt;

2188 1707 2325 1779 quia
2344 1706 2607 1760 veniente
2628 1706 2886 1771 veritate,
2912 1706 3121 1759 umbra
3147 1701 3436 1757 discessit.
3466 1724 3488 1749 ι
3518 1700 3621 1756 Ubi
3643 1704 3817 1754 autem

2187 1797 2396 1851 horum
2432 1794 2719 1859 remissio,
2756 1817 2783 1843 ››
2843 1794 3034 1865 inquit
3086 1790 3423 1862 Apostolus,
3458 1812 3487 1839 «
3534 1790 3658 1861 jam
3715 1804 3817 1842 non

2110 1913 2157 1976 B
2189 1884 2403 1940 oblatio
2436 1900 2537 1955 pro
2561 1887 2813 1954 peccato.
2853 1905 2879 1929 »
2911 1882 2980 1935 Et
3009 1881 3117 1935 hoc
3150 1896 3265 1935 non
3294 1883 3520 1933 tantum
3548 1876 3667 1932 sine
3691 1874 3817 1931 scri-

2189 1974 2432 2047 ptis,sed
2449 1973 2622 2027 etiam
2640 1988 2773 2027 cum
2793 1970 3027 2042 scriptis
3040 1971 3486 2040 argumentatus
3499 1971 3584 2021 est
3596 1968 3635 2019 Α
3642 1968 3820 2035 posto-

2184 2063 2312 2130 lus;
2337 2069 2393 2117 et
2419 2062 2643 2116 dictum
2666 2058 3071 2132 propheticum
3104 2056 3375 2113 adhibuit
3401 2053 3594 2109 dicens
3623 2068 3635 2106 :
3664 2073 3689 2099 »ι
3711 2052 3811 2106 Sa-

2184 2152 2471 2207 crificium
2503 2155 2559 2205 et
2591 2147 2945 2204 oblationem
2978 2145 3216 2202 noluisti
3248 2145 3415 2216 (Psal.
3443 2140 3707 2210 xxxxx,7)
3739 2156 3754 2206 -,
3790 2161 3809 2187 υ

2183 2246 2241 2297 et
2270 2240 2329 2295 in
2360 2240 2470 2294 hoc
2504 2238 2626 2293 loco
2653 2255 2664 2293 :
2701 2238 2815 2293 lloc
2845 2232 3457 2306 testamentum,quod
3479 2230 3727 2287 testabor
3745 2228 3810 2283 ad

2183 2330 2315 2385 illos
2348 2333 2478 2401 post
2509 2328 2633 2382 dies
2665 2326 2818 2393 illos,
2876 2325 3016 2381 dicit
3068 2324 3387 2379 Dominus:
3440 2320 3636 2377 Dando
3664 2317 3807 2389 leges

2184 2436 2344 2474 meas
2368 2419 2425 2472 in
2447 2416 2719 2472 cordibus
2741 2431 2963 2485 eorum,
2988 2413 3124 2469 etin
3156 2412 3453 2468 mentibus
3488 2424 3687 2466 eorum
3717 2423 3803 2461 su-

2184 2507 2540 2580 perscr-ibam
2572 2523 2689 2574 eas,
2724 2522 2838 2560 non
2869 2504 2929 2558 in
2987 2502 3203 2558 tabulis
3259 2499 3532 2573 lapideis,
3588 2497 3731 2552 sicut
3754 2494 3807 2549 in

2184 2596 2400 2669 populo
2428 2595 2627 2659 veteri,
2677 2594 2776 2649 sed
2836 2593 2897 2647 in
2954 2591 3172 2647 tabulis
3228 2589 3421 2645 cordis
3479 2584 3810 2644 carnalibus.

2190 2707 2217 2738 α
2244 2688 2311 2741 Et
2336 2688 2727 2757 peccatorum,
2760 2682 3138 2753 iniquitatum
3170 2695 3370 2735 eorum
3404 2694 3531 2733 non
3572 2673 3811 2731 recorda-

2183 2776 2291 2831 bor
2321 2772 2597 2844 amplius.
2636 2794 2663 2819 ››
2696 2777 2777 2825 Ac
2809 2772 2858 2826 si
2890 2770 3143 2825 diceret:
3183 2768 3286 2823 Ubi
3345 2764 3669 2822 recordatio
3706 2777 3815 2834 pec-

2186 2869 2447 2919 catorum
2481 2878 2593 2916 non
2626 2865 2735 2928 est,
2762 2860 2885 2930 jam
2915 2873 3152 2913 necesse
3210 2873 3324 2912 non
3382 2859 3472 2911 est
3538 2858 3602 2917 ut
3651 2848 3819 2907 hostia

2188 2953 2481 3007 offeratur.
2529 2948 2687 3004 Unde
2753 2953 2808 3003 et
2860 2947 2918 3001 in
2975 2943 3473 3017 consequentibus
3537 2938 3815 3012 adjungit:

2190 3064 2217 3091 ‹‹
2252 3039 2357 3095 Ubi
2389 3042 2584 3094 autem
2609 3038 2819 3092 horum
2854 3035 3143 3103 remissio,
3166 3035 3292 3105 jam
3318 3050 3438 3088 non
3496 3028 3702 3088 oblatio
3731 3040 3817 3099 pro

2189 3132 2444 3201 peccato.
2484 3149 2504 3175 ι

2264 3240 2292 3267 ‹‹
2326 3216 2614 3271 Habentes
2648 3215 2867 3285 itaque,
2892 3213 3119 3278 fratres,
3150 3209 3429 3265 fiduciam
3493 3209 3551 3263 in
3598 3202 3820 3262 introitu

433 3275 718 3381 principio
749 3306 885 3363 fecit
914 3310 1066 3360 Deus
1092 3303 1325 3359 cmlumi
1347 3308 1404 3358 et
1424 3275 1637 3358 terram
1680 3301 1835 3371 (Gen.
1872 3320 1909 3369 ι,
1947 3302 2017 3371 1).
2049 3322 2076 3354 ιι
2112 3275 2155 3343 C
2194 3310 2531 3363 sanctorum
2553 3303 2611 3357 in
2638 3275 2924 3374 sanguine
2944 3275 3177 3365 Christi,
3202 3315 3377 3371 quam
3400 3297 3652 3353 initiavit
3674 3291 3821 3349 nobis

436 3396 583 3464 Quid
605 3402 715 3468 est,
748 3418 777 3447 «
801 3399 867 3450 ut
897 3393 1107 3449 faciam
1134 3392 1492 3447 voluntatem
1540 3396 1703 3446 tuam
1725 3391 1753 3445 ‘?
1785 3413 1814 3440 »
1846 3392 2083 3446 Memet—

432 3486 633 3559 ipsum
658 3485 908 3552 tradere,
934 3482 1044 3537 hoc
1065 3487 1155 3537 est
1178 3482 1275 3536 Dei
1296 3480 1588 3545 voluntas,
1614 3504 1641 3529 ‹‹
1660 3480 1718 3533 in
1744 3496 1860 3550 qua
1880 3479 2084 3534 volun-

435 3579 554 3630 tate
577 3571 927 3629 sanctificati
948 3587 1176 3625 sumus.
1205 3593 1232 3618 ››
1255 3575 1342 3623 An
1366 3569 1540 3623 etiam
1566 3568 1723 3623 aliud
1739 3567 1908 3623 dixit:
1931 3569 2086 3632 Quo-

437 3663 596 3717 niam
616 3677 732 3715 non
755 3658 1040 3715 sacrificia
1055 3657 1322 3712 homines
1343 3657 1652 3721 mundant,
1688 3658 1789 3711 sed
1822 3656 2088 3713 voluntas

439 3748 589 3804 Dei?
613 3771 641 3798 «
675 3748 877 3802 Aufert
908 3746 1186 3817 primum,
1220 3750 1285 3799 ut
1315 3761 1565 3815 sequens
1597 3750 1853 3812 statuat;
1881 3768 1908 3795 ››
1943 3763 2007 3801 ac
2038 3748 2085 3800 si

439 3837 631 3892 dicat:
668 3835 958 3905 Reprobat
980 3838 1166 3903 vetus,
1198 3837 1255 3888 et
1276 3833 1530 3888 affirmat
1559 3850 1793 3890 novum.

516 3948 544 3975 ‹‹
577 3925 647 3980 Et
675 3923 868 3979 omnis
902 3922 1139 3994 quidem
1172 3922 1443 3977 sacerdos
1473 3926 1681 3994 praesto
1712 3928 1800 3978 est
1831 3925 2090 3995 quotidie

442 4014 810 4078 ministrans,
843 4016 902 4067 et
930 4010 1165 4067 easdem
1197 4026 1348 4082 saepe
1387 4010 1633 4067 offerens
1688 4010 1932 4081 hostias,
1967 4031 2090 4084 quae

442 4118 750 4175 nunquam
774 4110 1023 4173 possunt
1041 4099 1269 4155 auferre
1292 4103 1545 4171 peccata.
1574 4094 1884 4157 Hicautem
1909 4103 2092 4174 (1433)

445 4210 549 4266 pro
566 4190 823 4265 peccatis
836 4188 1116 4245 ΟΠΕΙῚἚΠΒ
1128 4189 1379 4245 hostiam
1388 4190 1471 4259 ,in
1494 4189 1917 4259 sempiternum
1933 4193 2096 4247 sedet

443 4280 505 4335 in
536 4278 904 4349 dexteraDei,
923 4278 993 4332 de
1007 4281 1210 4332 caetero
1231 4280 1575 4347 exspectans
1596 4276 1779 4331 donec
1804 4284 2098 4349 ponantur

442 4368 665 4424 inimici
696 4368 824 4439 ejus
855 4365 1173 4422 scabellum
1210 4365 1423 4435 pedum
1484 4365 1615 4434 ejus
1667 4366 1837 4434 (Psal.
1871 4384 1982 4421 cxx.
2016 4369 2091 4437 2).

444 4458 571 4515 Una
599 4456 756 4513 enim
788 4455 1079 4512 oblatione
1110 4452 1541 4508 consummavit
1568 4452 1627 4505 in
1673 4454 2095 4524 sempiternum

445 4547 863 4603 sanctificatos.
880 4566 908 4593 »
926 4543 1254 4597 Ministrare
1268 4542 1501 4610 signum
1518 4544 1606 4593 est
1620 4540 2092 4600 ministrationis:

2194 3396 2345 3452 viam
2369 3410 2598 3459 novam,
2626 3398 2683 3447 et
2704 3393 2991 3447 viventem
3016 3407 3117 3461 per
3148 3388 3436 3457 velamen,
3490 3388 3547 3441 id
3578 3389 3681 3449 est,
3711 3397 3819 3436 car-

2198 3501 2331 3540 nem
2359 3500 2551 3549 suam,
2582 3487 2639 3537 et
2669 3481 3031 3536 sacerdotem
3082 3493 3359 3550 magnum
3394 3493 3576 3548 super
3604 3475 3819 3529 domum

2199 3575 2317 3629 Dei.
2355 3597 2381 3622 ››
2407 3572 2731 3628 Ostendens
2763 3585 2950 3639 usque
2982 3585 3135 3622 nunc
3167 3565 3489 3638 pontificis,
3521 3568 3578 3619 et
3623 3558 3819 3617 hostia-

2199 3679 2352 3730 rum,
2387 3666 2443 3716 et
2472 3656 2851 3723 tabernaculi,
2886 3662 2942 3711 et
2972 3653 3327 3720 testamenti,
3361 3658 3418 3708 et
3452 3644 3822 3723 repromissio-

2198 3752 2291 3807 nis
2322 3748 2686 3813 distantiam,
2711 3750 2768 3801 et
2788 3744 3035 3800 multam
3067 3741 3459 3798 differentiam
3487 3759 3499 3797 :
3532 3736 3819 3811 siquidem,

2197 3839 2409 3911 inquit,
2441 3837 2541 3893 illa
2559 3834 2903 3908 temporalia
2932 3834 3051 3888 haec
3082 3836 3275 3887 autem
3298 3835 3517 3885 aeterna
3545 3847 3558 3896 ;
3590 3827 3683 3882 illa
3710 3820 3821 3911 qui-

2201 3909 2331 3983 dem
2367 3928 2437 3982 de
2466 3924 2729 3997 proximo
2758 3923 3044 3995 parentia,
3105 3921 3223 3974 haec
3277 3916 3713 3990 permanentia;
3740 3909 3822 3964 illa

2202 4017 2439 4088 quidem
2472 4013 2726 4082 infirma,
2755 4011 2878 4066 haec
2910 4016 3104 4065 autem
3142 4007 3437 4080 perfecta;
3472 4005 3574 4061 illa
3611 3999 3820 4075 quidem

2204 4103 2538 4169 forma,hzec
2562 4100 2775 4155 veritas
2800 4116 2812 4153 :
2839 4105 2951 4153 n'on
2973 4097 3129 4153 enim
3154 4098 3322 4167 juxta
3342 4094 3461 4151 tale
3484 4092 3819 4150 mandatum,

2204 4194 2417 4265 inquit,
2450 4188 2700 4259 carnale,
2734 4189 2833 4243 sed
2860 4189 3027 4257 juxta
3055 4186 3334 4240 virtutem
3366 4183 3499 4239 vitae
3520 4172 3820 4238 insolubilis

2204 4281 2475 4338 sacerdos
2501 4281 2685 4333 factus
2708 4282 2797 4333 est
2815 4277 2990 4332 Jesus
3021 4276 3214 4347 (Hebr.
3248 4291 3350 4341 vn,
3376 4275 3561 4340 16).Et
3588 4270 3781 4324 iterum
3807 4275 3817 4311 ε

2206 4395 2231 4419 ‹‹
2265 4371 2351 4424 Tu
2385 4386 2446 4423 es
2476 4365 2818 4423 sacerdosin
2842 4370 3122 4420 aeternum
3164 4363 3347 4434 (Ibid.,
3385 4362 3510 4432 t7);
3560 4371 3683 4413 ecce
3711 4365 3819 4423 per-

2208 4459 2459 4531 petuitas
2490 4455 2826 4511 sacerdotis.
2886 4454 2956 4507 Et
3008 4454 3080 4507 de
3134 4454 3485 4507 testamento
3540 4446 3635 4501 illo
3678 4437 3819 4504 dixit,

2208 4548 2357 4619 quod
2394 4549 2687 4599 vetustum
2719 4547 2844 4597 est:
2880 4542 3035 4613 quod
3066 4545 3261 4595 autem
3293 4536 3616 4603 veterascit,
3662 4535 3715 4585 et
3740 4541 3819 4581 se-

444 4652 581 4708 ergo
596 4635 795 4690 sedere
812 4633 1050 4703 signum
1068 4633 1177 4696 est,
1204 4628 1330 4682 utei
1356 4626 1742 4682 ministretur.
1764 4629 1846 4684 llli
1881 4633 2098 4688 multas
2128 4644 2173 4707 υ
2207 4636 2410 4704 nescit,
2444 4633 2771 4705 proximum
2806 4637 2895 4685 est
2943 4628 3227 4684 interitui.
3288 4632 3404 4682 Hoc
3433 4622 3818 4681 testamentum
3874 4688 3881 4695 ὓ

444 4724 670 4781 hostias
694 4718 956 4793 quotidie
1000 4716 1316 4781 offerendo,
1371 4732 1484 4770 non
1534 4721 1850 4787 potuerunt
1874 4722 2101 4779 auferre

449 4816 704 4885 peccata.
732 4809 837 4863 Hic
862 4811 1059 4861 autem
1078 4803 1459 4876 semetipsum
1488 4821 1592 4877 pro
1614 4806 1781 4863 nobis
1803 4810 2097 4879 obtulit,in

452 4897 884 4969 sempiternum
911 4893 1061 4949 sedit
1089 4892 1148 4947 in
1184 4892 1416 4949 dextera
1461 4894 1579 4950 Dei.
1635 4896 1843 4953 Sedere
1873 4899 1931 4953 in
1965 4902 2100 4956 dex-

450 4990 596 5051 tera,
645 4982 943 5056 judicium
995 4999 1170 5037 suum
1237 4982 1621 5038 demonstrat.
1683 5009 1708 5035 ‹‹
1768 4986 1847 5042 De
1899 4993 2101 5043 caetero

452 5078 821 5146 exspectans.
877 5073 999 5137 Qua
1048 5088 1225 5126 causa
1281 5071 1395 5127 ista
1442 5072 1689 5128 dilatio?
1719 5074 1789 5129 Ut
1811 5082 2105 5146 ponantur

452 5160 677 5219 inimici
691 5161 821 5231 ejus
835 5158 1155 5216 scabellum
1177 5160 1391 5231 pedum
1414 5161 1562 5231 ejus.
1582 5161 1802 5215 Inimici
1823 5165 1951 5232 ejus
1968 5172 2106 5220 sunt

452 5250 661 5320 Judaei,
694 5254 752 5305 et
780 5249 1053 5318 haeretici,
1079 5250 1165 5305 vel
1194 5249 1703 5320 omnesinﬁdeles,
1728 5251 1826 5321 qui
1850 5255 2103 5322 ponendi

455 5343 596 5399 sunt
625 5340 735 5393 sub
757 5343 1046 5412 potestate
1068 5339 1248 5393 illius.
1276 5339 1379 5391 Hic
1403 5337 1787 5405 nimietatem,
1812 5345 1869 5393 et
1897 5347 2103 5411 poten-

454 5426 596 5481 tiam
615 5427 995 5496 subiectionis
1018 5424 2102 5498 significans,nondixit,subjiciantur,

526 5550 709 5692 £1431)
744 5553 944 5623 rlptius
978 5550 1223 5627 fortasse
1251 5547 1360 5617 legi
1392 5545 1684 5602 videretur
1708 5559 1929 5617 praeter.

558 5623 708 5689 1432)
744 5630 821 5677 En
854 5621 1009 5692 quod
1039 5634 1291 5673 maxume
1335 5619 1542 5692 probat
1588 5621 1744 5687 quod
1793 5625 1929 5692 paul

558 5623 708 5689 1432)
744 5617 821 5677 Eii
854 5621 1009 5692 quod
1039 5617 1291 5673 maxime
1335 5619 1542 5692 probat
1588 5621 1744 5687 quod
1793 5625 1976 5692 paulo
2003 5641 2100 5679 su-

455 5688 653 5763 perius
682 5688 958 5747 diximus.
982 5689 1111 5744 loco
1137 5688 1355 5760 promer
1385 5689 1735 5756 voluntatem,
1791 5688 2099 5761 legendum

2210 4740 2449 4792 novum,
2482 4720 2883 4776 remissionem
2909 4722 3275 4791 peccatorum
3307 4715 3552 4780 habens,
3582 4705 3715 4765 illud
3733 4717 3818 4792 atl-

2214 4820 2327 4869 tem
2353 4789 2500 4867 nihil
2522 4808 2864 4880 hujusmodi
2893 4789 3087 4873 {nihil
3113 4805 3268 4861 enim
3297 4802 3538 4877 perfecit
3566 4800 3650 4854 lex
3664 4789 3817 4880 (Ibid?

2214 4903 2320 4967 19).
2352 4899 2495 4954 Illud
2527 4874 2762 4969 quidem
2797 4896 3143 4967 sanguinem
3176 4874 3495 4959 hircorum,
3545 4902 3654 4941 non

2212 4991 2287 5046 sti
2308 4967 2559 5044 habebat
2583 5005 2595 5053 ;
2629 4987 2738 5042 hoc
2759 4991 2976 5051 autem,
3000 4982 3301 5055 proprium
3329 4976 3670 5051 sanguinem
3688 4967 3821 5023 Chri-

2213 5077 2458 5135 sti.lllud
2476 5077 2711 5147 quidem
2727 5073 3125 5128 manufactum
3150 5069 3401 5125 habebat
3414 5056 3820 5147 tabernaculutn

2213 5168 2320 5222 hoc
2344 5172 2537 5222 autem
2575 5181 2688 5219 non
2723 5164 3122 5217 manufaclum
3155 5178 3167 5228 ;
3203 5175 3316 5213 non
3348 5155 3524 5219 enim,
3553 5146 3746 5221 inquit.
3771 5138 3819 5193 in

2214 5256 2567 5309 manufactis
2598 5252 2816 5307 sanctis
2874 5254 3046 5305 Jesus
3077 5246 3338 5303 introivit
3395 5243 3581 5317 (Hebr.
3630 5252 3700 5305 IX,
3727 5228 3817 5295 2-5)-

2212 5343 2491 5405 Quoniam
2529 5341 2707 5414 igitur
2737 5344 2945 5394 cuncta
3001 5337 3103 5391 illa
3153 5335 3381 5389 minora
3422 5327 3689 5390 affirmat,
3719 5318 3817 5414 δεξο

2212 5402 2407 5485 autem
2440 5402 2681 5500 majora;
2707 5432 3029 5499 propterea,
3062 5424 3273 5494 inquit,
3304 5420 3434 5493 plus
3452 5416 3725 5474 habemus
3762 5402 3816 5456 ίῖ·

2210 5559 2413 5623 praeter
2439 5554 2792 5623 voluntatem.

2283 5599 2815 5696 i‘1‘i33)’ifdi§f,"h'{c
2837 5623 3021 5675 autem
3072 5633 3240 5673 unam
3288 5630 3391 5688 pro
3426 5608 3678 5685 peccatis,
3720 5599 3814 5653 etc.
