3966 6210
204 361 341 423 789

779 356 1194 419 EXPOSITIO
1238 355 1316 415 IN
1364 353 1789 416 EPISTOLAS
1833 350 2093 413 PAULI.
2124 384 2199 395 --
2226 351 2303 411 IN
2348 350 2592 411 EPIST.
2644 350 2747 410 AD
2792 346 3027 407 HEBR.

3518 345 3637 404 790

209 495 461 552 duciam
496 508 601 565 per
631 490 977 561 sanguinem
1008 489 1539 557 Christimundari,
1565 504 1740 560 quam
1772 486 1878 549 illi,
1910 487 1962 551 Α
1994 486 2371 540 mundamur.
2406 485 2550 548 Quid
2584 486 2672 537 est
2701 483 2882 547 enim,
2915 479 3261 535 accedamus
3288 492 3421 531 cum
3446 474 3631 529 veraci

214 586 327 657 qui
358 580 676 638 carnaliter
705 580 927 634 hostias
959 578 1300 633 offerebant.
1339 580 1395 632 In
1446 582 1672 631 tantum
1724 577 1879 631 enim

210 675 511 743 majorem
546 670 826 724 fiduciam
877 668 1185 731 habemus,
1239 666 1298 720 in
1348 672 1633 738 quantum
1694 665 1879 735 magis

212 761 559 818 cohaeredes
576 756 763 811 etfecti
788 760 1080 820 sumus,et
1098 760 1259 808 tanta
1281 754 1587 810 dilectione
1608 754 1878 821 fruimur,

214 852 538 906 lntroitum
573 850 939 911 sanctorum,
973 845 1125 914 quod
1160 845 1323 909 dicit,
1357 844 1592 911 cmlum,
1628 845 1746 898 sive
1778 860 1877 897 ac-

211 955 460 995 cessum
496 937 568 991 ad
602 934 893 1005 spiritalia
926 932 1250 1002 intelligere
1308 934 1610 987 debemus.
1674 931 1880 987 Nullus

212 1029 383 1085 enim
418 1027 488 1080 ad
520 1026 674 1079 dona
704 1023 959 1093 Spiritus
983 1021 1165 1076 sancti
1189 1022 1485 1091 pervenire
1509 1020 1741 1085 valebit,
1768 1020 1877 1074 nisi

212 1135 331 1189 per
360 1116 560 1170 ﬁdem.
589 1135 617 1162 «
641 1114 824 1177 Quam
858 1110 1131 1176 initiavit,
1169 1111 1381 1181 inquit,
1404 1110 1556 1164 viam
1584 1126 1826 1164 novam:
1851 1129 1877 1161 ι

210 1206 339 1260 hoc
361 1210 471 1270 est,
504 1201 738 1257 initium
758 1199 956 1255 utendi
982 1198 1161 1253 dedit.
1179 1200 1344 1252 Viam
1372 1215 1580 1253 novam
1603 1199 1759 1264 dicit,
1782 1216 1884 1269 per

216 1310 415 1364 quem
440 1292 561 1363 ipse
590 1289 858 1361 perrexit,
892 1288 1203 1342 tribuendo
1228 1286 1395 1341 nobis
1418 1286 1745 1357 exemplum
1772 1287 1879 1341 hu-

222 1382 543 1438 militatis:
578 1396 690 1433 non
722 1378 887 1448 sequi
921 1377 1296 1431 cmremonias
1327 1375 1491 1447 legis,
1520 1377 1619 1430 sed
1645 1376 1878 1430 satisfa—

219 1470 487 1525 ctionem
520 1466 664 1538 spei.
702 1465 951 1519 Dicendo
985 1468 1199 1530 autem,
1234 1486 1259 1511 ‹‹
1298 1480 1527 1527 novam,
1562 1486 1581 1509 »
1636 1469 1881 1518 conatur

219 1558 539 1613 ostendere
598 1560 809 1609 cuncta
862 1554 1087 1623 majora
1138 1569 1245 1607 nos
1304 1552 1537 1611 habere.
1588 1552 1878 1622 siquidem

220 1664 390 1703 nunc
416 1649 627 1717 apertas
663 1648 803 1698 sunt
820 1648 997 1714 portae
1019 1641 1144 1696 εωὶί
1170 1642 1351 1712 :quod
1380 1658 1565 1712 neque
1587 1642 1877 1696 Abraham

222 1736 497 1807 contigit.
540 1734 648 1789 Sed
680 1733 965 1787 viventem
998 1730 1099 1785 illa
1125 1731 1368 1796 vocavit,
1403 1730 1512 1785 hoc
1543 1734 1632 1785 est
1689 1731 1877 1801 perfe—

226 1831 415 1892 ctam,
441 1827 880 1896 permanentem
910 1837 1011 1892 per
1033 1819 1294 1875 velamen
1317 1820 1586 1889 (1ο13ι1),ἱ(1
1610 1825 1715 1883 est,
1749 1837 1876 1874 car-
1910 1854 1956 1917 Β

223 1932 368 1970 nem
403 1930 595 1969 suam.
630 1912 760 1965 Haec
804 1910 1017 1981 quippe
1058 1925 1189 1965 caro
1240 1910 1454 1963 secavit
1497 1909 1684 1980 primo
1727 1908 1879 1963 viam

219 2005 413 2060 illam.
449 2004 578 2074 Ipse
610 2005 806 2055 autem
841 1998 1129 2054 dedicavit
1157 2015 1306 2054 eam.
1342 1998 1639 2053 Dedicavit
1686 2001 1881 2052 autem

219 2093 389 2148 illam
421 2092 531 2146 hac
562 2089 822 2144 ratione:
856 2087 1133 2159 quoniam
1169 2088 1293 2158 ipse
1322 2086 1380 2141 in
1443 2104 1571 2142 eam
1606 2086 1875 2157 perrexit.

222 2180 642 2236 Velamentum
673 2182 868 2232 autem
897 2174 1104 2230 merito
1134 2176 1375 2243 vocavit,
1397 2175 1534 2246 quia
1566 2175 1710 2230 celat
1732 2176 1879 2229 divi-

225 2272 474 2326 nitatem
510 2285 523 2323 :
558 2284 690 2322 cum
726 2265 881 2320 enim
913 2264 1172 2319 elevatus
1203 2268 1291 2319 est
1340 2264 1399 2317 in
1457 2264 1687 2331 ccelum,
1746 2268 1880 2318 tunc

226 2360 635 2430 apparuerunt
665 2354 940 2410 caelestia.

312 2470 340 2496 ‹‹
376 2446 728 2500 Accedamus
782 2460 917 2497 cum
976 2458 1109 2496 vero
1168 2442 1339 2496 corde
1394 2442 1450 2495 in
1510 2441 1879 2512 plenitudine

232 2536 402 2600 fidei,
436 2534 657 2605 aspersi
715 2532 891 2587 corda
940 2549 973 2585 a
1026 2530 1382 2585 conscientia
1442 2530 1617 2595 mala,
1669 2536 1726 2585 et
1778 2530 1876 2585 ab-

224 2625 341 2680 luti
403 2639 613 2693 corpus
671 2637 823 2691 aqua
881 2620 1122 2689 munda,
1190 2623 1493 2674 teneamus
1567 2620 1690 2690 spei
1770 2636 1877 2673 no-

226 2720 365 2769 stra:
425 2710 853 2766 confessionem
914 2708 1387 2763 indeclinabilem
1450 2708 1660 2775 (ﬁdelis
1719 2708 1874 2763 enim

224 2806 319 2859 est
341 2801 443 2874 qui
464 2798 839 2871 repromisit),
864 2802 920 2852 et
943 2797 1380 2851 consideremus
1402 2796 1647 2851 invicem
1670 2798 1726 2851 in
1753 2814 1877 2868 pro-

224 2890 533 2947 vocatione
560 2886 884 2953 charitatis,
915 2889 972 2941 et
999 2886 1283 2941 bonorum
1312 2902 1574 2957 operum.
1604 2908 1631 2933 »
1668 2887 1727 2939 In
1761 2902 1877 2956 quo

227 2977 625 3036 accedamus?
646 2976 960 3030 Sanctitate
991 2975 1146 3040 ﬁdei,
1179 2974 1430 3045 spiritali
1456 2974 1683 3029 cultura
1707 2975 1764 3028 in
1787 2989 1878 3029 ve-

226 3068 349 3124 raci
382 3067 577 3131 corde,
610 3065 670 3119 in
701 3064 1063 3135 plenitudine
1092 3063 1247 3130 fidei,
1283 3063 1419 3133 quia
1451 3062 1591 3116 nihil
1625 3069 1712 3117 est
1740 3063 1877 3116 visi-

227 3157 346 3213 bile
376 3157 614 3224 horum,
652 3169 840 3224 neque
872 3152 1163 3221 sacerdos,
1195 3153 1346 3206 sicut
1388 3152 1442 3205 in
1494 3153 1670 3206 veteri
1729 3152 1876 3221 lege,

1992 576 2161 629 corde
2185 575 2211 627 ‘I
2243 575 2357 627 Hoc
2390 578 2497 640 est,
2527 573 2653 627 sine
2684 569 3080 625 simulatione.
3118 568 3205 621 Vas
3238 566 3393 619 enim
3427 579 3627 634 pecca-

1992 665 2097 717 tori
2128 663 2470 733 ingredienti
2498 662 2726 716 duabus
2747 660 2872 713 viis.
2898 658 3051 712 Nihil
3078 655 3390 725 sit,inquit,
3420 654 3628 707 falsum

1991 753 2049 808 in
2081 754 2263 807 vobis.
2302 753 2423 805 Non
2458 751 2571 805 alia
2604 751 2837 821 quidem
2872 747 3158 808 dicamus,
3184 744 3298 797 alia
3320 759 3453 795 vera
3474 742 3628 811 cogi-

1989 849 2200 897 temus.
2236 846 2351 895 Hoc
2383 846 2469 894 est
2499 840 2673 893 etiam
2706 855 2821 891 non
2876 837 2993 889 veri
3049 833 3261 889 cordis.
3308 836 3425 884 lloc
3473 830 3629 884 enim

1993 931 2359 985 mendacium
2379 923 3358 999 nequissimum,pusillanimisest;
3378 938 3488 973 non
3510 935 3630 973 cre-

1990 1022 2178 1074 dendo
2207 1020 2361 1073 enim
2397 1016 2852 1089 pusillanimitas
2884 1013 3149 1066 efficitur.
3188 1011 3303 1063 Iioc
3335 1014 3423 1063 est
3450 1007 3627 1072 enim,

1991 1126 2091 1179 per
2122 1110 2295 1162 tidem
2328 1122 2631 1177 aspergere
2662 1104 2857 1158 corda.
2902 1124 2928 1149 ‹‹
2956 1100 3166 1155 Fidelis
3199 1101 3353 1153 enim
3387 1103 3471 1151 est
3528 1095 3629 1166 qui

1990 1197 2321 1269 repromisit
2349 1214 2360 1250 :
2395 1201 2451 1249 et
2482 1194 2919 1248 consideremus
2951 1190 3194 1244 invicem
3238 1188 3295 1241 in
3358 1201 3633 1258 provoca-

1990 1288 2144 1340 tione
2178 1283 2481 1338 charitatis
2514 1283 2869 1336 etbonorum
2895 1296 3156 1349 operum.
3186 1300 3211 1325 ››
3238 1275 3468 1341 Fidelis,
3496 1274 3635 1344 quia

1991 1391 2103 1429 non
2137 1373 2324 1438 fallit;
2362 1372 2515 1425 unde
2546 1370 2605 1423 in
2653 1369 2763 1423 alio
2815 1368 2935 1422 loco
2977 1366 3151 1420 dicit:
3215 1362 3485 1417 «Fidelis
3544 1366 3634 1416 est

1992 1468 2161 1524 Deus,
2189 1478 2290 1532 per
2313 1477 2487 1531 quem
2510 1458 2692 1513 vocati
2720 1457 2860 1512 estis
2908 1458 2949 1523 (1
2980 1456 3099 1508 Cor.
3155 1472 3190 1513 1,
3232 1454 3294 1517 9;
3350 1452 3525 1505 Thess.
3575 1468 3627 1515 v,

1988 1553 2097 1619 2i).
2129 1574 2153 1597 n
2186 1549 2473 1615 Quoniam
2505 1550 2729 1618 oportet
2760 1546 2842 1599 ire
2875 1544 3033 1609 illuc,
3065 1548 3120 1597 et
3170 1541 3387 1595 intrare
3432 1541 3489 1593 in
3544 1555 3629 1592 re-

1990 1656 2191 1710 gnum.
2225 1638 2379 1693 Nihil
2402 1637 2583 1707 igitur
2604 1634 2903 1697 seruteris,
2930 1647 3118 1701 neque
3150 1631 3402 1685 rationes
3424 1644 3628 1697 exspe-

1988 1732 2141 1793 ctes;
2168 1729 2279 1781 fide
2310 1743 2456 1797 opus
2490 1726 2704 1779 habent
2734 1728 2941 1775 nostrze
2974 1737 3162 1774 causae
3189 1738 3200 1773 :

2062 1838 2089 1865 ‹‹
2126 1817 2570 1871 Consideremus
2602 1813 2845 1866 invicem
2871 1811 2926 1863 in
2953 1808 3358 1880 provocatione
3380 1805 3629 1859 charita-

1990 1906 2088 1960 tis.
2119 1929 2146 1955 »
2168 1905 2314 1969 Quid
2338 1908 2444 1971 est,
2470 1899 2945 1956 consideremus?
2983 1898 3038 1951 ld
3096 1901 3184 1951 est
3234 1894 3631 1964 intelligamus

1992 1996 2146 2068 quod
2178 1996 2235 2048 in
2262 1992 2614 2064 quibusdam
2639 1987 3032 2043 codicibusita
3055 1985 3287 2055 legitur.
3313 1985 3387 2036 Ac
3413 1983 3461 2035 si
3487 1981 3633 2034 dice-

1992 2090 2115 2140 ret:
2152 2083 2459 2154 Siquisest
2482 2080 2696 2133 virtute
2732 2077 3026 2148 prreditus,
3064 2074 3216 2127 hunc
3257 2071 3546 2134 imitetur;
3573 2070 3628 2121 in

1990 2190 2123 2230 eum
2157 2172 2552 2231 intendamus,
2588 2166 2975 2237 utdiligamus
2992 2169 3047 2216 et
3067 2161 3424 2231 deligantur;
3449 2175 3515 2212 ex
3538 2158 3630 2211 di-

1992 2262 2232 2317 lectione
2256 2260 2469 2330 quippe
2496 2259 2646 2311 hona
2663 2272 2837 2325 opera
2858 2254 3024 2306 fiunt.
3046 2250 3189 2313 Quid
3206 2255 3314 2312 est,
3332 2248 3401 2301 ad
3428 2263 3629 2318 provo-

1990 2352 2276 2406 cationem
2302 2346 2600 2401 charitatis
2618 2346 2644 2398 ‘?
2665 2342 2932 2413 Amplius
2955 2340 3193 2409 diligare
3218 2342 3273 2390 et
3304 2335 3485 2405 diligi.
3511 2358 3536 2382 ‹‹
3564 2335 3632 2387 Et

1990 2442 2274 2495 bonorum
2295 2451 2593 2507 operumzn
2620 2438 2683 2486 ut
2706 2432 2759 2484 in
2781 2431 2888 2485 hoc
2905 2430 3157 2483 habeant
3174 2423 3625 2478 :rmulationem.

1990 2530 2196 2585 Facere
2218 2526 2375 2582 enim
2395 2540 2571 2595 quam
2591 2517 3044 2587 dicere,majoris
3057 2513 3287 2568 virtutis
3300 2516 3408 2567 est.
3435 2514 3629 2575 Quan-

1987 2624 2113 2673 tum
2136 2617 2206 2671 ad
2231 2614 2550 2669 doctrinam
2569 2607 3055 2681 pertinet,multos
3078 2603 3304 2659 habetis
3327 2601 3502 2657 etiam
3523 2616 3627 2653 vos

1988 2709 2253 2762 doctores
2283 2703 2342 2757 in
2374 2706 2563 2756 vestra
2594 2698 2969 2753 multitudine
3005 2710 3104 2765 per
3129 2708 3303 2764 Opera
3332 2690 3460 2761 ipsa
3516 2688 3625 2743 hoc

1987 2795 2286 2851 facientes.

2059 2908 2085 2934 «
2118 2884 2240 2938 Non
2271 2883 2608 2937 deserentes
2631 2876 3031 2933 collectionem
3052 2876 3334 2939 nostram,
3361 2868 3514 2923 sicut
3540 2871 3630 2920 est

1988 2968 2431 3028 consuetudinis
2457 2966 2839 3038 quibusdam,
2867 2962 2965 3015 sed
2985 2958 3376 3023 consolantes,
3402 2960 3459 3010 et
3482 2958 3640 3007 tanto

1988 3062 2200 3131 magis,
2234 3062 2456 3129 quanto
2487 3054 2749 3109 videritis
2783 3050 3350 3121 appropinquantem
3404 3045 3579 3097 diem.
3610 3065 3636 3090 »

1991 3152 2236 3221 Aliquos
2268 3151 2323 3201 in
2361 3147 2469 3200 hoc
2495 3144 2620 3198 loco
2646 3159 2758 3195 non
2777 3139 2966 3193 solum
2984 3136 3310 3197 admonuit,
3339 3134 3435 3187 sed
3463 3131 3639 3184 etiam

231 3261 572 3319 quanquam
590 3260 695 3298 nec
714 3243 985 3297 sacerdos
1004 3242 1305 3313 ingressus
1326 3247 1414 3294 est
1433 3240 1490 3295 in
1510 3246 1731 3295 sancta.
1769 3220 1877 3295 Sed
1911 3220 1953 3285 (ἶ
1991 3220 2163 3294 tacite
2191 3236 2467 3306 culpavit.
2504 3230 2768 3285 Charitas
2795 3228 3254 3280 incrementatur
3278 3238 3378 3291 per
3398 3235 3642 3288 congre-

230 3336 408 3392 etiam
429 3333 569 3405 quia
586 3349 692 3386 nos
716 3329 1464 3399 intravimus,proptereain
1486 3328 1881 3383 satisfactione

232 3424 365 3480 ﬁdei
397 3441 410 3491 ;
445 3438 559 3477 non
593 3436 727 3475 cum
763 3418 1127 3473 haesitatione
1157 3416 1383 3487 (quales
1411 3422 1549 3470 sunt
1573 3434 1726 3470 nunc
1748 3415 1879 3486 plu-

233 3513 369 3569 rimi
404 3513 685 3579 dicentes,
721 3508 999 3579 quoniam
1034 3506 1422 3577 quorumdam
1470 3505 1578 3559 erit
1624 3521 1880 3559 resurre-

232 3602 371 3668 ctio,
408 3598 802 3671 quorumdam
838 3599 1033 3650 autem
1066 3594 1203 3664 non)
1234 3594 1344 3648 hoc
1395 3599 1503 3661 est,
1554 3612 1667 3648 non
1726 3594 1879 3663 ﬁdei,

232 3690 431 3761 inquit
457 3714 472 3757 ;
504 3688 587 3743 sic
618 3703 724 3741 nos
754 3689 983 3756 oportet
1013 3684 1244 3738 credere
1275 3683 1345 3737 de
1378 3682 1794 3747 invisibilibus,
1827 3688 1883 3735 et

234 3780 432 3835 adhuc
454 3775 733 3848 amplius.
758 3774 861 3828 Hic
883 3773 1119 3842 quidem
1154 3762 1328 3827 sensu
1353 3771 1740 3843 percipimus:
1768 3770 1884 3824 illic

235 3872 433 3923 autem
458 3864 694 3936 spiritu.
722 3886 749 3913 ‹‹
771 3862 1006 3934 Aspersi
1039 3862 1257 3915 cordaa
1279 3860 1633 3915 conscientia
1655 3860 1825 3915 mala.
1857 3884 1882 3909 ››

235 3954 509 4012 Ostendit
539 3953 680 4024 quia
704 3968 820 4007 non
850 3950 994 4005 fides
1012 3948 1155 4017 sola,
1172 3950 1271 4003 sed
1286 3949 1460 4004 etiam
1486 3950 1600 4003 vita
1620 3965 1751 4003 cum
1767 3950 1881 4005 vir-

234 4051 360 4101 tute
392 4044 697 4115 quaeritur,
730 4045 787 4095 et
815 4044 880 4094 ut
909 4038 1053 4093 nihil
1086 4037 1197 4092 sibi
1230 4038 1479 4108 quisque
1509 4039 1777 4093 conscius
1809 4039 1887 4093 sit

240 4129 781 4204 malignitatis.Non
815 4127 968 4183 enim
1004 4126 1342 4197 suscipiunt
1369 4143 1501 4181 cum
1524 4127 1887 4197 plenitudine

237 4221 374 4278 ﬁdei
405 4224 613 4276 sancta
642 4216 703 4287 ii,
738 4216 839 4286 qui
874 4232 986 4271 non
1006 4215 1088 4270 ita
1112 4214 1467 4269 afficiuntur.
1500 4215 1706 4271 Nullus
1730 4216 1885 4270 enim

244 4309 683 4381 ingrediebatur
704 4306 763 4359 in
788 4308 1011 4369 sancta,
1036 4304 1085 4358 si
1106 4302 1261 4357 lotus
1286 4320 1399 4358 non
1424 4304 1648 4358 fuisset.
1672 4306 1739 4359 Et
1764 4304 1889 4360 nul-
1916 4348 1917 4351 η

244 4400 337 4454 lus
360 4398 645 4470 profanus
666 4392 1065 4466 ingrediturin
1088 4391 1247 4446 illam
1271 4390 1559 4447 caelestem
1580 4393 1887 4457 visionem,

248 4488 360 4543 nisi
392 4486 560 4557 prius
594 4501 697 4556 per
727 4481 1128 4555 pmnitentiam
1161 4480 1316 4535 lotus
1350 4480 1540 4534 fuerit.
1577 4480 1659 4533 Illi
1695 4486 1886 4535 autem

1991 3329 2321 3398 gationem;
2358 3324 2511 3375 unde
2544 3318 2827 3372 Dominus
2850 3314 2959 3367 ait:
2988 3336 3012 3361 (ι
3036 3312 3139 3365 Ubi
3168 3309 3383 3363 fuerint
3409 3308 3523 3359 duo
3546 3307 3634 3359 vel

1994 3395 2112 3471 tres
2143 3410 2475 3483 congregati
2512 3408 2569 3459 in
2602 3403 2835 3459 nomine
2872 3417 3020 3465 meo,
3053 3398 3131 3452 ibi
3166 3414 3297 3451 sum
3331 3397 3387 3449 in
3442 3395 3634 3448 medio

1992 3521 2192 3561 eorum
2219 3499 2428 3572 (Matth.
2455 3513 2617 3557 xviii,
2648 3496 2774 3559 20);
2806 3514 2829 3535 ι›
2854 3496 2909 3543 ct
2933 3487 3305 3541 Ecclesiastes
3332 3501 3343 3540 :
3389 3484 3636 3537 «Frater

1993 3594 2210 3665 quippe
2241 3607 2274 3643 a
2307 3589 2479 3641 fratre
2498 3584 2758 3653 adjutus,
2789 3578 2953 3650 quasi
2981 3577 3182 3631 civitas
3206 3573 3432 3628 munita
3452 3574 3635 3639 (Prov.

1992 3662 2152 3749 avni,
2182 3680 2288 3749 19).
2319 3675 2633 3745 nMagnum
2662 3669 2876 3740 quippe
2900 3668 3113 3721 bonum
3139 3669 3227 3719 est
3248 3662 3639 3734 congregatio.

1996 3772 2187 3843 Ipsam
2214 3780 2467 3834 namque
2485 3760 2824 3817 charitatem
2842 3762 3117 3827 operatur
3132 3753 3529 3808 ferventiorem
3554 3766 3643 3817 gex

1995 3840 2063 3915 ea
2083 3861 2295 3913 cuncta
2318 3853 2541 3925 optima
2564 3852 2935 3921 generantur.
2959 3844 3111 3897 Nihil
3142 3858 3395 3913 namque
3417 3840 3637 3893 bonum

1996 3952 2105 4013 est,
2125 3946 2280 4017 quod
2310 3960 2419 3998 non
2442 3956 2543 4011 per
2564 3938 2905 3993 charitatem
2930 3936 3011 3986 tit.
3032 3934 3209 3985 Istam
3232 3932 3410 4001 igitur
3429 3927 3639 3982 confir-

1994 4015 2498 4093 mem—usinvicem.
2528 4026 2833 4080 Plenitudo
2859 4022 3003 4091 legis
3028 4020 3304 4074 Charitas.
3329 4018 3454 4070 Non
3480 4015 3632 4068 enim

1998 4126 2194 4180 labore
2217 4137 2365 4193 opus
2387 4118 2804 4183 habemus,aut
2827 4110 3163 4165 sudoribus.
3189 4106 3247 4161 Si
3266 4103 3643 4159 dilexerimus

1998 4191 2271 4274 invicem,
2289 4209 2613 4279 spontanea
2631 4200 2802 4254 nobis
2827 4199 2919 4251 via
2938 4196 3326 4267 prosternitur
3340 4194 3560 4245 ducens
3575 4191 3645 4243 ad

1999 4304 2295 4356 virtutem.
2320 4278 2901 4365 Appropinquantem
2928 4285 3105 4352 diem,
3135 4284 3287 4353 quod
3312 4282 3475 4342 dicit,
3499 4278 3645 4331 illud

2000 4395 2107 4455 est,
2125 4388 2279 4459 quod
2296 4386 2352 4439 in
2372 4382 2483 4438 alio
2498 4380 2620 4433 loco
2636 4378 2789 4430 idem
2805 4370 3300 4444 Apostolusdicit:
3324 4392 3343 4415 ιι
3362 4366 3645 4422 Dominus

2000 4458 2177 4553 prope
2199 4470 2461 4539 est,nihil
2480 4466 2723 4524 sollicite
2743 4464 2873 4519 sitis
2892 4462 3239 4531 (th'lz'pp.1v,
3254 4460 3307 4512 5.
3331 4458 3385 4524 6)
3405 4474 3417 4523 ;
3437 4478 3463 4504 ››
3487 4471 3643 4510 nunc

248 4546 462 4647 corpus
492 4546 901 4644 aspergebant,
925 4586 1032 4625 nos
1062 4568 1501 4624 conscientiam.
1535 4571 1721 4633 Quare
1778 4586 1892 4625 non
1926 4582 1971 4646 Ι)
2001 4546 2196 4623 autem
2232 4562 2596 4637 propinquus
2624 4554 2794 4610 nobis
2825 4557 2912 4607 est
2934 4551 3117 4621 (1436)
3143 4567 3155 4616 ;
3180 4546 3385 4602 salutis
3414 4549 3647 4613 tempUs

249 4661 719 4729 dixit,mundati,
745 4664 801 4715 et
831 4658 1054 4730 aspersi
1073 4657 1508 4713 ‘IDitferentiam
1534 4658 1892 4728 aspersionis

250 4752 457 4806 volens
487 4750 804 4819 ostendere,
839 4748 967 4802 ideo
995 4746 1255 4818 protulit,
1311 4769 1331 4796 ι
1368 4746 1662 4817 aspersi.»
1719 4747 1883 4801 Aliud

251 4839 491 4913 quidem
524 4855 650 4894 esse
676 4837 816 4903 Dei;
853 4835 1012 4891 aliud
1072 4840 1266 4891 autem
1308 4841 1593 4890 nostrum.
1649 4836 1895 4894 Abluere

248 4931 489 5003 quippe,
520 4932 577 4982 et
608 4942 939 4997 aspergere,
971 4925 1070 4978 Dei
1104 4930 1192 4979 est
1218 4942 1231 4992 ;
1260 4941 1391 4979 cum
1422 4927 1662 4980 veritate
1701 4932 1894 4981 autem

250 5019 546 5084 recedere,
581 5021 639 5071 et
669 5013 1030 5085 plenitudine
1055 5013 1207 5079 fidei,
1237 5030 1365 5067 cum
1391 5014 1577 5085 gratia
1614 5014 1773 5069 illius
1804 5032 1899 5069 n0-

246 5114 439 5164 strum
472 5110 582 5162 est.
644 5126 673 5153 ‹‹
707 5103 779 5156 Et
837 5100 1107 5172 abluti,»
1158 5101 1370 5173 inquit,
1424 5119 1694 5173 «corpus
1747 5120 1901 5172 aqua

244 5198 489 5254 munda.
519 5216 547 5243 »
571 5193 889 5248 Lavacrum
916 5189 1287 5261 baptismatis
1322 5190 1380 5243 in
1405 5190 1515 5244 hoc
1565 5190 1689 5245 loco
1720 5190 1898 5256 dicit;

244 5288 383 5358 quia
413 5285 562 5341 foris
592 5281 866 5337 lavamur
894 5294 1067 5349 aqua,
1098 5277 1257 5333 intus
1287 5294 1419 5333 vero
1450 5278 1665 5349 Spiritu
1700 5283 1901 5333 sancto

310 5428 500 5502 (1434)
535 5426 604 5481 In
631 5419 764 5476 cod.
788 5419 870 5471 ita
888 5422 1210 5502 perceptam,
1232 5436 1332 5502 per
1357 5420 1667 5502 velameni‘
1700 5420 1904 5473 imme-

241 5491 389 5559 diate
411 5491 624 5556 autem
651 5505 837 5559 supra
862 5505 929 5543 ea
942 5491 1117 5544 verba
1135 5506 1232 5559 per
1250 5493 1513 5554 velamen,
1540 5491 1751 5561 legitur
1782 5505 1905 5559 pcr-

239 5564 873 5633 manentgmfortassc;
891 5562 1267 5633 transpositio
1288 5562 1595 5615 verborum
1619 5567 1904 5633 aptiorem

234 5630 483 5709 sensum
520 5634 832 5701 redderet,
862 5630 969 5686 hoc
998 5630 1199 5689 mede:
1245 5630 1679 5705 permanentem,
1723 5646 1906 5704 perce-

1998 4661 2120 4729 jam
2155 4652 2554 4709 abbreviatum
2586 4650 2676 4701 est
2714 4645 2887 4715 (Rom.
2926 4659 2998 4707 1x,
3026 4640 3136 4711 ‘35).

2072 4769 2099 4798 «
2134 4741 2471 4797 Voluntarie
2501 4738 2656 4791 enim
2687 4730 3063 4806 peccantibus
3111 4726 3281 4782 nobis
3312 4727 3443 4795 post
3485 4738 3645 4776 acce-

2010 4842 2168 4909 ptam
2194 4832 2458 4887 notitiam
2481 4824 2887 4893 veritatis,jam
2909 4837 3020 4875 non
3039 4815 3386 4887 relinquitur
3400 4830 3501 4884 pro
3520 4828 3650 4884 pec-

2007 4902 2152 4979 catis
2176 4920 2389 4975 hostia.
2419 4939 2445 4964 ››
2472 4917 2596 4969 Non
2618 4913 2772 4966 enim
2792 4914 2881 4965 est
2898 4908 3089 4963 hostia
3112 4904 3390 4961 secunda.
3410 4902 3511 4955 Hic
3543 4902 3652 4955 ite-

2010 5029 2137 5067 rum
2170 5022 2419 5076 exsurgu
2433 5008 2511 5071 nt,
2526 5020 2557 5071 q
2570 5003 2623 5054 ui
2641 4998 3039 5071 pmnitentiam
3056 4997 3347 5050 auferunt.
3364 4990 3647 5057 Quoniam

2010 5103 2066 5155 in
2092 5101 2199 5153 hoc
2221 5113 2335 5152 non
2360 5090 2759 5164 pmnitentiam
2793 5086 3065 5151 excludit,
3094 5080 3649 5153 nequepropitiatio-

2010 5204 2166 5253 nem,
2201 5200 2327 5253 qua:
2362 5182 2425 5232 tit
2452 5193 2553 5248 per
2576 5166 3534 5245 pmnitcntiam,nequerepellit,et
3556 5166 3655 5218 de-

2004 5276 2270 5348 jicitper
2299 5264 2760 5336 desperationem
2795 5260 3221 5327 delinquentes.
3256 5257 3381 5310 Non
3403 5253 3557 5308 enim
3577 5252 3657 5307 ita

2010 5424 2165 5487 plant
2183 5427 2282 5487 per
2302 5409 2574 5487 columen.
2650 5473 2660 5487 .
2685 5474 2695 5487 Ι
3033 5468 3039 5473 η

2086 5469 2266 5551 (1/435)
2302 5480 2465 5531 Rom.
2492 5492 2616 5535 xm,
2644 5473 2727 5535 it,
2752 5487 2902 5551 nunc
2949 5469 3095 5521 enim
3120 5470 3348 5537 propior
3368 5471 3445 5519 est
3468 5469 3657 5519 nostra

2015 5543 2193 5617 salus,
2224 5543 2387 5620 q'uam
2418 5563 2541 5601 cum
2568 5543 2931 5599 credidimus.
