3966 6210
355 313 471 376 791

1377 307 1713 370 ATTONIS
1756 301 2340 370 VERCELLENSIS
2386 302 2736 364 EPISCOPI

3654 303 3773 363 793

360 451 450 504 est
480 445 757 502 inimicus
788 442 995 499 salutis
1025 445 1254 498 nostris.
1289 441 1400 497 Sed
1432 442 1619 512 quid?
1667 438 2000 496 Secundum
2032 437 2086 502 Α
2120 438 2309 490 totum
2345 436 2656 492 aediﬁcium
2687 435 2987 491 subvertet
3015 448 3251 490 necesse
3281 437 3390 488 est.
3450 437 3774 506 Propterea

363 535 618 593 excludit
643 535 959 589 lavacrum.
995 533 1119 587 Non
1151 531 1306 587 enim
1339 531 1501 597 dixit,
1555 547 1666 584 non
1718 532 1805 583 est
1857 526 2008 581 ultra

364 623 724 698 paenitentia,
757 637 944 692 neque
975 621 1140 684 dixit,
1167 620 1319 674 ultra
1345 637 1457 674 non
1484 624 1572 674 est
1594 617 1880 685 remissio,
1907 616 2005 670 sed

365 713 580 778 hostia,
613 711 828 782 inquit,
861 727 976 765 non
999 715 1087 765 est
1111 728 1123 775 ;
1150 709 1258 764 hoc
1284 713 1390 775 est,
1418 725 1555 763 crux
1579 708 1731 762 ultra
1752 705 2010 761 secunda

367 820 484 860 non
514 806 621 857 est.
657 799 915 854 Hostiam
953 799 1170 870 quippe
1204 799 1351 852 hanc
1383 803 1564 852 vocat.
1601 797 1722 852 Una
1755 810 2010 864 namque

371 890 595 964 perﬁcit
625 889 684 943 in
719 892 1067 960 perpetuum
1091 903 1211 951 eos,
1244 888 1340 957 qui
1365 887 1808 941 sanctiﬁcantur
1829 883 2008 954 (Hebr.

369 981 558 1050 3,14).
582 979 706 1033 Non
728 976 884 1050 sicut
901 976 1177 1030 Judaicaa.
1211 975 1357 1030 lllud
1379 976 1533 1045 quod
1553 975 1608 1027 in
1628 974 1736 1028 hac
1761 970 2014 1044 Epistola

370 1067 470 1140 qui
501 1065 840 1138 diligentius
872 1069 1249 1137 pertractant,
1277 1065 1361 1118 sic
1393 1063 1750 1134 intelligunt,
1786 1067 1849 1116 ut
1899 1077 2011 1115 non

373 1158 444 1213 de
474 1155 758 1212 sacriﬁcio
790 1153 1165 1209 contribulati
1219 1170 1322 1224 per
1372 1147 1773 1223 paenitentiam
1824 1150 2015 1205 cordis

369 1244 774 1316 accipiendum
806 1243 883 1297 sit
908 1243 1062 1314 quod
1097 1242 1318 1296 dictum
1351 1246 1458 1306 est,
1515 1258 1627 1295 non
1674 1239 1863 1294 adhuc
1913 1255 2014 1309 pro

371 1333 625 1407 peccatis
657 1331 1010 1402 relinquitur
1039 1330 1394 1385 sacriﬁcium
1422 1347 1434 1396 ;
1468 1329 1570 1384 sed
1603 1329 1672 1382 de
1705 1327 2014 1391 sacriﬁcio,

371 1424 444 1478 do
467 1438 583 1494 quo
605 1419 1109 1490 tuncloquebatur
1131 1417 1463 1488 Apostolus,
1490 1418 1546 1470 id
1569 1422 1659 1471 est
1682 1416 2016 1471 holocausto

374 1509 686 1566 Dominicae
707 1507 1186 1580 passionis,quod
1211 1523 1276 1561 eo
1297 1512 1558 1576 tempore
1580 1507 1744 1560 offert
1768 1505 2018 1576 quisque

311 1579 324 1586 ~
375 1615 478 1672 pro
510 1579 783 1669 peccatis,
813 1612 929 1666 quo
952 1596 1214 1664 ejusdem
1241 1595 1534 1666 passionis
1557 1595 1668 1648 ﬁde
1693 1593 2014 1662 dedicatur,

375 1692 432 1743 et
447 1686 911 1742 Christianorum
927 1683 1184 1740 ﬁdelium
1205 1684 1440 1738 nomine
1462 1683 1791 1754 baptizatus
1806 1680 2016 1735 imbui-

375 1780 492 1832 tur.
523 1779 590 1830 Et
617 1774 727 1830 hoc
753 1774 1045 1844 signiﬁcat
1074 1772 1390 1844 Apostolus
1418 1859 1428 1869 .
1453 1789 1567 1826 non
1625 1787 1797 1842 posse
1853 1770 2016 1869 dein-
2052 1806 2097 1869 Β

375 1864 678 1938 ceps,dum
694 1861 1254 1933 peccaverit,iterum
1273 1859 1620 1932 baptizando
1635 1877 1708 1931 pu
1720 1859 2020 1930 rgari.Quo

374 1952 672 2009 intellectu
689 1968 802 2007 non
818 1950 1232 2006 intercluditur
1246 1949 1561 2021 paenitendi
1576 1948 1849 2004 locus.lta
1863 1966 2021 2015 sane,

377 2047 442 2098 ut
471 2057 592 2108 eos,
625 2040 724 2112 qui
757 2040 1017 2094 nondum
1050 2037 1324 2110 baptizati
1371 2043 1531 2108 sunt,
1594 2038 1852 2092 nondum
1903 2037 2022 2108 ple-

369 2143 504 2187 nam
528 2129 832 2185 scientiam
850 2127 1110 2183 veritatis
1133 2127 1520 2198 accepisse,ut
1541 2130 1598 2182 et
1614 2127 1740 2195 jam
1767 2126 2026 2198 baptiza-

367 2218 856 2288 tus,intelligatur
885 2216 1222 2288 (1436).Non
1247 2220 1442 2270 autem
1461 2216 1654 2270 omnis
1673 2216 2023 2287 baptizatus,

368 2309 544 2366 etiam
558 2305 1122 2363 scientiamveritatis
1137 2305 1326 2376 accepi
1339 2310 1620 2376 t,propter
1633 2305 2022 2374 quorumdam

369 2397 749 2470 posteriorem
779 2401 1134 2466 provectum,
1167 2394 1254 2448 vel
1288 2393 1682 2449 miserabilem
1719 2394 2019 2465 negligen-

373 2486 538 2541 tiam.
567 2485 634 2540 Et
651 2488 847 2538 tamen
882 2481 1025 2537 illud
1051 2481 1404 2537 sacriﬁcium
1427 2483 1498 2536 de
1518 2499 1630 2552 quo
1653 2481 2021 2553 loquebatur,

376 2575 436 2629 id
467 2578 575 2636 est,
598 2572 1006 2626 holocaustum
1032 2570 1279 2636 Domini,
1300 2571 1453 2640 quod
1475 2575 1614 2626 tunc
1633 2588 1734 2641 pro
1759 2588 2022 2642 unoquo-

376 2679 489 2735 que
504 2660 1340 2731 oﬂ‘erturquodammodo,cum
1356 2659 1484 2728 ejus
1500 2659 1734 2713 nomine
1748 2660 2020 2730 baptizan

377 2753 450 2806 do
473 2751 758 2821 signatur,
794 2749 1028 2816 iterum,
1048 2748 1094 2801 si
1124 2748 1660 2818 peccaverit,offerri
1679 2765 1791 2802 non
1812 2754 2019 2818 potest.

377 2841 502 2897 Non
527 2838 683 2893 enim
709 2841 955 2909 possunt
977 2837 1166 2891 denuo
1184 2836 1484 2907 baptizari,
1511 2836 1610 2908 qui
1635 2836 1811 2891 semel
1837 2838 2020 2909 bapti-

379 2928 489 2985 zati
509 2926 943 2998 sunt.quamvis
955 2925 1128 2980 etiam
1145 2925 1645 2996 postbaptismum
1663 2926 2019 2997 perignoran

374 3018 519 3073 tiam
552 3016 815 3071 veritatis
836 3014 1214 3086 peccaverint.
1236 3014 1416 3085 (1437)
1441 3015 1524 3069 lta
1544 3015 1628 3079 ﬁt,
1657 3020 1720 3068 ut
1743 3016 2018 3085 quoniam

377 3108 506 3162 sine
517 3105 809 3176 baptismo
828 3119 997 3158 nemo
1018 3106 1168 3158 recte
1181 3102 1393 3157 dicitur
1408 3102 1700 3173 accepisse
1714 3103 2014 3158 scientiam

2118 523 2226 580 hoc
2258 524 2399 578 dicit
2429 525 2704 588 Hebraeis,
2738 525 2876 595 quia
2905 541 2972 580 ex
2993 524 3148 579 Novo
3170 525 3552 579 Testamento
3577 523 3652 578 ad
3682 541 3770 579 sa-

2118 613 2439 668 cerdotium
2464 619 2628 668 vetus
2644 613 2966 668 declinasse
2987 612 3658 683 videbantur.«ldeoque
3680 629 3773 668 re-

2121 702 2438 765 mittentes,
2471 701 2681 774 inquit,
2731 702 2882 756 initii
2930 701 3146 758 Christi
3199 702 3467 772 verbum,
3520 702 3581 756 in
3635 719 3775 756 con-

2120 792 2574 845 summationem
2634 791 3042 862 respiciamus,
3096 808 3166 845 ne
3213 790 3427 846 iterum
3479 791 3778 861 jacientes

2123 880 2570 935 fundamentum
2603 881 2957 950 poenitentia)
2979 898 3012 935 a
3034 881 3282 935 mortuis
3303 880 3605 951 operibus,
3636 885 3698 935 et
3715 882 3781 934 ﬁ-

2123 969 2214 1023 dei
2234 968 2725 1032 inDeum,lavacri
2743 969 3444 1040 doctrinzeﬁmpositionis
3461 985 3781 1033 manuum,

2125 1057 2569 1111 resurrectionis
2602 1058 2779 1111 etiam
2811 1062 3200 1122 mortuorum,
3229 1062 3285 1112 et
3310 1057 3520 1127 judicii
3580 1057 3785 1112 aeterni

2126 1147 2309 1216 (Hebr.
2342 1163 2416 1208 vx,
2445 1147 2494 1212 1,
2525 1148 2601 1215 2).
2629 1168 2655 1195 »
2684 1147 2800 1200 Ista
2824 1146 3095 1200 omniain
3122 1147 3416 1217 baptismo
3441 1147 3782 1214 traduntur,

2126 1252 2253 1305 quae
2281 1241 2453 1307 negat
2481 1252 2608 1290 esse
2642 1235 2973 1306 repetenda,
3009 1235 3214 1306 utique
3246 1236 3304 1289 in
3354 1236 3779 1291 consecrandis

2129 1323 2436 1378 ﬁdelibus:
2471 1341 2608 1378 nam
2643 1324 2699 1378 in
2731 1324 2889 1379 verbi
2917 1324 3014 1379 Dei
3046 1324 3415 1391 tractatione,
3449 1330 3631 1396 atque
3672 1326 3781 1381 do-

2127 1412 2315 1467 ctrina
2337 1430 2452 1468 non
2476 1412 2684 1468 iterum
2708 1417 2961 1480 tantum,
2987 1414 3084 1467 sed
3112 1412 3328 1485 saepius
3349 1413 3600 1468 dicenda
3621 1420 3785 1482 sunt,

2128 1503 2280 1557 sicut
2302 1518 2518 1569 rerum,
2544 1503 2613 1558 de
2639 1502 2854 1573 quibus
2879 1501 3210 1570 disseritur,
3239 1503 3656 1573 opportunitas
3677 1505 3783 1559 fla-

2127 1593 2292 1662 gitat.
2319 1614 2344 1640 ‹‹
2371 1591 2672 1646 Terribilis
2693 1597 2885 1646 autem
2914 1592 3180 1660 quaedam
3205 1596 3295 1646 est
3315 1593 3674 1663 exspectatio
3688 1593 3788 1663 ju-

2128 1679 2288 1746 dicii,
2322 1685 2380 1734 et
2412 1679 2566 1751 ignis
2599 1679 2916 1744 aemulatio,
2949 1697 3077 1750 qua:
3109 1685 3542 1752 consumptura
3571 1685 3662 1736 est
3683 1681 3786 1736 ad-

2127 1768 2436 1822 versarios.
2468 1790 2496 1817 »
2520 1769 2710 1823 Hocin
2735 1768 2859 1823 loco
2881 1767 3198 1840 Apostolus
3229 1772 3554 1824 extremum
3572 1769 3787 1839 judicii

2133 1857 2313 1923 diem,
2345 1858 2465 1912 sive
2497 1857 2690 1928 ignem
2709 1862 3056 1929 perpetuum
3090 1857 3568 1912 manifestissime
3588 1857 3788 1914 decla-

2135 1950 2243 2000 rat.
2258 1947 2420 2009 «Quae
2435 1951 2860 2018 consumptura
2873 1952 2960 2001 est
2977 1947 3046 2001 ad
3056 1946 3786 2003 versarios.»Adversarios

2133 2036 2289 2090 enim
2315 2052 2428 2090 non
2454 2035 2716 2090 inﬁdeles
2739 2035 2876 2090 dicit
2899 2035 3258 2102 tantum,sed
3281 2034 3448 2090 etiam
3471 2037 3775 2089 centraria

2132 2124 2331 2178 virtuti
2358 2131 2615 2195 agentes,
2650 2125 2946 2179 daemones
2993 2123 3284 2188 videlicet,
3316 2139 3414 2178 seu
3442 2123 3780 2189 haereticos,

2133 2213 2219 2268 vel
2252 2229 2456 2268 omnes
2488 2213 2640 2268 male
2673 2227 2911 2283 agentes
2941 2212 3358 2280 concremabit,
3390 2212 3529 2276 sive,
3555 2212 3700 2283 quia
3729 2218 3788 2267 et

2133 2302 2483 2356 domesticos
2513 2307 2570 2356 et
2601 2301 2938 2366 familiares,
2970 2302 3124 2356 idem
3158 2302 3282 2373 ipse
3331 2301 3485 2372 ignis
3534 2301 3791 2372 accipiat

2133 2392 2308 2446 etiam
2344 2391 2688 2446 contrarios.

2206 2481 2389 2551 (1438)
2419 2504 2445 2529 ‹‹
2477 2481 2703 2535 Irritam
2737 2480 2838 2552 qui
2871 2480 3042 2535 faciet
3073 2479 3260 2552 legem
3285 2479 3490 2551 Moysi,
3520 2479 3650 2535 sine
3669 2480 3792 2535 ulla

2134 2569 2506 2624 miseratione
2536 2570 2790 2634 duobus,
2823 2569 2909 2624 vel
2978 2570 3169 2624 tribus
3231 2570 3484 2624 testibus
3538 2569 3793 2624 moritur

2131 2659 2310 2728 (Deut.
2343 2675 2479 2727 xvn,
2511 2659 2586 2727 6).
2618 2681 2645 2707 ››
2677 2659 2812 2713 Sine
2845 2658 3247 2724 miseratione,
3281 2657 3494 2729 inquit,
3533 2663 3599 2713 ut
3627 2657 3795 2713 nulla

2133 2747 2210 2800 sit
2239 2747 2425 2817 venia,
2452 2746 2613 2801 nulla
2644 2747 2717 2802 sit
2740 2747 3170 2812 misericordia;
3203 2763 3545 2819 quanquam
3569 2748 3792 2819 Moysis

2130 2841 2285 2891 esset
2313 2835 2413 2891 illa
2445 2838 2554 2902 lex,
2590 2836 2855 2908 plurima
2908 2853 3168 2907 namque
3213 2837 3339 2908 ipse
3388 2837 3787 2906 disposuerat.

2130 2925 2276 2987 Quid
2311 2930 2415 2991 est,
2451 2941 2646 2980 coram
2697 2927 2947 2995 duobus,
2982 2925 3071 2980 vel
3107 2925 3348 2980 tribus?
3396 2925 3455 2980 Si
3504 2927 3644 2991 duo,
3694 2924 3788 2981 vel

2129 3017 2248 3068 tres
2278 3014 2570 3069 testiﬁcati
2595 3014 2830 3078 fuerint,
2863 3015 3170 3070 confestim
3195 3015 3489 3084 judicium
3522 3016 3686 3072 dant.
3715 3015 3776 3071 Si

2131 3101 2312 3174 igitur
2341 3103 2396 3157 in
2423 3103 2610 3158 Veteri
2636 3105 3031 3168 Testamento,
3063 3103 3161 3158 ubi
3182 3102 3272 3158 lex
3293 3103 3476 3176 Moysi
3499 3104 3664 3159 irrita
3690 3105 3776 3170 ﬁt,

373 3193 659 3263 veritatis,
691 3193 774 3248 sic
807 3192 941 3247 licet
970 3191 1108 3263 quia
1137 3192 1328 3246 omnis
1357 3192 1455 3262 qui
1489 3191 1708 3262 accepit
1727 3209 1880 3259 eam,
1904 3209 2018 3248 non
2051 3171 2093 3238 C
2132 3191 2400 3247 homines
2429 3196 2763 3263 peccatores
2796 3197 2957 3248 tanto
2990 3208 3053 3247 ac
3073 3191 3176 3247 tali
3198 3192 3486 3264 supplicio
3500 3193 3779 3248 condem-

375 3283 740 3354 relinquatur
768 3297 872 3353 pro
906 3279 1159 3352 peccatis
1191 3280 1545 3336 sacriﬁcium
1575 3300 1588 3348 ;
1622 3280 1730 3335 hoc
1761 3285 1850 3335 est
1906 3298 2020 3336 non

376 3373 564 3445 possit
593 3372 784 3426 denuo
826 3369 1128 3442 baptizari,
1164 3386 1267 3424 nec
1299 3374 1495 3424 tamen
1527 3369 1740 3436 omnis,
1774 3369 1872 3440 qui
1906 3387 2018 3425 non

376 3461 587 3533 accipit
608 3477 709 3532 per
733 3459 1056 3514 doctrinam
1083 3458 1385 3513 scientiam
1406 3458 1685 3519 veritatis.
1709 3459 1793 3513 sic
1814 3460 2022 3515 debeat

375 3549 649 3606 arbitrari
681 3564 852 3618 posse
881 3563 984 3618 pro
1014 3564 1075 3601 se
1109 3546 1251 3601 illud
1283 3547 1490 3602 offerre
1517 3546 1890 3601 sacriﬁcium.
1920 3567 1941 3596 ι
1965 3548 2022 3603 Si

372 3640 497 3710 jam
523 3636 760 3691 ablutus
779 3638 870 3689 est
896 3651 908 3688 :
935 3635 989 3688 id
1015 3639 1124 3698 est,
1150 3635 1207 3689 in
1231 3636 1430 3704 sejam
1455 3635 1721 3704 ejusdem
1763 3636 2022 3692 veritatis

380 3742 484 3797 per
513 3723 872 3794 baptismum
901 3727 1266 3778 sacramenta
1291 3724 1566 3794 percepit,
1596 3740 1707 3777 non
1732 3740 1901 3794 posse
1921 3725 2021 3780 ite-

387 3829 521 3870 rum.
549 3811 850 3883 baptizari.
886 3813 1192 3882 Tanquam
1226 3813 1270 3866 si
1306 3810 1632 3866 diceremus
1661 3828 1895 3868 omnem
1929 3815 2026 3870 ho-

392 3901 612 3956 minem
641 3917 755 3956 non
787 3916 915 3956 esse
949 3900 1386 3972 quadrupedem
1414 3918 1427 3966 ;
1479 3917 1591 3955 non
1644 3900 1774 3956 ideo
1827 3907 2024 3959 tamen

386 4006 559 4047 omne
592 3989 831 4058 animal,
858 3990 1012 4062 quod
1039 3988 1214 4044 homo
1232 4006 1346 4044 non
1369 3993 1474 4057 est,
1499 3991 1832 4062 quadrupes
1855 3993 2028 4048 debet

383 4096 533 4151 esse,
566 4083 675 4135 etc.
711 4080 821 4134 Eos
849 4081 1030 4147 enim,
1064 4078 1163 4150 qui
1189 4081 1312 4149 jam
1345 4079 1622 4150 baptizati
1644 4080 1880 4148 fuerint,
1925 4099 2014 4137 cu.

381 4169 498 4224 rari
529 4168 739 4224 melius
770 4167 1044 4233 dicimus,
1077 4184 1255 4239 quam
1289 4185 1391 4239 per
1418 4167 1820 4238 paenitentiam
1855 4187 2024 4226 reno-

377 4257 500 4312 vari
537 4274 550 4324 ;
579 4257 717 4329 quia
747 4257 1040 4313 renovatio
1071 4257 1130 4311 in
1163 4257 1456 4327 baptismo
1487 4261 1597 4326 est,
1633 4257 1728 4311 ubi
1788 4259 2022 4328 quidem

379 4351 657 4418 operatur
685 4346 1040 4418 poenitentia,
1067 4347 1166 4400 sed
1192 4350 1474 4414 tanquam
1499 4345 1877 4401 fundamento
1901 4365 2024 4402 ma-

382 4439 577 4492 nente.
610 4435 814 4508 Itaque
843 4453 876 4491 a
904 4435 1288 4490 fundamento
1310 4433 1564 4486 recurari
1591 4434 1899 4491 aediﬁcium
1924 4454 2023 4507 po-

2132 3280 2425 3335 nabantur
2449 3297 2460 3335 :
2503 3300 2523 3327 α
2550 3283 2777 3345 Quanto
2809 3281 3000 3352 magis
3023 3281 3241 3352 putatis
3265 3282 3553 3337 deteriora
3569 3282 3781 3338 mereri

2132 3368 2442 3439 supplicia,
2475 3370 2574 3440 qui
2609 3369 2819 3424 Filium
2853 3370 2951 3425 Dei
2985 3369 3433 3440 conculcaverit,
3455 3375 3516 3426 et
3545 3371 3781 3443 sangui-

2133 3473 2264 3512 nem
2283 3458 2617 3512 testamenti
2641 3457 2935 3529 pollutum
2957 3457 3205 3524 duxerit,
3231 3458 3288 3512 in
3313 3475 3428 3529 quo
3451 3459 3784 3515 sanctiﬁca-

2132 3550 2228 3601 tus
2259 3551 2368 3614 est,
2400 3550 2460 3601 et
2487 3546 2731 3617 Spiritui
2763 3548 2963 3619 gratiae
3007 3546 3421 3602 contumeliam
3483 3548 3730 3604 fecerit?
3754 3572 3782 3598 »

2131 3635 2429 3697 Quomodo
2453 3635 2756 3690 conculcet
2773 3635 3022 3708 quisque
3049 3635 3252 3690 Fiiium
3285 3636 3425 3691 Dei?
3447 3641 3594 3692 Cum
3625 3637 3783 3692 enim

2132 3722 2371 3794 indigne
2400 3740 2470 3778 ex
2500 3739 2567 3778 eo
2602 3723 2912 3796 participat
2942 3725 3192 3796 quisque
3236 3741 3335 3797 per
3389 3730 3786 3795 sacramenta,

2133 3828 2325 3867 nonne
2357 3817 2594 3883 peccata
2625 3813 2977 3880 committit;
3012 3831 3205 3870 nonne
3235 3813 3402 3868 illum
3454 3814 3788 3883 conculcet,

2135 3918 2328 3956 nonne
2346 3901 2540 3973 ipsum
2565 3903 2922 3958 contemnit?
2944 3903 3106 3958 Sicut
3121 3921 3188 3959 ea
3209 3920 3336 3975 quaa
3365 3903 3791 3960 conculcamus

2135 3989 2358 4044 nullius
2391 3991 2670 4044 momenti
2706 3991 3040 4062 pendimus,
3099 3992 3183 4046 sic
3240 3997 3298 4046 et
3354 3992 3457 4063 qui
3517 3998 3789 4063 peccant,

2134 4079 2430 4134 christum
2467 4078 2692 4134 nullius
2723 4080 3004 4135 momenti
3062 4080 3421 4136 existimant.
3472 4080 3685 4136 Factus
3726 4097 3792 4138 es

2135 4184 2346 4238 corpus
2377 4167 2614 4238 Christi,
2639 4173 2696 4223 et
2720 4168 2904 4223 tradis
2929 4168 3184 4240 teipsum
3207 4168 3440 4224 diabolo
3461 4175 3528 4224 ut
3548 4169 3791 4226 concul-

2135 4273 2230 4311 ces
2261 4256 2579 4311 Christum.
2605 4278 2633 4306 »
2667 4257 2735 4312 Et
2794 4259 3219 4329 sanguinem,»
3274 4257 3485 4329 inquit,
3547 4281 3576 4307 ‹‹
3609 4263 3792 4314 testa-

2135 4345 2312 4400 menti
2332 4345 2618 4416 pollutum
2635 4346 2895 4401 duxerit:
2920 4368 2947 4395 »
2965 4347 3106 4416 sive,
3122 4346 3259 4402 utin
3283 4347 3479 4402 Graeco
3513 4347 3788 4415 habetur,

2135 4457 2163 4484 ‹‹
2193 4450 2566 4489 communem
2584 4435 2838 4504 judicas.
2865 4457 2893 4485 »
2909 4435 3235 4491 Commune
3251 4436 3793 4506 quidem,immun-

378 4528 498 4582 test
527 4525 576 4580 si
610 4531 805 4582 autem
838 4524 1291 4579 fundamentum
1325 4519 1534 4576 iterare
1582 4524 1714 4593 quis
1759 4525 2028 4595 voluerit,
2061 4537 2106 4600 υ
2139 4525 2301 4589 dum,
2333 4524 2452 4579 sive
2485 4524 2638 4595 quod
2665 4523 2808 4578 nihil
2833 4523 3090 4596 amplius
3122 4541 3156 4579 a
3183 4524 3408 4580 caeteris
3429 4525 3668 4582 habeat.
3695 4525 3789 4580 Illi

455 4669 638 4739 (1436)
669 4669 903 4739 Sensus
922 4664 1015 4739 hic
1049 4666 1218 4739 tanta
1234 4662 1534 4739 verborum
1561 4665 1854 4739 involuch
1877 4669 2021 4738 tegi-

382 4732 499 4805 tur,
535 4745 597 4793 ut
622 4732 760 4794 eum
796 4742 861 4792 ut
893 4732 1377 4809 inintelligibilem
1412 4752 1554 4809 pene
1588 4732 2022 4809 reliquerimus,

384 4813 432 4867 si
449 4816 644 4866 autem
660 4809 916 4880 divinari,
935 4807 1020 4859 fas
1043 4805 1374 4880 sit,vide_tur
1396 4805 1655 4863 nobisita
1673 4805 1874 4880 legend
1889 4805 2020 4865 urn:

381 4885 462 4937 ita
493 4897 648 4948 sane,
682 4885 741 4934 ut
770 4878 944 4933 illud:
969 4877 1214 4931 nondum
1231 4878 1450 4948 plenam
1471 4877 1757 4935 scientiam
1776 4882 2026 4935 veritatis

378 4956 608 5022 accepit,
641 4952 704 5006 de
732 4950 974 5006 nondum
1007 4951 1294 5022 baptizata
1325 4951 1694 5022 intelligatur,
1717 4955 1814 5022 qui
1835 4968 1939 5007 non.
1966 4957 2025 5006 ut

381 5021 512 5088 ille,
536 5023 632 5094 qui
650 5024 773 5094 jam
805 5022 1111 5094 baptizatus
1139 5030 1240 5088 est,
1269 5021 1476 5076 habere
1506 5024 1668 5077 valet.
1705 5021 1866 5077 Unde
1900 5022 2023 5080 loco

380 5099 437 5150 ut
458 5093 660 5166 etiam,
680 5098 740 5149 ut
771 5102 822 5149 et
842 5095 963 5166 jam
993 5093 1303 5163 legendum
1337 5094 1699 5166 censuimus.
1738 5095 1899 5158 Quod
1933 5112 2021 5149 se-

379 5165 582 5240 quitur
609 5183 770 5240 vero,
822 5165 931 5220 non
983 5167 1187 5232 autem,
1236 5165 1566 5240 signiﬁcare
1615 5165 1862 5240 videtur,
1911 5183 2023 5240 non

380 5234 584 5295 omnes
614 5237 938 5309 baptizatos
967 5234 1530 5309 omnemscientiam
1554 5235 1815 5309 veritatis
1837 5238 2022 5307 possi-

382 5311 539 5372 dere,
565 5308 648 5361 vel
678 5305 909 5380 propter
930 5305 1687 5380 quorumdamproiectum,
1714 5308 1812 5378 qui
1837 5305 2019 5380 addit,

376 5381 484 5456 vel_
500 5375 734 5456 promer
759 5375 1164 5456 quorumdam
1187 5375 1628 5456 negligentiam,
1650 5375 1776 5448 quae
1798 5378 1885 5456 vel
1911 5379 2021 5456 im-

377 5451 559 5524 pedit,
593 5451 676 5524 vel
695 5449 848 5509 delet
877 5454 934 5508 in
968 5451 1054 5524 eis
1086 5449 1412 5524 scientiam.
1443 5451 1722 5524 gratarum
1757 5449 2022 5524 patienti,

374 5517 432 5578 et
463 5521 739 5579 acutioris
772 5523 990 5597 ingenii
1023 5517 1217 5575 lectori
1269 5533 1391 5574 rem
1442 5517 1692 5575 libenter
1741 5517 2020 5590 relinqui-

374 5609 528 5651 mus.

2203 4666 2386 4738 (1436)
2419 4669 2552 4732 Qua}
2592 4672 2942 4737 sequuntur,
2976 4685 3087 4722 non
3132 4667 3330 4722 minus
3379 4669 3656 4723 obscura.
3707 4669 3786 4725 ita

2135 4743 2330 4792 tamen
2348 4738 2616 4792 videntur
2636 4738 3035 4809 intelligenda,
3062 4739 3108 4794 si
3135 4739 3295 4794 locus
3313 4741 3664 4807 conjecturae
3680 4742 3782 4795 sit:

2136 4812 2220 4864 ita
2250 4810 2331 4878 ﬁt.
2369 4819 2428 4864 ut
2459 4812 2737 4878 (quoniam
2769 4829 2889 4865 sine
2919 4813 3180 4881 baptismo
3209 4826 3362 4865 nemo
3393 4815 3537 4866 recte
3579 4811 3790 4868 dicitur

2136 4884 2408 4951 accepisse
2436 4883 2722 4936 srz’ennam
2755 4883 3023 4953 veritatis)
3056 4884 3234 4938 omnis
3263 4884 3359 4952 qui
3385 4899 3517 4936 eam
3559 4886 3785 4954 accepit,

2136 4955 2262 5008 ideo
2285 4955 2414 5022 quia
2445 4968 2565 5007 eam
2594 4955 2819 5024 accepit,
2876 4969 2989 5008 non
3042 4956 3213 5023 possit
3267 4954 3443 5008 denuo
3486 4953 3786 5024 baptizari.

2133 5025 2244 5079 Nec
2273 5033 2452 5078 tamen
2485 5026 2685 5090 omnis,
2747 5026 2844 5095 qui
2897 5041 3003 5079 non
3064 5026 3262 5095 accipit
3320 5041 3418 5094 per
3475 5024 3792 5081 doctrinam

2131 5098 2420 5150 scientiam
2457 5097 2727 5160 veritatis,
2759 5097 2841 5150 sic
2871 5097 3061 5167 debeat
3091 5095 3370 5150 arbitrari
3396 5111 3554 5166 posse
3573 5113 3685 5167 pro
3713 5114 3787 5161 se,

2134 5175 2244 5220 etc.
2282 5167 2500 5221 Sensus
2532 5167 2808 5232 auctoris,
2870 5173 2928 5221 et
2978 5165 3451 5221 cohaerentiorem
3505 5165 3789 5232 superius

2131 5239 2324 5362 iiicttus
2356 5239 2697 5309 arripuisse,
2733 5243 2797 5293 ut
2827 5237 2972 5293 mihi
2996 5237 3284 5305 blandior,
3311 5239 3560 5293 videtur.

2155 5325 2215 5362 ec
2247 5325 2329 5361 or.

2155 5314 2329 5362 ector.

2205 5379 2389 5458 (14.38)
2419 5379 2522 5433 Hic
2546 5379 2621 5462 _in
2682 5396 2868 5462 marg.
2925 5379 3137 5450 legitur
3191 5395 3332 5460 cap:
3381 5378 3578 5462 Χὶςνι,
3640 5382 3782 5453 quin

2131 5450 2405 5520 superius
2459 5455 2664 5506 caetera
2722 5449 2909 5522 capita
2966 5449 3210 5505 numero
3270 5449 3520 5521 signata
3601 5449 3781 5524 appa-

2131 5525 2314 5576 reant.

3634 5240 3790 5295 ideat
