3966 6210
164 345 281 407 793

740 344 1153 409 EXPOSITIO
1198 347 1275 408 IN
1325 348 1749 412 EPISTOLAS
1793 350 2055 414 PAULI.
2087 384 2163 396 —-
2194 352 2273 412 IN
2316 352 2566 413 EPIST.
2612 350 2715 411 AD
2758 350 2994 411 HEBR.

3452 348 3573 411 791

166 478 390 551 quippe
420 478 774 549 sanguinem
806 478 1016 535 Christi
1050 478 1456 553 polluunt,qui
1489 483 1817 539 haereticam
1851 484 1901 550 Α
1933 486 2231 551 docens,et
2260 485 2390 541 aliis
2412 484 2763 542 testimoniis
2788 482 3044 554 amplius
3065 482 3173 539 hoc
3187 482 3574 549 affirmans,et

168 568 499 624 doctrinam
531 566 591 622 in
626 585 687 623 se
720 568 1090 640 recipiunt,et
1121 587 1231 625 non
1249 572 1593 643 Christi.per
1622 589 1820 644 pecca-

169 663 228 713 ta
258 674 465 713 eorum
496 657 800 712 Christum
833 658 903 713 de
931 674 992 714 se
1035 659 1299 730 ejiciunt,
1352 661 1592 732 Spiritui
1624 664 1821 733 gratia:

164 746 590 802 contumeliam
644 747 865 801 faciunt
916 748 1013 817 qui
1080 766 1193 803 non
1261 751 1504 805 credunt
1558 752 1713 821 quod
1763 752 1821 807 in

163 835 427 891 Ecclesia
460 836 525 889 fit
554 836 827 891 remissio
865 842 1236 907 peccatorum
1279 856 1290 893 :
1326 840 1630 896 utdictum
1683 845 1772 896 est
1806 858 1817 895 :

165 947 194 972 «ι
228 924 337 987 Qui
371 925 431 977 in
462 925 684 992 Spiritu
713 931 916 979 sancto
946 926 1456 997 blasphemaverit,
1485 947 1597 985 non
1629 930 1821 984 remit-

169 1018 336 1068 tetur
392 1012 465 1080 ei,
502 1029 691 1081 neque
725 1013 785 1068 in
816 1013 922 1068 hoc
969 1014 1201 1079 saeculo,
1265 1034 1451 1087 neque
1510 1019 1567 1072 in
1628 1019 1820 1073 futuro

171 1104 334 1171 (Luc.
368 1119 468 1157 xu.
507 1102 610 1167 19;
643 1101 829 1156 Matth.
862 1120 960 1164 xu,
996 1105 1102 1169 32;
1136 1106 1302 1159 Marc.
1341 1124 1421 1169 Ill,
1456 1108 1603 1177 29).»
1637 1109 1823 1178 Siqui-

172 1192 312 1247 dem
346 1196 404 1246 et
425 1190 521 1246 ille
551 1191 792 1261 Spiritui
825 1192 1021 1263 gratias
1072 1196 1487 1250 contumeliam
1552 1197 1687 1251 facit
1719 1198 1817 1268 qui

166 1280 333 1350 quod
364 1278 460 1333 ille
490 1280 708 1347 tribuit,
743 1298 857 1335 non
884 1288 1129 1337 exercet.
1155 1284 1259 1346 Qui
1291 1285 1447 1339 enim
1472 1286 1817 1341 beneficium

170 1384 298 1423 non
332 1367 594 1439 suscipit,
652 1369 894 1439 injuriat
950 1371 1097 1425 bene
1147 1372 1475 1427 facieiitem.
1552 1376 1710 1429 Fecit
1764 1380 1819 1430 te

165 1456 391 1511 tilium:
419 1462 477 1509 tu
510 1462 705 1512 autem
728 1458 952 1513 visfieri
984 1476 1185 1515 servus
1216 1462 1241 1514 ?
1272 1461 1440 1516 Venit
1458 1464 1523 1517 ad
1547 1463 1816 1519 habitan-

164 1546 313 1600 dum
347 1545 503 1616 apud
536 1550 682 1611 te;tu
714 1550 910 1601 autem
943 1547 1189 1604 adducis
1218 1549 1268 1603 ei
1300 1550 1679 1621 cogitationes
1704 1568 1818 1607 ma-

164 1633 361 1704 lignas
390 1633 417 1687 ?
446 1633 717 1689 Christus
746 1634 870 1689 vult
910 1634 1147 1691 solidari
1203 1640 1357 1709 apud
1389 1645 1443 1694 te
1478 1658 1491 1705 ;
1525 1644 1586 1694 tu
1620 1645 1815 1697 autem

165 1739 304 1778 eum
341 1721 657 1779 conculcas
688 1738 791 1794 per
820 1724 1143 1795 crapulam,
1179 1743 1281 1797 per
1311 1728 1670 1784 ebrietatem.
1700 1734 1815 1785 Au-

166 1811 405 1867 diamus
467 1812 569 1882 qui
638 1812 875 1883 indigne
934 1821 1300 1871 sacramenta
1374 1819 1811 1888 participamus.
1850 1852 1895 1917 Β

168 1900 499 1954 Audiamus
522 1900 625 1971 qui
654 1900 893 1972 indigne
917 1902 984 1955 ad
1013 1903 1451 1958 mensamillam
1486 1905 1815 1961 accedimus

165 1988 305 2060 quid
339 1994 623 2059 sequatur
654 2004 669 2043 :

241 2098 269 2128 ιι
302 2078 536 2133 Scimus
567 2078 726 2131 enim
760 2079 900 2149 quid
940 2079 1087 2134 dixit
1118 2097 1130 2135 :
1168 2082 1306 2136 Mihi
1368 2082 1710 2147 vindictam,
1760 2089 1816 2139 et

164 2183 272 2238 ego
299 2167 648 2221 retribuam.
686 2168 978 2223 Etiterum
1010 2186 1022 2223 :
1056 2174 1194 2240 quia
1220 2172 1503 2239 iudicabit
1536 2174 1815 2229 Dominus

165 2255 447 2327 pupulum
480 2272 657 2311 suum
691 2256 873 2325 (Deut.
909 2260 1202 2327 xxxn,35;
1236 2262 1402 2316 Ecclz'.
1437 2279 1668 2328 xxxvm,
1706 2264 1807 2333 1).»

165 2344 247 2399 De
277 2343 531 2398 inimicis
564 2343 671 2399 hoc
704 2345 927 2400 dictum
968 2352 1075 2411 est,
1108 2348 1205 2418 qni
1246 2349 1396 2404 male
1429 2351 1667 2416 faciunt,
1699 2369 1814 2407 non

162 2434 240 2489 de
274 2434 389 2497 his,
424 2434 523 2504 qui
552 2433 699 2490 male
729 2436 1367 2506 patiuntur.Hicautem
1398 2445 1454 2495 et
1482 2441 1816 2497 consolatur

164 2538 297 2591 eos,
330 2521 529 2576 dicens
562 2538 574 2576 :
610 2546 635 2571 ‹‹
668 2524 787 2595 Ego
810 2525 1149 2580 retribuam.
1177 2550 1203 2576 ››
1238 2532 1548 2584 Permanet
1576 2531 1730 2585 enim
1755 2532 1812 2586 in

164 2612 597 2681 sempiternum
630 2612 804 2677 Deus,
828 2618 884 2667 et
907 2613 1049 2668 vivit
1082 2630 1094 2669 :
1130 2616 1371 2685 proinde
1388 2618 1493 2671 etsi
1523 2635 1677 2674 nunc
1700 2638 1813 2676 non

167 2698 692 2783 recipiunt,postea
722 2703 1007 2773 recepturi
1031 2704 1334 2762 sunt.Illos
1356 2712 1583 2779 oportet
1604 2725 1812 2781 conge-

168 2790 439 2858 miscere,
475 2806 591 2843 non
627 2807 752 2847 nos.
786 2791 901 2847 Nos
934 2793 1089 2847 enim
1134 2794 1189 2848 in
1225 2794 1459 2850 illorum
1496 2796 1813 2853 incidimus

180 2895 395 2934 manus
430 2896 443 2945 ;
478 2877 563 2932 illi
596 2884 791 2934 autem
851 2880 909 2935 in
969 2898 1181 2938 manus
1230 2884 1346 2939 Dei.
1407 2886 1603 2956 Neque
1658 2888 1812 2943 enim

176 2969 273 3039 qui
328 2967 571 3039 patitur,
651 2968 889 3041 aliquod
948 2971 1169 3027 malum
1232 2974 1469 3043 patitur,
1555 2976 1655 3031 sed
1713 2977 1814 3048 qui

167 3056 323 3112 facit.
1624 3054 1627 3055 '

235 3169 265 3195 α
297 3146 776 3203 Horrendumest
793 3148 1047 3203 incidere
1071 3151 1129 3204 in
1154 3166 1365 3205 manus
1388 3152 1487 3207 Dei
1510 3154 1812 3209 viventis.»

167 3236 442 3291 Incidunt
472 3236 531 3290 in
565 3252 779 3291 manus
814 3236 1065 3305 Domini,
1099 3239 1197 3309 qui
1249 3240 1477 3310 judicia
1507 3242 1812 3299 hominum
1846 3218 1889 3285 C

164 3326 705 3380 contremiscentes.
740 3325 961 3395 judicia
991 3327 1092 3381 Dei
1135 3328 1585 3399 parvipendunt.
1619 3332 1729 3387 Sed
1763 3338 1820 3388 et

164 3420 226 3470 tu
256 3414 603 3485 quicunque
634 3419 903 3486 peccator
949 3431 1031 3481 es,
1087 3418 1135 3471 si
1196 3434 1310 3472 non
1363 3420 1725 3489 pmnitueris,
1757 3422 1816 3477 in

166 3520 383 3559 manus
405 3502 643 3558 Domini
675 3503 917 3559 incides.
953 3504 1107 3560 Illud
1137 3506 1294 3561 enim
1328 3510 1706 3564 metuendum
1732 3515 1820 3566 est

166 3592 221 3647 id
254 3592 659 3662 estjudicium
690 3591 928 3656 Dei,hoc
948 3598 1145 3649 autem
1170 3595 1314 3649 nihil
1345 3596 1515 3660 est,id
1550 3603 1638 3653 est
1662 3599 1820 3668 judi-

164 3682 323 3736 cium
356 3680 691 3735 hominum.
720 3684 861 3735 Cum
894 3681 1214 3738 viderimus
1254 3683 1433 3755 igitur
1462 3702 1816 3758 quemquam

164 3769 259 3824 hic
292 3768 636 3841 puniri,non
666 3770 1077 3824 tremiseamus
1110 3772 1179 3825 ad
1214 3774 1656 3843 prassentia,sed
1681 3794 1817 3833 con-

164 3858 583 3913 tremiseamus
615 3857 812 3912 futura
842 3858 941 3913 Dei
968 3858 1555 3929 judicia.Secundum
1590 3866 1819 3922 miseri-

164 3947 429 4003 cordiam
461 3946 619 4001 enim
653 3947 869 4017 ejus,et
889 3947 1213 4019 indignatio
1244 3952 1488 4020 ejusest,
1509 3958 1567 4008 et
1588 3971 1822 4028 semper

164 4050 347 4107 super
380 4040 715 4106 peccatores
748 4035 1060 4107 requiescit
1106 4038 1267 4093 furor
1321 4042 1452 4111 ejus
1494 4042 1550 4097 in
1591 4059 1688 4099 eos
1719 4046 1818 4117 qui

161 4124 438 4181 incidunt
468 4124 526 4179 in
560 4141 773 4180 manus
801 4126 957 4195 ejus.

240 4235 269 4263 «ε
301 4214 801 4269 Rememoramini
846 4218 1069 4271 autem;
1095 4216 1374 4289 pristinos
1423 4220 1567 4287 dies,
1603 4223 1819 4293 quibus

161 4303 507 4368 illuminati,
542 4320 825 4375 magnum
857 4309 1154 4360 certamen
1201 4306 1569 4364 sustinuistis
1596 4313 1817 4382 passio—

165 4410 333 4462 num,
368 4396 426 4446 et
459 4392 516 4446 in
552 4390 731 4447 altero
764 4394 1003 4464 quidem
1037 4394 1366 4465 opprobriis
1399 4401 1455 4451 et
1492 4397 1817 4455 tribulatio-

165 4482 346 4537 nibus
378 4481 779 4553 spectaculum
808 4482 1010 4537 facti.»
1041 4482 1261 4554 Optimi
1295 4484 1652 4541 medicorum
1684 4504 1816 4543 cum

1934 577 2134 631 dicens
2166 578 2545 631 metuendum
2583 591 2710 629 esse
2772 574 3026 629 incidere
3082 572 3140 628 in
3202 590 3411 629 manus
3474 575 3570 630 Dei

1930 665 2443 736 viventis,proinde
2475 682 2546 720 ne
2578 663 2761 720 multo
2793 664 3001 718 timore
3016 663 3419 735 desperantem
3441 665 3564 719 ani-

1934 773 2090 811 mam
2124 754 2421 810 absorberi
2454 751 3140 817 faceret,consolatureos
3171 770 3274 825 per
3294 753 3495 808 laudes
3516 757 3573 808 et

1933 845 2245 907 orationes.
2277 847 2334 898 et
2364 842 2823 898 immolationem
2857 842 3237 897 domesticam
3288 843 3338 897 ei
3377 842 3569 914 profe-

1933 951 2173 988 renszu
2239 932 2752 998 Rememoramini,
2812 931 3027 1001 inquit,
3088 930 3365 1001 pristinos
3422 932 3565 999 dies,

1932 1023 1990 1077 in
2050 1022 2263 1093 quibus
2324 1022 2634 1076 illuminati
2704 1036 2983 1089 magnum
3042 1025 3334 1075 certamen
3391 1021 3569 1075 susti-

1930 1112 2163 1166 nuistis.
2200 1133 2226 1160 ››
2256 1114 2332 1165 Ac
2365 1112 2411 1165 si
2444 1112 2660 1165 diceret
2693 1125 2704 1163 :
2742 1110 3019 1180 quoniam
3058 1110 3371 1164 introducti
3404 1110 3565 1176 estis,

1930 1201 2029 1270 qui
2054 1200 2242 1255 nonin
2266 1200 2466 1254 ordine
2486 1196 2905 1269 discipulorum
2921 1198 3347 1261 eratis,tantam
3361 1198 3566 1253 alacri-

1930 1288 2790 1351 tatemdemonstratis,tantam
2809 1286 3206 1340 fortitudinem
3244 1305 3257 1351 ;
3292 1304 3446 1343 nunc
3470 1304 3569 1359 per

1929 1378 2474 1433 rememorationem
2508 1392 2644 1445 rogo
2680 1381 2741 1430 ut
2770 1374 2829 1428 in
2884 1375 3012 1445 ipsa
3072 1376 3469 1446 perseveretis,
3504 1380 3569 1430 ut

1931 1467 2311 1538 perdurantes
2331 1466 2385 1519 in
2415 1462 2915 1531 tribulationibus,
2938 1463 3173 1533 possitis
3188 1464 3415 1518 allectui
3440 1481 3567 1520 esse

1929 1554 2263 1625 unicuique.
2299 1554 2515 1609 Dividit
2545 1552 2793 1624 qualiter
2822 1551 3149 1607 sustineant
3192 1553 3563 1621 tentationes,

1928 1662 2029 1699 seu
2062 1644 2401 1707 certamina,
2436 1644 2589 1714 quod
2623 1646 2708 1697 est
2738 1641 3031 1696 maximus
3056 1640 3265 1696 titulus
3298 1640 3564 1697 laudum.

1926 1734 2145 1812 Deinde
2174 1732 2513 1803 exsequitur
2548 1731 2885 1786 minutatim
2944 1729 3198 1786 dilatans
3237 1747 3566 1786 sermonem

1927 1839 2124 1887 suum,
2156 1827 2212 1876 et
2240 1820 2441 1875 laudes
2474 1819 2758 1891 plurimas
2790 1819 3388 1890 proferens.0umodo
3420 1820 3568 1875 hoc?

1928 1933 1956 1961 ‹‹
1987 1912 2155 1966 Nunc
2186 1910 2447 1981 quidem,
2480 1908 2689 1980 inquit,
2739 1908 3068 1979 opprobriis
3127 1912 3182 1962 et
3230 1908 3568 1963 tribulatio-

1927 2002 2100 2055 nibus
2131 1998 2529 2070 spectaculum
2562 1997 2718 2052 facti.
2757 2020 2777 2045 ι
2814 1996 3017 2052 Gravis
3055 1997 3269 2067 quippe
3325 2013 3418 2051 res
3476 2002 3565 2051 est

1926 2089 2389 2161 opprobrium,et
2417 2088 2625 2141 idonea
2640 2086 2709 2140 ad
2729 2085 2985 2140 animam
3005 2084 3481 2153 subvertendam,
3507 2090 3565 2139 et

1926 2180 1994 2233 ad
2030 2178 2427 2233 excecandam
2461 2179 2888 2230 mentem.Nam
2908 2173 3044 2229 audi
3077 2174 3230 2243 quod
3263 2174 3410 2228 dixit
3430 2175 3565 2228 Pro-

1926 2267 2146 2339 pheta:
2188 2289 2213 2319 ι
2243 2266 2388 2321 Cum
2421 2265 2624 2319 dicunt
2672 2262 2815 2318 mihi
2875 2263 3084 2333 inquit.
3148 2280 3250 2333 per
3301 2262 3566 2333 singulos

1924 2356 2052 2411 dies
2087 2372 2098 2410 :
2136 2354 2242 2410 Ubi
2275 2360 2364 2409 est
2394 2354 2546 2408 Deus
2577 2358 2715 2407 tuus
2746 2352 2773 2406 ‘?
2804 2372 2829 2403 ι
2864 2353 3039 2421 (Ρδαι.
3097 2368 3207 2415 xu,
3242 2352 3319 2417 4.)
3363 2351 3431 2406 Et
3460 2352 3564 2405 ite-

1925 2462 2055 2500 rum
2092 2463 2103 2499 :
2146 2466 2173 2496 ι
2199 2443 2255 2497 Si
2285 2443 2559 2498 inimicus
2592 2442 2966 2513 exprobraret
3012 2439 3179 2502 mihi,
3212 2438 3564 2495 sustinerem

1922 2533 2161 2605 (1439),-
2201 2532 2487 2596 Quoniam
2516 2531 2681 2585 valde
2695 2534 2975 2601 appetens
3004 2528 3351 2600 estgloriam
3379 2544 3566 2599 genus

1924 2624 2293 2678 humannum
2319 2626 2621 2693 propterea
2639 2620 2815 2675 etiam
2828 2618 3158 2691 opprobriis
3180 2617 3348 2673 facile
3377 2619 3563 2690 capti-

1922 2716 2108 2766 vatur.
2145 2712 2213 2766 Et
2271 2727 2384 2764 non
2443 2708 2788 2780 simpliciter
2843 2708 3009 2774 dixit,
3064 2706 3414 2779 opprobriis,
3461 2707 3562 2762 sed

1923 2801 2100 2856 etiam
2124 2800 2216 2854 hic
2243 2803 2625 2869 augmentum
2660 2798 3020 2861 fecit,dicens
3050 2814 3063 2852 :
3096 2794 3563 2867 etspectaculum

1924 2889 2079 2945 facti.
2113 2889 2258 2944 Cum
2290 2888 2444 2943 enim
2478 2886 2611 2956 quis
2640 2892 2859 2942 secreto
2911 2885 3313 2958 exprobratur,
3345 2885 3561 2941 contri-

1925 2983 2115 3034 statur
2144 2978 2381 3049 quidem
2444 2977 2542 3031 sed
2604 2975 2788 3031 multo
2846 2974 3124 3047 amplius,
3184 2990 3318 3030 cum
3367 2990 3564 3029 coram

1925 3068 2203 3124 omnibus
2239 3084 2251 3133 ;
2285 3068 2574 3137 quantum
2609 3069 2734 3120 erat
2796 3064 3041 3129 malum,
3101 3064 3467 3119 discedentes
3498 3064 3569 3119 ab

1926 3156 2268 3212 infirmitate
2298 3154 2542 3210 Judaica
2560 3158 2615 3207 et
2645 3154 2715 3207 ad
2738 3152 3022 3222 optimam
3051 3151 3227 3206 vitam
3262 3157 3568 3207 transeun-

1927 3252 2036 3310 tes,
2069 3250 2127 3300 et
2156 3251 2429 3316 paternas
2459 3241 2802 3297 traditiones
2861 3244 3320 3305 contemnentes,
3378 3244 3444 3294 ut
3496 3241 3568 3296 ab

1928 3334 2072 3406 ipsis
2127 3331 2465 3387 domesticis
2508 3334 2847 3401 paterentur
2904 3327 3088 3382 multa
3136 3326 3310 3392 mala,
3345 3345 3380 3383 a
3407 3328 3569 3384 nullo

1928 3425 2213 3479 haberent
2259 3420 2681 3475 defensionem.
2744 3421 2867 3472 Non
2922 3416 3128 3480 habeo,
3183 3416 3394 3487 inquit,
3429 3418 3568 3489 quid

1929 3513 2143 3577 dicam,
2178 3508 2317 3581 quia
2346 3508 2455 3563 hoc
2487 3507 2642 3578 passi
2676 3506 2913 3576 quidem
2968 3506 3129 3569 estis,
3178 3510 3235 3559 et
3292 3506 3436 3561 forte
3466 3507 3567 3562 d0-

1930 3599 2143 3668 luistis,
2178 3600 2295 3653 imo
2328 3596 2517 3667 magis
2546 3594 2911 3667 gaudebatis.
2946 3595 3068 3649 Non
3100 3593 3315 3661 solum,
3374 3595 3568 3666 inquit

1929 3691 1988 3745 in
2020 3688 2271 3761 propriis
2302 3686 2676 3758 passionibus
2706 3701 2819 3739 non
2850 3683 3353 3755 erubuistis,quin
3385 3686 3565 3740 etiam

1930 3778 2060 3833 aliis
2089 3776 2284 3831 taliter
2348 3774 2703 3846 patientibus
2747 3773 2889 3829 socii
2920 3774 3055 3829 facti
3088 3773 3231 3829 estis
3264 3794 3279 3839 τ,
3312 3776 3467 3849 quod
3497 3775 3569 3830 de

1930 3865 2210 3939 apostolis
2240 3864 2461 3919 dictum
2495 3879 2622 3919 esse
2674 3862 2945 3918 arbitror.
2980 3885 3008 3912 ‹‹
3041 3863 3104 3917 In
3164 3862 3344 3917 altero
3374 3868 3569 3919 autem

1929 3957 2071 4011 socii
2104 3954 2300 4010 taliter
2328 3953 2798 4009 conversantium
2828 3952 3036 4007 effecti.
3077 3974 3096 3999 ι
3134 3954 3207 4005 Ac
3262 3952 3311 4006 si
3364 3952 3522 4007 dicat
3554 3968 3567 4007 :

1928 4045 2063 4110 Vos,
2098 4045 2197 4115 qui
2230 4042 2345 4098 illis
2376 4040 2749 4109 ministratis,
2799 4041 2941 4095 socii
2994 4039 3135 4095 estis
3191 4040 3453 4110 ipsorum
3511 4041 3568 4095 in

1928 4131 2419 4187 remuneratione.

2003 4243 2033 4271 ί(
2066 4221 2210 4277 Nam
2243 4223 2299 4273 et
2329 4217 2541 4272 vinctis
2572 4215 2866 4286 compassi
2897 4216 3058 4283 estis,
3090 4220 3148 4271 et
3178 4216 3443 4286 rapinam
3477 4217 3573 4271 bo-

1928 4326 2138 4367 norum
2168 4311 2493 4362 vrstrorum
2526 4321 2662 4359 cum
2698 4304 2916 4374 gaudio
2956 4303 3319 4374 suscepistis,
3353 4318 3569 4375 cogno-

1928 4403 2159 4456 scentes
2188 4394 2516 4451 voshabere
2532 4392 2834 4448 meliorem
2856 4396 2914 4446 et
2935 4398 3268 4447 manentem
3293 4393 3571 4448 substan-

1925 4491 2091 4545 tiam.
2126 4509 2153 4537 ‹‹
2188 4485 2365 4540 Vides
2398 4482 2536 4554 quia
2567 4483 2637 4537 de
2666 4482 2793 4552 ipso
2827 4480 2988 4549 dicit,
3019 4484 3076 4536 et
3097 4480 3309 4536 dealiis
3338 4480 3566 4538 vinctis.

165 4570 464 4627 malitiam
520 4571 848 4627 secaverint
894 4575 952 4627 et
1003 4588 1106 4643 per
1176 4572 1524 4629 incisionem
1582 4575 1821 4633 fecerint
1849 4590 1899 4653 Ι)
1929 4580 2055 4635 Non
2088 4576 2243 4633 enim
2279 4572 2529 4645 putastis
2558 4570 2793 4625 vincula
2849 4586 2977 4626 esse
3034 4568 3133 4624 illa
3183 4568 3436 4635 vincula,
3468 4571 3569 4625 sed

163 4658 394 4715 doloris
437 4666 841 4731 augmentum,
891 4659 1165 4716 solatium
1222 4662 1421 4718 statim
1462 4664 1729 4731 alterunt,
1763 4672 1819 4721 et

163 4746 503 4804 remedium
529 4748 613 4803 illi
648 4748 795 4817 loco,
830 4748 929 4804 ubi
961 4748 1317 4816 dolorinest,
1359 4756 1413 4807 et
1449 4754 1815 4823 pertubatam

160 4838 435 4894 refovent
466 4840 719 4895 animam
759 4860 773 4907 ς
808 4844 1120 4911 postquam
1176 4845 1369 4895 autem
1417 4844 1815 4911 recreaverint,

164 4927 414 4983 alteram
439 4928 564 4997 jam
599 4944 718 4983 non
755 4928 1042 4997 adjiciunt
1071 4930 1427 4985 sectionem:
1463 4932 1605 5001 quin
1640 4934 1817 4987 etiam

161 5016 353 5087 illam,
386 5033 519 5087 quas
551 5017 705 5072 facta
733 5020 843 5083 est,
876 5018 1367 5074 medicaminibus
1406 5019 1739 5077 mitioribus
1762 5027 1818 5077 et

157 5105 495 5162 valentibus
518 5104 970 5176 amplitudinem
990 5106 1256 5179 mitigare
1274 5108 1491 5163 doloris
1513 5124 1618 5164 con
1628 5110 1818 5167 fovent

160 5194 278 5250 Hoc
309 5193 491 5249 etiam
522 5192 845 5265 Apostolus
874 5193 1348 5267 fecit.Postquam
1374 5198 1672 5253 concnssit
1701 5199 1817 5253 ani-

156 5300 287 5339 mas
315 5298 521 5339 eorum
553 5286 615 5336 et
666 5281 1009 5350 compunxit
1064 5284 1359 5340 mentione
1417 5284 1717 5355 gehennae,
1758 5292 1816 5342 et

152 5373 327 5429 ﬁdem
359 5373 606 5437 faciens,
642 5368 785 5440 quia
812 5370 1086 5427 omnibus
1120 5372 1313 5429 modis
1352 5377 1583 5444 oportet
1631 5375 1814 5446 perire

151 5461 539 5533 injuriantem
584 5457 688 5515 Dei
753 5456 1022 5526 gratiam,
1082 5465 1138 5515 et
1191 5461 1302 5516 hoc
1351 5477 1419 5516 ex
1452 5460 1577 5532 lege
1633 5462 1815 5533 Moysi

1926 4669 2081 4723 sicut
2112 4664 2362 4729 athletae,
2394 4662 2571 4718 fortes
2602 4660 2683 4717 sic
2716 4660 2961 4716 stetistis
2996 4677 3008 4714 :
3044 4660 3143 4730 qui
3201 4675 3317 4714 non
3376 4658 3567 4715 solum

1926 4754 2136 4811 vestris
2168 4770 2317 4824 opus
2342 4769 2456 4807 non
2491 4750 2784 4807 habuistis
2813 4749 3141 4806 hortatione
3186 4747 3274 4804 vel
3304 4749 3567 4805 consola-

1925 4846 2101 4908 tione,
2136 4859 2334 4897 verum
2362 4842 2539 4896 etiam
2573 4841 2705 4896 aliis
2736 4840 2985 4896 hortatio
3015 4844 3071 4893 et
3101 4838 3419 4894 consolatio
3437 4838 3570 4894 facti

1925 4932 2087 4987 estis.
2123 4954 2149 4980 ‹‹
2184 4932 2252 4985 Et
2283 4930 2547 5001 rapinam
2580 4930 3047 4985 substantiarum
3078 4934 3401 4984 vestrarum
3434 4946 3568 4984 cum

1926 5019 2140 5093 gaudio
2172 5018 2532 5089 suscepistis.
2570 5040 2597 5065 ››
2657 5018 2965 5090 Rapinam,
3007 5018 3161 5089 quod
3222 5018 3382 5082 dicit,
3434 5034 3568 5072 cum

1925 5106 2139 5181 gaudio
2171 5105 2536 5176 suscepistis,
2567 5105 2621 5157 id
2657 5113 2746 5159 est
2776 5108 2875 5176 qui
2931 5123 3023 5161 res
3075 5105 3309 5161 illorum
3350 5105 3422 5160 ab
3453 5104 3569 5160 illis

1925 5197 2351 5260 abstraxerant,
2411 5208 2546 5248 cum
2602 5194 2816 5262 gaudio
2873 5199 3274 5266 susceperant,
3335 5198 3571 5265 propter

1926 5282 2457 5339 remunerationem
2490 5285 2788 5336 aeternam.
2821 5282 3163 5336 Mirabiliter
3192 5282 3479 5337 satisfecit
3508 5286 3568 5337 et

1924 5368 2286 5438 comprobat.
2340 5371 2487 5427 Nam
2546 5366 2754 5436 rapina
2805 5369 2906 5424 illa
2965 5370 3231 5425 fortassis
3284 5370 3569 5425 violentias

1924 5462 2229 5528 raptorum
2262 5458 2593 5514 ascribitur.
2627 5453 2835 5512 Nullus
2868 5456 3021 5513 enim
3057 5460 3252 5530 posset
3280 5458 3567 5517 violentos

215 5640 407 5716 (1439)
432 5637 593 5697 Psat.
629 5650 725 5694 Liv
750 5633 827 5689 -13
855 5650 871 5693 :
903 5636 1165 5697 [naniam
1217 5636 1592 5697 mcbdimicset
1633 5639 1800 5709 mihi,

1928 5632 2235 5694 minuerem
2262 5639 2475 5711 utique.
