3966 6210
163 392 292 454 797

728 388 1138 452 EXPOSI'I‘IO
1182 389 1259 450 IN
1306 385 1732 450 EPISTOLaS
1775 385 2035 447 PAULI.
2070 418 2148 431 —
2190 388 2267 447 IN
2315 386 2563 449 EPIST.
2610 386 2712 447 AD
2756 385 2993 447 HEBR.

3482 384 3601 445 798

169 526 399 591 animo,
433 528 490 580 et
520 522 676 577 virili
708 540 855 595 opus
887 523 1080 585 habet,
1112 523 1310 577 omnia
1358 524 1833 594 supergrediente
1862 519 1914 585 A
1948 520 2233 576 Dominus
2264 538 2440 592 super
2459 520 2621 586 Abel,
2644 524 2699 574 et
2723 536 2896 589 super
2920 516 3274 573 sacrificium
3302 516 3459 589 ejus;
3496 533 3599 572 seu

170 614 505 683 sensibilis,
541 619 598 667 et
630 612 1031 666 infirmitatem
1065 611 1356 667 rationum
1405 612 1709 668 hominum
1746 615 1835 667 in-

167 708 541 757 transeunte.
578 702 703 755 Non
738 701 893 754 enim
928 705 1114 771 potest
1146 700 1312 754 aliter
1342 701 1657 772 quisquam
1694 703 1838 756 lide-

166 792 243 846 lis
280 790 560 857 fieri,nisi
596 790 856 860 seipsum
892 808 923 844 a
956 790 1376 844 consuetudine
1413 791 1709 844 communi
1734 793 1838 845 ab-

173 882 378 935 ducat.
406 881 553 941 Quia
584 896 722 948 ergo
754 878 961 932 animae
998 878 1362 932 IICIJI‘LDOI‘UID
1399 880 1618 934 debiles
1650 886 1834 946 erant,

163 976 220 1024 et
256 987 291 1023 a
328 970 441 1022 fide
476 968 717 1038 quidem
753 967 983 1020 initium
1020 977 1410 1037 smnpseranl,
1446 986 1511 1021 ex
1548 970 1831 1038 passioni-

161 1059 281 1111 bus
302 1064 500 1111 autem
517 1055 963 1110 tribulationum
986 1056 1391 1125 pusillanimes
1409 1058 1833 1127 efficiebantur,

161 1153 223 1201 et
278 1147 482 1200 minus
533 1146 819 1217 patienter
878 1146 1162 1210 ferebant,
1213 1152 1267 1200 et
1316 1146 1829 1211 concutiebantur;

159 1237 372 1307 primo
404 1252 501 1289 eos
547 1252 612 1289 ex
637 1234 846 1304 seipsis
880 1234 1223 1289 adhortatus
1255 1240 1362 1303 est,
1388 1236 1585 1289 dicens
1617 1255 1627 1289 :
1663 1260 1689 1285 ‹‹
1727 1238 1832 1291 lic-

159 1324 591 1380 memoramini
625 1324 747 1377 dies
783 1323 1134 1392 pristinos,»
1176 1323 1382 1377 deinde
1436 1340 1501 1377 ex
1532 1327 1832 1395 Scriptura

163 1413 378 1468 divina
399 1412 621 1466 dicente
657 1428 668 1465 :
706 1436 729 1459 ι(
765 1412 970 1466 Justus
1004 1429 1068 1465 ex
1106 1414 1214 1465 fide
1248 1414 1385 1467 vivit
1421 1432 1431 1467 :
1472 1436 1495 1457 ››
1531 1413 1738 1467 deinde
1763 1431 1827 1467 ex

161 1500 742 1565 ratiocinationibus,
794 1501 994 1554 dicens
1030 1516 1042 1554 :
1078 1524 1104 1549 ‹‹
1152 1501 1315 1553 Fides
1368 1508 1457 1555 est
1512 1504 1825 1572 speranda-

164 1598 303 1635 rum
337 1581 674 1635 substantia
705 1597 919 1645 rerum,
948 1604 973 1628 ››
1010 1582 1291 1635 convictio
1325 1598 1686 1653 earum,qu:e
1714 1600 1826 1637 non

160 1671 471 1736 videntur;
510 1688 667 1725 nunc
698 1676 892 1725 autem
927 1676 983 1724 et
1037 1669 1401 1740 genitoribus
1434 1670 1637 1742 incipit
1670 1672 1825 1741 loqui

162 1759 402 1829 magnis
435 1759 660 1824 viris,et
692 1758 1188 1813 mirabiliterillos
1222 1777 1553 1830 proponens
1577 1762 1741 1814 nobis
1770 1762 1823 1814 in

1950 626 2049 680 per
2073 609 2229 664 illam
2253 610 2479 665 Domini
2502 609 2845 665 sententiam
2862 608 3031 679 ,quod
3057 625 3089 662 a
3110 607 3299 679 primo
3323 612 3596 676 martyre,

1948 699 2047 767 qui
2080 700 2187 752 fuit
2211 716 2391 769 usque
2416 700 2483 753 ad
2511 705 2832 753 extremum
2869 702 3287 751 rememoratus
3313 701 3399 751 est
3425 702 3595 762 Deus,

1948 788 2233 841 vindicari
2268 804 2443 858 super
2476 788 2586 847 his,
2607 788 2705 857 qui
2743 786 2963 840 faciunt
2991 784 3306 839 vindictam
3332 785 3388 839 in
3415 786 3595 840 servis

1948 876 2070 929 suis
2122 894 2132 929 :
2186 883 2246 929 ut
2293 878 2346 930 in
2400 876 2705 947 Evangelio
2756 876 3005 943 legimus
3050 874 3267 941 (Matth.
3302 892 3457 940 XXIII,
3490 878 3591 939 35;

1949 970 2079 1019 Luc.
2117 984 2177 1027 ιι,
2209 968 2298 1033 51)
2324 983 2374 1019 ;‹‹
2406 972 2449 1017 Α
2483 966 2767 1035 sanguine
2795 964 2931 1018 Abel
2956 965 3103 1033 justi
3138 981 3324 1034 usque
3357 965 3425 1018 ad
3460 982 3592 1018 san-

1946 1056 2181 1125 guinem
2216 1055 2501 1109 Zacharire
2525 1057 2600 1121 (ll
2624 1056 2983 1120 Pural.xxxv,
3004 1056 3113 1121 2‘22,
3144 1053 3245 1107 filii
3280 1054 3590 1121 llarachiaa,

1944 1162 2116 1213 quem
2147 1145 2483 1197 occiderunt
2530 1145 2679 1197 inter
2725 1144 3033 1213 templum,
3067 1148 3121 1196 et
3154 1143 3353 1197 altare.
3389 1145 3456 1197 Et
3489 1161 3592 1214 per

1942 1232 2100 1286 illam
2138 1233 2449 1286 defunctus
2482 1233 2670 1286 adhuc
2704 1231 2981 1301 loquitur,
3016 1252 3041 1282 ιο
3078 1236 3143 1285 ut
3172 1231 3385 1285 dicitur
3408 1249 3419 1285 :
3445 1231 3589 1285 San-

1941 1320 2071 1389 guis
2103 1320 2241 1373 Abel
2276 1320 2489 1374 clamat
2521 1321 2589 1373 ad
2627 1336 2717 1373 me
2750 1320 2818 1372 de
2851 1324 3003 1372 terra
3038 1319 3185 1389 (Gen.
3222 1336 3296 1385 ιν,
3333 1320 3438 1383 10),
3486 1336 3588 1373 seu

1941 1408 2131 1461 adhuc
2184 1408 2470 1478 loquitur;
2520 1409 2625 1461 hoc
2672 1414 2780 1474 est,
2828 1409 3121 1462 interemit
3165 1406 3397 1477 quidem
3431 1425 3587 1475 eum,

1942 1498 2041 1551 sed
2078 1514 2189 1550 non
2224 1514 2355 1550 cum
2391 1514 2455 1550 eo
2487 1496 2780 1551 interemit
2812 1499 2937 1565 ejus
2970 1496 3237 1567 gloriam.
3263 1498 3339 1550 Ac
3373 1496 3418 1549 si
3444 1496 3591 1550 dice-

1940 1590 2045 1649 ret,
2082 1602 2195 1639 non
2228 1585 2321 1639 ille
2358 1592 2624 1639 mortuus
2658 1590 2767 1653 est,
2800 1602 2934 1655 ergo
2970 1602 3071 1638 nec
3099 1601 3199 1637 vos
3233 1584 3586 1638 moriemini.

1938 1673 2147 1727 Omnia
2180 1674 2299 1728 hzre
2328 1676 2444 1743 egit
2474 1674 2809 1745 Apostolus,
2844 1680 2906 1728 ut
2938 1675 3267 1745 capacioces
3308 1690 3406 1727 eos
3458 1672 3585 1727 red-

1936 1762 2095 1816 deret
2118 1763 2173 1815 in
2200 1763 2307 1816 fide
2333 1769 2387 1816 et
2412 1764 2698 1817 firmiores
2730 1764 2799 1817 ad
2832 1762 3482 1817 tolerandum.Proinde
3505 1766 3589 1816 tot

161 1847 525 1919 exemplum,
555 1848 714 1918 quia,
736 1849 887 1903 sicut
918 1848 1000 1902 illi
1032 1865 1233 1903 omnes
1267 1866 1367 1919 per
1398 1850 1570 1902 fidem
1615 1848 1819 1903 salvati
1860 1883 1905 1946 B
1937 1851 2125 1920 signa,
2160 1856 2242 1905 tot
2275 1850 2579 1918 miracula,
2615 1856 2691 1904 tot
2732 1851 3161 1905 consolationes
3212 1849 3583 1920 multiplicat.

161 1940 323 2004 sunt,
357 1935 441 1989 ita
488 1941 545 1990 et
599 1953 704 1990 nos
752 1953 851 2006 per
894 1937 1067 1991 fidem
1102 1953 1305 1991 omnes
1336 1936 1653 1992 salvamur.
1686 1940 1828 1992 Cum

168 2024 327 2079 enim
344 2024 632 2079 invenerit
654 2025 920 2079 animain
944 2026 1164 2080 eisdem
1186 2026 1561 2095 passionibus
1587 2025 1834 2080 socium.

174 2113 497 2183 requiescit
528 2120 585 2167 et
616 2112 881 2183 respirat.
922 2115 1033 2168 Hoc
1075 2120 1130 2168 et
1170 2115 1227 2168 in
1259 2114 1391 2178 fide,
1426 2115 1531 2169 hoc
1559 2121 1614 2169 et
1642 2117 1697 2168 in
1731 2115 1831 2169 tri-

163 2200 475 2256 bulatione
507 2202 657 2256 solet
683 2202 1222 2257 accidere.Proinde
1250 2205 1327 2257 sit
1361 2205 1413 2257 in
1447 2204 1608 2258 vobis
1634 2221 1834 2258 conso-

168 2288 339 2355 latio,
370 2289 691 2360 inquit,per
722 2296 986 2346 mutuam
1022 2292 1404 2347 fidem.Valde
1436 2293 1590 2346 enim
1627 2292 1829 2365 fragile

169 2381 264 2431 est
298 2392 489 2447 genus
517 2377 840 2432 humanum
872 2384 927 2433 et
958 2379 1204 2434 nimium
1240 2380 1516 2435 hresitans
1540 2381 1596 2435 in
1622 2383 1830 2452 cogita’

168 2463 362 2517 tione.
418 2465 721 2534 Apostolus
771 2483 907 2538 ergo
956 2484 1023 2521 ex
1072 2468 1335 2538 patribus
1389 2486 1486 2522 eos
1542 2470 1821 2525 hortatur.

174 2554 249 2607 Et
282 2552 476 2623 primo
494 2570 560 2607 ex
582 2556 876 2610 communi
902 2555 1391 2619 intellectu,initio
1426 2558 1823 2627 manifestum,

174 2641 508 2712 inquit,est,
561 2643 697 2714 quia
742 2662 853 2698 non
910 2646 1295 2713 exstantibus,
1330 2663 1454 2716 qua:
1488 2652 1645 2713 sunt,
1675 2648 1825 2704 Deus

172 2730 355 2783 efficit
408 2747 419 2782 :
475 2731 574 2785 sed
625 2750 691 2785 ex
736 2731 1131 2789 invisibilibus
1162 2733 1434 2803 visibilia,
1468 2752 1535 2789 ex
1567 2754 1679 2789 non
1714 2738 1825 2791 exi-

176 2819 478 2873 stentibus
502 2821 980 2876 subsistentia.Et
1002 2823 1155 2876 unde
1172 2822 1316 2876 hoc?
1347 2824 1491 2886 Quia
1522 2826 1693 2878 verbo
1718 2824 1825 2881 hoc

173 2908 726 2963 fecit.Ratiocinatio
760 2911 997 2980 quidem
1031 2911 1088 2965 in
1122 2911 1229 2965 huc
1254 2912 1395 2965 nihil
1429 2913 1595 2967 nobis
1626 2915 1827 2968 suffra-

177 3001 369 3069 gatur.
430 2997 590 3053 Unde
649 2999 883 3070 quidem
948 3000 1254 3066 habemus,
1315 3001 1453 3071 quia
1510 3008 1659 3056 Deus
1718 3002 1825 3057 hoc

177 3085 330 3152 fecit,
367 3086 515 3141 ratio
546 3104 662 3142 non
710 3090 1077 3161 suffragatur.
1134 3089 1379 3160 Aliquis,
1432 3092 1664 3160 quando
1722 3093 1823 3147 ﬁe-

174 3174 335 3240 bant,
371 3192 487 3229 non
521 3176 738 3231 aderat.
776 3178 934 3232 Unde
987 3195 1120 3249 ergo
1178 3183 1398 3233 certum
1432 3179 1558 3233 est?
1588 3181 1825 3235 Manife-

1948 1942 2173 2004 Quanto
2207 1939 2340 2009 quis
2371 1940 2563 1993 acrius
2596 1956 2803 2011 passus
2838 1938 3027 2005 fuerit,
3060 1943 3220 1992 tanto
3253 1937 3441 2008 magis
3464 1938 3583 2007 glo-

1945 2028 2031 2083 ria
2064 2028 2641 2099 procrescit.Quando
2674 2028 2863 2081 adhuc
2889 2027 3169 2098 loquitur,
3192 2026 3299 2081 hoc
3321 2026 3476 2081 enim
3499 2026 3587 2079 in-

1944 2117 2160 2171 dicium
2185 2119 2456 2188 est,quod
2477 2116 2794 2187 vivit,quod
2822 2116 2876 2170 in
2901 2134 2997 2170 ore
3018 2116 3281 2170 omnium
3300 2120 3583 2179 versatur,

1943 2206 2095 2276 quod
2147 2222 2349 2260 omnes
2398 2223 2530 2261 cum
2579 2206 2946 2259 admirantur
2988 2210 3043 2259 et
3090 2204 3440 2258 beatificant.
3476 2204 3583 2268 Qui

1942 2296 2096 2350 enim
2121 2296 2395 2350 admonet
2422 2294 2563 2350 alios
2591 2299 2653 2348 ut
2676 2295 2823 2365 justi
2853 2294 2969 2349 sint
2992 2294 3404 2365 loquitur.Non
3426 2292 3582 2347 enim

1940 2390 2169 2439 tantum
2232 2385 2459 2455 proficit
2518 2400 2730 2447 sermo,
2799 2388 3085 2455 quantum
3155 2381 3348 2452 passio
3401 2381 3579 2437 illius.

1938 2474 2099 2528 Sicut
2157 2472 2363 2527 ccelum
2434 2477 2662 2528 tantum
2713 2489 2998 2543 apparens
3053 2470 3333 2541 loquitur,
3388 2470 3470 2523 sic
3527 2474 3585 2524 et

1937 2562 2051 2631 ille,
2087 2564 2223 2616 dum
2261 2562 2318 2615 in
2353 2563 2695 2615 memoriam
2745 2560 2920 2615 venit.
2973 2561 3283 2630 Nunquam
3332 2558 3488 2613 enim
3522 2558 3579 2613 in

1935 2655 2097 2705 tanta
2126 2654 2278 2705 esset
2308 2650 2715 2715 admiratione,
2763 2650 2811 2703 si
2862 2648 3021 2703 mille
3058 2648 3288 2719 linguas
3320 2647 3577 2716 haberet,

1936 2740 1985 2794 si
2024 2740 2257 2807 viveret,
2314 2740 2369 2793 in
2422 2745 2641 2810 quanta
2690 2755 2846 2792 nunc
2891 2737 3277 2791 admiratione
3307 2740 3414 2791 est.
3450 2740 3579 2789 Ηεεο

1934 2828 2119 2900 gloria
2150 2845 2261 2881 non
2299 2827 2621 2897 acquiritur
2650 2826 2774 2881 sine
2805 2824 3096 2896 periculis.

2007 2940 2033 2964 «
2069 2916 2205 2971 Fide
2238 2916 2470 2969 Henoch
2508 2914 2827 2969 translatus
2853 2918 2940 2968 est
2970 2930 3039 2967 ne
3060 2913 3276 2967 videret
3307 2917 3575 2984 mortem,

1935 3008 1991 3059 et
2021 3022 2133 3058 non
2166 3004 2588 3071 inveniebatur,
2644 3002 2781 3074 quia
2831 3000 3132 3056 transtulit
3182 3001 3347 3055 illum
3402 3002 3577 3065 Deus,

1937 3099 2067 3148 ante
2100 3093 2540 3147 translationem
2575 3092 2729 3145 enim
2762 3090 3163 3145 testimonium
3213 3090 3419 3143 habuit
3453 3090 3577 3161 pla-

1938 3182 2129 3237 euisse
2164 3183 2441 3236 Dco.Sine
2475 3182 2585 3235 fide
2617 3185 2811 3233 autem
2846 3177 3206 3249 impossibile
3238 3182 3324 3232 est
3356 3178 3580 3248 placere

176 3268 336 3318 stum
370 3270 478 3332 est,
515 3266 669 3335 quod
720 3266 853 3321 fidei
904 3284 996 3321 res
1049 3273 1156 3322 est.
1198 3291 1216 3315 α
1252 3267 1386 3321 Fide
1420 3268 1822 3339 intelligimus,
1858 3249 1899 3313 C
1940 3272 2075 3325 Deo.
2112 3272 2353 3325 Credere
2397 3270 2552 3323 enim
2602 3272 2826 3338 oportet
2883 3266 3249 3320 accedentem
3293 3267 3361 3319 ad
3398 3271 3576 3321 Deum

174 3353 389 3423 inquit,
454 3358 651 3423 aptata
708 3371 835 3409 esse
903 3356 1111 3410 saecula
1188 3356 1359 3411 verbo
1418 3356 1537 3411 Dei.
1604 3380 1630 3405 ››
1692 3360 1825 3413 Fide

174 3440 393 3511 quippe
424 3441 719 3496 credimus
752 3444 1036 3513 aptata,id
1073 3451 1179 3509 est,
1209 3446 1478 3515 perfecta,
1516 3463 1615 3499 seu
1651 3448 1821 3503 facta:

176 3529 315 3599 quia
348 3546 465 3583 non
499 3547 566 3584 ex
598 3530 949 3597 visibilibus,
985 3534 1083 3586 sed
1134 3551 1199 3587 ex
1252 3532 1642 3588 invisibilibus
1678 3536 1825 3589 facta

174 3622 313 3672 sunt
346 3634 475 3689 qua:
505 3618 793 3673 videntur.
834 3622 943 3674 Iloc
977 3626 1171 3675 autem
1204 3626 1293 3676 est
1324 3623 1475 3675 fidei.
1511 3624 1825 3679 lnvisibilia

175 3708 393 3778 quippe
425 3712 611 3772 erant,
646 3709 921 3779 quoniam
972 3711 1221 3763 tenebrm
1253 3716 1416 3764 erant
1449 3728 1624 3782 super
1654 3714 1824 3784 abys-

176 3812 305 3849 sum
342 3796 495 3864 (Gen.
532 3812 571 3863 1,
602 3797 678 3864 2).
712 3796 980 3851 Visibilia
1009 3799 1161 3853 facta
1192 3804 1347 3863 sunt,
1382 3800 1660 3869 quoniam
1700 3819 1821 3856 om-

176 3884 271 3937 nia
302 3885 555 3939 l‘ormam
591 3890 958 3955 acceperunt.

245 3972 432 4040 (1442)
462 3995 487 4020 ‹‹
522 3971 658 4026 Fide
689 3972 1004 4043 plurimam
1038 3973 1289 4028 hostiam
1322 3975 1663 4046 Abel,quam
1688 3977 1821 4032 Cain

178 4060 388 4115 obtulit
422 4066 553 4128 Deo,
589 4078 691 4132 per
722 4079 895 4132 quam
924 4062 1325 4117 testimonium
1358 4072 1707 4121 consecutus
1740 4072 1826 4121 est

178 4151 957 4221 essejustus,testimonium
978 4151 1316 4222 perhibente
1336 4155 1677 4209 muneribus
1700 4157 1826 4226 ejus

179 4237 379 4303 Deo,et
401 4238 680 4309 perillam
697 4239 1005 4293 defunctus
1029 4240 1219 4295 adhuc
1242 4240 1823 4312 loquitur.»Primum

177 4327 335 4397 penit
366 4327 634 4398 eum,qui
667 4326 819 4383 mala
848 4345 1059 4400 passus
1094 4333 1200 4396 est,
1233 4334 1288 4383 et
1337 4330 1445 4384 hoc
1476 4336 1532 4385 et
1564 4350 1596 4386 a
1628 4333 1821 4388 fratre.

181 4413 483 4486 Proprium
520 4416 753 4470 illorum
802 4415 999 4487 posuit
1045 4416 1377 4485 exemplum
1412 4435 1423 4471 ε
1460 4421 1672 4474 etenim
1700 4438 1822 4492 vos,

176 4502 390 4574 inquit,
437 4505 641 4559 eadem
690 4505 847 4575 passi
893 4505 1033 4560 estis
1065 4524 1097 4559 a
1128 4506 1553 4561 contribulibus
1592 4510 1821 4565 vestris.

1935 3360 2074 3430 quia
2102 3366 2207 3424 est,
2240 3363 2295 3412 et
2324 3356 2755 3428 inquirentibus
2788 3372 2847 3409 se
2873 3358 3271 3408 remunerator
3302 3355 3577 3409 sit.»Non

1936 3448 2090 3503 enim
2141 3447 2282 3501 dixit
2330 3447 2482 3516 apud
2538 3445 2797 3515 seipsum
2840 3442 3094 3511 Ilenoch,
3129 3443 3281 3513 quod
3315 3460 3461 3514 opus
3492 3450 3581 3499 est

1935 3535 2165 3589 labores
2189 3540 2241 3588 et
2274 3533 2530 3605 pericula
2552 3531 3012 3587 sustinere.Ecce
3031 3529 3169 3584 Abel
3191 3535 3456 3585 mortuus
3478 3548 3581 3603 pro

1936 3640 2131 3677 amore
2164 3624 2349 3689 Dei,et
2382 3622 2628 3676 necdum
2664 3620 3149 3675 resurrectionem
3185 3619 3431 3691 adeptus
3454 3624 3578 3687 est;

1936 3713 2036 3768 sed
2070 3712 2423 3766 desiderium
2448 3711 2683 3781 quidem
2708 3710 2838 3778 ejus
2860 3709 3237 3763 manifestum
3264 3712 3433 3778 est,et
3456 3725 3580 3779 qua)

1936 3801 2008 3854 ab
2042 3800 2140 3853 illo
2174 3800 2295 3854 fieri
2328 3800 2639 3861 debebant,
2673 3798 2824 3851 facta
2856 3803 3012 3851 sunt.
3046 3797 3178 3860 Quze
3216 3814 3347 3852 vero
3378 3798 3583 3852 donari

1936 3895 2264 3961 Sperantur,
2303 3889 2552 3942 necdum
2586 3887 2668 3941 illi
2703 3886 2911 3941 collata
2941 3887 3225 3941 sunt.Sed
3259 3902 3363 3939 nec
3394 3887 3583 3956 parri-

1937 3978 2064 4032 cida
2094 3977 2351 4048 suscepit
2384 3977 2813 4031 contritionem.
2846 3974 3097 4029 Minatur
3127 3974 3361 4045 quidem
3391 3975 3462 4027 ab
3494 3992 3581 4044 eo,

1937 4068 2037 4122 sed
2070 4068 2317 4121 necdum
2352 4066 2400 4119 ei
2435 4064 2722 4118 retribuit.
2758 4063 2900 4125 Quid
2936 4062 3019 4115 illi
3052 4079 3119 4115 ex
3149 4062 3258 4116 hoc
3288 4062 3583 4132 proderit?

1936 4156 2036 4209 sed
2070 4156 2140 4209 ab
2183 4153 2524 4222 hujusmodi
2547 4151 2916 4206 cunctatione
2940 4150 3337 4220 pertransicns
3361 4149 3583 4204 intelle-

1936 4242 2332 4312 xit,quoniam
2358 4242 2405 4295 si
2431 4246 2519 4295 est
2549 4241 2717 4305 Deus,
2746 4238 3081 4291 omnimodo
3115 4237 3421 4291 retributio
3452 4239 3580 4293 erit.

1935 4334 2005 4387 Et
2032 4349 2132 4386 vos
2165 4330 2584 4403 igitur,inquit,
2608 4326 2889 4382 attendite
2907 4343 3037 4392 vos;
3061 4331 3117 4379 et
3137 4326 3183 4379 si
3206 4325 3413 4380 videtis
3435 4327 3581 4381 nihil

1934 4438 2033 4476 vos
2062 4421 2155 4475 hic
2189 4419 2505 4491 percipere,
2535 4434 2649 4471 non
2673 4414 3118 4487 perturbemini.
3152 4414 3207 4469 Si
3236 4412 3317 4467 illi
3344 4414 3425 4469 sic
3457 4415 3577 4485 pla-

1935 4514 2181 4565 cuerunt
2211 4508 2346 4575 Deo,
2383 4507 2479 4577 qui
2507 4504 2669 4560 nulla
2698 4502 2983 4575 exempla,
3018 4520 3143 4575 quae
3189 4503 3577 4575 intenderent,

180 4592 460 4647 Hortatur
488 4594 646 4647 enim
679 4610 798 4660 eos,
824 4599 906 4661 ut,
940 4593 1090 4649 sicut
1120 4594 1214 4649 ille
1246 4596 1462 4665 injuste
1492 4597 1718 4654 occisus
1742 4606 1829 4655 est
1862 4608 1903 4672 Ι)
1937 4599 2511 4667 habuerunt,quanto
2546 4595 2733 4667 magis
2756 4610 2861 4648 nos
2891 4593 3173 4648 debemus
3207 4592 3581 4664 placere,qui-

180 4698 215 4733 a
269 4679 464 4745 fratre,
514 4686 567 4735 et
619 4698 733 4736 non
793 4682 1078 4737 recusavit
1108 4684 1591 4755 persecutionem,
1634 4687 1715 4742 ita
1746 4688 1827 4743 illi

180 4784 295 4822 non
322 4770 731 4837 recusarent,si
753 4770 970 4841 injuste
989 4777 1322 4841 paterentur
1339 4790 1371 4827 a
1396 4776 1823 4833 contribulibus

174 4874 401 4913 eorum.
438 4857 754 4913 Plurimam
789 4860 1005 4930 quippe
1030 4860 1281 4915 hostiam
1305 4862 1652 4934 Abel,quam
1685 4866 1821 4921 Cain

172 4945 404 5014 obtulit,
441 4964 553 5001 non
602 4948 753 5017 quod
790 4946 889 5001 illa
918 4947 1110 5002 hostia
1158 4950 1216 5003 in
1267 4951 1440 5005 rebus
1490 4954 1824 5009 carnalibus

176 5037 365 5107 major
394 5035 736 5103 exstitisset,
770 5036 869 5090 sed
906 5036 1192 5107 quidquid
1238 5040 1523 5108 optimum
1575 5042 1826 5098 habebat

176 5124 457 5190 Abel,Deo
493 5141 598 5195 per
629 5124 801 5179 ﬁdem
835 5124 1109 5179 benevolo
1142 5127 1336 5181 animo
1379 5128 1723 5198 proferebat.
1762 5132 1825 5186 Et

170 5215 373 5269 exinde
400 5214 453 5268 ei
489 5230 601 5267 sua
632 5212 1018 5283 multiplicata
1048 5214 1301 5269 fuerunt.
1336 5216 1401 5269 Et
1440 5217 1823 5288 intelligimus

172 5304 361 5375 ipsum
413 5320 516 5374 per
559 5301 669 5355 hoc
723 5300 1012 5371 placuisse
1044 5302 1177 5357 Deo.
1209 5304 1634 5359 Testimonium
1667 5307 1822 5362 enim

168 5397 521 5448 consecutus
554 5394 644 5444 est
674 5405 802 5443 esse
825 5390 1042 5457 justus;
1068 5392 1185 5446 sive
1218 5393 1372 5463 quod
1406 5394 1557 5465 ignis
1580 5395 1823 5450 descen-

166 5481 245 5535 dit
277 5483 347 5536 de
389 5479 637 5549 coelo,ut
685 5477 745 5530 in
784 5476 1140 5533 Theodotion
1187 5480 1401 5551 legitur
1440 5482 1825 5537 inﬂammavit

142 5662 145 5663 ⁷
230 5658 420 5731 (1442)
452 5655 559 5712 Hic
592 5653 652 5707 in
687 5652 817 5707 cod.
850 5669 1031 5725 marg.
1065 5654 1275 5728 legitur
1302 5673 1426 5727 cap.
1462 5656 1698 5711 XXVIII.

1940 4689 2047 4743 bus
2078 4693 2163 4742 tot
2193 4686 2370 4741 stella:
2398 4686 2680 4739 micantes
2710 4683 3095 4749 emicuerunt,
3131 4684 3313 4737 donec
3359 4682 3580 4737 veniret

1935 4795 2105 4832 verus
2157 4776 2293 4831 Sol?
2348 4776 2501 4843 Fide,
2553 4774 2766 4845 inquit,
2816 4772 3139 4827 translatus
3187 4776 3275 4826 est
3320 4773 3577 4826 Henoch.

1939 4866 2165 4920 Henocb
2198 4881 2299 4935 per
2329 4865 2501 4918 fidem
2536 4862 2755 4934 placuit
2804 4867 2934 4929 Deo,
2968 4866 3031 4915 ut
3062 4862 3353 4932 quomodo
3387 4865 3579 4932 patres

1935 4954 2263 5025 superiores
2295 4957 2426 5005 ante
2457 4952 2793 5019 adventum,
2835 4951 3000 5005 illum
3045 4968 3157 5004 non
3207 4950 3476 5004 viderunt
3522 4955 3579 5003 et

1935 5044 2333 5105 crediderunt,
2366 5039 2443 5092 ita
2493 5045 2550 5093 et
2601 5057 2706 5094 nos
2758 5039 3004 5094 scientes
3038 5040 3268 5093 credere
3299 5039 3579 5092 debemus

1936 5132 2087 5203 quod
2115 5147 2227 5183 non
2252 5128 2538 5191 videmus,
2569 5132 2633 5180 ut
2666 5129 3023 5197 accipiamus
3055 5128 3206 5181 sicut
3234 5125 3317 5179 illi
3349 5141 3579 5195 accepe-

1935 5224 2091 5282 runt,
2122 5222 2185 5271 ut
2216 5215 2431 5269 dicitur
2463 5230 2474 5266 :
2514 5234 2539 5260 ‹‹
2572 5214 2818 5276 Quaerite
2848 5214 3181 5281 Dominum,
3207 5219 3265 5269 et
3294 5213 3580 5268 conforta-

1936 5306 2100 5371 mini,
2153 5302 2392 5375 quaerite
2424 5300 2628 5354 faciem
2663 5303 2791 5371 ejus
2822 5319 3052 5371 semper
3082 5303 3254 5370 (Psal.
3297 5319 3403 5371 Civ,
3438 5302 3511 5372 4).
3546 5322 3573 5349 ››

1932 5395 2005 5449 Ut
2036 5393 2189 5447 enim
2224 5388 2655 5455 transferretur,
2689 5405 2864 5442 causa
2898 5388 3006 5442 fuit
3036 5405 3136 5458 per
3167 5390 3318 5458 quod
3344 5390 3575 5461 placue-

1932 5487 2039 5535 rat.
2074 5480 2186 5533 Sed
2217 5480 2281 5531 ut
2312 5474 2543 5528 choch
2578 5474 2826 5546 placeret
2855 5477 2991 5544 Deo,
3025 5492 3201 5532 causa
3232 5481 3356 5531 erat
3409 5478 3571 5531 ﬁdes.
