3966 6210
126 371 227 433 801

662 364 1077 428 EXPOSITIO
1121 366 1199 427 IN
1245 365 1670 429 EPISTOLAS
1717 366 1971 428 PAULI.
2003 400 2079 411 -—
2110 367 2187 427 ΙΝ
2233 367 2484 429 EPIST.
2533 371 2634 428 AD
2681 368 2910 429 HEBR.

3405 374 3524 435 802

125 502 315 558 volens
338 498 501 555 nobis
519 498 851 565 ostendere,
874 499 1013 571 quia
1045 500 1368 569 majoribus
1401 500 1560 572 digni
1605 504 1761 554 sunt.
1795 505 1849 571 Α
1881 499 2044 566 mini,
2081 518 2193 555 non
2230 502 2339 556 Deo
2370 526 2382 567 ;
2418 505 2529 555 Deo
2561 506 2779 568 autem,
2817 519 2921 558 nec
2952 520 3127 559 arena
3150 508 3335 560 terra).
3372 508 3429 563 Si
3464 511 3523 566 in

129 590 390 647 Nolentes
424 587 655 659 alligari
689 588 761 643 ad
794 588 909 643 ista
938 592 1184 656 terrena,
1218 605 1351 643 eum
1384 593 1543 644 tanto
1575 589 1768 644 studio

131 679 488 735 abducebant
521 676 752 732 animos
778 693 919 732 suos
940 693 973 731 a
998 682 1175 743 terra,
1199 695 1386 750 neque
1409 695 1537 749 quae
1557 679 1771 733 daban-

129 774 239 835 tur,
270 766 655 837 accipiebant.
692 764 918 820 Etenim
952 771 1259 837 propterea
1298 772 1536 837 nepotes
1566 782 1767 821 eorum

133 858 486 928 acceperunt.
520 854 609 908 Illi
638 854 853 925 quippe
879 859 1047 909 erant
1068 860 1221 909 terra
1243 854 1425 927 digni,
1451 871 1563 909 non
1590 853 1765 921 illius,

133 947 290 1017 cujus
320 943 575 999 civitatis
601 942 833 1013 artifex,
867 947 923 996 et
954 943 1222 997 conditor
1251 943 1404 999 Deus
1435 948 1539 999 est.

196 1033 373 1104 (1443)
413 1054 438 1084 α
468 1031 607 1087 Fide
630 1038 686 1086 et
718 1031 847 1103 ipsa
877 1031 1020 1086 Sara
1048 1030 1263 1086 sterilis
1290 1032 1559 1086 virtutem
1589 1030 1768 1101 (1444)

136 1124 187 1177 in
204 1121 636 1193 conceptionem
666 1120 908 1174 seminis
934 1120 1174 1191 accepit,
1199 1120 1373 1174 etiam
1398 1126 1604 1191 prmter
1623 1124 1767 1175 tem-

132 1227 237 1282 pus
258 1209 478 1275 aetatis;
507 1207 785 1280 quoniam
811 1206 1042 1262 ﬁdelem
1065 1208 1305 1262 tradidit
1330 1225 1455 1263 esse
1480 1224 1636 1274 eum,
1671 1206 1770 1279 qui

132 1296 838 1368 repromiserat.|Propter
859 1296 1013 1367 quod
1058 1300 1116 1350 et
1140 1296 1210 1349 ab
1239 1313 1354 1351 uno
1386 1297 1495 1351 orti
1528 1302 1665 1351 sunt
1696 1300 1773 1365 (et

131 1388 239 1442 hoc
260 1388 508 1456 mortuo)
532 1390 812 1456 tanquam
831 1383 1023 1439 sidera
1044 1383 1171 1438 caeli
1205 1384 1261 1439 in
1288 1385 1681 1451 multitudine,
1716 1390 1773 1440 et

132 1476 281 1530 sicut
308 1490 506 1541 arena,
530 1490 660 1545 quae
680 1478 769 1529 est
791 1473 861 1527 ad
881 1489 1043 1528 oram
1067 1474 1248 1528 maris
1268 1473 1771 1529 innumerabilis.»

137 1564 411 1620 Fortassis
445 1562 591 1617 dicit
620 1561 869 1633 aliquis:
924 1562 1226 1626 Quomodo
1259 1562 1392 1629 ﬁde,
1428 1579 1555 1633 quas
1601 1560 1774 1616 risit?

135 1652 275 1723 (Gen.
303 1668 463 1717 xvm,
505 1653 615 1721 12.)
636 1649 809 1705 Risus
840 1650 996 1704 enim
1021 1650 1117 1704 ille
1140 1649 1369 1705 etiamsi
1410 1650 1608 1721 gaudii
1642 1651 1771 1717 fuit,

137 1740 305 1814 plenae
333 1740 471 1795 ﬁdei
501 1755 617 1794 non
652 1738 778 1793 fuit.
813 1738 947 1793 Post
978 1740 1050 1793 ab
1084 1740 1288 1794 eodem
1321 1738 1527 1810 angelo
1560 1739 1618 1793 in
1662 1740 1773 1794 ﬁde

136 1832 293 1885 etiam
316 1828 667 1885 conﬁrmata
683 1833 770 1882 est
792 1845 804 1893 ;
831 1827 1070 1899 proinde
1094 1832 1368 1881 evacuate
1389 1827 1773 1881 dubitationis

137 1935 313 1984 causa,
336 1918 681 1972 introducta
699 1922 788 1971 est
810 1917 972 1971 ﬁdes.
1000 1938 1027 1965 ‹‹
1053 1915 1339 1970 Virtutem
1362 1916 1420 1969 in
1444 1916 1773 1986 conceptio-

138 2023 253 2063 nem
273 2005 524 2064 seminis
544 2005 784 2076 aecepit.
810 2027 829 2055 ι
854 2005 987 2060 Jam
1002 2004 1352 2059 mortiﬁcata
1373 2009 1513 2070 erat,
1531 2002 1771 2070 sterilis;

139 2095 330 2167 duplex
357 2094 524 2151 enim
556 2098 681 2150 erat
711 2092 1014 2164 praelusio
1036 2111 1049 2160 ;
1075 2110 1193 2148 una
1212 2093 1492 2165 temporis
1519 2111 1531 2148 :
1565 2109 1772 2147 senue-

137 2190 215 2240 rat
238 2185 456 2256 quippe
483 2184 650 2254 jam;
684 2181 798 2237 alia
826 2198 959 2237 vero
980 2199 1047 2237 ex
1080 2186 1216 2238 natu
1230 2199 1326 2237 ra:
1361 2181 1575 2237 sterilis
1617 2181 1772 2236 enim

137 2276 264 2328 erat.
297 2273 407 2327 Sed
441 2271 523 2326 ad
582 2270 1021 2341 suscipiendum
1067 2275 1124 2326 et
1153 2271 1526 2325 retinendum
1574 2285 1773 2325 semen

136 2362 343 2433 accepit
360 2360 663 2415 virtutem.
690 2358 961 2415 Mulieres
984 2375 1237 2430 namque
1258 2376 1326 2415 ex
1351 2359 1579 2414 duabus
1602 2359 1776 2414 rebus

137 2448 356 2504 steriles
384 2464 522 2503 esse
552 2447 766 2514 solent;
803 2448 921 2502 sive
950 2448 1183 2518 quando
1214 2448 1272 2502 in
1302 2448 1472 2503 vulva
1500 2448 1773 2502 virtutem

138 2554 249 2592 non
280 2537 455 2591 habet
488 2552 703 2603 semen,
737 2537 891 2607 quod
950 2536 1010 2591 in
1050 2540 1349 2592 senectute
1397 2536 1607 2605 evenit,
1641 2552 1773 2590 eum

140 2627 408 2683 deﬁciunt
438 2625 787 2692 muliebria;
824 2625 910 2680 vel
942 2626 1174 2697 quando
1205 2624 1373 2680 vulva
1410 2624 1778 2680 concluditur

144 2717 304 2771 etiam
327 2715 739 2786 injuventute,
776 2722 833 2769 ut
855 2731 969 2769 non
999 2715 1297 2786 perveniat
1327 2731 1525 2769 semen
1550 2714 1621 2768 ad
1653 2712 1779 2768 loca

146 2804 561 2876 eoneeptionis:
622 2807 823 2857 contra
880 2820 1028 2874 quas,
1062 2803 1119 2857 id
1161 2809 1267 2873 est,
1322 2802 1689 2858 sterilitatem
1723 2806 1779 2858 et

146 2897 507 2961 senectutem,
545 2891 706 2946 dedit
734 2890 887 2947 Deus
918 2892 1211 2947 virtutem.
1236 2892 1321 2946 Ad
1355 2891 1548 2947 locum
1576 2891 1774 2946 statim

147 2981 522 3053 conceptionis
556 2996 756 3036 semen
787 2980 1064 3052 pervenit,
1088 2986 1145 3036 et
1166 2984 1474 3052 postquam
1502 2979 1776 3052 pervenit,

147 3071 285 3126 dedit
304 3076 506 3143 partus
533 3068 890 3125 soliditatem
918 3068 1167 3124 mulieri.
1195 3069 1352 3125 Fidei
1374 3085 1627 3140 namque
1642 3067 1778 3125 soli-

148 3159 304 3215 ditata
333 3160 479 3215 uteri
519 3157 777 3213 insolida
807 3159 1225 3224 confortantur,
1259 3163 1323 3213 ut
1365 3159 1563 3213 omnia
1592 3157 1779 3229 possi-

1805 1872 1850 1935 B

1879 590 1985 644 hac
2009 590 2123 643 vita
2145 589 2289 645 tales
2312 591 2795 662 repromissiones
2842 592 2933 647 Dei
2968 592 3050 647 sic
3083 593 3244 648 facile
3275 594 3523 668 implen-

1880 682 1995 741 tur,
2029 677 2110 731 ita
2140 677 2434 732 mirabilia
2465 683 2600 732 sunt
2634 683 2690 731 et
2734 677 3007 749 gloriosa,
3061 680 3141 735 ita
3192 684 3522 753 magniﬁca,

1878 765 2073 836 qualia
2105 771 2277 820 erunt
2306 764 2424 833 illa,
2460 782 2709 837 quorum
2744 768 2855 821 ista
2899 768 3297 825 additamenta
3344 773 3527 827 sunt?

1879 852 2024 916 Quid
2059 854 2238 925 igitur
2268 854 2727 924 adipiscentibus
2776 856 3025 917 beatius,
3057 862 3158 911 aut
3190 876 3301 914 non
3334 861 3524 931 adipi--

1879 943 2178 997 seentibus
2197 942 2527 997 infelicius?
2551 944 2607 997 Si
2628 946 2781 998 enim
2804 944 2988 1014 patria
3006 948 3429 1019 quisexpulsus
3454 952 3524 1005 ab

1880 1030 2238 1099 hominibus,
2266 1031 2944 1101 miserabilisjudicatur,
2979 1040 3034 1089 et
3055 1035 3322 1107 quisquis
3345 1038 3523 1094 haere-

1881 1120 2117 1175 ditatem
2154 1122 2436 1190 amiserit,
2470 1121 2698 1174 videtur
2727 1123 3001 1177 omnibus
3043 1140 3169 1179 esse
3199 1126 3523 1193 dolendus;

1881 1208 1977 1280 qui
2011 1208 2153 1262 ecnlo
2186 1210 2466 1279 privatur,
2500 1210 2637 1279 quid
2678 1209 2760 1263 illi
2794 1216 3024 1281 reputes
3080 1214 3213 1268 boni
3236 1215 3263 1267 ‘I
3290 1216 3526 1285 quantis

1881 1297 2155 1369 lacrymis
2186 1297 2293 1351 iste
2324 1295 2687 1368 plangendus
2711 1299 2836 1352 est?
2859 1306 2997 1353 Cum
3022 1302 3176 1355 enim
3200 1319 3266 1356 ex
3290 1304 3525 1375 pr0pria

1880 1386 2177 1439 voluntate
2208 1385 2588 1456 semetipsum
2615 1386 2926 1456 quisquam
2962 1387 3169 1457 inﬁgit,
3196 1407 3308 1444 non
3332 1391 3522 1446 solum

1882 1473 2155 1545 lacrymis
2186 1474 2399 1544 dignus
2429 1479 2540 1543 est,
2573 1475 2671 1528 sed
2701 1476 2874 1529 etiam
2910 1476 3449 1534 lamentationibus.

1958 1586 1979 1611 α
2004 1562 2178 1617 Juxta
2202 1563 2373 1617 ﬁdem
2394 1563 2647 1617 defuncti
2682 1570 2821 1617 sunt
2849 1581 3053 1619 omnes
3085 1565 3201 1631 isti,
3235 1584 3349 1622 non
3372 1584 3529 1625 acce-

1884 1651 1997 1722 ptis
2022 1650 2595 1721 repromissiouibus,
2621 1652 2717 1706 sed
2735 1652 2951 1725 alonge
2973 1670 3069 1707 eas
3091 1655 3528 1725 aspicientes,et

1883 1739 2228 1806 salutantes,
2244 1746 2300 1793 et
2313 1740 2668 1795 conﬁdentes
2682 1742 2726 1809 (1
2742 1742 3027 1811 446),quia
3044 1744 3529 1815 peregrini,etho-

1883 1828 2064 1899 spites
2080 1832 2651 1898 suntsuperterram.
2669 1828 2771 1891 Qui
2788 1831 2942 1883 enim
2962 1831 3067 1884 hoc
3082 1832 3529 1905 dicunt,signiﬁ-

1882 1921 2090 1970 cantse
2105 1916 2353 1987 patriam
2380 1916 2693 1987 inquirere.
2723 1922 2785 1970 Et
2808 1918 2853 1971 si
2878 1919 3109 1987 quidem
3137 1920 3295 1975 illius
3323 1924 3525 1977 memi-

1884 2004 2129 2068 nissent,
2154 2004 2223 2059 de
2246 2022 2360 2074 qua
2376 2005 2655 2071 exierant,
2671 2004 2965 2059 habebant
2982 2008 3304 2079 utiquetem
3316 2027 3424 2080 pus
3448 2028 3530 2065 re-

1882 2093 2162 2157 vertendi;
2181 2109 2333 2146 nunc
2349 2098 2541 2145 autem
2558 2092 2853 2149 meliorem
2871 2100 3169 2165 appetunt,
3186 2097 3239 2150 id
3256 2098 3532 2163 est,cmle-

1884 2186 2052 2236 stem.
2082 2206 2102 2232 s
2132 2182 2255 2235 Duo
2279 2182 2543 2251 quaedam
2577 2186 2665 2236 est
2686 2181 2777 2235 hic
2809 2182 3051 2254 dignum
3076 2202 3348 2255 quaerere.
3384 2188 3527 2243 Cum

1884 2268 2036 2323 enim
2054 2286 2233 2340 supra
2246 2268 2507 2333 dixisset,
2524 2270 2845 2325 translatus
2864 2277 2953 2325 est
2968 2271 3221 2337 Henoch,
3237 2280 3293 2329 et
3308 2292 3419 2330 non
3441 2276 3528 2331 in-

1884 2358 2240 2423 veniebatur,
2276 2375 2345 2413 ne
2366 2358 2586 2413 videret
2608 2364 2874 2426 mortem,
2900 2359 2993 2415 hic
3022 2362 3183 2431 dicit,
3207 2366 3527 2419 secundum

1886 2447 2058 2501 ﬁdem
2086 2448 2296 2501 mortui
2331 2451 2466 2501 sunt
2487 2464 2691 2502 omnes
2722 2449 2837 2502 isti.
2864 2450 2930 2503 Et
2957 2466 3089 2504 cum
3113 2451 3321 2505 iteru'n
3351 2453 3528 2508 dixis-

1886 2540 1993 2601 set,
2027 2553 2141 2590 non
2174 2536 2426 2607 acceptis
2450 2538 3023 2606 repromissionibus,
3058 2540 3155 2593 sed
3178 2558 3210 2593 a
3240 2539 3410 2613 longe
3432 2558 3529 2597 eas

1886 2625 2257 2695 aspicientes,
2273 2624 2545 2695 superius
2559 2624 2784 2680 dixitde
2802 2626 2959 2694 Abel,
2975 2627 3111 2698 quia
3126 2628 3528 2685 testimonium

1886 2718 2234 2768 consecutus
2266 2718 2354 2767 est
2382 2730 2508 2768 esse
2531 2714 2753 2783 justus,
2790 2719 2846 2768 et
2880 2732 2981 2786 per
3028 2714 3185 2770 illam
3218 2717 3530 2773 defunctus

1886 2801 2078 2857 adhuc
2101 2800 2363 2872 loquitur
2387 2820 2399 2868 ;
2423 2808 2479 2856 et
2508 2802 2577 2856 de
2602 2802 2831 2856 llenoch
2858 2802 3017 2874 dicit,
3042 2807 3180 2874 quia
3210 2805 3533 2863 translatus

1887 2895 2012 2957 est;
2047 2895 2103 2945 et
2133 2891 2202 2945 de
2233 2891 2369 2959 Noe,
2394 2891 2531 2962 quia
2561 2893 2819 2947 salvatus
2846 2892 3017 2946 estde
3048 2895 3532 2951 eondemnatione

1890 2978 2114 3045 mundi,
2138 2983 2193 3034 et
2224 2978 2406 3034 haeres
2439 2980 2642 3035 mundi
2683 2982 2889 3035 factus.
2923 2980 3168 3037 Videtur
3196 2985 3351 3038 enim
3386 2984 3531 3039 mihi

1886 3068 1968 3122 ita
2000 3068 2233 3122 solvere.
2272 3069 2443 3122 Juxta
2475 3068 2646 3123 fidem
2672 3085 2874 3124 omnes
2898 3070 3111 3124 mortui
3134 3076 3290 3125 sunt.
3327 3077 3386 3125 In
3422 3073 3532 3129 hoc

1887 3156 2033 3219 loco,
2067 3173 2268 3211 omnes
2300 3156 2478 3210 dicit:
2534 3156 2659 3210 Non
2704 3156 2843 3227 quia
2891 3174 3095 3212 omnes
3129 3162 3341 3214 mortui
3376 3165 3533 3229 sunt,

147 3247 267 3303 bilia
292 3248 408 3304 sint
461 3247 749 3303 credendi
806 3247 995 3315 (Marc.
1031 3264 1103 3311 1x,
1135 3248 1247 3318 22).
1306 3248 1547 3318 Propter
1602 3247 1778 3317 quod,
1813 3234 1855 3301 C
1895 3246 1991 3299 sed
2019 3244 2155 3315 quia
2173 3242 2792 3316 propterillumsolum
2814 3246 3535 3313 omnesistimortuisunt,

146 3336 335 3408 inquit,
368 3343 425 3392 et
453 3338 535 3393 ab
575 3352 689 3390 uno
720 3336 827 3391 orti
862 3340 1001 3391 sunt
1023 3336 1073 3391 ei
1102 3354 1114 3404 ;
1139 3336 1195 3390 id
1229 3340 1338 3401 est,
1370 3336 1442 3390 ab
1475 3352 1591 3389 uno
1624 3336 1782 3390 Isaae

147 3426 241 3481 orti
266 3432 399 3482 sunt
420 3427 473 3483 ei
510 3426 637 3480 duo
664 3424 790 3493 ﬁlii,
818 3442 918 3480 seu
945 3424 1389 3480 innumerabilis
1420 3429 1619 3496 postea
1641 3423 1785 3478 mul-

147 3516 317 3570 titudo
334 3514 544 3588 populi
576 3531 590 3581 ;
615 3511 702 3568 vel
724 3514 795 3568 ab
820 3531 933 3569 uno
964 3530 1199 3585 corpore
1221 3513 1513 3569 Abraham
1547 3518 1603 3567 et
1632 3513 1783 3567 Sarra

148 3603 244 3658 orti
272 3609 406 3660 sunt
426 3602 899 3659 innumerabiles
922 3601 1117 3674 pepuli
1142 3602 1345 3673 (1445).
1370 3601 1588 3656 Idcirco
1611 3600 1784 3655 etiam

148 3708 207 3747 ex
234 3711 341 3749 uno
371 3692 568 3767 geniti
600 3696 739 3747 sunt
767 3708 991 3761 omnes,
1043 3708 1157 3746 non
1212 3690 1320 3746 hoc
1351 3690 1541 3746 solum
1590 3688 1789 3744 volens

149 3780 482 3853 signiﬁcare,
522 3780 672 3852 quia
700 3780 920 3852 genuit,
954 3780 1053 3835 sed
1086 3781 1285 3850 etiam,
1320 3780 1459 3852 quia
1490 3783 1789 3834 tantorum

152 3876 319 3926 mater
347 3872 563 3927 eﬁ‘eeta
589 3873 695 3938 est,
755 3874 1111 3941 quantorum
1163 3884 1349 3941 neque
1408 3868 1687 3923 fecundae.
1723 3868 1792 3922 Et

150 3955 244 4011 hoc
272 3964 569 4024 emortuo,
604 3956 815 4028 inquit,
845 3956 931 4012 vel
964 3962 1246 4011 emortua.
1289 3955 1413 4011 Non
1466 3956 1621 4011 enim
1653 3956 1788 4023 vita,

152 4046 241 4101 sed
271 4047 498 4103 femina:
525 4050 803 4100 mortuus
838 4046 964 4100 fuit.
987 4050 1171 4100 Senex
1198 4046 1353 4100 enim
1385 4046 1559 4099 homo
1592 4060 1791 4099 semen

152 4138 365 4191 tantum
398 4136 650 4191 fundere
676 4139 866 4206 potest
894 4150 905 4189 :
950 4135 1049 4191 sed
1082 4139 1276 4189 tamen
1326 4134 1567 4190 seminis
1593 4132 1795 4189 solidi-

153 4226 279 4289 tate,
312 4230 374 4280 ut
420 4240 733 4297 procreare
764 4223 948 4295 possit
981 4222 1152 4291 ﬁlios,
1186 4228 1358 4290 caret,
1402 4223 1517 4277 nisi
1549 4222 1793 4278 forsitan

156 4311 218 4367 de
245 4311 702 4380 adolescentula,
735 4317 800 4367 ut
821 4312 915 4367 alii
944 4312 1157 4367 ferunt.
1184 4312 1344 4366 Sicut
1365 4312 1577 4376 sidera,
1606 4310 1800 4382 inquit

156 4399 293 4469 coali,
326 4402 411 4458 vel
459 4418 644 4457 arena
693 4399 892 4457 maris.
954 4398 1331 4473 Hyperboliee
1392 4400 1616 4454 dictum
1669 4403 1793 4454 est:

159 4488 255 4544 Per
282 4491 475 4547 sidera
505 4490 728 4562 quippe
756 4489 909 4557 cmli,
934 4490 1069 4545 boni
1104 4488 1465 4561 intelligendi
1499 4492 1635 4543 sunt
1658 4505 1671 4555 ;
1698 4504 1801 4559 per

1891 3350 2038 3405 quos
2071 3334 2289 3387 scimus
2312 3339 2575 3387 mortuos
2606 3333 2801 3387 fuisse.
2828 3334 2987 3397 Quod
3014 3338 3205 3388 autem
3230 3335 3393 3403 dixit,
3421 3352 3537 3390 non

1892 3422 2143 3491 acceptis
2177 3420 2753 3491 repromissionibus,
2786 3438 2984 3474 verum
3010 3427 3133 3487 est;
3168 3422 3382 3492 quiain
3407 3424 3537 3494 qui-

1896 3510 2145 3585 busdam
2178 3508 2351 3563 rebus
2384 3514 2751 3579 acceperunt.
2798 3510 3032 3581 Accepit
3062 3509 3318 3578 Henocli,
3354 3528 3425 3566 ne
3454 3512 3543 3566 vi-

1896 3599 2055 3653 deret
2087 3602 2329 3652 mortem
2360 3616 2372 3663 ;
2407 3598 2628 3669 accepit
2658 3598 2796 3667 Noe,
2832 3603 2896 3653 ut
2916 3599 3273 3667 salvaretur;
3310 3616 3542 3673 accepe-

1898 3692 2149 3758 runtque
2173 3686 2267 3741 alii
2292 3687 2554 3759 plurimi,
2580 3688 2679 3742 sed
2703 3686 2823 3743 haec
2848 3688 3086 3760 quidem
3112 3688 3228 3744 illis
3260 3690 3545 3747 libamina

1898 3778 2165 3846 quaedam
2194 3782 2378 3843 erant,
2410 3781 2466 3831 et
2503 3777 2699 3848 prima
2734 3778 3169 3850 degustationes
3196 3780 3545 3836 futurorum.

1900 3866 2051 3921 Deus
2070 3867 2368 3932 enim,non
2389 3866 2575 3921 solum
2594 3884 2719 3939 quae
2736 3868 2931 3923 futura
2946 3874 3085 3923 sunt
3101 3870 3266 3925 nobis
3283 3870 3545 3941 largitur,

1902 3956 2002 4011 sed
2035 3956 2209 4010 etiam
2242 3973 2367 4026 qua:
2390 3955 2568 4025 hujus
2590 3958 2715 4010 vita:
2740 3962 2897 4022 sunt,
2922 3958 3091 4013 nobis
3116 3964 3366 4029 prmstat,
3400 3959 3551 4014 sicut

1902 4043 2208 4115 discipulis
2242 4044 2363 4098 suis
2395 4046 2657 4099 dicebat:
2698 4066 2723 4095 α
2746 4046 3006 4100 Primum
3031 4048 3271 4117 quaerite
3303 4063 3548 4118 regnum

1907 4133 2001 4188 Dei
2026 4132 2384 4203 eljustitiam
2408 4133 2556 4203 ejus,
2582 4138 2637 4185 et
2656 4133 2776 4186 hanc
2799 4134 2993 4187 omnia
3019 4134 3368 4203 adjiciantur
3388 4134 3550 4190 vobis

1904 4222 2120 4293 (Matth.
2155 4239 2231 4289 vr,
2259 4222 2328 4274 33
2355 4240 2367 4287 ;
2406 4223 2530 4276 Luc.
2554 4238 2657 4288 x11,
2680 4221 2790 4288 31).
2820 4244 2846 4269 ››
2877 4222 2955 4275 De
2977 4221 3147 4292 longe
3179 4223 3549 4293 aspicientes,

1908 4311 1962 4367 id
1996 4315 2105 4375 est,
2140 4310 2577 4381 promissiones,
2611 4326 2756 4381 quas
2789 4310 3026 4364 veniens
3056 4311 3319 4366 Christus
3350 4312 3555 4383 praedi-

1908 4400 2079 4466 cavit,
2104 4398 2241 4470 quia
2272 4397 2321 4453 si
2352 4398 2484 4469 quis
2516 4398 2805 4452 dimiserit
2829 4398 3053 4464 domos,
3079 4404 3179 4453 aut
3201 4400 3429 4464 fratres,
3452 4404 3557 4456 aut

1909 4506 2156 4555 sorores,
2175 4492 2273 4543 aut
2287 4492 2509 4560 patrem
2521 4492 2641 4553 ,aut
2657 4491 2903 4541 matrem
2915 4492 3063 4552 ,cent
3075 4505 3105 4541 u
3117 4487 3276 4559 plum
3296 4488 3551 4561 recipiet,

155 4592 382 4634 arenam
398 4595 535 4635 vero
551 4580 751 4649 maris,
772 4578 909 4634 mali
934 4584 1295 4650 reputantur.
1316 4579 1378 4633 In
1394 4582 1621 4633 tantum
1643 4575 1798 4631 enim
1832 4600 1876 4668 Β
1908 4584 1963 4633 et
1992 4578 2167 4633 vitam
2202 4582 2475 4632 aeternam
2507 4576 2721 4647 (Matth.
2755 4594 2870 4641 x1x,
2914 4577 3026 4646 29).
3059 4576 3160 4631 Vel
3192 4577 3263 4631 de
3314 4593 3420 4631 suo
3454 4578 3557 4632 ad-

156 4668 329 4721 crevit
349 4667 511 4724 illius
532 4669 729 4739 gentis
760 4668 937 4723 unius
960 4666 1299 4733 multitudo,
1324 4683 1454 4738 quae
1474 4665 1799 4721 secundum

156 4769 390 4810 carnem
425 4762 560 4811 nata
582 4762 668 4812 est
697 4774 767 4812 ex
794 4756 1086 4812 Abraham
1120 4773 1222 4828 per
1246 4757 1374 4827 ejus
1407 4759 1674 4827 nepotem
1705 4752 1799 4809 Ja-

155 4843 279 4910 eob,
310 4848 374 4897 ut
407 4860 552 4915 pene
585 4861 787 4901 omnes
811 4850 1007 4917 partes
1031 4845 1189 4900 orbis
1211 4844 1558 4917 impleverit,
1591 4847 1647 4899 et
1676 4843 1803 4899 ideo

154 4932 341 5002 potuit
369 4940 426 4987 et
446 4933 585 5005 ipsi,
608 4935 931 4990 secundum
960 4932 1356 5006 hyperbolem,
1390 4950 1576 4989 arente
1606 4933 1803 4987 multi-

154 5019 272 5075 dini
302 5023 674 5093 comparari;
707 5022 846 5095 quia
886 5022 1007 5078 haec
1064 5022 1189 5079 sola
1217 5023 1528 5078 innumera
1584 5027 1672 5078 est
1708 5021 1808 5077 ho-

174 5246 177 5249 -
222 5219 404 5291 (1443)
438 5218 549 5273 Hic
581 5217 640 5273 in
673 5235 859 5286 marg.
888 5218 1099 5291 legitur
1128 5237 1253 5290 cap.
1286 5218 1472 5277 XXIX.

220 5290 404 5362 (1444)
436 5291 607 5362 Inter
631 5307 701 5362 ea
730 5292 903 5362 verba
925 5290 1204 5359 virtutem,
1227 5294 1350 5347 etin
1383 5292 1806 5362 conceptionem,

155 5358 359 5431 legitur
385 5358 446 5416 in
485 5361 623 5415 eod.
658 5360 831 5415 lectio
861 5378 962 5416 xu.

222 5433 405 5504 (1445)
435 5431 539 5487 Vel
575 5432 777 5504 etiam,
802 5431 851 5504 si
876 5433 1039 5488 liceat
1059 5433 1225 5489 nobis
1256 5432 1477 5504 aliquid
1513 5433 1581 5487 de
1613 5436 1810 5488 nostro

158 5501 360 5559 addere
388 5548 400 5572 ,
438 5501 606 5575 quod
641 5518 757 5575 non
791 5501 914 5557 sine
944 5504 1173 5570 timore,
1208 5510 1264 5559 et
1307 5501 1625 5559 reverentia
1674 5504 1811 5558 faci-

161 5588 287 5645 mus
310 5592 328 5629 :
362 5575 439 5630 ab
460 5572 598 5629 uno
626 5572 745 5645 orti
776 5578 930 5645 sunt,
964 5580 1021 5629 et
1058 5575 1167 5630 hoc
1195 5581 1479 5639 emortuo,
1530 5579 1812 5645 tanquam

162 5642 350 5705 sidera
369 5645 529 5721 coeli,
543 5648 609 5701 et
625 5642 812 5700 Vetus
823 5644 1281 5719 Testamentum,
1296 5642 1696 5721 populumque
1714 5645 1816 5703 Ju-

1909 4672 2103 4734 ventu,
2131 4666 2474 4737 salutantes,
2502 4665 2560 4720 id
2591 4670 2700 4731 est,
2733 4669 3024 4738 optantes,
3078 4665 3231 4720 sicut
3270 4666 3557 4722 Dominus

1913 4755 1993 4811 ait
2046 4756 2101 4809 in
2137 4755 2475 4827 Evangelio:
2532 4754 2869 4820 «Quoniam
2904 4754 3071 4809 multi
3122 4771 3285 4827 reges
3316 4760 3373 4810 et
3431 4772 3559 4827 pro-

1916 4844 2099 4916 phetae
2123 4844 2430 4899 voluerunt
2449 4844 2641 4899 videre
2664 4862 2789 4916 quae
2814 4862 2915 4899 vos
2936 4844 3166 4914 videtis,
3190 4849 3246 4899 et
3265 4861 3377 4900 non
3402 4845 3559 4900 vide-

1917 4938 2073 5000 runt,
2110 4938 2166 4987 et
2195 4934 2396 4988 audire
2429 4950 2555 5004 quae
2586 4950 2686 4988 vos
2720 4933 2956 5001 auditis,
3008 4938 3063 4987 et
3095 4951 3209 4988 non
3243 4934 3558 4989 audierunt

1917 5023 2069 5093 (Luc.
2103 5038 2159 5089 x,
2191 5023 2303 5085 24).
2328 5042 2353 5073 υ
2384 5026 2468 5075 lta
2490 5022 2917 5077 conﬁtebantur
2938 5022 3009 5076 de
3026 5020 3164 5087 illis,
3188 5028 3252 5077 ut
3271 5022 3447 5077 etiam
3472 5039 3564 5077 sa-

1919 5219 2176 5296 daicum,
2208 5221 2265 5273 et
2298 5216 2542 5296 Novum,
2576 5215 2975 5296 populpmque
3007 5216 3423 5296 Christianum,
3461 5216 3561 5287 qui

1920 5290 2109 5362 primo
2133 5293 2395 5362 emortuo
2420 5285 2719 5362 successit,
2748 5285 2990 5362 fortasse
3010 5303 3111 5362 per
3131 5288 3278 5362 duos
3308 5285 3440 5339 illos
3464 5285 3564 5362 po-

1920 5306 2109 5362 prlmo
2133 5304 2395 5342 emortuo
2420 5304 2719 5352 successu,
2748 5304 2990 5340 IOI‘LaSSB
3010 5304 3111 5356 per
3131 5304 3278 5339 auos
3308 5304 3440 5339 iuos
3464 5304 3563 5413 Eo-

1920 5359 2131 5414 tuisset
2160 5357 2474 5429 Apostolus
2497 5357 2826 5429 signiﬁcare
2846 5355 3011 5429 velle.
3037 5357 3219 5429 Ausui
3243 5362 3443 5411 nostro
3507 5376 3563 5415 e-

1922 5431 2096 5499 nigne
2118 5426 2382 5500 ignoscat
2402 5426 2735 5502 Apostolus,
2763 5428 2932 5497 cujus
2954 5426 3179 5483 divinos
3206 5444 3415 5483 sensus
3440 5446 3567 5502 pro-

1921 5503 2103 5571 strata
2136 5502 2323 5571 fronte
2353 5500 2657 5569 miramur,
2692 5515 3174 5571 veneramurque.

1994 5570 2177 5654 (44.46)
2204 5571 2371 5654 Vulg.
2406 5572 2735 5654 conﬁtentes;
2788 5572 2924 5654 I‘mo.
2952 5570 3033 5625 ita
3066 5569 3406 5654 legendum,
3440 5587 3566 5654 qua;

1922 5640 2169 5698 inferius
2201 5644 2261 5701 in
2292 5640 2447 5701 h'unc
2464 5646 2685 5702 textum
2716 5642 3027 5715 habentur,
3052 5640 3197 5704 satis
3222 5640 3492 5724 probant.
