3966 6210
446 301 563 362 803

1462 297 1800 357 ATTONIS
1845 295 2433 357 VERCELLENSIS
2482 295 2833 358 EPlSCOPI

3746 299 3853 357 804

443 433 702 488 lutarent
731 448 847 487 eos.
884 431 963 485 Ex
996 429 1337 500 metaphora
1359 429 1761 500 navigantium
1787 429 1892 483 hoc
1913 428 2080 493 dixit,
2114 433 2166 496 Α
2199 428 2254 482 in
2289 429 2433 482 actis
2466 429 2871 484 nefandorum.
2901 428 3010 481 Sed
3037 426 3120 481 illi
3139 427 3219 482 ita
3239 430 3406 482 erant
3428 426 3593 494 clari,
3618 428 3703 482 ita
3722 445 3852 483 con-

444 523 583 593 quia
613 540 646 576 a
677 521 846 592 longe
869 518 1231 591 prospiciunt
1252 517 1613 572 desideratas
1637 517 1918 581 civitates,
1945 533 2091 586 quas

442 616 756 681 antequam
789 609 1212 679 ingrediantur,
1247 606 1598 660 salutatione
1627 606 2008 677 praeveniunt,
2036 609 2093 658 et

440 715 539 754 eas
561 699 668 753 sibi
696 696 1012 752 familiares
1034 695 1316 750 efﬁciunt.
1333 694 1705 764 Aspiciebant
1723 694 1780 748 in
1804 694 1939 758 ﬁde,
1964 710 2092 747 con-

440 787 757 841 ﬁtebantur
777 786 833 839 in
855 785 1245 848 sermonibus,
1267 783 1405 854 quia
1424 783 1734 853 peregrini,
1752 787 1805 836 et
1831 782 2088 852 hospites

439 880 622 944 erant,
646 879 711 929 ut
731 873 1012 944 scriptum
1035 877 1150 927 est:
1171 871 1517 942 Peregrinus
1539 888 1691 940 sum,
1713 871 1865 924 sicut
1884 886 2088 924 omnes

437 969 632 1034 patres
681 963 792 1017 mei
845 964 893 1033 (I
917 967 1054 1017 Par.
1087 979 1242 1026 xxrx,
1279 962 1345 1014 15
1379 978 1391 1027 ;
1450 961 1576 1015 Gen.
1611 977 1773 1028 xxiii,
1808 961 1834 1012 4
1863 978 1874 1025 ;
1928 959 2081 1013 Psal.

435 1069 672 1116 xxxvm,
709 1051 813 1121 13).
849 1049 955 1105 Ubi
1006 1054 1202 1104 autem
1253 1049 1561 1104 conﬁtetur
1603 1046 1894 1102 Abraham
1929 1047 2082 1117 quod

435 1140 801 1212 peregrinus,
837 1143 893 1195 et
931 1139 1146 1210 hospes
1203 1139 1298 1204 sit,
1335 1154 1570 1192 necesse
1617 1140 1705 1190 est
1743 1135 2081 1206 inquirere;

434 1228 700 1284 fortassis
730 1229 885 1283 enim
918 1228 1093 1282 etiam
1121 1228 1312 1297 ipsum
1347 1226 1451 1280 hoc
1471 1227 1800 1279 confessum
1835 1241 1962 1277 esse
1995 1241 2079 1278 re-

433 1319 745 1389 periemus.
765 1317 1078 1371 Confessus
1100 1320 1294 1369 tamen
1311 1314 1611 1379 estDavid,
1629 1313 1780 1367 sicut
1802 1313 2078 1380 diximus;

433 1407 573 1478 quia
603 1405 966 1476 peregrinus,
999 1404 1209 1474 inquit,
1261 1407 1420 1466 sunt,
1472 1403 1622 1456 sicut
1654 1417 1856 1455 omnes
1888 1406 2079 1470 patres

435 1495 546 1549 mei
573 1512 585 1561 ;
612 1493 952 1565 peregrinus
975 1509 1008 1546 a
1031 1507 1267 1562 peregre
1299 1490 1718 1560 proﬁciscendo
1742 1488 1953 1543 dictus.
1977 1489 2078 1544 Pe-

432 1598 666 1653 ragrare
688 1582 866 1646 enim,
891 1580 1294 1651 perambulare
1322 1579 1571 1633 dicimus
1597 1595 1611 1645 ;
1637 1578 1775 1649 quia
1802 1578 1858 1630 in
1888 1578 2072 1631 taber-

431 1669 656 1724 naculis
679 1669 1042 1732 habitabant,
1066 1668 1164 1739 qui
1188 1667 1453 1738 sepulcra
1476 1667 1738 1737 pecuniis
1770 1683 2075 1736 compara-

430 1758 592 1812 bant.
627 1762 856 1812 Certum
880 1761 968 1811 est
994 1756 1268 1826 quoniam
1296 1755 1578 1826 peregrini
1605 1759 1789 1819 erant,
1816 1759 1878 1807 ut
1899 1754 2070 1808 etiam

429 1863 532 1902 nec
564 1845 661 1901 ubi
693 1845 1005 1916 sepelirent
1035 1861 1172 1898 suos
1205 1844 1506 1898 haberent.
1559 1844 1705 1908 Quid
1758 1856 1844 1898 est
1890 1859 2024 1913 ergo
2047 1844 2073 1897 ‘?

427 1935 700 2006 Nunquid
736 1934 892 1988 illius
925 1938 1110 2000 terrea,
1137 1934 1193 1986 in
1226 1949 1342 2003 qua
1373 1931 1666 1986 Palaestini
1697 1937 1881 1999 erant,
1917 1932 2072 1985 dice-

425 2024 564 2078 bant
596 2039 657 2078 se
687 2021 1024 2095 peregrinos
1055 2021 1228 2076 esse?
1277 2021 1652 2091 Nequaquam
1685 2038 1696 2086 ;
1745 2021 1843 2074 sed
1891 2021 2072 2075 totius

423 2112 650 2167 mundi.
687 2112 754 2166 Et
786 2111 1011 2166 merito.
1037 2109 1190 2164 Nihil
1227 2110 1442 2181 quippe
1463 2108 1898 2180 conspiciebant
1923 2108 1982 2162 in
2006 2125 2070 2163 eo

419 2217 644 2270 eorum,
669 2218 796 2272 qua:
820 2198 1110 2264 volebant,
1127 2199 1224 2253 sed
1248 2198 1445 2253 omnia
1468 2215 1790 2269 peregrina,
1807 2203 1862 2251 et
1883 2197 2071 2252 aliena

419 2289 535 2343 illis
567 2294 752 2354 erant,
787 2289 885 2359 qui
936 2288 1210 2342 virtutem
1248 2287 1342 2341 Dei
1401 2285 1586 2341 colere
1635 2286 2066 2341 desiderabant.

421 2377 742 2446 Quomodo,
778 2375 989 2446 inquit,
1032 2375 1320 2447 peregrini
1354 2374 1562 2428 erant?
1607 2375 1730 2428 Non
1781 2379 1904 2428 erat
1933 2374 2067 2427 dili—

419 2464 615 2534 gentia
643 2480 842 2518 eorum
875 2465 1027 2517 circa
1059 2480 1145 2528 ea,
1180 2480 1306 2532 quas
1338 2462 1518 2531 hujus
1551 2464 1758 2516 mundi
1806 2467 1977 2516 sunt:
2015 2467 2069 2516 et

420 2551 528 2606 hoc
562 2568 676 2605 non
707 2551 897 2605 verbis
931 2550 1141 2620 solum,
1177 2551 1277 2604 sed
1333 2550 1507 2603 etiam
1568 2551 1740 2604 rebus
1790 2550 1952 2620 ipsis,
2013 2554 2069 2604 et

419 2640 692 2711 operibus
723 2639 1228 2693 demonstrabant.
1263 2638 1418 2691 Dixit
1467 2643 1616 2692 Deus
1647 2638 1890 2691 Abrabre
1919 2655 1930 2692 :
1965 2639 2064 2691 Exi

420 2729 490 2782 de
521 2733 674 2782 terra
707 2733 827 2791 tua,
862 2744 987 2796 qua:
1016 2727 1332 2797 putabatur
1361 2742 1488 2779 esse
1516 2725 1718 2796 patria.
1746 2726 1955 2779 Statim
1979 2743 2067 2780 ex-

421 2815 541 2886 ivit,
574 2822 630 2870 et
660 2833 772 2870 non
815 2820 902 2870 est
951 2819 1209 2869 retentus
1261 2831 1457 2868 amore
1515 2814 1903 2884 propriorum,
1965 2815 2064 2868 sed

421 2906 572 2959 sicut
595 2904 936 2976 peregrinus
958 2919 1231 2975 egressus
1253 2908 1363 2971 est,
1397 2902 1495 2956 sed
1528 2902 1682 2955 venit
1712 2903 1778 2956 ad
1815 2900 2062 2956 alienam

419 2999 658 3048 terram.
691 2993 845 3048 Dixit
873 2993 962 3047 ei:
988 2991 1142 3047 Oﬁ'er
1171 2991 1315 3044 mihi
1369 2990 1550 3044 ﬁlium
1583 2995 1772 3045 tuum.
1807 2991 1900 3044 Sic
1929 3008 2061 3046 eum

417 3083 629 3139 obtulit
643 3088 921 3155 tanquam
938 3083 984 3137 si
1002 3098 1116 3136 non
1135 3079 1767 3135 habuissethumanam
1792 3084 1926 3133 natu
1939 3097 2062 3134 ram

2206 517 2444 571 ﬁdentia
2468 518 2724 587 pleni,ut
2747 535 2860 572 non
2884 517 3364 579 confunderetur,
3381 533 3514 572 cum
3540 533 3748 571 eorum
3771 535 3851 572 vo-

2203 610 2432 659 caretur
2452 607 2624 661 Deus.
2647 607 2869 660 Dicitur
2883 607 3037 661 enim
3067 611 3216 660 Deus
3234 610 3419 672 terrm,
3444 610 3499 660 et
3520 605 3681 660 Deus
3703 608 3846 676 cmli,

2202 693 2492 764 siquidem
2524 700 2580 749 ct
2611 700 2760 750 Deus
2791 695 3074 767 gentium.
3109 699 3166 749 et
3187 711 3301 748 non
3334 693 3527 750 solum
3561 694 3844 766 gentium,

2199 782 2298 835 sed
2332 782 2509 836 totius
2541 784 2764 852 mundi,
2799 784 2935 854 quia
2967 784 3091 854 ipse
3122 783 3403 848 condidit,
3437 788 3494 838 et
3524 786 3848 839 construxit

2198 870 2428 936 omnia;
2466 877 2798 926 sanctorum
2826 888 2956 931 vero
2981 871 3214 926 illorum
3239 889 3354 926 non
3377 872 3461 926 sic
3481 872 3725 942 dicitur,
3754 875 3846 929 sed

2197 958 2350 1013 sicut
2380 960 2624 1016 amicus.
2650 961 2874 1015 Dicitur
2895 965 2951 1014 et
2982 977 3137 1014 nunc
3167 959 3472 1030 Dominus,
3505 965 3666 1016 Deus
3696 962 3849 1017 Chri-

2196 1048 2546 1115 stianorum,
2580 1055 2634 1105 et
2667 1054 2862 1104 tamen
2885 1049 3108 1104 excedit
3129 1048 3236 1103 hoc
3254 1065 3466 1104 nomen
3495 1049 3844 1121 dignitatem

2196 1140 2476 1192 nostram.

2265 1248 2290 1272 ‹‹
2327 1225 2462 1279 Fide
2493 1227 2708 1280 obtulit
2729 1226 3018 1280 Abraham
3049 1227 3226 1293 Isaac,
3251 1243 3386 1282 cum
3419 1230 3773 1298 tentaretur,
3797 1237 3845 1285 et

2193 1313 2560 1384 unigenitum
2603 1313 3014 1385 olferebat,qui
3057 1321 3394 1384 susceperat
3432 1317 3841 1386 repromissio-

2191 1417 2322 1465 nes;
2345 1403 2412 1456 ad
2434 1419 2605 1472 quem
2622 1403 2839 1456 dictum
2855 1407 2972 1456 est:
2995 1402 3139 1468 Quia
3158 1402 3215 1456 in
3239 1403 3397 1457 Isaac
3411 1405 3724 1459 vocabitur
3741 1407 3841 1460 tibi

2189 1507 2410 1560 semen,
2436 1492 2725 1545 arbitrans
2747 1490 2884 1561 quia
2905 1494 2960 1545 et
2981 1509 3013 1544 a
3037 1491 3284 1545 mortuis
3307 1492 3596 1548 suscitare
3631 1499 3838 1565 potens

2187 1584 2274 1633 est
2307 1584 2472 1633 Deus.
2502 1604 2521 1630 ι
2578 1579 2877 1650 Siquidem
2911 1580 2966 1632 in
3003 1596 3117 1633 uno
3149 1579 3471 1650 eodemque
3505 1580 3658 1636 facto
3691 1584 3839 1637 beati

2184 1667 2692 1730 Abraham,Jacob
2715 1684 2957 1737 operum
2977 1668 3103 1736 ejus
3123 1667 3834 1741 magniﬁcentiam(1448),

2186 1756 2400 1810 Paulus
2421 1756 2548 1810 ﬁdei
2573 1755 2959 1810 constantiam
2985 1755 3262 1824 laudavit,
3288 1771 3391 1810 nec
3418 1759 3614 1812 tamen
3641 1758 3835 1831 dispa-

2183 1861 2324 1913 rem,
2350 1845 2757 1916 diversamque
2784 1863 2815 1899 a
2835 1845 3050 1899 Jacobo
3075 1844 3317 1915 protulit
3348 1845 3567 1902 Paulus
3597 1855 3834 1903 senten-

2181 1932 2343 1986 tiam.
2366 1933 2637 1987 Sciebant
2659 1949 2911 2004 namque
2934 1934 3105 1987 ambo
3128 1934 3280 2003 quod
3306 1934 3596 1989 Abraham
3615 1941 3674 1990 et
3699 1937 3830 2004 ﬁde,

2180 2021 2523 2091 etoperibus
2543 2025 2664 2075 erat
2688 2021 3009 2092 perfectus;
3030 2025 3086 2075 et
3107 2021 3235 2075 ideo
3251 2022 3486 2092 quisque
3507 2023 3742 2079 illorum
3770 2026 3835 2079 il-

2181 2105 2293 2160 lam
2313 2107 2498 2178 magis
2514 2107 2571 2161 in
2585 2123 2650 2162 eo
2668 2109 2946 2162 virtutem
2963 2109 3432 2180 praedicavit,qua
3445 2127 3578 2165 suos
3593 2112 3828 2168 audito-

2180 2211 2270 2247 ris
2294 2195 2548 2266 amplius
2581 2194 2840 2267 indigere
2873 2197 3185 2268 prospexit.
3215 2197 3361 2260 Quia
3388 2198 3535 2252 enim
3565 2199 3833 2257 Jacobus

2180 2280 2294 2334 illis
2318 2283 2632 2350 scribebat,
2651 2284 2748 2354 qui
2776 2285 2948 2338 ﬁdem
2966 2285 3090 2339 sine
3111 2285 3386 2355 operibus
3399 2287 3645 2342 otiosam
3667 2293 3829 2344 tene-

2179 2369 2338 2439 bant,
2363 2377 2687 2443 Opportune
2711 2371 2849 2427 illud
2874 2373 3118 2443 protulit
3139 2374 3492 2446 exemplum,
3515 2375 3575 2430 in
3600 2379 3833 2448 quoilla

2179 2459 2470 2530 praacipua
2492 2461 2634 2515 ﬁdes
2647 2461 2909 2531 Abrahae,
2926 2478 3051 2532 quae
3067 2468 3121 2517 et
3146 2464 3826 2536 prius,Scripturateste,

2175 2546 2410 2602 laudata
2432 2555 2538 2613 est,
2564 2555 2886 2620 appareret,
2913 2551 3051 2620 quia
3072 2567 3187 2604 non
3213 2552 3398 2606 otiosa
3421 2553 3552 2622 ejus
3576 2553 3636 2607 in
3660 2558 3829 2612 corde

2178 2637 2512 2705 torpuisset,
2538 2639 2636 2691 sed
2663 2639 2732 2690 ad
2761 2638 3148 2692 obediendum
3174 2639 3390 2695 divinis
3417 2640 3828 2714 imperiisjam

2176 2730 2444 2795 prompta
2476 2726 2797 2795 flagrasset.
2852 2727 2995 2788 Quia
3024 2744 3155 2781 vero
3206 2728 3421 2782 Paulus
3474 2730 3826 2798 instruebat,

2175 2813 2272 2883 qui
2306 2813 2430 2867 sine
2461 2815 2644 2884 gratia
2667 2816 2795 2868 lidei
2823 2815 2892 2869 de
2915 2815 3039 2870 suis
3059 2833 3120 2870 se
3140 2816 3494 2871 extollebant
3527 2799 3828 2890 operibus,

2174 2902 2426 2956 ostendit
2457 2904 2594 2972 quia
2627 2903 2752 2957 sine
2776 2904 2885 2956 lide
2917 2903 3280 2974 impossibile
3309 2911 3397 2959 est
3429 2907 3546 2961 Deo
3574 2908 3827 2979 placere.

2172 2993 2358 3061 Atque
2391 2991 2460 3044 ad
2495 2992 2982 3062 redarguendam,
3036 2993 3562 3066 corrigendamque
3621 3015 3830 3054 eorum

2172 3080 2579 3147 temeritatem,
2595 3080 2850 3136 collectis
2873 3082 3134 3136 omnium
3152 3083 3619 3152 patriarcharum
3636 3104 3835 3144 exem-

419 3193 447 3224 ι
477 3172 584 3236 Qui
607 3171 761 3228 enim
785 3171 892 3228 hoc
911 3170 1132 3240 dicunt,
1159 3169 1494 3241 signiﬁcant
1513 3185 1575 3223 se
1599 3167 1844 3239 patriam
1867 3168 2058 3239 inqui-
2094 3164 2136 3230 C
2178 3168 2306 3239 plis,
2342 3168 2649 3223 manifeste
2667 3169 2898 3224 edocuit
2929 3169 3067 3240 quia
3087 3187 3290 3225 omnes
3321 3175 3664 3231 testimonio
3687 3178 3831 3233 fidei

413 3276 539 3317 rere
564 3280 578 3331 ;
609 3285 629 3310 ι
665 3261 723 3315 id
755 3264 864 3329 est,
889 3258 1202 3315 cmlestem.
1227 3258 1296 3311 Et
1318 3273 1388 3312 ne
1410 3256 1542 3327 quis
1572 3256 1791 3311 diceret
1812 3258 2057 3328 patriam

410 3366 539 3406 esse
568 3355 778 3405 terram
810 3348 1236 3416 Chaldaeorum,
1271 3345 1534 3400 addidit:
1578 3367 1606 3393 «
1640 3344 1707 3401 Et
1737 3345 1786 3399 si
1818 3345 2054 3416 quidem

408 3439 567 3494 illius
590 3438 1019 3502 meminissent,
1035 3437 1104 3491 de
1119 3452 1235 3508 qua
1255 3435 1530 3502 exierant,
1550 3433 2057 3506 habebantutique

408 3533 643 3598 tempus
674 3527 995 3582 reverlendi
1023 3544 1034 3580 :
1072 3548 1099 3576 ››
1134 3526 1188 3579 id
1214 3529 1320 3590 est,
1352 3523 1647 3577 habebant
1676 3523 1934 3592 spatium
1967 3540 2052 3577 re-

408 3615 666 3669 vertendi
698 3615 756 3668 in
789 3613 1138 3679 Chaldaeam,
1163 3613 1316 3666 unde
1348 3617 1404 3666 et
1429 3612 1686 3676 fuerunt,
1713 3612 1811 3665 sed
1848 3611 2053 3666 melio-

407 3718 532 3756 rem
565 3706 868 3773 appetunt,
917 3702 971 3754 id
1005 3705 1111 3770 est,
1159 3700 1450 3755 ccelestem
1483 3699 1828 3754 Jerusalem.
1862 3700 2052 3754 Prima

408 3789 596 3845 virtus
626 3794 732 3859 est,
766 3789 1139 3860 peregrinum
1166 3805 1293 3843 esse
1316 3788 1520 3842 mundi
1553 3789 1748 3858 hujus,
1775 3793 1831 3842 et
1863 3787 2052 3858 hospi-

403 3883 542 3949 tem,
568 3884 624 3934 et
655 3877 803 3934 nihil
838 3893 1149 3932 commune
1181 3876 1394 3930 habere
1423 3892 1557 3930 cum
1605 3876 1839 3946 regibus
1873 3875 2050 3946 hujus

404 3966 619 4034 saeculi,
646 3967 925 4023 removeri
951 3966 1019 4020 ab
1044 3967 1147 4032 eis,
1165 3964 1313 4019 sicut
1333 3965 1696 4036 peregrinus.
1722 3964 1832 4018 Iste
1854 3970 2047 4019 autem

401 4056 670 4129 egregius
691 4056 1033 4128 praedicator
1057 4073 1168 4109 non
1199 4054 1569 4125 peregrinum
1595 4053 1854 4124 seipsum
1882 4054 2047 4118 dixit,

399 4146 500 4201 sed
535 4151 832 4200 mortuum
865 4145 1103 4199 mundo.
1139 4143 1470 4209 «Mundus,
1501 4142 1711 4212 inquit,
1737 4141 1880 4196 mihi
1913 4158 2044 4196 cru-

398 4234 601 4289 ciﬁxus
633 4239 741 4300 est,
776 4237 832 4289 et
864 4249 967 4305 ego
996 4232 1214 4286 mundo
1247 4230 1398 4302 (Gal.
1430 4248 1506 4298 v1,
1544 4232 1649 4300 14).

475 4342 497 4370 σ
533 4323 664 4379 Ideo
688 4339 802 4377 non
822 4322 1198 4376 confunditur
1218 4320 1371 4375 Deus
1396 4319 1584 4374 vocari
1607 4320 1758 4374 Deus
1785 4319 2039 4386 illorum;

393 4411 619 4481 paravit
641 4411 797 4466 enim
842 4409 960 4464 illis
991 4409 1283 4464 civitatem
1318 4413 1579 4461 sanctam
1622 4408 1825 4477 (1447).
1863 4431 1890 4457 ››
1923 4413 2037 4461 Ma-

2172 3257 2394 3329 probati
2420 3262 2576 3311 sunt.
2594 3257 2755 3312 Unde
2777 3263 2832 3312 et
2849 3257 3178 3329 specialiter
3198 3260 3267 3314 de
3291 3261 3589 3319 Abraham
3623 3266 3832 3322 intulit

2169 3345 2308 3417 quia
2341 3347 2451 3400 ﬁde
2499 3347 2730 3400 offerret
2770 3351 2950 3414 Isaac,
2985 3347 3298 3417 arbitrans,
3341 3350 3556 3422 inquit,
3592 3355 3740 3425 quia
3776 3364 3830 3412 et

2168 3440 2431 3489 mortuos
2462 3435 2744 3490 suscitare
2775 3440 2979 3506 potens
3007 3441 3097 3492 est
3127 3436 3302 3493 Deus.
3327 3437 3647 3511 Conjunxit
3678 3461 3826 3518 ergo

2165 3540 2312 3595 opus
2345 3525 2500 3589 ﬁdei,
2533 3525 2632 3594 qui
2665 3525 2791 3579 ideo
2824 3525 3006 3578 ﬁlium
3034 3542 3167 3580 mox
3206 3527 3412 3583 offerre
3437 3529 3641 3599 voluit,
3673 3537 3826 3605 quia

2163 3613 2345 3668 Deum
2373 3612 2529 3666 hunc
2552 3614 2828 3667 continuo
2853 3614 3335 3670 resuscitaturum
3359 3634 3487 3673 esse
3518 3623 3823 3688 credebat;

2162 3701 2288 3755 ideo
2325 3706 2516 3756 autem
2541 3701 2697 3756 hunc
2720 3706 2851 3772 post
2873 3708 3118 3757 mortem
3143 3721 3176 3757 a
3199 3710 3307 3759 Deo
3333 3709 3825 3769 resuscitandum

2161 3806 2288 3844 esse
2319 3791 2608 3855 credebat,
2642 3791 2780 3861 quia
2809 3807 3008 3845 verum
3041 3792 3313 3848 credebat
3342 3810 3470 3850 esse
3512 3801 3668 3869 quod
3705 3819 3824 3857 au-

2161 3879 2366 3945 dierat,
2400 3879 2538 3949 quia
2584 3879 2641 3932 in
2678 3880 2837 3933 Isaac
2883 3879 3184 3944 vocabitur
3231 3882 3335 3935 tibi
3370 3901 3595 3942 semen.
3650 3890 3825 3947 Sicut

2159 3967 2313 4020 enim
2347 3967 2590 4021 credidit
2613 3983 2725 4021 non
2759 3984 2860 4038 per
2882 3969 3166 4023 rationem
3198 3969 3546 4040 humanam,
3582 3978 3730 4046 quia
3756 3998 3824 4035 ex

2157 4053 2328 4106 vulva
2361 4058 2607 4119 mortua,
2633 4059 2687 4107 et
2719 4071 2874 4121 sene,
2900 4054 3382 4127 licetineptajam
3418 4060 3572 4117 facta
3602 4066 3671 4119 ad
3713 4084 3824 4139 ge-

2159 4141 2506 4206 nerandum,
2538 4143 2752 4196 donare
2778 4144 3060 4212 potuisset
3102 4146 3324 4213 ﬁlium;
3355 4148 3440 4203 ita
3470 4150 3651 4206 etiam
3683 4154 3823 4226 ipsa

2156 4229 2269 4283 ﬁde
2291 4229 2546 4284 occisum
2571 4230 2916 4285 resuscitare
2934 4233 3199 4287 credidit.
3225 4233 3460 4291 Sciebat
3479 4241 3822 4299 certissime

2153 4317 2332 4372 Deum
2386 4319 2504 4372 falli
2554 4336 2666 4373 non
2702 4336 2894 4390 posse,
2939 4325 3015 4388 et,
3050 4321 3182 4378 licet
3235 4341 3381 4394 puer
3419 4329 3818 4398 occideretur,

2151 4407 2601 4478 promissionem
2635 4412 2832 4462 tamen
2865 4409 2965 4464 Dei
2998 4411 3216 4466 salvam
3240 4429 3609 4483 permanere.
3645 4419 3817 4477 Unde

392 4515 571 4570 gnum
607 4500 715 4555 hoc
742 4505 850 4566 est,
883 4505 940 4554 et
967 4515 1096 4553 vere
1129 4512 1432 4593 magnum,
1465 4495 1748 4593 et'm‘ul‘tze
1787 4496 2039 4550 beatitu-
2070 4528 2119 4593 D
2151 4501 2206 4550 et
2236 4495 2328 4550 hic
2359 4497 2674 4567 Apostolus
2704 4513 2806 4567 per
2853 4497 3126 4569 spiritum
3178 4501 3278 4555 Dei
3312 4503 3605 4562 didicerat
3652 4511 3815 4580 quod

395 4589 548 4644 dinis
580 4588 882 4643 indicium.
909 4588 1240 4642 Laudemus
1261 4600 1397 4654 ergo
1422 4583 1928 4654 inell'abiliterejus
1951 4602 2039 4640 es-

390 4677 664 4746 sentiam,
698 4681 754 4731 et
778 4692 1045 4731 amemus
1076 4672 1561 4739 misericordiam,
1587 4672 1740 4740 quod
1766 4671 2039 4743 dignatus

391 4770 479 4819 est
507 4765 720 4821 habere
751 4782 962 4820 nomen
993 4760 1423 4825 misericordiae,
1450 4759 1732 4814 dicendo:
1762 4762 1874 4832 Ego
1905 4779 2036 4818 sum

393 4855 542 4908 Deus
573 4854 882 4923 Abraham,
907 4859 965 4907 et
1003 4853 1158 4906 Deus
1181 4850 1359 4914 Isaac,
1383 4853 1438 4902 et
1487 4848 1641 4902 Deus
1672 4848 1868 4914 Jacob,
1903 4867 2036 4906 cum

388 4942 465 4996 sit
496 4959 706 4997 nomen
741 4944 867 5012 ejus
895 4947 1196 4995 aeternum.
1246 4937 1520 4992 Confusio
1566 4937 1779 5008 quippe
1811 4938 1894 4992 illi
1927 4947 2031 5007 est,

299 5025 302 5030 ’
388 5031 624 5102 quando
647 5029 1038 5100 malignorum
1064 5026 1538 5081 bominumDeus
1555 5032 1811 5096 vocatur,
1832 5034 1888 5082 et
1904 5046 2036 5084 con-

387 5118 580 5173 fundit
594 5117 724 5172 illos
737 5118 910 5172 etiam
929 5116 1229 5187 ipse,sicut
1244 5114 1396 5168 enim
1413 5114 2031 5187 gloriﬁcatur,quando

387 5205 869 5277 benignorum,et
890 5205 1243 5276 optimorum
1266 5201 1573 5258 hominum
1597 5210 1834 5259 vocatur
1859 5208 2028 5273 Deus,

386 5297 444 5348 et
472 5293 785 5349 colentium
816 5294 1112 5361 virtutem,
1145 5293 1228 5348 sic
1259 5308 1289 5348 e
1321 5293 1608 5348 contrario
1654 5294 2030 5350 confunditur

453 5417 640 5562 E1447)
668 5418 1000 5490 Epithetum
1026 5423 1276 5474 sanctam
1303 5416 1475 5490 Vulg.
1512 5434 1626 5473 non
1658 5419 1852 5475 habet.

480 5489 638 5562 1448)
665 5491 868 5562 Jacobi
899 5490 1120 5546 scilicet
1149 5488 1397 5562 apostoli
1427 5491 1852 5562 lausAAbrahan

480 5489 638 5573 14:68)
665 5488 868 5573 Jacobi
899 5490 1133 5573 scilicetL
1149 5488 1397 5573 apostoli
1427 5488 1898 5573 l‘ausOAbraha‘m‘
1919 5493 2022 5573 tri-

377 5559 521 5624 buta
549 5559 819 5626 innititur
847 5561 907 5622 in
937 5563 1066 5634 ejus
1093 5559 1352 5644 Epistola
1372 5559 1657 5622 catholica
1677 5579 1739 5636 ιι,
1760 5565 1826 5622 21
1851 5568 1909 5624 et
1928 5566 2021 5638 23,

2153 4584 2347 4638 animo
2378 4584 2677 4640 habuisset
2700 4586 2990 4642 Abraham
3015 4591 3167 4644 intra
3188 4605 3267 4656 se,
3294 4591 3436 4646 dum
3469 4594 3649 4651 ﬁdem
3677 4600 3813 4667 ejus

2152 4672 2466 4738 laudando,
2498 4674 2675 4728 dicit:
2740 4674 2907 4729 Fides
2963 4677 3256 4732 Abraham
3319 4697 3434 4734 non
3491 4681 3810 4752 haesitavit,

2149 4779 2281 4816 cum
2308 4763 2544 4816 unicum
2570 4764 2821 4829 oﬁ‘erret,
2846 4764 2902 4818 in
2927 4781 3042 4835 quo
3070 4774 3367 4837 acceperat
3389 4775 3809 4841 repromissio-

2149 4867 2270 4918 nes,
2305 4851 2566 4922 cogitans
2597 4851 2734 4923 quia
2763 4859 2868 4907 eta
2901 4855 3146 4910 mortuis
3167 4871 3298 4910 eum
3320 4861 3678 4917 resuscitare
3698 4880 3807 4934 po-

2145 4945 2274 4994 tens
2305 4946 2394 4995 est
2427 4946 2594 4996 Deus.
2631 4941 2773 4996 Vere
2805 4958 3018 5014 magna
3063 4949 3186 4998 erat
3235 4945 3382 5000 ﬁdes
3429 4949 3701 5006 Abrahze.
3739 4953 3806 5006 In

2142 5029 2282 5084 Abel
2315 5029 2547 5101 quippe,
2573 5034 2629 5084 et
2650 5031 2867 5097 Enoch,
2919 5037 2974 5085 et
2996 5033 3110 5087 Noe
3140 5034 3515 5092 ratiocinatio
3547 5046 3705 5107 erat;
3743 5040 3806 5094 in

2143 5120 2429 5174 Abraham
2452 5124 2646 5173 autem
2673 5119 3143 5175 ratiocinationes
3161 5124 3438 5180 excedere
3468 5127 3806 5184 videbatur.

2141 5208 2282 5262 Nam
2309 5212 2595 5279 prazcepta
2616 5208 2832 5279 quippe
2854 5208 2952 5263 Dei
2978 5226 3111 5263 cum
3137 5213 3443 5283 praeceptis
3467 5214 3696 5288 litigare
3721 5218 3806 5271 vi-

2138 5296 2426 5351 debantur
2452 5314 2464 5364 ;
2500 5301 2556 5351 et
2586 5297 2730 5351 ﬁdes
2758 5297 2891 5352 ﬁdei
2925 5300 3289 5370 repugnabat
3315 5319 3328 5368 ;
3363 5307 3421 5357 et
3447 5307 3804 5361 mandatum

2138 5420 2236 5475 ubi
2259 5419 2519 5494 primum
2556 5435 2764 5494 _opera,
2795 5437 2944 5476 vers.
2976 5420 3202 5479 scilicet
3228 5424 3294 5480 21
3326 5442 3340 5494 ;
3390 5425 3610 5485 deinde
3646 5428 3803 5488 ﬁdes

2132 5507 2282 5550 vers.
2314 5492 2404 5562 23,
2436 5491 2771 5548 laudantur.
