3966 6210
128 334 266 395 805

738 332 1158 397 EXPOSITIO
1203 336 1280 395 ΙΝ
1324 336 1756 399 EPISTOLAS
1805 339 2057 401 PAULI.
2093 374 2169 388 —
2209 346 2284 405 IN
2332 345 2577 409 EPIST.
2626 353 2727 411 AD
2774 355 3004 416 HEBR.

3456 368 3573 428 806

132 466 251 521 Dei
290 467 425 521 erat
453 464 899 535 repromissioni
930 466 1312 532 contrarium,
1346 472 1409 523 ut
1440 473 1600 539 puta,
1636 470 1814 525 veluti
1845 484 1899 548 Α
1932 479 2139 543 potest,
2166 494 2342 547 quam
2367 479 2413 533 si
2439 481 2569 551 quis
2594 482 2780 539 ﬁlium
2807 486 3067 555 unicum,
3092 489 3572 553 dilectissimum-

133 555 323 625 quod
356 552 523 618 dixit,
549 552 829 622 quoniam
862 552 920 605 in
948 554 1105 608 Isaac
1126 554 1426 609 vocabitur
1456 556 1560 610 tibi
1594 574 1815 621 semen,

133 649 202 699 et
229 640 531 697 credidit:
562 645 619 695 et
640 641 852 694 iterum
876 640 1015 694 dicit
1039 658 1051 695 :
1078 643 1350 698 Sacriﬁca
1370 644 1537 699 illum
1563 645 1725 708 mihi,
1752 662 1819 700 ex

134 734 335 802 cujus
358 730 588 785 semine
612 730 871 784 mundus
902 734 1059 785 totus
1083 737 1205 786 erat
1226 732 1558 803 replendus.
1591 736 1817 789 Intuere

140 821 327 876 litem
386 824 835 892 praceptorum,
887 823 943 873 et
992 820 1471 889 promissionum.
1517 824 1820 878 Contraria

140 910 382 981 quippe
414 905 977 978 repromissionibus
1007 907 1350 978 imperabat.
1392 911 1458 963 Et
1505 928 1693 980 neque
1737 912 1820 966 sic

141 996 707 1068 obstupuitjustus
738 994 853 1064 ille,
889 1012 1076 1065 neque
1107 997 1415 1067 deceptum
1458 1016 1519 1053 se
1567 1000 1819 1054 dicebat.

141 1088 287 1143 Non
322 1086 485 1140 enim
518 1088 717 1155 posset
761 1083 1077 1153 quisquam
1129 1086 1317 1140 dicere
1354 1103 1365 1140 :
1419 1087 1566 1150 Quia
1617 1088 1823 1143 habuit

145 1176 352 1231 alium
386 1172 597 1239 ﬁlium,
630 1189 699 1227 ex
727 1170 826 1227 illo
863 1172 1135 1242 sperabat
1165 1174 1678 1244 repromissionem
1710 1176 1818 1230 im-

149 1264 360 1337 plere,
396 1267 455 1315 et
497 1264 799 1332 propterea
828 1262 1129 1316 conﬁdens
1160 1261 1340 1317 istum
1374 1264 1603 1318 obtulit.
1639 1266 1819 1319 Etiam

148 1351 570 1423 unigenitum,
603 1348 813 1418 inquit,
845 1350 1141 1415 offerebat,
1184 1352 1283 1421 qui
1333 1354 1817 1423 repromissiones

150 1444 497 1510 acceperat,
533 1442 821 1507 quantum
852 1438 924 1491 ad
958 1438 1242 1492 rationem
1275 1440 1482 1495 attinet
1511 1443 1822 1512 repromis-

152 1528 399 1594 sionis;
436 1531 743 1596 propterea
796 1525 1019 1580 addidit
1061 1526 1392 1597 Apostolus,
1427 1530 1817 1601 unigenitum,

151 1617 373 1672 volens
405 1614 713 1669 ostendere
741 1620 1044 1685 propterea
1066 1615 1434 1686 unigenitum
1462 1635 1609 1688 esse,
1634 1621 1732 1689 qui
1762 1621 1819 1674 in

154 1706 265 1761 illo
300 1708 645 1775 susceperat
674 1703 1181 1775 repromissiones,
1210 1706 1363 1759 sicut
1395 1708 1677 1777 scriptum
1712 1714 1818 1773 est,

156 1795 309 1866 quia
336 1794 398 1848 in
427 1793 591 1848 Isaac
622 1790 923 1846 vocabitur
948 1792 1053 1846 tibi
1087 1810 1307 1849 semen.
1340 1795 1555 1850 Deinde
1586 1813 1658 1850 ne
1689 1798 1820 1867 quis

155 1887 404 1957 putaret
430 1881 713 1953 quoniam
746 1881 1063 1951 desperans
1110 1882 1219 1936 hoc
1264 1884 1417 1949 fecit,
1451 1890 1507 1938 et
1561 1902 1662 1955 per
1714 1886 1820 1941 hoc

158 1975 525 2044 praeceptum
577 1969 751 2023 ﬁdem
800 1968 958 2023 illius
1007 1970 1480 2041 repromissionis
1520 1974 1816 2041 amiserat,

161 2063 491 2133 cognoscat
516 2073 717 2112 revera
742 2057 1110 2128 omnis,quia
1131 2064 1187 2113 et
1208 2058 1369 2115 illam
1397 2061 1602 2116 habuit
1624 2062 1818 2128 ﬁdem,

162 2150 306 2205 licet
326 2149 627 2203 videretur
646 2144 782 2201 huic
814 2148 1271 2218 repugnare(sed
1290 2166 1405 2204 non
1424 2151 1817 2221 repugnabat:

164 2254 286 2293 non
319 2237 484 2291 enim
528 2234 804 2289 humanis
835 2234 1381 2291 ratiocinationibus
1411 2238 1686 2293 virtutem
1720 2238 1820 2293 Dei

162 2326 482 2397 pensabat,
515 2324 615 2379 sed
648 2322 761 2378 ﬁde
791 2328 1001 2378 cuncta
1028 2325 1287 2395 gerebat)
1320 2344 1331 2391 ;
1366 2332 1672 2397 propterea
1704 2344 1817 2381 non

162 2419 414 2470 veretur
442 2412 627 2467 dicere
645 2411 976 2483 Apostolus,
1003 2412 1142 2483 quia
1169 2418 1227 2467 et
1255 2429 1323 2468 ex
1354 2415 1600 2470 mortuis
1633 2416 1817 2470 susci-

163 2508 301 2558 tare
338 2506 546 2572 potens
575 2505 658 2555 est
681 2505 853 2556 Deus.
880 2500 993 2556 Vos
1015 2502 1192 2571 enim,
1218 2502 1430 2574 inquit,
1454 2521 1553 2559 vos
1581 2522 1694 2559 non
1726 2522 1821 2577 po-

160 2591 342 2647 testis
375 2591 488 2645 hoc
519 2589 737 2656 dicere;
776 2589 914 2660 quia
942 2591 1202 2661 requiem
1232 2592 1395 2646 vobis
1426 2593 1484 2647 in
1519 2594 1737 2657 futuro,
1762 2600 1819 2647 et

162 2681 220 2734 in
250 2679 480 2734 mundo
500 2678 932 2733 tribulationem
952 2680 1238 2749 promisit.
1258 2681 1319 2735 In
1344 2683 1583 2747 mundo,
1605 2683 1815 2753 inquit,

161 2767 611 2823 tribulationem
644 2766 933 2822 habebitis
974 2769 1191 2835 (Matth.
1224 2786 1378 2837 xxxv,
1410 2772 1464 2839 9)
1493 2796 1505 2837 ;
1555 2776 1611 2825 et
1643 2788 1656 2825 :
1709 2772 1816 2834 Qui

163 2874 280 2913 non
314 2855 611 2927 acceperit
642 2872 871 2910 crucem
903 2872 1093 2920 suam,
1126 2862 1183 2912 et
1226 2864 1465 2914 secutus
1498 2876 1589 2914 me
1622 2860 1815 2929 fuerit,

165 2963 279 3001 non
311 2949 408 3000 est
438 2960 533 2998 me
564 2943 777 3015 dignus
809 2943 1021 3014 (Matth.
1070 2962 1126 3015 x,
1177 2946 1283 3012 38;
1335 2948 1499 3002 Marc.
1545 2966 1665 3011 vui,
1707 2950 1815 3016 34;

162 3037 290 3091 Luc.
319 3051 399 3100 1x,
422 3033 517 3101 23)
541 3053 555 3103 ;
590 3037 648 3087 et
668 3032 877 3087 iterum
906 3050 917 3087 :
947 3038 1094 3088 Ante
1116 3034 1429 3106 principes,
1454 3041 1511 3091 et
1540 3038 1817 3108 praesides

165 3125 455 3179 inducent
482 3138 585 3177 vos
616 3132 852 3193 propter
884 3137 975 3177 me
1003 3122 1214 3191 (Matth.
1257 3141 1311 3191 x,
1356 3126 1459 3193 18;
1493 3126 1656 3192 Marc,
1688 3144 1812 3194 χιιι,

1928 578 2039 631 que
2062 580 2235 620 suum
2260 583 2431 621 senex
2454 576 2694 637 cogatur
2719 575 2978 631 occidere
2998 578 3023 630 ?
3048 579 3348 641 Quomodo
3376 592 3569 642 autem

1929 652 2209 721 tunicam,
2237 656 2320 707 vel
2357 673 2519 711 escas
2550 676 2686 713 suas
2718 678 2821 731 pro
2853 664 3047 721 divino
3079 685 3275 724 amore
3309 676 3575 745 pauperi-

1930 740 2039 793 bus
2071 741 2207 796 dare
2240 743 2449 809 diﬁ‘ert,
2484 748 2581 816 qui
2620 748 2827 815 ﬁlium,
2861 768 3033 820 quem
3070 772 3241 812 senex
3274 740 3575 832 acceperat

1932 827 2241 893 ha-redem,
2266 834 2336 885 ad
2364 834 2688 901 jussionem
2726 840 2973 903 Domini,
2998 845 3197 900 statim
3234 850 3403 903 morti
3435 852 3574 908 dare

1932 933 2043 970 non
2070 918 2297 973 distulit
2318 922 2344 974 ?
2373 922 2515 977 Illud
2544 926 2695 979 enim
2723 930 2875 997 quod
2902 930 3119 986 dictum
3146 940 3251 999 est,
3280 938 3573 996 arbitrans

1932 1006 2070 1075 quia
2099 1013 2154 1061 et
2182 1025 2215 1062 a
2247 1014 2493 1065 mortuis
2526 1016 2872 1070 resuscitare
2904 1024 3107 1088 potens
3139 1029 3224 1077 est
3256 1029 3426 1092 Deus,
3463 1045 3568 1099 po-

1930 1097 2041 1147 test
2074 1096 2254 1167 accipi
2290 1105 2525 1169 propter
2556 1100 2684 1155 illos
2714 1103 2934 1159 dictum
2969 1124 3115 1177 esse,
3149 1128 3294 1181 quos
3346 1096 3574 1173 volebat

1932 1182 2001 1235 ad
2034 1199 2197 1253 spem
2233 1188 2674 1241 resurrectionis
2706 1192 3011 1258 adducere,
3035 1202 3091 1250 et
3123 1200 3218 1267 qui
3253 1202 3442 1257 dicere
3476 1223 3575 1259 au-

1931 1271 2185 1335 debant;
2239 1275 2377 1343 quia
2428 1282 2558 1346 post
2604 1285 2843 1333 mortem
2881 1284 3048 1337 nobis
3084 1286 3231 1341 bona
3265 1294 3567 1361 promisit;

1932 1359 2196 1414 fortassis
2214 1361 2903 1433 cnim,inquiunt,fet'ellit
2922 1374 3315 1431 nos.0stcndit
3334 1359 3570 1453 quippe,

1932 1446 2069 1517 quia
2098 1464 2166 1501 ex
2198 1452 2443 1505 mortuis
2474 1454 2757 1509 suscitare
2790 1463 2994 1525 potens
3026 1466 3114 1515 est
3145 1463 3296 1519 Deus
3323 1446 3429 1531 ;_si
3464 1446 3571 1525 au-

1931 1540 2045 1590 tem
2080 1553 2146 1591 ex
2178 1541 2423 1595 mortuis
2455 1544 2740 1598 suscitare
2774 1551 2977 1615 potens
3026 1556 3113 1604 est
3160 1552 3336 1625 Deus,
3373 1559 3572 1629 utique

1931 1629 2140 1678 cuncta
2171 1628 2435 1681 restituet
2468 1647 2591 1698 quae
2626 1632 2909 1700 promisit.

2003 1734 2027 1759 ‹‹
2066 1712 2223 1767 Unde
2248 1718 2303 1768 et
2322 1714 2381 1769 in
2408 1718 2681 1786 parabola
2701 1722 2923 1792 accepit
2946 1739 3098 1779 eum.
3122 1751 3148 1775 η
3179 1733 3415 1802 Accepit
3436 1752 3568 1791 eum

1931 1799 1988 1853 in
2023 1802 2355 1870 parabolam
2387 1822 2399 1867 ;
2434 1806 2570 1874 quia
2601 1808 2775 1862 ariete
2806 1812 2996 1866 occiso
3028 1814 3135 1869 iste
3181 1799 3437 1877 salvatus
3486 1832 3576 1879 est

1929 1892 2089 1956 (Gen.
2127 1907 2263 1955 χχιι,
2302 1894 2403 1961 13).
2440 1894 2678 1950 Occisus
2711 1903 2800 1951 est
2836 1903 3015 1966 Isaac,
3051 1912 3335 1973 quantum
3373 1914 3443 1965 ad
3477 1931 3573 1968 vo-

1930 1974 2211 2031 luntatem
2234 1978 2391 2033 illius
2416 1982 2693 2051 pertinuit
2712 2001 2723 2049 ;
2745 1985 2951 2042 deinde
2970 1988 3133 2045 illum
3159 1995 3453 2051 redonavit
3479 2018 3576 2070 pa-

1931 2065 2193 2119 triarchas
2247 2069 2302 2120 in
2355 2070 2649 2138 parabola,
2704 2073 2760 2126 id
2811 2081 2918 2144 est,
2969 2076 3026 2130 in
3088 2065 3494 2142 similitudine-
3520 2094 3579 2144 et

1931 2154 2117 2223 ﬁgura
2136 2156 2423 2225 passionis
2437 2158 2669 2213 Christi.
2689 2162 2749 2215 In
2770 2162 3215 2225 similitudinem
3236 2173 3391 2228 enim
3410 2185 3578 2234 erant

1930 2241 2164 2308 omnia;
2198 2260 2324 2313 quas
2357 2250 2551 2300 tamen
2584 2249 2906 2319 agebantur
2936 2253 2991 2307 in
3024 2256 3345 2325 Abraham,
3374 2264 3571 2320 forma:

1930 2331 2194 2400 quaedam
2229 2338 2413 2401 erant,
2447 2352 2575 2404 quze
2620 2354 2719 2406 pro
2768 2340 2933 2395 nobis
2966 2359 3137 2398 verus
3164 2348 3479 2419 Abraham,
3514 2354 3570 2407 id

1928 2422 2016 2471 est
2036 2418 2188 2473 Deus
2210 2420 2396 2485 Pater,
2426 2421 2481 2474 in
2517 2423 2629 2476 line
2657 2426 2851 2479 saeculi
2885 2444 3053 2499 agere
3086 2433 3351 2490 debebat.
3387 2418 3570 2494 Abra-

1928 2506 2062 2561 ham
2088 2508 2301 2579 quippe
2328 2510 2572 2579 ﬁguram
2602 2512 2698 2566 Dei
2726 2514 2910 2570 Patris
2940 2521 3226 2592 gestabat,
3255 2524 3411 2581 Isaac
3440 2544 3572 2583 vero

1929 2596 2175 2665 ﬁguram
2202 2596 2433 2651 Christi.
2458 2599 2602 2654 Nam
2627 2603 2779 2656 sicut
2798 2604 3089 2661 Abraham
3115 2611 3375 2681 unicum,
3400 2619 3456 2669 et
3485 2618 3569 2670 di-

1926 2683 2137 2738 lectum
2167 2685 2351 2739 ﬁlium
2378 2692 2484 2740 Deo
2516 2688 2809 2745 victimam
2834 2694 3081 2761 obtulit;
3118 2698 3197 2753 ita
3220 2700 3372 2756 Deus
3402 2703 3572 2759 Pater

1928 2774 2164 2827 unicum
2187 2774 2395 2829 Filium
2421 2792 2594 2830 suum
2620 2795 2719 2847 pro
2746 2781 2910 2835 nobis
2932 2785 3207 2842 omnibus
3231 2792 3487 2847 tradidit.
3506 2798 3571 2848 Et

1926 2862 2079 2915 sicut
2102 2862 2259 2916 Isaac
2286 2863 2408 2933 ipse
2436 2864 2545 2918 sibi
2576 2865 2731 2935 ligna
2754 2871 3039 2941 portabat,
3067 2876 3283 2945 quibus
3309 2887 3433 2935 erat
3466 2900 3570 2937 im-

1927 2950 2231 3020 ponendus
2248 2968 2259 3015 ;
2276 2950 2354 3005 ita
2367 2952 2698 3009 etChristus
2711 2959 3049 3027 gestabatin
3065 2963 3325 3021 humeris
3342 2968 3564 3041 lignum

1926 3039 2137 3103 crucis,
2170 3039 2225 3091 in
2276 3056 2391 3109 quo
2440 3047 2565 3095 erat
2611 3046 3059 3117 cruciﬁgendus.
3096 3054 3260 3108 Aries
3306 3039 3407 3111 est
3435 3077 3566 3116 caro

1925 3125 2159 3180 Christi.
2189 3128 2344 3181 Isaac
2366 3128 2595 3184 oblatus
2620 3136 2726 3196 est,
2752 3139 2807 3187 et
2830 3152 2942 3190 non
2965 3142 3055 3192 est
3084 3140 3441 3213 interfectus,
3466 3151 3567 3203 sed

162 3211 509 3284 9).Abrabaa
526 3227 663 3266 vero
680 3215 917 3265 econtra
933 3210 1153 3266 factum
1172 3216 1351 3279 est,et
1376 3219 1578 3270 contra
1605 3216 1821 3287 quippe
1850 3202 1892 3268 C
1930 3215 2081 3270 aries
2112 3220 2340 3269 tantum
2372 3234 2384 3283 ;
2428 3219 2506 3271 ita
2550 3223 2607 3273 et
2650 3220 2914 3277 Christus
2948 3225 3004 3278 in
3039 3230 3309 3297 passione
3339 3202 3569 3293 oblatus

164 3299 631 3374 promissionem
662 3298 714 3353 ei
746 3297 1145 3369 imperabatur
1172 3308 1236 3353 ut
1281 3301 1515 3369 faceret,
1547 3307 1603 3357 et
1633 3320 1820 3374 neque

164 3392 251 3446 sic
282 3389 564 3444 turbatus
594 3391 703 3457 est,
727 3404 915 3459 neque
945 3389 1267 3460 obstupuit,
1294 3406 1396 3445 nec
1428 3407 1489 3447 se
1516 3392 1819 3462 deceptum

167 3477 597 3535 arbitrabatur.
629 3475 745 3531 Vos
776 3480 970 3532 autem
1003 3476 1146 3531 nihil
1178 3482 1339 3534 extra
1369 3481 1817 3551 promissionem

159 3567 465 3640 patimini,
491 3569 550 3620 et
574 3565 1027 3620 conturbamini.
1044 3566 1143 3621 Ille
1167 3584 1298 3622 vero
1320 3569 1610 3624 contraria
1630 3586 1820 3641 repro-

164 3654 445 3712 missioni
477 3653 752 3709 audiebat
780 3654 853 3709 ab
884 3656 1087 3710 eodem
1120 3655 1271 3726 ipso,
1305 3656 1403 3727 qui
1452 3657 1552 3712 illa
1601 3660 1816 3729 promi-

162 3750 346 3810 serat,
382 3748 441 3798 et
493 3760 606 3798 non
654 3744 1134 3799 conturbabatur.
1171 3745 1327 3813 Fide,
1362 3746 1571 3817 inquit,
1607 3747 1819 3803 obtulit

162 3833 471 3889 Abraham
486 3832 821 3896 Isaac.Quid
838 3848 971 3904 ergo
985 3834 1011 3887 ‘2
1027 3833 1333 3905 Ignorabat
1344 3840 1489 3890 Deus
1503 3835 1640 3907 quia
1654 3836 1817 3891 fortis

163 3928 292 3979 erat
312 3921 411 3977 ille
432 3921 536 3987 vir,
551 3924 607 3975 et
629 3921 982 3992 probabilis?
999 3924 1186 3987 Quare
1204 3939 1339 3995 ergo
1363 3941 1496 3979 eum
1521 3926 1818 3980 tentabat?

163 4014 293 4068 Non
322 4016 388 4066 ut
416 4011 543 4082 ipse
564 4016 958 4082 cognosceret,
983 4013 1081 4065 sed
1118 4017 1183 4065 ut
1212 4011 1341 4067 aliis
1362 4014 1813 4080 demonstraret,

162 4106 222 4158 et
268 4099 645 4155 manifestam
678 4101 806 4169 ejus
839 4099 1240 4154 fortitudinem
1273 4103 1654 4158 constitueret
1684 4103 1813 4156 uni-

156 4190 370 4246 versis.
398 4188 459 4242 In
492 4187 601 4243 hoc
632 4187 758 4241 loco
789 4187 963 4242 etiam
990 4188 1245 4243 ostendit
1274 4205 1511 4245 causam
1544 4192 1813 4247 tentatio-

162 4295 331 4344 num,
355 4294 427 4333 ne
458 4281 734 4349 putarent
762 4281 1042 4347 tanquam
1074 4276 1382 4333 derelictas
1414 4296 1447 4333 a
1477 4279 1591 4335 Deo
1625 4280 1721 4335 ille
1754 4299 1815 4337 se

162 4366 409 4440 perpeti.
441 4365 496 4419 Si
531 4364 712 4436 igitur
740 4363 821 4420 ita
854 4366 1122 4436 probatos
1153 4366 1506 4421 tentationes
1540 4369 1811 4441 reddunt,

163 4460 231 4511 ut
262 4455 439 4509 etiam
461 4470 577 4510 non
604 4452 890 4509 existente
912 4470 1111 4519 causa,
1138 4454 1291 4509 Deus
1320 4458 1517 4509 tamen
1552 4464 1814 4513 exerceat

160 4560 308 4602 suos
334 4541 605 4610 athletas,
631 4541 818 4597 multo
840 4542 1029 4614 magis
1050 4559 1151 4598 vos
1174 4544 1245 4597 ob
1268 4559 1389 4597 rem
1414 4548 1624 4599 cuncta
1644 4562 1812 4617 epor-
1844 4570 1890 4634 Β

154 4638 247 4689 tet
281 4630 506 4686 fortiter
533 4631 803 4686 tolerare.
840 4630 1146 4702 Eleganter
1177 4631 1510 4703 exemplum
1545 4634 1705 4687 bona:
1742 4636 1814 4689 ﬁ-

157 4720 260 4777 dei
289 4720 360 4772 ab
390 4718 513 4788 ipso
534 4719 866 4791 patriarcha
887 4721 1114 4774 monuit
1134 4736 1265 4775 esse
1290 4721 1659 4787 discendum,
1685 4741 1813 4795 pro-

154 4822 385 4865 vocans
414 4807 676 4864 videlicet
718 4824 836 4878 eos,
863 4809 961 4879 qui
994 4810 1063 4864 de
1090 4809 1308 4864 Judaeis
1340 4811 1725 4881 crediderant,
1752 4819 1815 4868 ut

157 4896 338 4972 quasi
373 4895 531 4951 bonae
567 4896 799 4952 soboles
830 4898 1002 4968 primi
1053 4902 1111 4953 et
1161 4898 1399 4953 maximi
1430 4900 1520 4954 sui
1555 4904 1813 4971 parentis

157 4991 328 5044 actus
358 4990 767 5056 sequerentur.
792 4986 859 5039 Et
889 4987 1164 5056 quoniam
1197 5004 1316 5057 eos,
1347 5004 1417 5042 ne
1450 4990 1506 5043 in
1540 4992 1808 5047 tentatio-

155 5076 334 5131 nibus
366 5074 705 5140 deﬁcerent,
741 5079 797 5129 et
840 5080 905 5129 ut
935 5076 1108 5129 ﬁdem
1141 5092 1309 5130 suam
1343 5094 1444 5147 per
1473 5094 1647 5148 opera
1678 5097 1809 5149 pro-

154 5166 383 5229 barent,
417 5164 799 5229 admonebat,
834 5162 1068 5235 elegans
1118 5164 1189 5218 de
1243 5165 1573 5235 patriarcha
1618 5168 1813 5237 posuit

155 5252 511 5324 exemplum,
550 5268 656 5322 per
692 5252 841 5322 quod
874 5269 974 5307 eos
1007 5252 1065 5306 in
1096 5258 1345 5324 utraque
1373 5254 1585 5309 virtute
1616 5262 1812 5326 posset

157 5343 482 5398 instituere.
522 5338 662 5401 Quae
693 5340 849 5394 enim
882 5342 1126 5397 tentatio
1159 5343 1367 5411 major,
1399 5344 1653 5415 exceptis
1694 5345 1806 5413 his,

155 5448 278 5503 qua:
309 5432 378 5487 ad
415 5426 647 5502 proprii
680 5428 940 5498 corporis
970 5429 1265 5499 pertinent
1293 5430 1514 5501 plagas,
1549 5432 1808 5489 accidere

1930 3308 2036 3372 est,
2072 3305 2171 3358 sed
2206 3304 2478 3360 divinitas
2510 3306 2893 3378 impassibilis
2938 3315 3173 3369 mansit.

2004 3415 2025 3439 α
2062 3391 2199 3445 Fide
2245 3396 2301 3445 et
2348 3393 2418 3446 de
2466 3394 2677 3450 futuris
2724 3397 3018 3455 benedixit
3064 3404 3244 3473 Isaac,
3286 3407 3463 3466 Jacob
3514 3418 3572 3470 et

1928 3482 2099 3535 Esau.
2131 3502 2156 3529 ››
2188 3480 2442 3551 Futuris,
2467 3499 2581 3537 non
2616 3483 2877 3541 futurum
2901 3490 3178 3547 saeculum
3203 3495 3567 3568 signiﬁcans,

1927 3569 2027 3625 sed
2061 3569 2255 3623 futura
2286 3568 2462 3639 hujus
2494 3572 2711 3639 saeculi,
2744 3575 2815 3629 de
2846 3592 2960 3647 quo
2992 3582 3274 3639 Dominus
3318 3586 3459 3643 dicit
3507 3590 3566 3646 in

1926 3657 2272 3729 Evangelio:
2309 3660 2467 3721 Quod
2503 3683 2529 3708 ‹‹
2558 3660 2725 3716 multi
2760 3666 3075 3737 prophetas,
3100 3676 3156 3725 et
3189 3690 3354 3746 reges
3377 3678 3567 3734 volue-

1926 3751 2064 3801 runt
2094 3747 2285 3802 videre
2339 3765 2463 3819 quae
2519 3767 2619 3805 vos
2668 3751 2894 3821 videtis,
2928 3762 2984 3811 et
3033 3776 3143 3814 non
3190 3763 3478 3833 viderunt,
3512 3774 3570 3825 et

1925 3835 2128 3891 audire
2151 3854 2275 3907 quae
2302 3839 2542 3905 auditis,
2564 3844 2620 3894 et
2652 3858 2764 3895 non
2792 3844 3105 3902 audierunt
3127 3852 3278 3919 (Luc.
3312 3872 3366 3919 x,
3398 3858 3507 3927 24).
3536 3880 3563 3909 ι)

1924 3925 1981 3979 Si
2011 3925 2166 3979 enim
2216 3932 2518 3997 propterea
2562 3946 2675 3983 non
2716 3932 3082 3990 revelabatur
3118 3940 3291 3996 Filius
3324 3925 3565 4013 quibus-

1926 4013 2081 4079 dam,
2108 4021 2341 4085 propter
2363 4016 2763 4073 inﬁrmitatem
2790 4038 3013 4092 eorum,
3040 4028 3136 4095 qui
3166 4046 3297 4083 eum
3333 4049 3446 4086 non
3473 4051 3570 4104 po-

1927 4108 2113 4156 terant
2142 4103 2425 4172 excipere,
2449 4111 2847 4161 verumtamen
2884 4109 2999 4165 illis
3031 4114 3129 4181 qui
3165 4116 3394 4173 virtutis
3429 4120 3565 4175 cha-

1925 4190 2092 4243 ritate
2126 4191 2446 4261 fulgebant,
2472 4192 2854 4250 revclabatur.
2882 4197 2947 4251 Et
2978 4199 3085 4253 hoc
3117 4203 3290 4259 etiam
3320 4208 3567 4277 Aposto-

1925 4278 2016 4333 lus
2049 4278 2206 4347 dicit,
2240 4278 2377 4348 quia
2410 4296 2509 4349 per
2541 4280 2711 4334 ﬁdem
2746 4298 2843 4336 eos
2876 4285 3170 4344 benedixit
3202 4292 3397 4349 futura
3428 4312 3567 4365 pra:-

1923 4366 2125 4420 videns
2153 4384 2165 4433 ;
2200 4367 2337 4437 quia
2374 4374 2430 4421 et
2458 4367 2636 4422 Jacob
2671 4370 2915 4440 ﬁguram
2948 4375 3179 4445 Christi,
3217 4381 3335 4436 sive
3366 4385 3565 4454 populi

1923 4455 2235 4511 Christiani
2267 4457 2551 4527 gestabat,
2586 4457 2735 4512 Esau
2770 4476 2898 4515 vero
2926 4464 3153 4519 Judaici
3186 4470 3392 4538 (1449).

1995 4567 2021 4593 ‹‹
2056 4544 2191 4598 Fide
2221 4544 2398 4599 Jacob
2431 4545 2704 4613 moriens,
2741 4547 3004 4619 singulos
3046 4553 3301 4611 ﬁliorum
3343 4559 3562 4631 Joseph

1925 4634 2232 4694 benedixit.
2258 4641 2313 4688 et
2335 4635 2596 4689 adoravit
2620 4637 2915 4708 fastigium
2945 4642 3115 4713 virgm
3140 4647 3287 4715 ejus.
3315 4670 3341 4696 ››
3368 4648 3487 4703 Imo
3509 4656 3566 4705 et

1922 4722 2045 4793 ipse
2066 4724 2241 4778 Jacob
2264 4740 2366 4794 per
2388 4726 2561 4779 ﬁdem
2587 4726 2881 4782 benedixit
2905 4730 3168 4802 singulos
3194 4735 3445 4791 ﬁliorum
3463 4738 3564 4793 Jo-

1923 4812 2087 4883 seph,
2122 4812 2418 4883 Ephraim,
2448 4820 2503 4868 et
2534 4815 2884 4879 Manassem,
2908 4819 2965 4874 id
2999 4828 3105 4889 est,
3133 4825 3278 4881 duos
3310 4832 3561 4883 tantum.

1925 4903 2053 4956 Ideo
2077 4902 2291 4973 singuli
2320 4904 2611 4972 dicuntur,
2641 4907 2778 4975 quia
2810 4925 3291 4987 unumquemque
3317 4917 3387 4972 de
3420 4918 3565 4974 duo-

1924 4990 2031 5043 bus
2066 4990 2309 5045 seorsim
2342 4992 2653 5047 benedixit.
2688 4995 2829 5049 Nam
2882 5015 2985 5067 per
3033 5004 3335 5073 majorem,
3370 5006 3426 5059 id
3477 5011 3568 5062 est

1921 5095 2023 5149 per
2054 5079 2380 5143 Manassen,
2415 5082 2787 5150 prmﬁgurare
2820 5085 3000 5141 voluit
3031 5093 3311 5160 populum
3333 5095 3563 5149 Judan-

1922 5184 2051 5221 rum
2081 5186 2091 5231 ;
2128 5184 2228 5237 per
2259 5166 2544 5221 minorem
2574 5184 2728 5236 vero,
2765 5176 3046 5242 populum
3078 5180 3561 5238 Christianorum.

1920 5256 2179 5309 Duorum
2199 5254 2351 5308 enim
2376 5254 2624 5309 ﬁliorum
2653 5258 3109 5319 benedictionem
3134 5271 3297 5337 prius
3313 5287 3567 5327 comme-

1921 5360 2147 5397 morare
2169 5341 2369 5405 voluit,
2386 5346 2449 5395 ut
2470 5359 2570 5413 per
2589 5344 2887 5415 fastigium
2912 5351 3082 5422 virgae
3106 5356 3401 5411 adoranda
3421 5359 3565 5415 ﬁdes

1920 5432 2068 5501 ejus,
2094 5434 2149 5485 et
2178 5428 2484 5499 prophetia
2514 5433 2934 5491 ostenderetur.
2966 5437 3029 5492 In
3060 5440 3224 5513 virga
3253 5443 3411 5499 enim
3444 5446 3562 5515 illa,

217 5538 394 5611 (1449)
416 5536 518 5619 Ἐιι
546 5534 1126 5631 qugexpositionem
1144 5539 1428 5631 paesti-am
1459 5535 1518 5592 in
1558 5554 1626 5595 ea
1664 5540 1840 5598 verba
1866 5554 2017 5597 vers.
2052 5538 2117 5592 12
2147 5535 2324 5607 hujus
2354 5550 2505 5609 cap.,
2535 5542 2759 5613 propter
2787 5542 2927 5617 quod
2954 5546 3098 5605 etab
3128 5563 3236 5609 uno
3265 5552 3376 5613 orti
3404 5558 3559 5631 sunt,

157 5614 212 5673 et
225 5603 513 5689 superius
546 5603 832 5666 traditam
862 5606 1114 5667 maxime
1142 5606 1411 5668 fulciunt.
