3966 6210
452 291 570 353 803

1466 287 1806 349 ATTONIS
1852 285 2440 348 VERCELLENSIS
2487 286 2839 349 EPISCOPI

3716 290 3814 350 804

448 422 708 479 lutarent
736 438 854 477 eos.
890 422 969 476 Ex
1001 419 1344 492 metaphora
1364 418 1768 491 navigantium
1792 419 1899 474 hoc
1919 418 2086 485 dixit,
2119 423 2173 487 Α
2203 419 2260 473 in
2294 420 2440 474 actis
2470 420 2877 477 nefandorum.
2906 419 3016 474 Sed
3043 417 3225 474 illiita
3246 422 3412 474 erant
3434 417 3591 487 clari,
3610 419 3682 474 ita
3696 436 3814 476 con-

449 513 589 583 quia
618 529 652 567 a
682 510 853 583 longe
874 508 1237 582 prospiciunt
1257 508 1619 563 desideratas
1641 508 1924 573 civitates,
1950 524 2097 578 quas

447 606 763 671 antequam
795 599 1218 670 ingrediantur,
1252 596 1604 651 salutatione
1632 596 2015 668 praeveniunt,
2042 599 2099 649 et

445 705 545 744 eas
566 688 675 744 sibi
701 687 1019 743 familiares
1040 685 1322 740 efﬁciunt.
1338 684 1711 756 Aspiciebant
1728 685 1787 738 in
1811 684 1945 750 ﬁde,
1969 700 2098 739 con-

445 778 763 832 ﬁtebantur
783 776 839 829 in
860 774 1251 839 sermonibus,
1272 773 1411 845 quia
1429 773 1741 844 peregrini,
1757 777 1812 826 et
1835 772 2095 843 hospites

444 870 628 936 erant,
651 869 717 920 ut
736 863 1018 935 scriptum
1040 868 1156 918 est:
1176 861 1523 933 Peregrinus
1544 878 1697 931 sum,
1718 862 1871 916 sicut
1890 877 2095 915 omnes

442 958 638 1026 patres
686 953 800 1008 mei
850 954 899 1023 (1
922 957 1061 1007 Ραν.
1094 969 1248 1019 xx1x,
1284 952 1351 1005 15
1385 968 1397 1018 ;
1455 950 1582 1006 Gen.
1615 967 1780 1019 xxm,
1813 951 1880 1017 4;
1934 950 2087 1004 Psal.

440 1058 678 1107 nxvm,
713 1041 819 1111 13).
854 1039 961 1096 Ubi
1011 1044 1208 1095 autem
1259 1039 1567 1094 conﬁtetur
1609 1036 1901 1092 Abraham
1935 1038 2088 1108 quod

440 1130 807 1203 peregrinus,
842 1132 900 1185 et
936 1128 1151 1200 hospes
1208 1128 1303 1195 sit,
1339 1143 1576 1183 necesse
1622 1130 1712 1181 est
1749 1125 2044 1197 inquirere
2073 1150 2087 1194 ;

438 1218 705 1275 fortassis
734 1218 890 1274 enim
923 1218 1099 1273 etiam
1125 1218 1318 1288 ipsum
1351 1216 1457 1271 hoc
1477 1216 1806 1270 confessum
1841 1231 1968 1269 esse
1998 1231 2086 1269 re-

438 1308 750 1380 periemus.
770 1306 1085 1362 Confessus
1106 1308 1299 1360 tamen
1316 1304 1617 1370 estDavid,
1634 1304 1785 1358 sicut
1807 1303 2083 1370 diximus;

438 1396 578 1468 quia
607 1394 971 1467 peregrinus,
1004 1394 1214 1464 inquit,
1266 1396 1426 1457 sunt,
1476 1392 1629 1447 sicut
1659 1407 1861 1446 omnes
1892 1395 2084 1462 patres

440 1484 551 1539 mei
576 1502 590 1552 ;
615 1482 958 1555 peregrinus
980 1499 1013 1536 a
1034 1497 1272 1553 peregre
1303 1480 1724 1551 proﬁciscendo
1747 1479 1958 1535 dictus.
1982 1480 2083 1535 Pe-

436 1588 671 1643 ragrare
692 1572 870 1637 enim,
894 1569 1299 1642 perambulare
1326 1568 1577 1624 dicimus
1602 1585 1617 1636 ;
1642 1569 1781 1639 quia
1807 1568 1864 1621 in
1892 1568 2077 1622 taber-

434 1658 661 1715 naculis
684 1659 1047 1723 habitabant,
1070 1658 1168 1729 qui
1192 1656 1459 1729 sepulcra
1480 1656 1744 1728 pecuniis
1776 1673 2080 1727 compara-

435 1748 598 1803 bant.
631 1751 861 1803 Certum
884 1750 974 1802 est
998 1746 1273 1817 quoniam
1299 1745 1585 1817 peregrini
1610 1748 1795 1810 erant,
1821 1744 2075 1799 utetiam
2112 1791 2156 1855 Β

435 1853 537 1871 nan
568 1835 663 1871 ιτικς
698 1835 1005 1871 annalinan}
1040 1851 1176 1871 anna
1210 1834 1487 1871 hnhnrnn}
1564 1834 1707 1871 Πηίᾶ
1763 1845 1848 1871 ac?
1894 1850 2029 1871 anon
2052 1834 2079 1871 9

1998 1851 2029 1888 0
2054 1851 2070 1887 ⁷1

434 1853 539 1893 nec
568 1835 668 1892 ubi
698 1835 1010 1907 sepelirent
1039 1851 1177 1889 suos
1209 1834 1512 1889 haberent.
1564 1834 1711 1899 Quid
1763 1845 1849 1888 est
1894 1850 1995 1904 erg

432 1925 706 1996 Nunquid
741 1924 897 1979 illius
929 1927 1115 1991 terris,
1140 1924 1199 1977 in
1231 1940 1347 1994 qua
1376 1922 1672 1978 Palmstini
1702 1926 1887 1991 erant,
1921 1922 2078 1977 dice-

431 2014 571 2069 bant
601 2029 663 2069 se
691 2011 1029 2085 peregrinos
1059 2027 1187 2067 esse
1206 2011 1234 2066 ?
1281 2011 1658 2083 Nequaquam
1690 2028 1702 2076 ;
1750 2012 1849 2065 sed
1896 2011 2077 2067 totius

428 2102 655 2157 mundi.
692 2102 760 2156 Et
789 2100 1017 2156 merito.
1042 2100 1195 2154 Nihil
1231 2100 1447 2172 quippe
1469 2099 1905 2171 conspiciebant
1927 2098 1987 2154 in
2010 2115 2076 2154 eo

426 2207 649 2261 eorum,
674 2207 801 2263 quis
825 2188 1115 2255 volebant,
1131 2189 1230 2244 sed
1253 2188 1451 2244 omnia
1472 2205 1796 2260 peregi-nua,
1811 2192 1867 2243 et
1887 2187 2077 2243 aliena

424 2278 541 2334 illis
572 2283 758 2345 erant,
791 2279 892 2350 qui
940 2278 1216 2332 virtutem
1252 2277 1348 2332 Dei
1406 2276 1592 2332 colere
1640 2276 2071 2331 desiderabant.

425 2367 747 2438 Quomodo,
782 2366 995 2437 inquit,
1036 2364 1327 2438 peregrini
1359 2365 1568 2419 erant?
1612 2365 1735 2419 Non
1786 2368 1909 2419 erat
1938 2364 2073 2418 dili-

423 2455 620 2526 gentia
647 2471 848 2510 eorum
880 2455 1033 2508 circa
1063 2470 1150 2519 ea,
1184 2470 1311 2523 quae
1343 2452 1523 2523 hujus
1556 2453 1762 2507 mundi
1810 2457 1983 2507 sunt:
2020 2457 2075 2507 et

424 2543 533 2599 hoc
565 2559 680 2598 non
710 2542 902 2597 verbis
935 2541 1145 2611 solum,
1180 2541 1280 2596 sed
1338 2540 1513 2594 etiam
1572 2541 1745 2595 rebus
1793 2540 1958 2611 ipsis,
2018 2544 2075 2595 et

422 2631 697 2704 operibus
726 2630 1232 2685 demonstrabant.
1267 2628 1423 2683 Dixit
1471 2632 1621 2683 Deus
1651 2628 1895 2682 Abrahae
1923 2646 1935 2683 :
1969 2629 2069 2683 Exi

422 2721 494 2775 de
523 2726 679 2774 terra
710 2724 831 2783 tua,
866 2735 993 2788 quas
1019 2718 1337 2789 putabatur
1364 2733 1493 2771 esse
1519 2715 1723 2787 patria.
1751 2716 1959 2770 Statim
1983 2733 2072 2771 ex-

423 2807 545 2878 ivit,
577 2813 777 2863 etnon
819 2811 907 2862 est
955 2810 1213 2861 retentus
1264 2821 1461 2860 amore
1518 2805 1907 2876 propriorum,
1968 2806 2069 2860 sed

424 2897 577 2951 sicut
598 2895 940 2968 peregrinus
962 2910 1235 2967 egressus
1256 2899 1367 2963 est,
1400 2894 1500 2948 sed
1530 2893 1687 2948 venit
1714 2894 1783 2947 ad
1818 2892 2067 2949 alienam

423 2989 662 3040 terram.
695 2984 849 3040 Dixit
877 2983 966 3039 ei:
992 2982 1146 3038 Oli‘er
1175 2982 1320 3037 mihi
1372 2981 1555 3037 ﬁlium
1585 2986 1776 3037 tuum.
1810 2982 1905 3037 Sic
1933 2999 2066 3037 eum

421 3074 634 3130 obtulit
647 3078 927 3147 tanquam
942 3072 989 3129 si
1005 3089 1121 3128 non
1137 3070 1770 3127 habuissethumanam
1794 3076 2066 3126 naturam

2212 507 2451 562 ﬁdentia
2473 508 2731 578 pleni,ut
2753 526 2867 564 non
2890 508 3371 572 confunderetur,
3387 525 3521 564 cum
3542 524 3718 564 eorum
3736 526 3814 565 vo-

2209 600 2438 651 caretur
2458 597 2631 652 Deus.
2652 597 2876 652 Dicitur
2889 597 3045 652 enim
3073 602 3222 652 Deus
3238 601 3425 665 terrae,
3449 602 3505 652 et
3524 596 3663 652 Deus
3681 600 3808 670 ccsli,

2207 683 2499 755 siquidem
2529 690 2585 741 et
2616 690 2766 741 Deus
2797 685 3081 759 gentium,
3115 690 3173 741 et
3192 702 3307 740 non
3340 684 3532 742 solum
3562 685 3808 759 gentium,

2205 772 2304 827 sed
2338 773 2515 827 totius
2545 774 2771 843 mundi,
2804 775 2941 845 quia
2972 774 3097 845 ipse
3128 774 3410 841 condidit,
3442 779 3499 830 et
3527 778 3813 832 construxit

2203 860 2435 928 omnia;
2471 866 2805 917 sanctorum
2830 878 2962 922 vero
2985 861 3221 918 illorum
3243 880 3359 918 non
3383 863 3466 919 sic
3486 864 3699 936 dicitur,
3722 867 3810 923 sed

2202 948 2357 1004 sicut
2385 950 2629 1007 amicus.
2655 951 2880 1006 Dicitur
2900 955 2957 1006 et
2987 968 3143 1006 nunc
3172 951 3477 1024 Dominus,
3510 957 3649 1009 Deus
3673 954 3814 1010 Chri-

2201 1038 2552 1106 stianorum,
2584 1045 2640 1096 et
2670 1044 2868 1096 tamen
2890 1039 3115 1095 excedit
3135 1039 3242 1095 hoc
3259 1056 3472 1096 nomen
3498 1040 3810 1113 dignitatem

2201 1131 2482 1184 nostram.

2270 1237 2297 1263 «
2331 1216 2467 1271 Fide
2498 1217 2713 1271 obtulit
2734 1217 3025 1272 Abraham
3054 1219 3233 1285 Isaac,
3257 1234 3391 1274 cum
3424 1222 3742 1291 tentaretur,
3764 1227 3814 1278 et

2197 1303 2566 1375 unigenitum
2608 1304 3021 1376 oﬂ‘erebat,qui
3062 1311 3401 1377 susceperat
3436 1309 3810 1379 repromissio-

2196 1407 2328 1456 nes;
2349 1393 2418 1447 ad
2439 1410 2610 1464 quem
2626 1394 2845 1448 dictum
2860 1397 2977 1448 est:
3000 1393 3145 1460 Quia
3162 1394 3222 1447 in
3243 1394 3403 1449 Isaac
3415 1396 3702 1451 vocabitur
3716 1399 3811 1452 tibi

2194 1497 2415 1551 semen,
2441 1483 2730 1537 arbitrans
2752 1481 2891 1553 quia
2910 1485 2965 1537 et
2986 1499 3019 1535 a
3041 1482 3291 1537 mortuis
3312 1483 3595 1540 suscitare
3624 1490 3808 1557 potens

2191 1574 2279 1625 est
2311 1574 2477 1625 Deus.
2506 1595 2526 1622 ι
2582 1571 2884 1642 Siquidem
2916 1570 2973 1624 in
3008 1587 3123 1624 uno
3154 1571 3475 1642 eodemque
3508 1572 3646 1628 facto
3675 1575 3809 1630 beati

2188 1658 2477 1713 Abraham
2491 1702 2503 1723 ,
2517 1658 2696 1713 Jacob
2718 1675 2961 1729 operum
2981 1659 3109 1728 ejus
3128 1658 3808 1733 magniﬁcentiam(t448),

2190 1746 2405 1802 Paulus
2426 1747 2554 1801 ﬁdei
2578 1746 2965 1802 constantiam
2989 1746 3268 1817 laudavit,
3291 1763 3397 1802 nec
3421 1751 3613 1805 tamen
3632 1750 3810 1823 dispa-

2187 1851 2330 1905 rem,
2356 1836 2761 1907 diversamque
2788 1854 2820 1891 a
2839 1836 3055 1891 Jacobo
3079 1836 3322 1907 protulit
3352 1837 3569 1894 Paulus
3595 1845 3810 1896 senten-

2185 1922 2348 1977 tiam.
2371 1924 2642 1978 Sciebant
2663 1940 2916 1996 namque
2938 1925 3110 1979 ambo
3132 1926 3286 1995 quod
3310 1925 3597 1981 Abraham
3613 1932 3665 1983 et
3687 1929 3808 1997 ﬁde,

2186 2011 2528 2082 etoperibus
2547 2016 2670 2066 erat
2692 2012 3014 2083 perfectus;
3035 2016 3091 2067 et
3110 2012 3239 2068 ideo
3254 2013 3491 2084 quisque
3512 2015 3727 2071 illorum
3752 2018 3813 2072 il-

2184 2096 2299 2151 lam
2318 2098 2577 2170 magisin
2590 2114 2655 2154 eo
2672 2099 2950 2154 virtutem
2967 2100 3437 2172 przedicavit,qua
3450 2118 3582 2158 suos
3595 2103 3810 2160 audito-

2185 2201 2276 2238 res
2299 2185 2553 2257 amplius
2584 2185 2845 2258 indigere
2878 2188 3189 2259 prospexit.
3219 2189 3364 2252 Quia
3391 2190 3542 2245 enim
3569 2191 3814 2249 Jacobus

2185 2270 2299 2325 illis
2322 2273 2637 2341 scribebat,
2656 2275 2755 2345 qui
2780 2276 2952 2330 ﬁdem
2969 2276 3094 2331 sine
3116 2276 3390 2348 operibus
3402 2278 3642 2334 otiosam
3663 2285 3812 2337 tene-

2184 2359 2343 2430 bant,
2367 2367 2692 2434 opportune
2716 2361 2854 2418 illud
2878 2364 3122 2435 protulit
3143 2365 3497 2438 exemplum,
3520 2367 3577 2423 in
3599 2370 3816 2440 quoilla

2182 2450 2475 2521 praecipua
2495 2451 2914 2523 ﬁdesAbrahae,
2930 2469 3056 2524 quae
3071 2459 3126 2509 et
3150 2455 3811 2529 prius,Scripturateste,

2180 2536 2415 2593 laudata
2436 2544 2543 2605 est,
2569 2545 2891 2611 appareret,
2917 2541 3055 2612 quia
3076 2558 3192 2596 non
3217 2544 3402 2598 otiosa
3424 2544 3554 2614 ejus
3574 2544 3633 2600 in
3653 2549 3814 2605 corde

2183 2628 2517 2697 torpuisset,
2542 2629 2642 2682 sed
2667 2629 2737 2683 ad
2764 2629 3153 2684 obediendum
3178 2630 3392 2687 divinis
3420 2632 3813 2707 imperiisjam

2180 2721 2449 2787 prompta
2480 2716 2802 2787 ﬂagrasset.
2856 2717 3000 2780 Quia
3028 2735 3160 2773 vero
3209 2720 3424 2775 Paulus
3475 2721 3813 2796 instruebat,

2179 2804 2277 2875 qui
2310 2804 2434 2859 sine
2465 2806 2649 2875 gratia
2668 2806 2800 2861 ﬁdei
2826 2807 2897 2861 de
2919 2806 3043 2862 suis
3062 2824 3124 2862 se
3144 2807 3498 2864 extollebant
3528 2813 3816 2883 operibus,

2177 2893 2430 2948 ostendit
2461 2894 2599 2964 quia
2631 2894 2757 2949 sine
2778 2895 2889 2949 ﬁde
2920 2894 3284 2965 impossibile
3313 2902 3402 2951 est
3431 2898 3548 2953 Deo
3573 2899 3815 2971 placere.

2175 2984 2363 3053 Atque
2394 2982 2465 3036 ad
2498 2983 2986 3055 redarguendam,
3040 2985 3563 3059 corrigendumque
3620 3006 3820 3046 eorum

2175 3071 2558 3127 temeritatem
2570 3114 2583 3141 ,
2599 3072 2854 3128 collectis
2876 3073 3139 3128 omnium
3155 3074 3620 3145 patriarcharum
3635 3095 3824 3136 exem-

424 3184 453 3216 ι
481 3163 589 3228 Qui
611 3163 767 3241 enim
788 3163 897 3219 hoc
915 3161 1136 3233 dicunt,
1162 3160 1497 3233 signiﬁcant
1516 3176 1579 3215 se
1601 3159 1847 3232 patriam
1870 3159 2061 3231 inqui-
2097 3155 2140 3221 C
2181 3159 2311 3231 plis,
2346 3159 2653 3215 manifeste
2670 3160 2903 3216 edocuit
2932 3160 3071 3232 quia
3091 3178 3295 3217 omnes
3325 3166 3665 3223 testimonio
3686 3169 3821 3225 ﬁdei

418 3268 544 3309 rere
569 3271 583 3322 ;
613 3276 635 3302 ι
670 3252 729 3308 id
759 3256 869 3321 est,
893 3249 1206 3307 caelestem.
1231 3249 1299 3303 Et
1321 3264 1392 3304 ne
1413 3247 1546 3319 quis
1575 3247 1794 3303 diceret
1815 3249 2061 3319 patriam

415 3358 545 3398 esse
573 3346 783 3398 terram
815 3338 1241 3408 Chaldaorum,
1275 3336 1538 3392 addidit:
1582 3358 1611 3385 «
1643 3336 1711 3393 Et
1740 3336 1790 3391 si
1821 3336 2059 3408 quidem

412 3430 572 3487 illius
595 3429 1024 3494 meminissent,
1040 3428 1111 3483 de
1124 3443 1241 3500 qua
1260 3426 1535 3494 exierant,
1554 3424 2061 3497 habebantutique

413 3524 648 3592 tempus
679 3517 1000 3574 reverlendi
1028 3535 1041 3572 :
1076 3539 1105 3567 »
1139 3516 1195 3570 id
1219 3520 1326 3582 est,
1356 3514 1651 3569 habebant
1680 3513 1938 3584 spatium
1970 3530 2056 3569 re-

411 3607 672 3662 vertendi
703 3607 762 3660 in
794 3604 1143 3672 Chaldaeum,
1167 3604 1321 3658 unde
1352 3608 1409 3657 et
1433 3603 1690 3669 fuerunt,
1717 3602 1817 3656 sed
1851 3602 2058 3657 melio-

411 3712 537 3750 rem
569 3698 871 3767 appetunt,
919 3694 976 3748 id
1008 3697 1115 3764 est,
1162 3692 1455 3747 caelestem
1487 3690 1832 3745 Jerusalem.
1866 3690 2057 3746 Prima

411 3783 600 3839 virtus
629 3788 735 3854 est,
769 3782 1142 3855 peregrinum
1169 3797 1298 3837 esse
1319 3779 1525 3834 mundi
1556 3779 1753 3849 hujus,
1778 3782 1836 3833 et
1865 3778 2057 3850 hospi-

406 3876 546 3944 tem,
571 3877 628 3929 et
658 3871 806 3929 nihil
839 3886 1153 3928 commune
1183 3869 1398 3923 habere
1426 3884 1561 3922 cum
1607 3867 1843 3939 regibus
1876 3866 2054 3939 hujus

407 3960 623 4029 saeculi,
649 3962 928 4017 removeri
953 3961 1022 4015 ab
1046 3960 1151 4024 eis,
1168 3956 1318 4013 sicut
1336 3956 1699 4029 peregrinus.
1724 3955 1837 4011 Iste
1857 3962 2051 4012 autem

404 4051 673 4124 egregius
693 4050 1037 4123 praedicator
1060 4065 1173 4103 non
1201 4046 1574 4118 peregrinum
1598 4045 1677 4100 sei
1688 4062 1859 4117 psum
1885 4046 2051 4111 dixit,

402 4140 503 4196 sed
538 4144 835 4195 mortuum
868 4137 1108 4193 mundo.
1143 4158 1170 4187 «
1196 4135 1473 4201 Mundus,
1504 4134 1715 4206 inquit,
1740 4133 1884 4188 mihi
1917 4150 2048 4189 cru-

401 4228 606 4283 ciﬁxus
636 4232 745 4296 est,
779 4231 837 4283 et
867 4243 971 4298 ego
999 4224 1219 4280 mundo
1252 4222 1402 4295 (Gal.
1434 4240 1510 4291 v1,
1546 4223 1653 4293 14).

478 4336 501 4365 ι
536 4317 669 4373 Ideo
692 4333 807 4373 non
826 4314 1203 4371 confunditur
1222 4312 1376 4367 Deus
1399 4309 1588 4366 vocari
1611 4311 1764 4367 Deus
1789 4311 2043 4378 illorum;

397 4404 623 4476 paravit
644 4405 801 4462 enim
846 4402 965 4458 illis
995 4400 1289 4456 civitatem
1323 4402 1584 4452 sanctam
1626 4399 1830 4470 (1447).
1867 4421 1895 4449 »
1927 4403 2041 4453 Ma-

2175 3248 2399 3321 probati
2423 3252 2580 3303 sunt.
2599 3248 2760 3304 Unde
2780 3254 2836 3305 et
2852 3248 3182 3321 specialiter
3201 3251 3272 3306 de
3295 3253 3593 3310 Abraham
3624 3257 3824 3313 intulit

2172 3336 2313 3408 quia
2344 3337 2455 3392 ﬁde
2502 3338 2734 3393 offerret
2773 3342 2955 3406 lsaac,
2989 3338 3302 3407 arbitrans,
3344 3341 3559 3414 inquit,
3594 3345 3736 3416 quia
3765 3352 3822 3402 et

2171 3431 2435 3481 mortuos
2466 3426 2748 3481 suscitare
2779 3430 2983 3498 potens
3011 3432 3101 3483 est
3130 3427 3307 3485 Deus.
3330 3429 3652 3501 Conjunxit
3683 3451 3821 3508 ergo

2169 3531 2316 3587 opus
2349 3515 2503 3581 ﬁdei,
2536 3516 2636 3586 qui
2667 3516 2795 3571 ideo
2826 3515 3010 3570 ﬁlium
3037 3532 3173 3572 mox
3210 3518 3416 3574 offerre
3439 3519 3646 3590 voluit,
3679 3525 3821 3596 quia

2167 3604 2350 3659 Deum
2376 3603 2533 3659 hunc
2555 3605 2832 3659 continuo
2855 3605 3339 3661 resuscitaturum
3361 3625 3490 3664 esse
3521 3613 3820 3681 credebat;

2166 3693 2293 3747 ideo
2328 3696 2521 3748 autem
2544 3693 2701 3747 hunc
2723 3697 2855 3765 post
2876 3699 3122 3749 mortem
3146 3711 3180 3749 a
3201 3701 3312 3751 Deo
3336 3700 3823 3759 resuscitandum

2164 3797 2292 3837 esse
2322 3781 2612 3847 credebat,
2645 3782 2783 3853 quia
2811 3798 3013 3837 verum
3044 3784 3318 3840 credebat
3345 3800 3474 3841 esse
3514 3791 3677 3861 quod
3710 3809 3823 3847 au-

2164 3870 2370 3937 dierat,
2404 3869 2542 3941 quia
2587 3870 2645 3924 in
2681 3871 2841 3925 Isaac
2886 3871 3188 3937 vocabitur
3234 3873 3340 3927 tibi
3373 3891 3600 3933 semen.
3657 3881 3825 3937 Sicut

2162 3959 2319 4013 enim
2350 3958 2595 4013 credidit
2616 3974 2729 4014 non
2761 3975 2864 4030 per
2886 3961 3170 4015 rationem
3201 3961 3550 4033 humanam,
3586 3968 3736 4038 quia
3757 3986 3827 4024 ex

2160 4044 2332 4099 vulva
2363 4050 2611 4111 mortua,
2636 4050 2692 4099 et
2721 4061 2878 4113 sene,
2903 4045 3247 4120 licetinepta
3262 4051 3387 4120 jam
3420 4052 3578 4109 facta
3608 4057 3683 4111 ad
3720 4073 3827 4129 ge-

2162 4133 2510 4199 nerandum,
2542 4134 2756 4189 donare
2781 4135 3065 4204 potuisset
3105 4137 3329 4206 ﬁlium;
3358 4140 3443 4195 ita
3472 4142 3659 4198 etiam
3693 4145 3827 4216 ipsa

2160 4220 2272 4275 ﬁde
2295 4220 2551 4276 occisum
2574 4221 2921 4277 resuscitare
2937 4224 3203 4280 credidit.
3228 4225 3463 4283 Sciebat
3481 4232 3826 4288 certissime

2156 4309 2336 4365 Deum
2390 4310 2509 4365 falli
2557 4327 2671 4365 non
2705 4328 2898 4383 posse,
2942 4317 3020 4381 et,
3054 4312 3187 4370 licet
3239 4332 3385 4387 puer
3422 4320 3823 4387 occideretur,

2156 4398 2605 4470 promissionem
2638 4404 2836 4455 tamen
2870 4400 2970 4456 Dei
3001 4401 3220 4458 salvam
3244 4420 3617 4475 permanere.
3654 4409 3823 4466 Unde

396 4509 576 4565 gnum
611 4494 720 4549 hoc
745 4496 856 4558 est,
887 4496 946 4546 et
972 4504 1103 4543 vere
1135 4501 1438 4584 magnum,
1469 4491 1526 4541 et
1555 4487 1752 4543 multae
1791 4487 2044 4543 beatitu-
2074 4520 2123 4585 D
2155 4492 2211 4542 et
2238 4487 2333 4542 hic
2363 4488 2678 4559 Apostolus
2708 4505 2810 4560 per
2856 4488 3130 4561 spiritum
3182 4492 3282 4547 Dei
3316 4493 3614 4553 didicerat
3662 4497 3821 4570 quod

398 4582 552 4638 dinis
584 4581 889 4637 indicium.
915 4577 1246 4632 Laudemus
1267 4590 1402 4646 ergo
1425 4574 1933 4647 ineﬁ‘abiliterejus
1955 4593 2044 4632 es-

395 4670 669 4738 sentiam,
702 4672 760 4722 et
784 4680 1052 4721 amemus
1082 4662 1564 4735 misericordiam,
1588 4664 1745 4735 quod
1769 4664 2044 4735 dignatus

394 4762 485 4812 est
512 4757 726 4811 habere
758 4770 969 4809 nomen
998 4752 1427 4820 misericordiae,
1452 4752 1698 4808 dicendo
1723 4769 1736 4806 :
1764 4753 1879 4825 Ego
1909 4771 2040 4810 sum

396 4847 548 4900 Deus
578 4843 887 4915 Abraham,
912 4849 970 4899 et
1006 4844 1161 4899 Deus
1183 4842 1362 4908 Isaac,
1385 4846 1442 4897 et
1489 4842 1644 4896 Deus
1675 4841 1873 4907 Jacob,
1906 4859 2040 4899 cum

393 4933 471 4988 sit
502 4949 711 4988 nomen
744 4934 871 5006 ejus
898 4939 1199 4990 aeternum.
1248 4930 1524 4987 Confusio
1570 4929 1784 5001 quippe
1814 4929 1899 4985 illi
1930 4939 2036 5001 est,

302 5018 308 5023 ’
393 5023 627 5095 quando
649 5022 1040 5097 malignorum
1065 5021 1542 5077 hominumDeus
1558 5024 1815 5089 vocatur,
1835 5025 1892 5075 et
1908 5037 2040 5076 con-

2156 4576 2352 4631 animo
2382 4575 2682 4632 habuisset
2703 4577 2995 4633 Abraham
3019 4581 3171 4635 intra
3192 4596 3272 4648 se,
3297 4582 3439 4637 dum
3470 4585 3663 4642 ﬁdem
3691 4588 3821 4656 ejus

2155 4663 2470 4730 laudando,
2502 4665 2680 4720 dicit:
2744 4665 2911 4721 Fides
2967 4668 3262 4724 Abraham
3323 4687 3439 4726 non
3494 4672 3816 4737 haesitavit,

2152 4770 2285 4808 cum
2311 4754 2549 4808 unicum
2573 4754 2826 4821 offerret,
2849 4755 2907 4809 in
2931 4772 3047 4827 quo
3074 4764 3371 4828 acceperat
3392 4762 3819 4833 repromissio-

2152 4858 2275 4910 nes,
2309 4842 2570 4914 cogitans
2601 4843 2740 4915 quia
2766 4848 2873 4898 eta
2904 4846 3152 4901 mortuis
3171 4862 3303 4902 eum
3323 4851 3697 4908 resuscitare
3719 4866 3818 4923 po-

2147 4935 2278 4986 tens
2308 4937 2398 4986 est
2430 4936 2599 4987 Deus.
2635 4932 2778 4988 Vere
2809 4948 3023 5006 magna
3067 4939 3191 4990 erat
3240 4935 3386 4992 ﬁdes
3432 4939 3725 4997 Abrahae.
3758 4940 3822 4994 In

2145 5019 2286 5076 Abel
2317 5020 2552 5093 quippe,
2576 5025 2634 5076 et
2654 5021 2872 5089 Enoch,
2924 5027 2980 5078 et
3000 5023 3116 5079 Noe
3147 5024 3519 5084 ratiocinatio
3549 5035 3732 5097 erat;
3762 5027 3823 5082 in

391 5111 724 5170 funditillos
737 5115 910 5170 etiam
927 5107 1401 5185 ipse,sicutenim
1416 5106 2035 5180 gloriﬁcatur,quando
2146 5111 2434 5166 Abraham
2456 5116 2652 5165 autem
2676 5110 3149 5168 ratiocinationes
3167 5115 3442 5171 excedere
3470 5117 3825 5175 videbatur.

390 5199 870 5275 benignorum,et
891 5200 1247 5273 optimorum
1271 5195 1577 5251 hominum
1600 5202 1839 5253 vocatur
1862 5200 2032 5267 Deus,

2144 5200 2287 5255 Nam
2314 5204 2600 5272 praecepta
2620 5199 2837 5271 quippe
2858 5200 2959 5256 Dei
2982 5217 3117 5257 cum
3142 5204 3447 5275 praeceptis
3470 5205 3729 5279 litigare
3751 5205 3827 5259 vi-

388 5293 445 5346 et
472 5291 785 5349 colentium
816 5290 1116 5355 virtutem,
1149 5286 1233 5341 sic
1264 5300 1294 5340 e
1326 5285 1613 5340 contrario
1658 5287 2034 5345 confunditur
2141 5288 2470 5357 dabantur;
2504 5293 2561 5344 et
2589 5289 2735 5344 ﬁdes
2762 5290 2897 5345 ﬁdei
2930 5292 3333 5363 repugnabat;
3367 5298 3426 5349 et
3449 5297 3825 5352 mandatum

453 5414 641 5559 E1447)
670 5413 1281 5493 Epithetum_sanctam
1308 5407 1480 5534 vulg.
1516 5426 1632 5465 non
1662 5410 1859 5467 habet.

479 5485 639 5559 1448)
667 5484 871 5559 Jacobi
901 5481 1138 5559 scilicet
1153 5482 1402 5559 apostoli
1453 5482 1859 5559 ausﬁbrahan

479 5481 639 5563 1448)
667 5481 871 5563 Jacobi
901 5481 1138 5563 scilicet
1153 5481 1402 5563 apostoli
1431 5481 1904 5563 lausnAbraham
1922 5486 2027 5563 tri-

379 5549 524 5619 bula
551 5549 822 5617 inbuitur
849 5554 910 5625 in
940 5555 1070 5626 ejus
1097 5549 1358 5641 Epistula
1377 5550 1663 5612 catholica
1682 5569 1745 5626 ιι,
1766 5556 1833 5613 21
1856 5560 1915 5616 et
1932 5558 2026 5631 23,

2142 5411 2242 5467 ubi
2263 5411 2524 5487 primum
2560 5427 2769 5487 opera,
2799 5429 2949 5470 vers.
2982 5412 3208 5472 scilicet
3233 5416 3300 5472 21
3331 5433 3345 5487 ;
3394 5417 3625 5476 deinde
3670 5416 3825 5475 ﬁdes

2137 5482 2287 5540 vers.
2318 5482 2409 5553 23,
2441 5482 2775 5541 laudantur.
