3966 6210
152 339 266 400 805

725 336 1145 401 EXPOSITIO
1191 339 1268 399 IN
1312 339 1743 402 EPISTOLAS
1792 342 2045 403 PAULI.
2080 376 2157 390 -—
2198 348 2271 407 IN
2321 347 2565 411 EPIST.
2613 354 2714 413 AD
2761 355 2991 416 HEBR.

3444 368 3561 428 806

156 472 254 527 Dei
286 472 412 525 erat
440 468 885 540 repromissioni
918 470 1300 535 contrarium,
1334 476 1397 526 ut
1428 476 1588 543 puta,
1622 472 1802 527 veluti
1833 487 1886 551 Α
1920 481 2127 545 potest,
2154 496 2329 549 quam
2355 481 2401 535 si
2427 482 2557 552 quis
2582 483 2768 539 filium
2794 487 3055 553 unicum,
3079 490 3561 552 dilectissimum-

157 559 313 630 quod
345 556 511 622 dixit,
538 557 817 627 quoniam
850 556 909 609 in
936 558 1093 611 Isaac
1114 558 1413 613 vocabitur
1444 559 1547 613 tibi
1581 576 1803 625 semen,

156 654 211 703 et
234 645 519 702 credidit:
550 650 607 700 et
629 646 841 699 iterum
865 644 1039 699 dicit:
1067 646 1338 701 Sacriﬁca
1359 647 1525 702 illum
1550 648 1712 711 mihi,
1739 666 1805 702 ex

156 739 326 807 cujus
348 735 577 791 semine
600 734 860 788 mundus
890 738 1048 788 totus
1071 740 1193 789 erat
1215 736 1546 806 replendus.
1577 739 1805 793 Intuere

157 827 318 881 litem
375 828 823 897 praeceptorum,
876 827 931 876 et
981 823 1459 893 promissionum.
1506 826 1809 881 Contraria

157 915 372 987 quippe
402 910 965 983 repromissionibus
996 911 1339 982 imperabat.
1380 914 1447 967 Et
1494 931 1681 983 neque
1726 915 1808 968 sic

156 1001 695 1073 obstupuitjustus
726 998 842 1068 ille,
878 1016 1065 1069 neque
1095 1000 1403 1071 deceptum
1446 1018 1508 1056 se
1556 1003 1807 1057 dicebat.

156 1094 284 1148 Non
315 1091 474 1145 enim
507 1094 706 1160 posset
750 1087 1066 1157 quisquam
1117 1090 1306 1143 dicere
1342 1106 1354 1143 :
1408 1091 1555 1153 Quia
1606 1091 1812 1145 habuit

158 1181 344 1236 alium
378 1178 587 1243 ﬁlium,
619 1194 687 1232 ex
716 1175 815 1231 illo
852 1177 1123 1246 sperabat
1154 1178 1667 1248 repromissionem
1700 1180 1807 1233 im-

161 1269 351 1342 plere,
386 1272 444 1321 et
487 1270 789 1337 propterea
818 1266 1118 1320 confidens
1150 1265 1329 1320 istum
1363 1267 1592 1321 obtulit.
1628 1269 1808 1322 Etiam

161 1356 560 1428 unigenitum,
592 1353 802 1423 inquit,
834 1354 1129 1419 offerebat,
1173 1355 1272 1425 qui
1322 1357 1807 1426 repromissiones

159 1448 487 1515 acceperat,
522 1446 809 1512 quantum
841 1442 912 1496 ad
948 1442 1231 1496 rationem
1264 1443 1471 1499 attinet
1501 1446 1811 1515 repromis-

160 1533 390 1599 sionis;
426 1536 732 1601 prepterea
785 1529 1009 1584 addidit
1050 1530 1382 1601 Apostolus,
1417 1533 1806 1603 unigenitum,

158 1622 365 1677 volens
396 1619 702 1674 ostendere
730 1624 1034 1689 propterea
1056 1618 1424 1690 unigenitum
1451 1638 1599 1691 esse,
1624 1623 1721 1692 qui
1750 1624 1809 1677 in

160 1711 261 1766 illo
295 1712 635 1779 susceperat
664 1707 1171 1779 repromissiones,
1200 1709 1353 1763 sicut
1384 1711 1667 1780 scriptum
1702 1717 1809 1775 est,

160 1800 303 1871 quia
330 1798 390 1852 in
420 1798 580 1852 Isaac
611 1795 913 1850 vocabitur
938 1796 1043 1849 tibi
1077 1814 1297 1853 semen.
1329 1798 1545 1854 Deinde
1576 1816 1648 1854 ne
1678 1800 1811 1870 quis

157 1890 396 1961 putaret
422 1885 703 1957 quoniam
736 1885 1053 1955 desperans
1101 1886 1209 1940 hoc
1254 1887 1407 1951 fecit,
1441 1893 1497 1942 et
1550 1905 1652 1959 per
1704 1888 1811 1943 hoc

157 1979 515 2049 praeceptum
566 1974 740 2027 ﬁdem
791 1972 948 2027 illius
996 1974 1470 2045 repromissionis
1511 1976 1806 2043 amiserat,

159 2067 481 2137 cognoscat
506 2077 707 2116 revera
732 2061 1100 2132 omnis,quia
1121 2067 1178 2116 et
1198 2062 1360 2117 illam
1388 2064 1593 2119 habuit
1614 2066 1809 2131 ﬁdem,

162 2155 301 2209 licet
320 2153 617 2207 videretur
636 2149 772 2204 huic
804 2151 1262 2221 repugnare(sed
1281 2169 1395 2207 non
1414 2154 1807 2224 repugnabat:

160 2259 281 2298 non
315 2241 475 2295 enim
517 2238 795 2293 humanis
826 2238 1372 2295 ratiocinationibus
1402 2242 1677 2295 virtutem
1711 2240 1810 2295 Dei

157 2330 473 2403 pensabat,
505 2328 605 2383 sed
638 2326 751 2381 ﬁde
782 2331 992 2382 cuncta
1019 2328 1279 2398 gerebat)
1310 2347 1322 2394 ;
1357 2335 1663 2400 propterea
1694 2346 1808 2384 non

155 2424 407 2475 veretur
433 2417 617 2471 dicere
635 2414 967 2487 Apostolus,
994 2415 1133 2486 quia
1161 2421 1219 2470 et
1246 2433 1314 2470 ex
1346 2418 1591 2472 mortuis
1624 2418 1808 2473 susci-

154 2514 297 2563 tare
333 2510 536 2577 potens
565 2509 649 2559 est
672 2509 843 2559 Deus.
870 2503 983 2559 Vos
1006 2504 1183 2574 enim,
1210 2505 1421 2577 inquit,
1445 2524 1545 2562 vos
1572 2524 1685 2561 non
1718 2524 1812 2579 po-

152 2595 338 2652 testis
370 2595 479 2649 hoc
510 2593 728 2659 dicere;
766 2593 905 2664 quia
934 2594 1194 2665 requiem
1224 2595 1387 2649 vobis
1418 2596 1476 2650 in
1511 2596 1728 2660 futuro,
1753 2602 1811 2649 et

154 2687 212 2739 in
243 2683 472 2738 mundo
489 2682 923 2737 tribulationem
944 2682 1230 2753 promisit.
1250 2684 1311 2737 In
1336 2685 1575 2750 mundo,
1596 2685 1807 2755 inquit,

154 2771 602 2828 tribulationem
634 2770 925 2826 habebitis
966 2772 1183 2840 (Matth.
1217 2789 1370 2838 xxxv,
1402 2776 1457 2839 9)
1485 2799 1497 2841 ;
1546 2779 1602 2827 et
1635 2790 1647 2827 :
1701 2774 1809 2836 Qui

154 2879 276 2918 non
312 2860 603 2932 acceperit
633 2876 863 2914 crucem
895 2876 1085 2924 suam,
1118 2866 1175 2915 et
1218 2867 1457 2917 secutus
1490 2878 1581 2916 me
1612 2862 1807 2932 fuerit,

155 2967 274 3006 non
309 2953 401 3004 est
430 2965 523 3003 me
554 2947 769 3019 dignus
800 2947 1013 3019 (Matth.
1063 2966 1118 3019 x,
1170 2950 1275 3016 38;
1328 2951 1491 3004 Marc.
1536 2968 1657 3014 vm,
1699 2952 1807 3019 3/1;

155 3042 287 3095 Luc.
316 3055 392 3105 Ix,
414 3038 508 3106 23)
532 3057 546 3107 ;
581 3041 639 3091 et
659 3037 870 3091 iterum
897 3054 908 3092 :
939 3041 1086 3092 Ante
1108 3037 1421 3110 principes,
1446 3044 1502 3094 et
1532 3039 1809 3110 praesides

157 3130 447 3184 inducent
474 3142 577 3181 vos
608 3135 844 3197 propter
876 3141 967 3181 me
996 3126 1207 3195 (Matth.
1249 3145 1303 3194 x,
1348 3129 1451 3195 18;
1485 3128 1648 3194 Marc,
1680 3147 1804 3196 xm,

1917 581 2027 634 que
2050 583 2223 622 suum
2248 586 2420 623 senex
2443 577 2681 640 cogatur
2707 576 2965 631 occidere
2984 580 3011 631 ‘2
3036 579 3335 641 Quomodo
3363 592 3557 642 autem

1917 655 2197 723 tunicam,
2226 658 2309 710 vel
2345 675 2507 713 escas
2538 678 2675 715 suas
2707 679 2808 732 pro
2840 664 3034 721 divino
3067 685 3263 724 amore
3297 676 3563 745 pauperi-

1918 742 2027 796 bus
2060 744 2195 799 dare
2228 746 2438 805 differt.
2473 750 2570 817 qui
2609 749 2814 815 ﬁlium,
2849 768 3021 821 quem
3058 773 3228 812 senex
3262 742 3564 832 acceperat

1920 829 2230 896 ha‘redem,
2254 836 2324 887 ad
2352 836 2676 903 jussionem
2714 842 2960 905 Domini,
2986 846 3185 900 statim
3222 829 3563 908 morti'dare

1921 936 2033 973 non
2058 920 2285 975 distulit
2306 925 2333 976 ?
2363 924 2504 979 Illud
2532 928 2684 981 enim
2711 930 2863 998 quod
2890 931 3108 987 dictum
3134 940 3239 1001 est,
3269 939 3561 997 arbitrans

1920 1009 2058 1078 quia
2087 1016 2142 1063 et
2171 1027 2204 1064 a
2236 1016 2482 1066 mortuis
2514 1017 2860 1071 resuscitare
2892 1025 3095 1089 potens
3127 1030 3213 1077 est
3246 1030 3415 1092 Deus,
3452 1046 3557 1099 po-

1919 1100 2030 1150 test
2063 1098 2243 1169 accipi
2278 1106 2513 1171 propter
2545 1102 2672 1156 illos
2703 1104 2923 1160 dictum
2957 1125 3103 1179 esse,
3138 1128 3283 1181 quos
3335 1098 3563 1173 volebat

1921 1185 1990 1237 ad
2024 1202 2186 1255 spem
2222 1190 2663 1243 resurrectionis
2694 1194 3000 1259 adducere,
3023 1204 3080 1251 et
3112 1202 3207 1268 qui
3242 1203 3431 1258 dicere
3464 1223 3564 1260 au-

1920 1274 2173 1339 debant;
2228 1276 2365 1345 quia
2417 1283 2547 1348 post
2592 1286 2832 1335 mortem
2869 1285 3036 1339 nobis
3072 1288 3219 1341 bona
3254 1294 3557 1361 promisit;

1920 1361 2185 1453 fortassis
2202 1363 2891 1435 enim,inquiunt,fefellit
2911 1374 3305 1431 nos.Ostendit
3323 1383 3559 1453 quippe,

1921 1449 2057 1519 quia
2087 1466 2155 1503 ex
2188 1453 2432 1507 mortuis
2464 1455 2746 1510 suscitare
2779 1464 2983 1526 potens
3015 1467 3103 1515 est
3134 1463 3285 1520 Deus
3312 1449 3560 1533 ;rsi'a‘u-

1920 1542 2035 1592 tem
2069 1554 2135 1593 ex
2167 1542 2412 1596 mortuis
2444 1545 2729 1599 suscitare
2764 1552 2966 1616 potens
3015 1556 3103 1604 est
3150 1553 3325 1625 Deus,
3362 1560 3561 1629 utique

1920 1632 2129 1680 cuncta
2161 1630 2425 1683 restituet
2456 1648 2581 1700 qua:
2615 1634 2899 1701 promisit.

1992 1738 2017 1761 ‹‹
2058 1714 2213 1769 Unde
2237 1716 2369 1770 etin
2398 1720 2671 1788 parabola
2690 1724 2912 1793 accepit
2936 1740 3088 1779 eum.
3114 1752 3137 1775 ››
3168 1733 3404 1802 Accepit
3425 1752 3557 1790 eum

1921 1801 1978 1855 in
2012 1803 2345 1872 parabolam
2377 1823 2389 1868 ;
2424 1807 2560 1876 quia
2590 1809 2764 1863 ariete
2795 1813 2985 1867 occiso
3018 1814 3124 1869 iste
3171 1801 3427 1877 salvatus
3476 1832 3565 1879 est

1920 1895 2079 1958 (Gen.
2117 1910 2253 1956 χχιι,
2291 1896 2393 1963 13).
2429 1896 2668 1951 Occisus
2700 1904 2790 1952 est
2824 1904 3004 1967 Isaac,
3041 1912 3325 1974 quantum
3362 1913 3432 1965 ad
3466 1931 3561 1968 vo-

1918 1977 2201 2070 lu-ntatem
2226 1980 2381 2035 illius
2405 1984 2683 2052 pertinuit
2702 2002 2713 2050 ;
2735 1986 2941 2043 deinde
2959 1989 3123 2046 illum
3150 1996 3443 2052 redonavit
3468 2018 3565 2070 pa-

1922 2067 2184 2121 triarchae.
2237 2070 2292 2121 in
2346 2071 2639 2140 parabola,
2694 2074 2750 2127 id
2801 2082 2908 2145 est,
2959 2077 3016 2131 in
3078 2067 3482 2141 similitudine-
3510 2094 3569 2144 et

1922 2156 2108 2226 ﬁgura
2126 2158 2413 2227 passionis
2427 2160 2659 2215 Christi.
2679 2162 2739 2216 In
2760 2163 3205 2225 similitudinem
3226 2174 3381 2228 enim
3400 2185 3567 2234 erant

1921 2243 2155 2310 omnia;
2189 2262 2314 2315 qua:
2346 2252 2542 2302 tamen
2574 2250 2896 2319 agebantur
2926 2254 2982 2308 in
3015 2257 3335 2326 Abraham,
3364 2265 3561 2320 formae

1920 2334 2185 2402 quaedam
2220 2339 2403 2403 erant,
2438 2354 2565 2405 quae
2610 2354 2710 2407 pro
2758 2340 2924 2395 nobis
2956 2360 3127 2399 verus
3155 2348 3469 2419 Abraham,
3503 2354 3561 2407 id

1919 2424 2007 2473 est
2028 2420 2179 2475 Deus
2202 2421 2387 2485 Pater,
2416 2422 2472 2475 in
2509 2425 2619 2477 line
2648 2427 2842 2480 saeculi
2876 2446 3043 2500 agere
3077 2434 3341 2491 debebat.
3378 2440 3560 2495 Abra-

1919 2508 2053 2563 ham
2079 2511 2292 2581 quippe
2318 2512 2563 2581 ﬁguram
2592 2514 2689 2567 Dei
2716 2516 2901 2571 Patris
2931 2522 3217 2593 gestabat,
3246 2525 3401 2582 Isaac
3431 2545 3562 2583 vero

1920 2598 2165 2666 figuram
2193 2599 2424 2653 Christi.
2450 2601 2593 2655 Nam
2618 2604 3079 2662 sicutAbraham
3106 2612 3365 2683 unicum,
3390 2620 3446 2669 et
3475 2618 3559 2670 di-

1918 2685 2129 2740 lectum
2158 2687 2342 2741 ﬁlium
2369 2694 2475 2741 Deo
2507 2690 2801 2746 victimam
2826 2695 3071 2761 obtulit;
3110 2699 3187 2753 ita
3211 2701 3362 2757 Deus
3391 2704 3562 2760 Pater

1920 2775 2155 2828 unicum
2179 2776 2387 2830 Filium
2412 2794 2584 2832 suum
2611 2796 2711 2849 pro
2737 2782 2901 2836 nobis
2924 2786 3197 2843 omnibus
3221 2792 3477 2847 tradidit.
3496 2798 3562 2849 Et

1919 2863 2071 2917 sicut
2094 2864 2251 2917 Isaac
2279 2864 2399 2934 ipse
2428 2865 2536 2919 sibi
2568 2866 2723 2937 ligna
2746 2873 3030 2941 portabat,
3058 2878 3273 2946 quibus
3300 2888 3424 2935 erat
3456 2900 3561 2937 im-

1920 2952 2223 3041 ponendus
2240 2969 2251 3016 ;
2268 2951 2346 3006 ita
2359 2954 2689 3011 etChristus
2703 2961 2969 3028 gestabat
2984 2962 3039 3015 in
3056 2964 3315 3021 humeris
3332 2968 3555 3041 lignum

1919 3040 2129 3104 crucis,
2163 3040 2217 3092 in
2269 3057 2383 3110 quo
2432 3048 2556 3096 erat
2603 3048 3051 3117 crucitigendus.
3087 3054 3251 3109 Aries
3296 3040 3397 3112 est
3426 3078 3557 3116 caro

1918 3127 2151 3182 Christi.
2180 3129 2337 3182 Isaac
2358 3129 2587 3185 oblatus
2612 3138 2718 3197 est,
2744 3140 2934 3191 etnon
2957 3143 3046 3193 est
3074 3141 3432 3213 interfectus,
3457 3152 3559 3204 sed

155 3215 500 3289 9).Abrahaa
517 3231 655 3270 vero
672 3218 909 3269 econtra
926 3214 1145 3270 factum
1164 3220 1343 3283 est,et
1367 3221 1571 3273 contra
1597 3218 1813 3289 quippe
1843 3204 1885 3270 C
1923 3216 2073 3271 aries
2104 3222 2332 3271 tantum
2364 3235 2376 3283 ;
2420 3220 2498 3272 ita
2542 3224 2599 3273 et
2642 3221 2906 3277 Christus
2941 3225 2996 3278 in
3031 3230 3301 3297 passione
3330 3204 3561 3294 oblatus

158 3303 623 3378 promissionem
654 3302 706 3357 ei
738 3302 1137 3373 imperabatur
1164 3312 1229 3357 ut
1274 3304 1508 3371 faceret,
1539 3309 1595 3359 et
1625 3322 1813 3376 neque

157 3396 242 3450 sic
274 3393 556 3448 turbatus
587 3396 695 3461 est,
719 3408 907 3463 neque
937 3393 1259 3463 obstupuit,
1286 3409 1389 3448 nec
1420 3409 1482 3450 se
1507 3395 1812 3464 deceptum

160 3481 589 3539 arbitrabatur.
622 3480 737 3535 Vos
768 3485 963 3535 autem
995 3480 1139 3535 nihil
1171 3486 1330 3537 extra
1361 3483 1810 3554 promissionem

153 3571 457 3644 patimini,
483 3573 542 3625 et
566 3568 1019 3624 conturbamini.
1036 3569 1135 3624 Ille
1159 3587 1290 3625 vero
1312 3572 1603 3627 contraria
1624 3589 1813 3644 repro-

155 3658 437 3717 missioni
468 3658 744 3713 audiebat
773 3658 845 3712 ab
877 3659 1080 3713 eodem
1114 3658 1263 3729 ipso,
1297 3660 1395 3730 qui
1446 3660 1545 3715 illa
1593 3662 1809 3731 promi-

153 3754 338 3814 serat,
374 3752 433 3802 et
484 3764 600 3803 non
647 3748 1126 3802 conturbabatur.
1164 3749 1319 3816 Fide,
1354 3749 1564 3820 inquit,
1599 3750 1813 3804 obtulit

152 3837 463 3894 Abraham
478 3835 815 3899 Isaae.Quid
831 3837 1005 3907 ergo?
1020 3836 1483 3907 lgnorabatDeus
1496 3838 1633 3909 quia
1648 3839 1811 3893 fortis

153 3932 281 3983 erat
302 3926 402 3982 ille
423 3926 529 3991 vir,
544 3929 601 3980 et
622 3925 975 3995 probabilis?
992 3926 1179 3990 Quare
1197 3942 1332 3997 ergo
1356 3944 1488 3981 eum
1513 3928 1811 3982 tentabat‘?

152 4018 283 4073 Non
312 4020 377 4071 ut
407 4015 535 4087 ipse
557 4020 951 4085 cognosceret,
977 4015 1075 4068 sed
1112 4020 1177 4069 ut
1205 4014 1334 4070 aliis
1355 4017 1806 4083 demonstraret,

150 4112 207 4161 et
254 4103 639 4161 manifestam
672 4105 799 4172 ejus
830 4102 1233 4157 fortitudinem
1267 4106 1648 4160 constitueret
1678 4106 1807 4159 uni-

145 4195 360 4251 versis.
388 4193 451 4247 In
484 4191 595 4247 hoc
627 4192 750 4246 loco
782 4191 955 4246 etiam
983 4191 1238 4246 ostendit
1267 4208 1504 4247 causam
1539 4194 1807 4250 tentatio-

148 4301 321 4347 num,
345 4299 418 4338 ne
449 4285 727 4353 putarent
755 4285 1035 4351 tanquam
1068 4280 1376 4336 derelictas
1407 4298 1441 4336 a
1471 4282 1585 4337 Deo
1619 4282 1715 4338 ille
1748 4301 1809 4339 se

148 4371 401 4443 perpeti.
432 4370 490 4424 Si
526 4368 705 4440 igitur
734 4368 814 4424 ita
847 4370 1116 4439 probatos
1148 4369 1499 4424 tentationes
1533 4372 1806 4443 reddunt,

150 4465 218 4515 ut
248 4460 430 4514 etiam
454 4474 571 4513 non
599 4456 883 4512 existente
906 4473 1104 4523 causa,
1132 4457 1285 4513 Deus
1314 4461 1511 4512 tamen
1546 4466 1807 4515 exerceat

150 4565 297 4604 suos
324 4546 603 4636 athletas,
626 4545 812 4601 multo
834 4546 1023 4636 magis
1043 4562 1145 4601 vos
1168 4547 1239 4601 ob
1262 4552 1618 4636 rechuncta
1638 4565 1806 4619 opor-
1839 4572 1884 4636 Β

144 4641 233 4691 tet
268 4636 500 4690 fortiter
528 4635 797 4689 tolerare.
834 4634 1141 4705 Eleganter
1171 4634 1504 4706 exemplum
1539 4637 1699 4691 bona:
1736 4640 1808 4691 ﬁ-

148 4724 248 4779 dei
278 4724 350 4777 ab
380 4723 507 4793 ipso
528 4722 861 4795 patriarcha
880 4724 1108 4778 monuit
1128 4739 1259 4778 esse
1284 4724 1653 4789 discendum,
1680 4743 1806 4798 pro-

143 4828 377 4867 vocans
407 4811 670 4867 videlicet
712 4828 830 4883 eos,
857 4813 955 4883 qui
989 4813 1057 4867 de
1085 4812 1302 4867 Judaeis
1334 4814 1719 4884 crediderant,
1746 4822 1809 4871 ut

145 4900 331 4972 quasi
363 4900 526 4955 bona:
561 4900 793 4955 soboles
824 4902 997 4971 primi
1048 4906 1106 4955 et
1156 4901 1393 4956 maximi
1424 4903 1515 4957 sui
1549 4907 1807 4974 parentis

145 4994 320 5045 actus
350 4995 761 5060 sequerentur.
788 4990 853 5043 Et
884 4990 1160 5060 quoniam
1192 5007 1311 5061 eos,
1342 5007 1412 5045 ne
1445 4993 1500 5045 in
1534 4994 1803 5049 tentatio-

144 5078 327 5133 nibus
361 5079 700 5144 deﬁcerent,
735 5083 791 5133 et
835 5082 900 5132 ut
930 5079 1102 5132 ﬁdem
1136 5096 1303 5133 suam
1338 5096 1439 5150 per
1468 5096 1641 5150 opera
1672 5100 1804 5151 pro-

142 5166 379 5233 barent,
414 5167 793 5232 admonebat,
828 5166 1063 5237 elegans
1113 5168 1184 5221 de
1237 5168 1568 5238 patriarcha
1612 5170 1808 5239 posuit

142 5255 508 5327 exemplum,
545 5272 650 5325 per
686 5256 835 5326 quod
869 5272 968 5310 eos
1001 5255 1061 5309 in
1092 5262 1340 5326 utraque
1368 5256 1580 5311 virtute
1610 5265 1807 5328 posset

142 5343 480 5399 instituere.
518 5342 656 5405 Quae
688 5343 844 5397 enim
877 5345 1121 5400 tentatio
1154 5346 1361 5415 major,
1394 5346 1648 5416 exceptis
1688 5347 1801 5415 his,

140 5448 277 5502 quae
309 5433 381 5487 ad
416 5430 642 5504 proprii
674 5432 935 5502 corporis
965 5432 1260 5502 pertinent
1286 5432 1509 5504 plagas,
1545 5434 1804 5491 accidere

1922 3310 2029 3374 est,
2064 3306 2163 3360 sed
2198 3305 2471 3361 divinitas
2502 3307 2885 3379 impassibilis
2930 3316 3164 3371 mansit.

1997 3417 2017 3441 α
2056 3392 2191 3447 Fide
2237 3398 2293 3447 et
2340 3394 2410 3447 de
2458 3395 2669 3451 futuris
2716 3398 3010 3455 benedixit
3057 3404 3236 3473 Isaac,
3277 3408 3455 3466 Jacob
3506 3419 3563 3471 et

1920 3484 2092 3537 Esau.
2124 3504 2149 3531 ››
2182 3482 2434 3552 Futuris,
2460 3500 2573 3538 non
2609 3484 2869 3542 futurum
2893 3491 3170 3548 saeculum
3195 3496 3558 3568 significans,

1920 3572 2020 3626 sed
2054 3572 2248 3625 futura
2279 3570 2454 3641 hujus
2486 3573 2703 3641 saeculi,
2736 3576 2807 3631 de
2838 3594 2953 3649 quo
2986 3583 3266 3639 Dominus
3309 3587 3451 3643 dicit
3499 3590 3558 3646 in

1920 3660 2265 3731 Evangelio:
2302 3662 2460 3724 Quod
2496 3685 2523 3710 ‹‹
2550 3662 2718 3718 multi
2752 3667 3067 3738 prophetae,
3093 3676 3148 3725 et
3182 3690 3346 3746 reges
3368 3678 3559 3735 volue-

1920 3753 2057 3803 runt
2087 3749 2278 3804 videre
2331 3767 2455 3821 quae
2512 3768 2611 3807 vos
2660 3752 2887 3822 videtis,
2920 3764 2977 3812 et
3024 3776 3137 3815 non
3182 3763 3471 3834 viderunt,
3504 3774 3562 3825 et

1918 3838 2121 3928 audire
2144 3856 2267 3909 quae
2295 3840 2534 3906 auditis,
2557 3846 2613 3895 et
2644 3859 2757 3897 non
2784 3846 3097 3902 audierunt
3120 3852 3271 3919 (Luc.
3305 3872 3359 3921 x,
3391 3858 3500 3928 24).
3529 3880 3555 3910 ι)

1918 3927 1975 3981 Si
2004 3926 2158 3981 enim
2209 3934 2511 3998 propterea
2554 3948 2668 3985 non
2708 3933 3075 3991 revelabatur
3111 3940 3285 3997 Filius
3317 3926 3559 4014 quibus-

1919 4015 2075 4080 dam,
2103 4022 2334 4085 propter
2357 4017 2756 4074 inﬁrmitatem
2783 4038 3006 4093 eorum,
3033 4029 3128 4096 qui
3159 4046 3291 4083 eum
3326 4050 3440 4086 non
3466 4052 3563 4104 po-

1921 4109 2107 4158 terant
2136 4104 2418 4173 excipere,
2442 4112 2841 4161 verumtamen
2878 4110 2992 4166 illis
3024 4114 3123 4183 qui
3158 4117 3387 4173 virtutis
3422 4121 3559 4175 cha-

1919 4192 2085 4245 ritate
2120 4192 2440 4262 fulgebant,
2466 4193 2846 4251 revelabatur.
2874 4198 2941 4251 Et
2972 4200 3078 4254 hoc
3110 4204 3283 4259 etiam
3313 4209 3559 4277 Aposto-

1918 4280 2010 4335 lus
2043 4279 2200 4349 dicit,
2233 4280 2370 4349 quia
2403 4297 2503 4351 per
2532 4281 2704 4335 ﬁdem
2739 4299 2836 4337 eos
2868 4286 3163 4344 benedixit
3195 4293 3390 4349 futura
3420 4312 3560 4366 prae-

1916 4368 2118 4422 videns
2146 4386 2159 4435 ;
2194 4368 2331 4439 quia
2367 4375 2424 4423 et
2452 4369 2630 4424 Jacob
2664 4371 2908 4441 ﬁguram
2941 4375 3172 4444 Christi,
3210 4381 3328 4437 sive
3360 4385 3558 4454 populi

1917 4457 2229 4513 Christiani
2261 4459 2545 4529 gestabat,
2579 4459 2729 4514 Esau
2763 4478 2892 4517 vero
2920 4465 3148 4520 Judaici
3180 4470 3385 4538 (1449).

1989 4569 2015 4595 ‹‹
2049 4546 2186 4600 Fide
2216 4546 2391 4601 Jacob
2425 4547 2698 4614 moriens,
2735 4548 2997 4621 singulos
3040 4553 3295 4612 ﬁliorum
3337 4559 3556 4633 Joseph

1919 4636 2226 4695 benedixit.
2252 4642 2308 4690 et
2329 4637 2590 4691 adoravit
2614 4638 2908 4710 fastigium
2939 4643 3108 4715 virga:
3135 4647 3281 4716 ejus.
3308 4671 3335 4696 ››
3362 4648 3481 4704 Imo
3503 4655 3560 4705 et

1916 4724 2039 4795 ipse
2060 4726 2236 4779 Jacob
2258 4743 2361 4796 per
2382 4728 2554 4781 ﬁdem
2580 4728 2875 4784 benedixit
2899 4732 3162 4803 singulos
3187 4735 3438 4792 ﬁliorum
3457 4739 3557 4794 Jo-

1917 4814 2081 4885 seph,
2117 4815 2413 4885 Ephraim,
2442 4821 2497 4869 et
2530 4817 2878 4881 Manassem,
2903 4820 2958 4875 id
2993 4828 3099 4890 est,
3127 4826 3272 4881 duos
3304 4832 3555 4884 tantum.

1919 4905 2048 4958 Ideo
2071 4903 2285 4975 singuli
2315 4906 2605 4974 dicuntur,
2635 4908 2773 4977 quia
2804 4926 3285 4987 unumquemque
3311 4918 3381 4972 de
3414 4919 3559 4975 duo-

1917 4993 2025 5046 bus
2060 4992 2302 5047 seorsim
2336 4993 2647 5048 benedixit.
2681 4996 2824 5051 Nam
2876 5016 2979 5069 per
3027 5005 3329 5074 majorem,
3364 5006 3419 5060 id
3471 5012 3563 5063 est

1916 5098 2018 5151 per
2048 5081 2375 5145 Manassen,
2409 5083 2781 5152 praeﬁgurare
2813 5086 2995 5143 voluit
3026 5094 3305 5162 populum
3327 5096 3557 5150 Judazo-

1916 5188 2046 5224 rum
2075 5187 2086 5233 ;
2123 5186 2223 5239 per
2254 5168 2538 5223 minorem
2569 5185 2722 5239 vero,
2760 5177 3041 5244 populum
3072 5181 3555 5239 Christianorum.

1915 5258 2175 5312 Duorum
2193 5256 2346 5309 enim
2368 5256 2619 5311 ﬁliorum
2646 5259 3102 5321 benedictionem
3129 5271 3291 5339 prius
3307 5287 3561 5327 comme-

1915 5362 2140 5399 morare
2163 5342 2363 5407 voluit,
2380 5348 2443 5397 ut
2463 5361 2565 5414 per
2583 5346 2881 5417 fastigium
2906 5352 3076 5424 virgae
3100 5357 3396 5412 adoranda
3415 5359 3559 5415 ﬁdes

1915 5434 2063 5503 ejus,
2088 5434 2144 5486 et
2172 5431 2478 5501 prephetia
2509 5435 2929 5491 ostenderetur.
2960 5439 3023 5494 In
3055 5442 3217 5514 virga
3247 5444 3405 5499 enim
3438 5446 3557 5515 illa,

206 5539 399 5611 (1449)
420 5538 516 5619 ,ΕΠ
542 5536 1122 5631 quoi-expositionem
1139 5542 1423 5631 pnpstram
1453 5538 1513 5595 in
1553 5557 1621 5596 ea
1659 5543 1835 5601 verba
1862 5557 2011 5599 vers.
2046 5538 2112 5594 12
2142 5535 2319 5608 hujus
2349 5553 2500 5611 cap.,
2530 5543 2753 5615 propter
2781 5543 2921 5618 quod
2949 5550 2999 5604 et
3024 5547 3092 5606 ab
3121 5564 3230 5610 uno
3259 5552 3371 5614 orti
3398 5557 3554 5631 sunt,

138 5614 200 5671 et
232 5608 512 5687 superius
542 5608 826 5671 traditam
856 5609 1109 5671 maxime
1137 5609 1406 5669 fulciunt.
