3966 6210
466 288 582 350 803
1481 284 1819 344 ATTONIS
1866 282 2453 343 VERCELLENSIS
2502 282 2853 344 EPISCOPI
3740 289 3834 346 804

463 420 722 475 lutarent
750 435 867 474 eos.
904 419 982 472 Ex
1015 416 1357 487 metaphora
1379 415 1782 487 navigantium
1807 416 1912 470 hoc
1933 415 2100 480 dixit,
2133 420 2186 482 Α
2218 415 2274 469 in
2309 416 2453 468 actis
2486 416 2892 470 nefandorum.
2921 415 3031 468 Sed
3058 413 3140 468 illi
3161 415 3239 468 ita
3260 417 3426 468 erant
3449 413 3604 481 clari,
3628 415 3703 470 ita
3720 433 3834 472 con-

463 510 602 580 quia
633 527 666 563 a
697 508 866 579 longe
889 505 1250 578 prospiciunt
1272 504 1632 559 desideratas
1656 503 1938 567 civitates,
1965 520 2111 574 quas
2226 504 2464 557 ﬁdentia
2488 504 2744 573 pleni,ut
2768 521 2880 558 non
2905 503 3384 566 confunderetur,
3401 520 3533 558 cum
3556 520 3740 559 eorum
3760 523 3832 561 vo-

462 603 776 668 antequam
810 595 1232 667 ingrediantur,
1267 592 1618 647 salutatione
1646 593 2029 664 praeveniunt,
2057 597 2113 645 et
2224 597 2451 646 caretur
2472 593 2644 647 Deus.
2667 593 3058 647 Diciturenim
3087 597 3439 659 Deusterrze,
3464 597 3517 647 et
3537 592 3684 647 Deus
3704 595 3828 665 coeli,

461 703 558 740 eas
580 686 688 740 sibi
716 684 1032 739 familiares
1054 681 1801 752 efﬁciunt.Aspiciebantin
1826 681 1960 746 ﬁde,
1984 697 2112 734 con-
2222 679 2513 750 siquidem
2544 686 2600 736 et
2631 687 2780 736 Deus
2812 681 3095 752 gentium.
3130 685 3187 735 et
3208 698 3320 735 non
3355 680 3543 736 solum
3575 682 3825 753 gentium,

460 773 854 828 ﬁtebanturin
875 771 1266 834 sermonibus,
1287 770 1425 841 quia
1444 771 1826 840 peregrini,et
1851 769 2109 839 hospites
2220 768 2318 822 sed
2353 769 2530 823 totius
2561 769 2785 838 mundi,
2819 770 2956 840 quia
2988 769 3112 840 ipse
3143 769 3424 835 condidit,
3457 775 3513 824 et
3541 773 3831 826 construxit

459 867 643 932 erant,
666 867 732 916 ut
751 860 1031 931 scriptum
1055 865 1170 914 est:
1190 858 1538 929 Peregrinus
1559 875 1711 927 sum,
1733 858 1885 912 sicut
1905 873 2109 910 omnes
2218 856 2448 923 omnia;
2486 863 2819 912 sanctorum
2846 874 2977 917 vero
3001 857 3234 912 illorum
3259 875 3372 912 non
3397 858 3480 913 sic
3500 859 3721 929 dicitur,
3745 861 3827 915 sed

458 957 652 1022 patres
701 950 813 1004 mei
865 955 912 1020 (l
938 955 1074 1004 Par.
1108 965 1262 1014 xxrx,
1299 949 1364 1001 15
1399 965 1411 1013 ;
1471 947 1596 1002 Gen.
1632 963 1794 1015 XXIII,
1829 947 1895 1012 fi;
1949 946 2101 1000 Psal.

455 1056 692 1103 xxxvm,
729 1038 834 1108 13).
868 1037 976 1092 Ubi
1027 1042 1222 1091 autem
1274 1035 1581 1090 conﬁtetur
1625 1033 1916 1088 Abraham
1949 1033 2103 1104 quod

455 1127 821 1200 peregrinus,
857 1131 914 1182 et
952 1126 1166 1196 hospes
1223 1125 1318 1192 sit,
1355 1140 1590 1179 necesse
1638 1127 1726 1177 est
1764 1122 2102 1192 inquirere;

454 1216 720 1271 fortassis
750 1216 904 1270 enim
939 1215 1113 1269 etiam
1141 1215 1332 1284 ipsum
1367 1213 1472 1267 hoc
1492 1213 1821 1266 confessum
1856 1227 1983 1265 esse
2014 1227 2100 1265 re-

453 1306 765 1377 periemus.
786 1304 1099 1358 Confessus
1123 1307 1313 1357 tamen
1331 1301 1632 1366 estDavid,
1650 1300 1800 1354 sicut
1823 1299 2098 1364 diximus;

454 1393 593 1465 quia
624 1391 986 1463 peregrinus,
1021 1391 1229 1460 inquit,
1282 1393 1440 1453 sunt,
1492 1388 1643 1442 sicut
1675 1404 1876 1441 omnes
1908 1392 2099 1457 patres

456 1482 566 1536 mei
593 1499 606 1548 ;
632 1480 972 1552 peregrinus
996 1496 1028 1534 a
1051 1494 1286 1549 peregre
1319 1476 1739 1547 proficiscendo
1763 1475 1974 1530 dictus.
1998 1475 2098 1530 Pe-

453 1585 686 1640 ragrare
708 1569 886 1633 enim,
911 1566 1314 1638 perambulare
1343 1565 1593 1619 dicimus
1619 1582 1632 1632 ;
1658 1564 1796 1635 quia
1824 1565 1880 1616 in
1908 1564 2093 1617 taber-

452 1655 677 1712 naculis
699 1657 1062 1719 habitabant,
1086 1655 1182 1726 qui
1207 1653 1474 1725 sepulcra
1497 1653 1759 1724 pecuniis
1791 1670 1914 1706 com
1927 1669 2096 1722 para-

451 1745 613 1800 bant.
647 1749 876 1799 Certum
901 1748 989 1798 est
1015 1743 1289 1813 quoniam
1315 1742 1600 1814 peregrini
1626 1745 1810 1806 erant,
1836 1740 2090 1794 utetiam

450 1851 554 1889 nec
585 1832 683 1888 ubi
714 1833 1025 1904 sepelirent
1055 1848 1192 1886 suos
1226 1831 1527 1885 haberent.
1581 1830 1725 1894 Quid
1779 1842 1863 1884 est
1911 1846 2044 1900 ergo
2068 1830 2094 1882 ?

448 1922 722 1993 Nunquid
757 1921 913 1975 illius
946 1925 1131 1987 terra),
1158 1921 1214 1973 in
1247 1936 1363 1990 qua
1393 1918 1688 1973 Palaestini
1718 1923 1902 1986 erant,
1938 1919 2094 1972 dice-

446 2011 586 2065 bant
617 2026 678 2064 se
709 2008 1044 2082 peregrinos
1075 2008 1249 2063 esse?
1297 2008 1673 2078 Nequaquam
1707 2025 1718 2072 ;
1766 2007 1865 2060 sed
1912 2007 2092 2062 totius

444 2099 671 2153 mundi.
709 2099 775 2152 Et
806 2097 1032 2152 merito.
1059 2096 1210 2151 Nihil
1247 2097 1463 2168 quippe
1485 2095 1920 2166 conspiciebant
1943 2095 2002 2149 in
2027 2111 2091 2150 eo

441 2204 665 2257 eorum,
691 2204 816 2259 quae
841 2185 1130 2251 volebant,
1147 2185 1245 2240 sed
1269 2184 1466 2240 omnia
1489 2189 1883 2256 peregrma,et
1904 2183 2092 2238 aliena

440 2275 556 2330 illis
589 2281 774 2340 erant,
808 2276 906 2345 qui
956 2275 1231 2328 virtutem
1269 2273 1363 2328 Dei
1422 2272 1607 2328 colere
1657 2272 2086 2327 desiderabant.

441 2364 763 2433 Quomodo,
800 2363 1010 2433 inquit,
1053 2361 1342 2433 peregrini
1375 2361 1584 2415 erant?
1629 2361 1750 2415 Non
1802 2365 1924 2414 erat
1955 2360 2089 2413 dilio

440 2450 636 2520 gentia
664 2467 864 2505 eorum
896 2451 1049 2504 circa
1080 2467 1166 2515 ea,
1201 2466 1327 2519 qua:
1359 2449 1539 2518 hujus
1572 2450 1777 2502 mundi
1827 2453 1999 2502 sunt:
2036 2453 2090 2502 et

441 2539 550 2593 hoc
582 2555 696 2592 non
728 2538 918 2592 verbis
952 2537 1161 2606 solum,
1197 2537 1296 2591 sed
1354 2537 1529 2590 etiam
1589 2537 1761 2590 rebus
1810 2536 1974 2606 ipsis,
2035 2541 2090 2590 et

440 2627 713 2698 operibus
744 2626 1249 2680 demonstrabant.
1285 2625 1439 2678 Dixit
1489 2629 1637 2678 Deus
1668 2625 1911 2678 Abrahze
1940 2641 1950 2678 :
1985 2625 2085 2677 Exi

440 2716 511 2768 de
541 2720 696 2768 terra
728 2719 848 2777 tua,
883 2730 1009 2783 quae
1036 2714 1353 2784 putabatur
1382 2728 1509 2766 esse
1537 2711 1739 2782 patria.
1767 2712 1975 2765 Statim
2000 2729 2088 2766 ex-

440 2802 562 2872 ivit,
595 2808 651 2857 et
681 2819 793 2856 non
836 2807 922 2857 est
973 2806 1230 2855 retentus
1281 2817 1477 2854 amore
1536 2800 1924 2870 propriorum,
1985 2801 2084 2854 sed

442 2892 594 2946 sicut
615 2891 957 2963 peregrinus
979 2906 1252 2961 egressus
1274 2894 1383 2958 est,
1418 2889 1516 2942 sed
1548 2888 1703 2942 venit
1732 2889 1799 2942 ad
1835 2887 2083 2943 alienam

440 2985 679 3035 terram.
713 2979 866 3035 Dixit
895 2979 983 3034 ei:
1009 2978 1163 3033 Oll‘er
1191 2977 1337 3031 mihi
1388 2976 1571 3030 (ilium
1604 2981 1793 3031 tuum.
1828 2977 1921 3031 Sic
1950 2994 2082 3032 eum

438 3069 651 3125 obtulit
665 3075 944 3141 tanquam
959 3069 1006 3124 si
1022 3084 1137 3123 non
1155 3065 1787 3122 habuissethumanam
1812 3071 2082 3120 naturam

2217 945 2371 999 sicut
2400 946 2644 1002 amicus.
2670 947 2894 1001 Dicitur
2916 950 2972 1000 et
3003 963 3158 1000 nunc
3188 945 3490 1018 Dominus,
3523 952 3670 1003 Deus
3695 949 3830 1003 Chri-

2216 1034 2566 1100 stianorum,
2600 1041 2655 1090 et
2687 1040 2882 1090 tamen
2906 1035 3130 1090 excedit
3150 1034 3256 1089 hoc
3275 1051 3486 1090 nomen
3513 1035 3825 1108 dignitatem

2216 1127 2496 1179 nostram.

2285 1234 2311 1258 ‹‹
2347 1212 2482 1266 Fide
2513 1213 2728 1266 obtulit
2750 1212 3040 1266 Abraham
3071 1214 3248 1280 Isaac,
3273 1230 3406 1268 cum
3440 1217 3761 1283 tentaretur,
3783 1220 3828 1270 et

2213 1299 2581 1370 unigenitum
2624 1300 3035 1370 oti‘erebat,qui
3078 1305 3416 1371 susceperat
3453 1303 3823 1373 repromissio-

2212 1403 2343 1451 nes;
2364 1389 2433 1442 ad
2454 1405 2626 1458 quem
2643 1389 2859 1442 dictum
2875 1392 2962 1442 est
2981 1405 2993 1442 :
3016 1389 3160 1454 Quia
3179 1389 3237 1442 in
3260 1389 3418 1443 Isaac
3432 1390 3720 1444 vocabitur
3734 1391 3823 1444 tibi

2209 1493 2430 1545 semen,
2456 1479 2745 1531 arbitrans
2768 1477 2905 1547 quia
2926 1482 2981 1531 et
3001 1494 3034 1530 a
3057 1477 3306 1531 mortuis
3328 1479 3610 1534 suscitare
3641 1483 3820 1550 potens

2207 1570 2294 1620 est
2328 1571 2492 1619 Deus.
2522 1591 2541 1617 υ
2598 1566 2898 1636 Siquidem
2932 1565 2988 1618 in
3024 1582 3138 1619 uno
3169 1567 3492 1636 eodemque
3525 1567 3663 1621 facto
3693 1567 3821 1621 beati

2205 1654 2712 1719 Abraham,Jacob
2735 1670 2976 1724 operum
2998 1654 3125 1722 ejus
3145 1653 3818 1725 magniﬁcentiam(1448),

2206 1742 2420 1796 Paulus
2442 1742 2571 1796 fidei
2594 1742 2980 1796 constantiam
3005 1741 3283 1811 laudavit,
3308 1758 3412 1796 nec
3439 1747 3626 1798 tamen
3649 1743 3819 1814 dispa-

2204 1847 2346 1900 rem,
2371 1831 2777 1902 diversamque
2804 1849 2836 1885 a
2855 1831 3071 1886 Jacobo
3096 1831 3337 1901 protulit
3369 1832 3582 1888 Paulus
3610 1839 3819 1888 senten-

2202 1918 2364 1972 tiam.
2387 1919 2658 1973 Sciebant
2679 1936 2932 1990 namque
2955 1920 3126 1974 ambo
3149 1921 3301 1990 quod
3326 1921 3612 1976 Abraham
3628 1926 3680 1975 et
3700 1920 3816 1986 fide,

2201 2007 2544 2077 etoperibus
2563 2011 2686 2062 erat
2709 2007 3000 2078 perfcctus
3018 2025 3030 2075 ;
3051 2012 3106 2062 et
3127 2008 3255 2062 ideo
3271 2009 3508 2078 quisque
3528 2009 3740 2062 illorum
3763 2008 3820 2061 il-

2200 2091 2314 2146 lam
2334 2093 2520 2164 magis
2535 2094 2670 2149 ineo
2688 2095 2966 2148 virtutem
2984 2096 3457 2166 praedicavit,qua
3471 2113 3597 2151 suos
3611 2095 3816 2151 audito-

2202 2197 2292 2233 ris
2315 2181 2569 2252 amplius
2601 2181 2861 2252 indigere
2894 2183 3206 2254 prospexit.
3235 2184 3380 2247 Quia
3407 2185 3557 2239 enim
3585 2185 3819 2240 Jacobus

2201 2266 2314 2320 illis
2339 2269 2653 2337 scribebat,
2673 2270 2769 2339 qui
2796 2271 2969 2324 fidem
2986 2271 3111 2325 sine
3132 2271 3406 2342 operibus
3419 2273 3656 2328 otiosam
3677 2277 3816 2327 tene-

2200 2355 2359 2424 bant,
2384 2362 2708 2428 opportune
2733 2357 2870 2412 illud
2895 2359 3139 2429 protulit
3160 2361 3516 2432 exemplum,
3538 2361 3592 2416 in
3616 2361 3820 2432 quoilla

2200 2445 2491 2516 praecipua
2513 2447 2930 2517 ﬁdesAbrahaa,
2947 2465 3072 2518 quae
3088 2454 3143 2503 et
3167 2451 3815 2522 prius,Scripturateste,

2197 2532 2431 2587 laudata
2453 2540 2560 2599 est,
2585 2541 2908 2606 appareret,
2934 2537 3072 2606 quia
3093 2553 3206 2591 non
3233 2539 3420 2592 otiosa
3449 2541 3573 2609 ejus
3594 2539 3650 2593 in
3670 2539 3818 2594 corde

2200 2623 2533 2691 torpuisset,
2559 2625 2659 2677 sed
2684 2625 2753 2677 ad
2782 2624 3170 2678 obediendum
3195 2625 3408 2681 divinis
3446 2628 3817 2699 imperiisjam

2197 2717 2465 2782 prompta
2497 2712 2818 2781 ﬂagrasset.
2873 2713 3016 2774 Quia
3045 2730 3176 2768 vero
3227 2715 3450 2770 Paulus
3502 2718 3816 2786 instruebat,

2196 2800 2294 2870 qui
2327 2800 2450 2854 sine
2482 2801 2665 2870 gratia
2688 2802 2816 2855 fidei
2844 2802 2914 2855 de
2937 2802 3060 2856 suis
3079 2819 3140 2856 se
3161 2802 3519 2860 extollebant
3549 2806 3815 2877 operibus,

2194 2889 2446 2943 ostendit
2478 2891 2615 2959 quia
2649 2889 2773 2944 sine
2796 2890 2906 2944 fide
2938 2889 3301 2960 impossibile
3329 2898 3424 2947 est
3455 2894 3567 2949 Deo
3593 2894 3814 2966 placere.

2193 2978 2379 3047 Atque
2411 2978 2482 3031 ad
2515 2979 3003 3050 redarguendam,
3057 2980 3581 3054 corrigendamque
3637 2999 3817 3037 eorum

2193 3067 2574 3121 temeritatem
2587 3110 2600 3134 ,
2617 3067 2870 3122 collectis
2893 3068 3048 3122 omni
3061 3086 3157 3122 um
3173 3069 3637 3139 patriarcharum
3651 3088 3821 3128 exem-

441 3179 469 3211 α
499 3159 606 3222 Qui
629 3158 783 3214 enim
806 3158 914 3214 hoc
932 3157 1153 3227 dicunt,
1180 3156 1514 3228 significant
1535 3171 1596 3210 se
1619 3153 1865 3226 patriam
1887 3154 2079 3226 inqui-
2115 3150 2157 3216 C
2199 3154 2328 3225 piis,
2364 3155 2670 3210 manifeste
2687 3156 2920 3211 edocuit
2950 3155 3087 3227 quia
3109 3173 3311 3212 omnes
3343 3162 3678 3216 testimonio
3699 3160 3817 3215 fidei

436 3263 561 3304 rere
587 3267 600 3316 ;
631 3271 651 3296 ι
689 3247 746 3302 id
777 3251 886 3315 est,
911 3245 1223 3301 ccelestem.
1249 3244 1316 3298 Et
1339 3260 1409 3299 ne
1431 3243 1563 3314 quis
1593 3243 1811 3297 diceret
1832 3244 2078 3314 patriam

432 3353 562 3392 esse
591 3342 799 3392 terram
832 3334 1258 3403 Chaldaeorum,
1292 3332 1556 3387 addidit:
1599 3353 1626 3380 «
1662 3331 1727 3388 Et
1758 3331 1807 3385 si
1838 3331 2075 3402 quidem

430 3426 590 3481 illius
613 3425 1040 3488 meminissent,
1057 3424 1126 3478 de
1141 3439 1257 3494 qua
1277 3422 1551 3488 exierant,
1571 3420 2078 3492 habebantutique

430 3519 665 3586 tempus
696 3513 1016 3568 revertendi
1045 3530 1056 3567 :
1094 3535 1121 3562 »
1156 3512 1211 3565 id
1236 3516 1342 3577 est,
1373 3510 1668 3564 habebant
1697 3509 1953 3579 spatium
1988 3527 2073 3564 re-

428 3602 688 3657 vertendi
720 3602 777 3655 in
811 3600 1160 3666 Chaldazam,
1185 3600 1338 3653 unde
1370 3603 1426 3652 et
1451 3599 1707 3663 fuerunt,
1734 3599 1832 3652 sed
1869 3597 2074 3652 melio-

428 3706 553 3744 rem
586 3694 888 3760 appetunt,
938 3689 992 3742 id
1027 3692 1132 3758 est,
1180 3687 1471 3741 coelestem
1504 3686 1849 3741 Jerusalem.
1883 3687 2075 3741 Prima

429 3778 617 3833 virtus
646 3782 752 3847 est,
787 3777 1160 3848 peregrinum
1187 3792 1314 3830 esse
1337 3775 1541 3829 mundi
1573 3775 1769 3845 hujus,
1796 3779 1852 3829 et
1883 3774 2074 3845 hospi-

424 3871 563 3937 tem,
589 3871 645 3922 et
675 3865 824 3922 nihil
858 3881 1170 3921 commune
1202 3863 1414 3918 habere
1444 3881 1577 3917 cum
1625 3863 1860 3934 regibus
1894 3863 2071 3934 hujus

425 3954 640 4023 saeculi,
666 3955 947 4010 removeri
971 3954 1040 4008 ab
1064 3955 1168 4019 eis,
1185 3952 1334 4007 sicut
1354 3953 1716 4024 peregrinus.
1741 3952 1853 4006 Iste
1875 3958 2068 4006 autem

423 4045 690 4118 egregius
712 4045 1054 4116 praedicator
1077 4060 1190 4097 non
1220 4042 1589 4114 peregrinum
1616 4041 1875 4112 seipsum
1903 4042 2068 4106 dixit,

421 4134 521 4189 sed
555 4139 852 4189 mortuum
886 4133 1124 4188 mundo.
1161 4131 1490 4198 «Mundus,
1523 4130 1732 4201 inquit,
1759 4129 1901 4183 mihi
1935 4145 2065 4184 cru-

419 4223 622 4277 ciﬁxus
654 4228 762 4290 est,
797 4227 854 4277 et
884 4238 988 4293 ego
1017 4221 1236 4275 mundo
1269 4218 1419 4289 (Gul.
1451 4237 1528 4286 v1,
1566 4219 1670 4287 14).

496 4331 518 4358 ι
555 4311 684 4368 Ideo
710 4329 824 4366 non
843 4311 1219 4366 confunditur
1240 4308 1393 4363 Deus
1417 4306 1606 4361 vocari
1629 4307 1781 4361 Deus
1807 4306 2060 4371 illorum;

414 4400 640 4470 paravit
661 4401 817 4456 enim
863 4399 981 4454 illis
1012 4398 1306 4452 civitatem
1340 4399 1602 4448 sanctam
1645 4395 1848 4463 (1447).
1886 4416 1912 4443 ››
1944 4398 2058 4447 Ma-

2193 3243 2417 3315 probati
2441 3248 2597 3298 sunt.
2616 3243 2776 3298 Unde
2797 3250 2853 3299 et
2870 3244 3200 3316 specialiter
3219 3246 3288 3300 de
3312 3249 3611 3305 Abraham
3640 3247 3820 3304 intulit

2191 3332 2329 3403 quia
2361 3333 2472 3386 {ide
2520 3333 2751 3387 offerret
2792 3338 2971 3401 Isaac,
3007 3334 3319 3402 arbitrans,
3364 3337 3580 3410 inquit,
3614 3339 3741 3410 quia
3769 3343 3817 3392 et

2190 3427 2452 3475 mortuos
2483 3421 2765 3476 suscitare
2798 3425 3000 3492 potens
3029 3427 3118 3478 est
3148 3423 3323 3479 Deus.
3349 3425 3666 3498 Conjunxit
3695 3443 3816 3499 ergo

2187 3526 2334 3581 opus
2367 3511 2520 3575 fidei,
2554 3511 2652 3580 qui
2685 3511 2812 3566 ideo
2845 3510 3027 3565 filium
3054 3528 3189 3567 mox
3227 3513 3440 3570 offerre
3465 3516 3661 3584 voluit,
3693 3516 3815 3588 quia

2185 3599 2367 3654 Deum
2395 3599 2550 3653 hunc
2573 3601 2849 3654 continuo
2873 3601 3359 3656 resuscitaturum
3384 3621 3515 3661 esse
3545 3607 3815 3668 credebat;

2184 3688 2310 3741 ideo
2346 3692 2538 3742 autem
2563 3688 2718 3742 hunc
2741 3692 2873 3759 post
2895 3695 3138 3744 mortem
3164 3707 3197 3744 a
3220 3696 3329 3745 Deo
3356 3695 3815 3749 resuscitandum

2182 3793 2309 3831 esse
2340 3777 2629 3842 credebat,
2663 3777 2800 3847 quia
2830 3794 3029 3832 verum
3062 3779 3335 3835 credebat
3367 3797 3499 3838 esse
3539 3784 3688 3856 quod
3719 3800 3814 3838 au-

2182 3866 2388 3931 dierat,
2421 3864 2559 3936 quia
2605 3864 2662 3918 in
2699 3867 2858 3920 Isaac
2904 3867 3205 3931 vocabitur
3253 3869 3360 3922 tibi
3397 3889 3620 3928 semen.
3672 3873 3818 3927 Sicut

2180 3954 2335 4008 enim
2369 3953 2612 4008 credidit
2635 3970 2746 4008 non
2779 3971 2881 4024 per
2904 3957 3187 4010 rationem
3219 3956 3572 4027 humanam,
3607 3961 3737 4031 quia
3758 3976 3817 4014 ex

2178 4039 2349 4094 vulva
2381 4044 2628 4106 mortua,
2654 4045 2709 4094 et
2739 4057 2895 4108 sene,
2921 4041 3410 4115 licetineptajam
3447 4049 3598 4103 facta
3626 4050 3692 4104 ad
3726 4065 3818 4120 ge-

2180 4129 2528 4194 nerandum,
2560 4129 2774 4183 donare
2798 4130 3082 4200 potuisset
3123 4133 3347 4202 ﬁlium;
3381 4136 3467 4191 ita
3497 4137 3670 4192 etiam
3702 4137 3816 4207 ipsa

2178 4215 2290 4270 ﬁde
2313 4216 2568 4270 occisum
2593 4217 2938 4272 resuscitare
2955 4219 3220 4274 credidit.
3247 4221 3486 4279 Sciebat
3506 4225 3817 4280 certissime

2174 4304 2354 4359 Deum
2409 4305 2526 4359 falli
2575 4323 2689 4361 non
2723 4323 2915 4377 posse,
2960 4313 3036 4376 et,
3072 4309 3204 4365 licet
3257 4328 3407 4381 puer
3446 4315 3814 4378 occideretur,

2174 4393 2623 4464 promissionem
2656 4399 2853 4450 tamen
2887 4396 2986 4451 Dei
3019 4396 3237 4453 salvam
3262 4416 3633 4470 permanere.
3667 4402 3816 4458 Unde

413 4504 592 4559 gnum
627 4490 736 4545 hoc
763 4494 871 4555 est,
904 4493 962 4542 et
988 4501 1119 4540 vere
1152 4499 1455 4579 maguum,
1487 4487 1543 4535 et
1559 4481 1770 4579 “multis
1809 4481 2061 4536 beatitu-
2093 4514 2140 4579 D
2173 4488 2228 4536 et
2258 4482 2350 4536 hic
2381 4483 2696 4554 Apostolus
2727 4501 2828 4554 per
2874 4484 3146 4556 spiritum
3199 4487 3300 4542 Dei
3334 4490 3628 4547 didicerat
3673 4489 3814 4562 quod

415 4578 569 4633 dinis
601 4577 904 4632 indicium.
930 4575 1262 4628 Laudemus
1283 4586 1419 4639 ergo
1443 4569 1950 4640 iueifabiliterejus
1973 4588 2061 4626 es-

412 4665 685 4734 sentiam,
720 4669 776 4718 et
800 4677 1068 4717 amemus
1099 4657 1582 4726 misericordiam,
1608 4657 1762 4726 quod
1787 4657 2060 4729 dignatus

411 4758 501 4808 est
530 4753 742 4806 habere
774 4766 985 4804 nomen
1015 4745 1445 4811 misericordiae,
1471 4744 1715 4800 dicendo
1741 4764 1752 4801 :
1782 4749 1896 4820 Ego
1926 4767 2058 4806 sum

414 4843 564 4895 Deus
595 4837 905 4907 Abraham,
929 4842 988 4891 et
1024 4836 1180 4890 Deus
1203 4834 1380 4899 Isaac,
1404 4839 1460 4889 et
1508 4835 1661 4890 Deus
1692 4836 1890 4903 Jacob,
1923 4855 2057 4893 cum

410 4927 488 4982 sit
519 4943 729 4980 nomen
762 4927 889 4996 ejus
917 4931 1218 4980 aeternum.
1267 4924 1541 4978 Confusio
1587 4925 1800 4998 quippe
1832 4926 1915 4980 illi
1947 4934 2053 4995 est,

319 5010 324 5016 ’
410 5015 644 5087 quando
669 5013 1058 5086 malignorum
1085 5013 1557 5068 hominumDeus
1575 5021 1831 5084 vocatur,
1852 5021 1908 5070 et
1925 5033 2057 5070 con-

407 5103 600 5159 fundit
614 5103 743 5159 illos
757 5104 929 5158 etiam
948 5104 1249 5176 ipse,sicut
1264 5103 1416 5157 enim
1433 5103 2052 5175 glorificatur,quando

407 5192 818 5265 benignorum,
834 5198 889 5248 et
910 5194 1263 5266 optimorum
1286 5191 1595 5247 hominum
1617 5197 1856 5246 vocatur
1880 5194 2049 5260 Deus,

405 5284 463 5336 et
491 5281 804 5336 colentium
835 5282 1133 5350 virtutem,
1166 5282 1249 5337 sic
1281 5296 1310 5335 θ
1341 5279 1629 5334 contrario
1675 5280 2051 5338 confunditur

471 5402 660 5543 E1447)
690 5403 1020 5473 Epithetum
1046 5410 1297 5462 sanctam
1324 5401 1497 5526 vulg.
1533 5419 1648 5458 non
1679 5405 1876 5460 habet.

497 5472 659 5543 1448)
686 5473 887 5533 Jacobi
918 5479 1142 5536 scilicet
1171 5475 1420 5543 apostoli
1474 5490 1580 5528 aus
1615 5475 1876 5531 Abraham

497 5472 659 5552 1448)
686 5472 887 5554 Jacobi
918 5479 1155 5554 scilicet
1171 5473 1420 5554 apostoli
1449 5472 1922 5554 lausnAbraha‘m‘
1941 5477 2045 5554 t‘ri-

394 5541 539 5601 bula
567 5541 838 5604 inuuitur
865 5549 925 5618 in
957 5551 1086 5621 ejus
1115 5541 1374 5630 Epistola
1394 5543 1678 5605 catholica
1699 5563 1761 5617 ιι,
1784 5547 1850 5603 21
1875 5549 1933 5604 et
1952 5548 2044 5618 23,

2174 4571 2369 4626 animo
2400 4571 2699 4627 habuisset
2722 4573 3011 4628 Abraham
3037 4577 3189 4630 intra
3210 4593 3288 4643 se,
3315 4578 3463 4633 dum
3497 4581 3671 4635 fidem
3698 4580 3815 4649 ejus

2173 4659 2487 4724 laudando,
2520 4661 2697 4714 dicit:
2762 4661 2928 4716 Fides
2985 4663 3278 4719 Abraham
3341 4683 3462 4721 non
3519 4665 3811 4730 hasitavit,

2170 4766 2302 4803 cum
2329 4749 2566 4803 unicum
2591 4750 2843 4816 offerret,
2868 4751 2925 4804 in
2949 4767 3064 4822 quo
3092 4759 3393 4823 acceperat
3416 4754 3812 4827 repromissio-

2169 4854 2292 4903 nes,
2327 4837 2587 4908 cogitans
2618 4837 2756 4909 quia
2784 4845 2889 4893 eta
2922 4841 3168 4895 mortuis
3189 4857 3320 4896 eum
3343 4845 3700 4900 resuscitare
3721 4859 3811 4915 po-

2166 4931 2294 4981 tens
2326 4932 2415 4981 est
2448 4932 2616 4982 Deus.
2653 4927 2794 4982 Vere
2827 4945 3040 5000 magna
3085 4935 3208 4984 erat
3259 4930 3409 4986 ﬁdes
3458 4934 3724 4989 Abrahae.
3756 4931 3812 4986 In

2163 5014 2303 5070 Abel
2335 5015 2569 5088 quippe,
2595 5021 2650 5070 et
2671 5017 2888 5083 Enoch,
2941 5022 2996 5071 et
3018 5018 3132 5073 Noe
3164 5019 3544 5077 ratiocinatio
3574 5028 3729 5088 erat;
3759 5019 3813 5073 in

2164 5106 2450 5160 Abraham
2474 5110 2668 5160 autem
2694 5105 3165 5161 ratiocinationes
3184 5109 3468 5166 excedere
3498 5111 3811 5167 videbatur.

2161 5195 2304 5248 Nam
2331 5199 2616 5266 praecepta
2637 5194 2853 5266 quippe
2877 5194 2974 5249 Dei
2999 5211 3133 5248 cum
3160 5199 3474 5268 praeceptis
3498 5199 3725 5271 litigare
3746 5197 3814 5251 vi-

2159 5283 2448 5338 debantur
2474 5301 2486 5350 ;
2521 5288 2578 5338 et
2608 5284 2751 5339 ﬁdes
2779 5283 2914 5337 ﬁdei
2947 5285 3313 5354 repugnabat
3341 5303 3356 5354 ;
3392 5292 3452 5342 et
3477 5289 3814 5343 mandatum

2159 5407 2258 5461 ubi
2281 5406 2540 5479 primum
2590 5423 2784 5479 opera,
2816 5422 2965 5462 vers.
2999 5405 3224 5464 scilicet
3251 5409 3319 5464 21
3352 5427 3366 5479 ;
3419 5411 3638 5468 deinde
3677 5410 3812 5466 fides

2154 5493 2304 5534 vers.
2335 5478 2426 5549 23,
2459 5478 2792 5536 laudantur.
