3966 6210
147 340 260 401 805

710 336 1129 400 EXPOSITIO
1176 338 1251 399 ΙΝ
1297 338 1728 401 EPISTOLAS
1777 340 2029 401 PAULI.
2065 374 2141 388 -
2182 346 2255 404 IN
2305 345 2549 409 EPIST.
2598 352 2699 410 AD
2746 353 2976 413 HEBR.

3429 365 3545 424 806

152 473 247 527 Dei
279 472 403 525 erat
429 466 870 539 repromissioni
903 469 1285 533 contrarium,
1320 475 1382 524 ut
1412 475 1573 541 puta,
1608 471 1786 526 veluti
1817 484 1871 548 Α
1904 479 2112 543 potest,
2139 493 2314 546 quam
2340 478 2542 551 siquis
2567 481 2753 537 ﬁlium
2780 484 3040 551 unicum,
3065 487 3545 549 dilectissimum-

154 560 306 632 quod
338 557 496 621 dixit,
523 556 801 626 quoniam
835 555 893 608 in
922 557 1078 611 Isaac
1100 557 1398 611 vocabitur
1429 558 1531 611 tibi
1566 575 1787 621 semen,

152 655 207 704 et
229 645 505 702 credidit:
536 650 592 699 et
614 645 825 698 iterum
849 644 1024 698 dicit:
1052 646 1323 700 Sacriﬁca
1345 646 1510 700 illum
1536 646 1697 710 mihi,
1724 663 1790 701 ex

154 739 317 807 cujus
338 734 563 790 semine
585 734 845 787 mundus
875 738 1033 788 totus
1056 740 1178 788 erat
1200 734 1531 805 replendus.
1564 737 1790 790 Intuere

154 828 308 881 litem
366 828 808 896 praeceptorum,
860 826 917 876 et
966 822 1445 893 promissionum.
1491 825 1794 879 Contraria

154 915 361 987 quippe
391 909 951 982 repromissionibus
982 910 1324 981 imperabat.
1365 913 1432 965 Et
1479 930 1666 981 neque
1711 913 1794 967 sic

154 1000 681 1073 obstupuitjustus
712 998 827 1067 ille,
864 1015 1050 1068 neque
1081 1000 1388 1069 deceptum
1432 1017 1493 1055 se
1541 1001 1792 1055 dicebat.

154 1094 271 1147 Non
303 1090 460 1145 enim
493 1093 692 1159 posset
735 1087 1052 1156 quisquam
1103 1088 1291 1142 dicere
1328 1106 1339 1141 :
1393 1090 1540 1151 Quia
1591 1090 1797 1143 habuit

157 1181 331 1236 alium
364 1176 573 1243 ﬁlium,
605 1193 673 1231 ex
703 1174 802 1230 illo
838 1176 1109 1245 sperabat
1140 1177 1652 1247 repromissionem
1686 1178 1793 1231 im-

158 1269 336 1342 plere,
371 1271 430 1320 et
472 1269 775 1336 propterea
803 1265 1105 1319 conﬁdens
1136 1264 1315 1319 istum
1348 1265 1577 1319 obtulit.
1614 1267 1794 1320 Etiam

159 1355 547 1427 unigenitum,
578 1353 788 1422 inquit,
821 1354 1115 1418 oﬂ‘erebat,
1159 1355 1257 1423 qui
1307 1356 1793 1424 repromissiones

158 1448 473 1515 acceperat,
509 1446 796 1511 quantum
828 1441 899 1495 ad
934 1442 1216 1495 rationem
1250 1442 1456 1497 attinet
1487 1444 1797 1513 repromis-

160 1533 372 1599 sionis;
410 1535 719 1600 propterea
772 1529 995 1583 addidit
1037 1529 1367 1600 Apostolus,
1402 1531 1792 1602 unigenitum,

158 1622 347 1677 volens
378 1619 689 1673 ostendere
717 1623 1021 1689 propterea
1042 1618 1408 1689 unigenitum
1436 1636 1585 1690 esse,
1609 1622 1708 1690 qui
1737 1622 1795 1675 in

159 1710 250 1765 illo
280 1712 622 1779 susceperat
650 1707 1157 1779 repromissiones,
1186 1708 1338 1762 sicut
1370 1710 1653 1779 scriptum
1687 1714 1794 1773 est,

160 1800 286 1871 quia
313 1798 370 1852 in
400 1798 568 1853 Isaac
598 1794 900 1850 vocabitur
926 1795 1030 1849 tibi
1064 1813 1283 1851 semen.
1317 1797 1530 1852 Deinde
1562 1814 1633 1852 ne
1665 1798 1797 1868 quis

158 1892 375 1961 putaret
402 1886 690 1957 quoniam
724 1885 1040 1954 desperans
1087 1885 1195 1938 hoc
1240 1886 1393 1949 fecit,
1427 1892 1483 1940 et
1537 1903 1638 1957 per
1691 1887 1797 1941 hoc

161 1980 503 2048 praeceptum
554 1974 727 2027 ﬁdem
778 1972 935 2026 illius
985 1973 1456 2044 repromissionis
1496 1975 1792 2043 amiserat,

162 2067 469 2137 cognoscat
493 2078 694 2117 revera
719 2060 933 2127 omnis,
950 2060 1087 2131 quia
1108 2066 1165 2115 et
1186 2061 1346 2116 illam
1374 2063 1579 2117 habuit
1600 2064 1795 2129 ﬁdem,

165 2155 285 2209 licet
302 2154 604 2208 videretur
624 2149 759 2205 huic
791 2151 1249 2220 repugnare(sed
1268 2168 1382 2205 non
1400 2152 1793 2223 repugnabat:

165 2259 267 2297 non
297 2242 463 2296 enim
505 2238 782 2293 humanis
814 2238 1359 2293 ratiocinationibus
1388 2240 1663 2294 virtutem
1697 2239 1797 2294 Dei

164 2331 460 2402 pensabat,
493 2328 594 2383 sed
626 2326 739 2381 ﬁde
770 2331 979 2381 cuncta
1006 2328 1265 2397 gerebat)
1297 2346 1309 2393 ;
1344 2333 1650 2398 propterea
1682 2345 1795 2382 non

162 2425 385 2474 veretur
412 2417 605 2471 dicere
623 2414 955 2487 Apostolus,
982 2415 1119 2486 quia
1148 2421 1205 2469 et
1233 2431 1301 2470 ex
1333 2416 1578 2471 mortuis
1611 2416 1796 2471 susci-

163 2513 282 2562 tare
315 2511 523 2577 potens
552 2509 637 2559 est
660 2509 831 2559 Deus.
858 2504 971 2559 Vos
993 2504 1170 2573 enim,
1196 2505 1408 2575 inquit,
1432 2522 1532 2560 vos
1560 2522 1673 2559 non
1705 2522 1799 2576 po-

162 2596 319 2651 testis
350 2595 467 2650 hoc
496 2593 717 2659 dicere;
754 2593 893 2663 quia
922 2594 1181 2664 requiem
1211 2594 1373 2648 vobis
1404 2595 1462 2648 in
1498 2595 1716 2657 futuro,
1741 2600 1798 2647 et

163 2685 212 2738 in
238 2684 456 2739 mundo
476 2682 911 2736 tribulationem
932 2682 1217 2753 promisit.
1238 2683 1297 2737 ln
1323 2684 1562 2749 mundo,
1584 2684 1795 2753 inquit,

161 2772 589 2828 tribulationem
622 2770 913 2825 habebitis
954 2772 1170 2839 (Matth.
1204 2788 1357 2838 xx1v,
1389 2774 1443 2841 9)
1472 2798 1485 2839 ;
1534 2778 1589 2826 et
1623 2788 1635 2826 :
1688 2773 1796 2835 Qui

162 2878 263 2917 non
293 2860 591 2933 acceperit
622 2875 852 2913 crucem
883 2876 1073 2923 suam,
1105 2864 1163 2914 et
1205 2866 1444 2915 secutus
1477 2877 1568 2916 me
1600 2861 1794 2930 fuerit,

163 2966 261 3004 non
290 2954 375 3005 est
404 2964 512 3003 me
542 2947 758 3019 dignus
789 2947 1001 3017 (Matth.
1051 2965 1105 3018 x,
1158 2950 1263 3015 38;
1316 2950 1479 3003 Marc.
1524 2966 1645 3012 vni,
1687 2952 1795 3017 3st;

163 3040 272 3094 Luc.
295 3057 367 3106 1x,
388 3040 496 3105 23)
520 3057 533 3107 ;
570 3042 628 3091 et
648 3037 859 3091 iterum
886 3054 897 3091 :
928 3041 1074 3091 Ante
1096 3036 1409 3109 principes,
1434 3042 1491 3093 et
1521 3039 1797 3109 praesides

167 3128 423 3183 inducent
450 3143 565 3182 vos
596 3135 833 3197 propter
864 3140 956 3180 me
984 3125 1195 3195 (Matth.
1237 3144 1291 3193 κ,
1336 3128 1439 3194 18;
1474 3127 1636 3193 Marc,
1668 3146 1792 3195 χιιι,

1902 579 2011 632 que
2034 580 2207 619 suum
2233 583 2404 620 senex
2428 575 2666 637 cogatur
2692 572 2950 628 occidere
2971 576 2996 627 ‘l
3021 576 3320 637 Quomodo
3348 588 3543 638 autem

1902 653 2183 721 tunicam,
2210 655 2293 707 vel
2330 672 2491 711 escas
2524 676 2659 712 suas
2692 677 2793 729 pro
2826 662 3020 717 divino
3053 682 3248 721 amore
3282 672 3548 741 pauperi-

1903 740 2012 793 bus
2045 742 2179 796 dare
2212 743 2423 803 diﬁ‘ert.
2458 748 2555 815 qui
2594 747 2800 811 ﬁlium,
2834 766 3007 818 quem
3044 770 3214 808 senex
3247 740 3549 828 acceperat

1905 827 2215 893 hisredem,
2239 833 2310 885 ad
2337 834 2662 900 jussionem
2700 838 2946 899 Domini,
2972 842 3171 897 statim
3208 827 3548 903 mortiidare

1906 933 2017 971 non
2043 918 2318 973 distulit?
2348 921 2489 976 Illud
2517 925 2670 978 enim
2697 927 2849 995 quod
2876 928 3093 983 dictum
3120 936 3225 997 est,
3255 935 3547 992 arbitrans

1906 1006 2044 1075 quia
2073 1013 2127 1061 et
2157 1025 2190 1062 a
2221 1013 2467 1063 mortuis
2500 1014 2845 1068 resuscitare
2879 1022 3081 1085 potens
3112 1026 3199 1073 est
3232 1026 3401 1088 Deus,
3437 1042 3543 1095 po-

1905 1098 2015 1148 test
2048 1096 2228 1166 accipi
2265 1105 2499 1169 propter
2531 1099 2658 1153 illos
2690 1102 2909 1156 dictum
2943 1121 3089 1173 esse,
3124 1124 3269 1178 quos
3321 1112 3549 1169 volebat

1906 1183 1975 1235 ad
2009 1200 2172 1253 spem
2208 1187 2649 1240 resurrectionis
2680 1190 2987 1255 adducere,
3010 1200 3066 1248 et
3098 1198 3194 1265 qui
3228 1200 3417 1254 dicere
3451 1220 3550 1256 au-

1906 1271 2159 1335 debant;
2214 1274 2352 1343 quia
2404 1280 2533 1344 post
2578 1283 2818 1331 mortem
2857 1282 3023 1335 nobis
3058 1284 3207 1338 bona
3242 1291 3543 1357 promisit;

1906 1359 2171 1449 fortassis
2189 1361 2877 1432 enim,inquiunt,l‘et'ellit
2898 1370 3291 1427 nos.OSten(lit
3310 1378 3546 1449 quippe,

1906 1446 2043 1517 quia
2073 1464 2141 1501 ex
2174 1450 2418 1505 mortuis
2450 1452 2732 1507 suscitare
2766 1461 2969 1523 potens
3002 1464 3090 1512 est
3121 1460 3311 1527 Deus;
3356 1446 3547 1521 siau-

1906 1540 2021 1590 tem
2055 1553 2121 1590 ex
2154 1540 2399 1593 mortuis
2430 1542 2716 1596 suscitare
2750 1549 2953 1613 potens
3002 1553 3089 1601 est
3136 1550 3312 1621 Deus,
3348 1556 3549 1625 utique

1906 1629 2115 1678 cuncta
2147 1627 2412 1681 restituet
2443 1646 2567 1697 qua:
2602 1630 2886 1699 promisit.

1978 1736 2004 1760 ‹‹
2044 1712 2200 1767 Unde
2223 1714 2356 1768 etin
2386 1717 2658 1785 parabola
2677 1720 2899 1791 accepit
2923 1737 3075 1777 eum.
3100 1748 3124 1771 ››
3156 1729 3391 1798 Accepit
3412 1748 3545 1786 eum

1907 1799 1964 1853 in
1999 1802 2332 1870 parabolam
2363 1821 2375 1865 ;
2410 1805 2547 1874 quia
2577 1807 2751 1861 ariete
2782 1810 2973 1864 occiso
3005 1812 3110 1866 iste
3157 1815 3414 1873 salvatus
3463 1828 3552 1875 est

1906 1892 2065 1957 (Gen.
2103 1908 2239 1953 xin,
2278 1894 2380 1961 13).
2416 1894 2655 1949 Occisus
2688 1901 2777 1950 est
2813 1902 2991 1963 Isaac,
3028 1908 3312 1970 quantum
3349 1909 3419 1961 ad
3454 1927 3549 1964 vo-

1905 1975 2188 2031 luntatem
2213 1978 2367 2033 illius
2392 1982 2701 2050 pertinuit;
2722 1984 2927 2039 deinde
2947 1986 3110 2042 illum
3136 1992 3431 2048 redonavit
3455 2014 3553 2066 pa-

1908 2065 2171 2119 triarchaa
2224 2069 2279 2120 in
2333 2070 2626 2138 parabola,
2682 2072 2737 2125 id
2788 2079 2895 2141 est,
2946 2074 3003 2128 in
3064 2065 3469 2137 similitudine
3498 2090 3557 2140 et

1908 2155 2095 2224 ﬁgura
2113 2156 2400 2225 passionis
2415 2158 2646 2212 Christi.
2667 2160 2726 2213 ln
2748 2160 3192 2222 similitudinem
3213 2170 3368 2225 enim
3388 2181 3555 2231 erant

1907 2242 2142 2308 omnia;
2176 2260 2302 2313 quae
2336 2250 2528 2299 tamen
2562 2248 2883 2316 agebantur
2913 2251 2969 2304 in
3002 2254 3322 2322 Abraham,
3352 2262 3548 2316 forma

1907 2332 2173 2400 quaedam
2208 2337 2390 2400 erant,
2425 2351 2552 2403 qua:
2598 2352 2697 2404 pro
2746 2337 2911 2391 nobis
2944 2357 3114 2396 verus
3144 2345 3456 2415 Abraham,
3491 2350 3548 2403 id

1906 2423 1994 2471 est
2014 2419 2167 2472 Deus
2192 2419 2375 2483 Pater,
2406 2420 2459 2473 in
2496 2422 2606 2474 line
2635 2424 2829 2477 saeculi
2863 2442 3031 2495 agere
3064 2430 3329 2487 debebat.
3365 2438 3548 2491 Abra-

1906 2506 2040 2561 ham
2067 2509 2279 2578 quippe
2307 2510 2550 2579 ﬁguram
2580 2511 2676 2565 Dei
2704 2512 2888 2568 Patris
2919 2518 3204 2589 gestabat,
3234 2522 3389 2577 Isaac
3418 2541 3550 2579 vero

1907 2596 2153 2664 ﬁguram
2181 2596 2412 2649 Christi.
2438 2598 2580 2652 Nam
2606 2602 2757 2654 sicut
2776 2601 3067 2659 Abraham
3094 2609 3354 2679 unicum,
3378 2616 3434 2665 et
3463 2614 3547 2666 di-

1906 2683 2116 2737 lectum
2146 2684 2331 2738 ﬁlium
2357 2691 2463 2739 Deo
2496 2687 2787 2743 victimam
2813 2692 3059 2759 obtulit;
3098 2695 3176 2749 ita
3199 2697 3350 2753 Deus
3380 2700 3549 2756 Pater

1907 2773 2145 2826 unicum
2166 2774 2374 2827 Filium
2401 2792 2573 2828 suum
2600 2794 2698 2845 pro
2725 2779 2889 2832 nobis
2912 2783 3186 2839 omnibus
3210 2789 3549 2845 tradidit.Et

1906 2861 2059 2915 sicut
2082 2862 2239 2915 Isaac
2267 2862 2389 2932 ipse
2416 2862 2524 2915 sibi
2557 2863 2710 2933 ligna
2734 2869 3019 2937 portabat,
3047 2874 3263 2942 quibus
3289 2884 3412 2931 erat
3444 2897 3548 2933 im-

1908 2950 2211 3020 ponendus
2228 2967 2239 3016 ;
2256 2950 3028 3025 itaetChristusgestabatin
3045 2960 3305 3018 humeris
3321 2964 3542 3037 lignum

1907 3039 2117 3103 crucis,
2150 3039 2205 3091 in
2257 3055 2372 3109 quo
2421 3045 2544 3094 erat
2592 3046 3040 3115 crucitigendus.
3076 3050 3240 3105 Aries
3286 3058 3377 3107 est
3415 3073 3545 3112 caro

1906 3126 2139 3181 Christi.
2170 3128 2325 3181 lsaac
2347 3127 2576 3182 oblatus
2600 3134 2707 3194 est,
2732 3137 2923 3187 etnon
2945 3139 3035 3189 est
3064 3137 3421 3209 interfectus,
3446 3147 3547 3199 sed

169 3217 480 3287 9).Abrahas
499 3231 645 3270 vero
662 3218 898 3269 econtra
914 3214 1132 3269 factum
1152 3219 1332 3281 est,et
1355 3220 1559 3271 contra
1585 3216 1801 3288 quippe
1831 3203 1874 3268 C
1911 3215 2061 3270 aries
2092 3221 2321 3269 tantum
2353 3234 2365 3282 ;
2409 3218 2487 3270 ita
2531 3222 2587 3271 et
2630 3218 2895 3275 Christus
2929 3223 2984 3275 in
3019 3226 3290 3294 passione
3320 3203 3550 3289 oblatus

172 3304 611 3375 promissionem
644 3302 696 3357 ei
728 3302 1125 3372 imperabatur
1152 3311 1217 3355 ut
1263 3303 1496 3371 faceret,
1527 3308 1583 3359 et
1613 3320 1801 3375 neque

172 3393 244 3448 sic
271 3395 543 3449 turbatus
575 3394 684 3461 est,
708 3407 896 3463 neque
926 3392 1248 3462 obstupuit,
1275 3408 1377 3447 nec
1408 3409 1470 3449 se
1496 3394 1800 3463 deceptum

175 3482 578 3537 arbitrabatur.
612 3480 727 3535 Vos
757 3484 952 3534 autem
985 3479 1127 3534 nihil
1160 3485 1319 3536 extra
1350 3482 1799 3553 promissionem

169 3571 438 3641 patimini,
463 3575 527 3626 et
555 3568 1008 3624 conturbamini.
1025 3568 1124 3624 llle
1148 3586 1279 3624 vero
1302 3572 1591 3625 contraria
1613 3588 1801 3642 repro-

172 3660 418 3716 missioni
449 3658 734 3715 audiebat
762 3658 835 3712 ab
866 3658 1069 3713 eodem
1103 3658 1253 3728 ipso,
1286 3659 1384 3729 qui
1435 3658 1534 3713 illa
1582 3660 1798 3731 promi-

171 3754 326 3814 serat,
358 3754 414 3803 et
466 3765 589 3804 non
636 3748 1115 3802 conturbabatur.
1154 3748 1309 3815 Fide,
1344 3749 1553 3819 inquit,
1589 3748 1801 3803 obtulit

170 3837 444 3893 Abraham
461 3835 804 3899 Isaac.Quid
821 3852 955 3908 ergo
968 3838 994 3890 ?
1010 3836 1315 3908 lgnorabat
1326 3842 1471 3892 Deus
1485 3837 1622 3908 quia
1637 3838 1799 3892 fortis

171 3931 278 3980 erat
296 3926 387 3983 ille
408 3928 514 3993 vir,
531 3929 590 3980 et
612 3925 965 3996 probabilis?
983 3927 1169 3990 Quare
1187 3942 1321 3997 ergo
1345 3943 1479 3981 eum
1503 3927 1800 3981 tentabat?

170 4013 279 4069 Non
305 4020 365 4070 ut
392 4016 522 4088 ipse
546 4020 941 4086 cognosceret,
967 4016 1065 4069 sed
1101 4020 1167 4069 ut
1194 4014 1323 4070 aliis
1345 4016 1795 4081 demonstraret,

169 4106 219 4156 et
258 4105 629 4159 manifestam
662 4105 789 4173 ejus
820 4102 1223 4157 fortitudinem
1256 4105 1637 4159 constitueret
1667 4105 1795 4158 uni-

164 4192 351 4248 versis.
376 4194 438 4247 In
470 4192 585 4247 hoc
616 4192 741 4246 loco
772 4191 946 4246 etiam
974 4191 1228 4246 ostendit
1257 4208 1495 4247 causam
1528 4193 1795 4249 tentatio-

167 4295 315 4346 num,
337 4299 407 4338 ne
438 4285 717 4354 putarent
744 4286 1026 4351 tanquam
1058 4280 1366 4335 derelictas
1397 4298 1431 4335 a
1461 4282 1575 4337 Deo
1608 4281 1705 4337 ille
1737 4300 1798 4338 se

166 4370 391 4439 perpeti.
422 4370 481 4425 Si
517 4369 695 4441 igitur
724 4368 805 4424 ita
837 4370 1107 4440 probatos
1138 4369 1489 4423 tentationes
1524 4371 1795 4442 reddunt,

168 4458 227 4508 ut
253 4457 423 4512 etiam
444 4475 563 4513 non
590 4457 875 4513 existente
896 4474 1095 4522 causa,
1123 4457 1275 4512 Deus
1304 4462 1500 4511 tamen
1535 4465 1798 4513 exerceat

168 4558 295 4635 suos
320 4545 591 4635 athletas,
616 4546 802 4601 multo
826 4546 1014 4635 magis
1036 4563 1136 4601 vos
1159 4547 1229 4600 ob
1252 4550 1607 4635 remicuncta
1628 4564 1796 4618 opor-
1829 4570 1873 4635 Β

164 4634 239 4685 tet
268 4632 493 4687 fortiter
522 4635 788 4690 tolerare.
826 4634 1131 4705 Eleganter
1162 4634 1495 4705 exemplum
1530 4636 1689 4689 bona:
1727 4638 1797 4689 ﬁ-

165 4717 250 4772 dei
277 4720 346 4773 ab
374 4720 501 4790 ipso
524 4723 852 4793 patriarcha
873 4724 1099 4777 monuit
1119 4738 1249 4777 esse
1274 4724 1642 4787 discendum,
1670 4742 1797 4796 pro-

162 4821 373 4861 vocans
401 4809 661 4867 videlicet
703 4828 821 4881 eos,
849 4812 947 4883 qui
980 4812 1049 4867 de
1076 4812 1293 4866 Judazis
1325 4812 1709 4881 crediderant,
1736 4820 1799 4868 ut

164 4896 328 4964 quasi
362 4896 522 4952 bonas
558 4901 785 4955 soboles
817 4901 988 4971 primi
1040 4904 1097 4955 et
1147 4900 1384 4955 maximi
1415 4901 1505 4956 sui
1539 4904 1797 4972 parentis

164 4987 318 5039 actus
349 4994 753 5057 sequerentur.
779 4990 845 5042 Et
876 4989 1151 5058 quoniam
1183 5006 1302 5059 eos,
1333 5005 1403 5043 ne
1436 4992 1491 5044 in
1525 4992 1793 5047 tentatio-

164 5070 326 5127 nibus
358 5074 692 5143 deﬁcerent,
727 5082 783 5131 et
826 5081 892 5130 ut
922 5078 1093 5131 ﬁdem
1128 5094 1295 5132 suam
1330 5096 1429 5148 per
1458 5095 1633 5149 opera
1664 5098 1795 5149 pro-

162 5156 376 5229 barent,
410 5164 787 5230 admonebat,
821 5164 1056 5235 elegans
1104 5166 1176 5219 de
1230 5167 1559 5235 patriarcha
1603 5167 1799 5237 posuit

162 5250 504 5321 exemplum,
543 5269 644 5322 per
680 5254 828 5324 quod
863 5270 962 5307 eos
995 5252 1053 5307 in
1084 5260 1332 5324 utraque
1360 5254 1571 5309 virtute
1602 5262 1797 5325 posset

162 5333 476 5394 instituere.
515 5339 650 5401 Quae
682 5341 838 5395 enim
871 5343 1114 5398 tentatio
1147 5344 1353 5412 major,
1386 5344 1639 5414 exceptis
1680 5344 1793 5412 his,

162 5437 276 5491 quas
308 5428 378 5481 ad
413 5428 637 5499 proprii
669 5428 929 5499 corporis
959 5430 1253 5499 pertinent
1280 5430 1501 5501 plagas,
1537 5432 1795 5487 accidere

1910 3309 2017 3372 est,
2052 3304 2152 3358 sed
2187 3304 2460 3359 divinitas
2492 3305 2873 3377 impassibilis
2918 3312 3153 3367 mansit.

1986 3416 2006 3439 α
2044 3392 2180 3445 Fide
2226 3395 2282 3445 et
2329 3392 2399 3445 de
2448 3393 2658 3448 futuris
2705 3395 2998 3452 benedixit
3046 3401 3225 3469 Isaac,
3266 3404 3444 3461 Jacob
3495 3414 3553 3465 et

1909 3482 2080 3535 Esau.
2113 3504 2138 3529 ››
2170 3480 2423 3550 Futuris,
2449 3498 2562 3535 non
2597 3482 2858 3539 futurum
2883 3487 3159 3545 saeculum
3184 3492 3548 3564 signiﬁcans,

1909 3570 2008 3625 sed
2043 3570 2237 3623 futura
2268 3568 2444 3639 hujus
2475 3570 2693 3637 saeculi,
2726 3574 2796 3628 de
2827 3591 2942 3645 quo
2975 3580 3255 3636 Dominus
3299 3583 3441 3639 dicit
3488 3586 3548 3641 in

1908 3657 2254 3729 Evangelio:
2291 3660 2449 3721 Quod
2485 3683 2511 3708 ‹‹
2540 3660 2707 3715 multi
2742 3664 3057 3736 pr0phetae,
3082 3673 3137 3721 et
3171 3687 3336 3742 reges
3358 3674 3549 3731 volue-

1909 3752 2047 3801 runt
2076 3747 2267 3802 videre
2321 3766 2444 3818 qua:
2501 3766 2601 3804 vos
2649 3750 2876 3819 videtis,
2910 3761 2966 3809 et
3014 3774 3126 3812 non
3172 3760 3460 3829 viderunt,
3494 3770 3551 3821 et

1907 3835 2110 3891 audire
2133 3854 2257 3907 quae
2285 3838 2524 3903 auditis,
2547 3844 2602 3893 et
2634 3857 2746 3894 non
2774 3843 3087 3899 audierunt
3110 3848 3261 3916 (Luc.
3294 3868 3349 3917 x,
3381 3854 3490 3923 24).
3519 3876 3545 3905 η

1907 3925 1963 3979 Si
1994 3924 2149 3979 enim
2198 3932 2501 3996 prepterea
2545 3945 2657 3981 non
2699 3930 3064 3987 revelabatur
3101 3937 3274 3993 Filius
3307 3941 3548 4010 quibus-

1908 4014 2064 4079 dam,
2092 4020 2324 4084 propter
2348 4016 2746 4071 inﬁrmitatem
2773 4035 2995 4089 eorum,
3023 4026 3118 4093 qui
3148 4044 3280 4080 eum
3316 4046 3429 4082 non
3456 4048 3553 4100 po-

1911 4108 2097 4157 terant
2126 4102 2408 4172 excipere,
2432 4109 2831 4158 verumtamen
2868 4107 2982 4163 illis
3014 4111 3112 4179 qui
3148 4114 3377 4169 virtutis
3412 4117 3549 4171 cha-

1908 4191 2075 4244 ritate
2109 4191 2430 4261 fulgebant,
2456 4191 2837 4247 revelabatur.
2866 4195 2931 4248 Et
2962 4196 3069 4251 hoc
3100 4202 3273 4256 etiam
3303 4205 3549 4274 Aposto-

1908 4279 1999 4333 lus
2032 4278 2190 4347 dieit,
2223 4278 2361 4348 quia
2394 4295 2493 4348 per
2524 4279 2694 4332 ﬁdem
2730 4296 2826 4334 eos
2860 4282 3153 4341 benedixit
3185 4290 3381 4345 futura
3412 4309 3550 4362 pra:-

1906 4367 2109 4421 videns
2137 4384 2149 4433 ;
2184 4367 2321 4437 quia
2357 4372 2414 4420 et
2443 4366 2621 4421 Jacob
2655 4369 2898 4438 ﬁguram
2932 4372 3163 4441 Christi,
3200 4378 3319 4433 sive
3350 4381 3547 4451 populi

1906 4455 2220 4511 Christiani
2252 4456 2536 4525 gestabat,
2570 4456 2720 4510 Esau
2754 4474 2882 4513 vero
2911 4462 3139 4516 Judaici
3170 4466 3376 4535 (1449).

1979 4567 2005 4593 ‹‹
2040 4544 2176 4598 Fide
2206 4543 2382 4598 Jacob
2416 4544 2689 4611 moriens,
2726 4545 2988 4618 singulos
3031 4550 3286 4608 ﬁliorum
3328 4555 3546 4628 Joseph

1908 4634 2217 4693 benedixit.
2243 4641 2299 4687 et
2320 4634 2581 4688 adoravit
2605 4635 2900 4707 fastigium
2930 4639 3099 4711 virgm
3125 4644 3271 4713 ejus.
3300 4666 3326 4691 ››
3352 4645 3472 4700 Imo
3494 4652 3550 4700 et

1906 4722 2030 4793 ipse
2051 4724 2226 4777 Jacob
2250 4740 2351 4793 per
2373 4724 2545 4777 tidem
2573 4725 2865 4781 benedixit
2890 4728 3154 4799 singulos
3179 4732 3429 4788 ﬁliorum
3448 4734 3548 4789 Jo-

1907 4812 2072 4883 seph,
2106 4811 2404 4883 Ephraim,
2434 4818 2489 4867 et
2520 4814 2870 4878 Manassem,
2894 4816 2949 4871 id
2984 4826 3091 4887 est,
3118 4822 3264 4878 duos
3294 4828 3546 4879 tantum.

1910 4903 2039 4955 Ideo
2062 4900 2277 4971 singuli
2306 4903 2597 4970 dicuntur,
2627 4905 2765 4973 quia
2796 4924 3277 4983 unumquemque
3303 4914 3374 4969 de
3406 4915 3550 4970 duo-

1908 4990 2017 5043 bus
2051 4989 2294 5043 seorsim
2328 4990 2639 5045 benedixit.
2674 4993 2815 5047 Nam
2869 5012 2971 5064 per
3019 5001 3321 5071 majorem,
3357 5002 3413 5056 id
3464 5007 3554 5058 est

1906 5095 2009 5149 per
2039 5078 2367 5142 Manassen,
2402 5080 2774 5149 prmtigurare
2806 5082 2987 5137 voluit
3017 5090 3297 5159 populum
3319 5091 3550 5145 Judan-

1907 5184 2037 5221 rum
2066 5184 2078 5229 ;
2114 5183 2214 5235 per
2246 5165 2530 5219 minorem
2562 5182 2715 5235 vero,
2753 5173 3033 5239 populum
3065 5178 3548 5233 Christianorum.

1906 5255 2166 5309 Duorum
2185 5254 2338 5305 enim
2362 5252 2611 5307 ﬁliorum
2640 5256 3096 5317 benedictionem
3122 5268 3284 5335 prius
3300 5282 3554 5321 comme-

1908 5357 2133 5396 morare
2156 5339 2436 5405 voluit,ut
2458 5358 2558 5411 per
2576 5343 2875 5413 fastigium
2900 5347 3069 5418 virgas
3094 5352 3389 5408 adoranda
3409 5355 3553 5410 ﬁdes

1907 5430 2056 5499 ejus,
2081 5430 2136 5480 et
2165 5427 2473 5497 prophetia
2502 5431 2922 5486 ostenderetur.
2954 5434 3016 5488 In
3049 5437 3211 5508 virga
3241 5441 3399 5495 enim
3432 5441 3550 5510 illa,

540 5534 1115 5626 q_um;:expositiop_em
1134 5539 1415 5626 “uestram
1447 5535 1505 5591 in
1546 5554 1614 5593 ea
1651 5538 1827 5597 verba
1854 5552 2004 5595 vers.
2040 5533 2105 5588 12
2134 5530 2314 5604 hujus
2344 5550 2495 5608 cap.,
2525 5540 2747 5611 propter
2776 5537 2915 5613 quod
2943 5544 2993 5598 et
3018 5542 3086 5600 ab
3116 5558 3225 5603 uno
3253 5548 3364 5607 orti
3392 5553 3548 5626 sunt,

162 5603 213 5658 et
239 5603 509 5679 superius
540 5603 822 5664 traditam
852 5605 1103 5667 maxime
1131 5606 1399 5667 fulciunt.
