3966 6210
413 281 530 342 803

1428 276 1766 337 ATTONIS
1812 275 2399 337 VERCELLENSIS
2449 275 2799 338 EPISCOPI

3711 279 3816 337 804

410 413 668 468 lutarent
697 428 814 466 eos.
850 411 929 465 Ex
962 409 1303 480 metaphora
1324 409 1727 480 navigantium
1754 408 1859 462 hoc
1880 407 2047 473 dixit,
2079 413 2132 476 Α
2166 408 2221 462 in
2255 409 2399 462 actis
2432 409 2838 464 nefandorum.
2867 408 2976 461 Sed
3005 406 3085 462 illi
3106 407 3185 461 ita
3206 411 3372 461 erant
3394 406 3558 474 clari,
3583 407 3670 462 ita
3689 425 3816 463 con-

411 502 549 572 quia
580 519 612 555 a
643 501 813 572 longe
835 497 1197 570 prospiciunt
1218 497 1579 552 desideratas
1603 497 1884 561 civitates,
1911 513 2058 566 quas

409 595 722 660 antequam
757 588 1178 659 ingrediantur,
1213 585 1565 640 salutatione
1593 585 1976 656 praeveniunt,
2003 589 2060 638 et

407 695 506 733 eas
528 678 635 732 sibi
663 676 979 732 familiares
1001 674 1282 730 efﬁciunt.
1299 673 1672 744 Aspiciebant
1690 674 1747 727 in
1772 674 1906 738 ﬁde,
1931 690 2059 726 con-

407 767 723 821 ﬁtebantur
744 766 800 818 in
822 764 1211 827 sermonibus,
1233 762 1371 834 quia
1389 763 1702 833 peregrini,
1719 767 1773 815 ct
1798 761 2056 832 hospites

406 859 589 924 erant,
613 859 678 908 ut
698 853 979 924 scriptum
1001 857 1116 906 est:
1136 850 1484 922 Peregrinus
1506 867 1657 919 sum,
1679 851 1832 904 sicut
1851 866 2055 903 omnes

405 948 600 1014 patres
647 943 760 997 mei
811 945 859 1012 (ι
884 947 1021 996 Ραν.
1055 958 1208 1006 xxix,
1245 941 1311 994 15
1345 958 1358 1006 ;
1417 940 1543 994 Gen.
1578 957 1740 1007 XXIII,
1775 940 1841 1004 4;
1895 939 2048 992 Psal.

402 1048 639 1096 xxxvm,
675 1031 780 1101 13).
816 1029 922 1084 Ubi
973 1034 1168 1084 autem
1220 1028 1528 1083 conﬁtetur
1571 1026 1862 1081 Abraham
1896 1027 2048 1097 quod

403 1119 768 1192 peregrinus,
803 1123 860 1174 et
899 1119 1112 1189 hospes
1170 1118 1264 1184 sit,
1301 1133 1536 1172 necesse
1584 1120 1672 1170 est
1710 1115 2048 1185 inquirere;

401 1208 666 1264 fortassis
696 1208 851 1262 enim
885 1208 1060 1261 etiam
1087 1207 1278 1277 ipsum
1313 1206 1418 1260 hoc
1438 1206 1768 1259 confessum
1803 1220 1929 1257 esse
1961 1220 2046 1258 re-

400 1298 711 1368 periemus.
732 1296 1045 1350 Confessus
1069 1299 1260 1349 tamen
1278 1293 1579 1359 estDavid,
1597 1292 1746 1346 sicut
1769 1292 2044 1358 diximus;

401 1386 540 1457 quia
571 1384 933 1456 peregrinus,
967 1383 1176 1453 inquit,
1229 1385 1388 1445 sunt,
1439 1381 1590 1435 sicut
1621 1397 1823 1434 omnes
1854 1385 2046 1450 patres

403 1474 552 1540 mei;
578 1472 920 1544 peregrinus
943 1489 975 1526 a
998 1486 1234 1542 peregre
1265 1469 1685 1539 proficiscendo
1710 1468 1920 1523 dictus.
1944 1468 2044 1523 Pe-

401 1578 633 1632 ragrare
655 1561 832 1626 enim,
858 1559 1261 1631 perambulare
1289 1558 1578 1624 dicimus;
1605 1557 1742 1628 quia
1769 1557 1825 1610 in
1855 1557 2038 1610 taber-

399 1648 623 1704 naculis
647 1649 1008 1711 habitabant,
1033 1647 1131 1718 qui
1155 1646 1420 1718 sepulcra
1444 1645 1706 1717 pecuniis
1738 1662 2042 1716 compara-

398 1737 560 1791 bant.
594 1741 823 1792 Certum
847 1740 936 1790 est
962 1735 1235 1806 quoniam
1262 1735 1546 1806 peregrini
1573 1738 1756 1798 erant,
1783 1733 2036 1788 utetiam

397 1843 500 1882 nec
531 1825 629 1880 ubi
661 1825 972 1896 sepelirent
1002 1841 1138 1878 suos
1173 1823 1473 1878 haberent.
1527 1823 1672 1886 Quid
1725 1835 1810 1877 est
1857 1838 1990 1892 ergo
2013 1823 2040 1876 ?

395 1914 668 1986 Nunquid
703 1913 859 1968 illius
893 1916 1077 1980 terrae,
1105 1913 1160 1966 in
1193 1929 1309 1982 qua
1339 1911 1633 1966 Palaestini
1664 1915 1848 1979 erant,
1883 1911 2039 1965 dice-

393 2004 532 2058 bant
563 2019 624 2057 se
655 2001 991 2074 peregrinos
1021 2000 1196 2055 esse?
1244 2000 1619 2071 Nequaquam
1653 2017 1664 2064 ;
1712 2000 1811 2053 sed
1858 2000 2038 2055 totius

390 2091 617 2146 mundi.
655 2091 721 2146 Et
753 2090 978 2145 merito.
1004 2089 1157 2143 Nihil
1193 2089 1409 2160 quippe
1431 2087 1866 2159 conspiciebant
1891 2087 1948 2142 in
1972 2104 2037 2142 eo

387 2197 610 2250 eorum,
636 2197 762 2251 qua:
787 2178 1076 2243 volebant,
1093 2178 1191 2232 sed
1215 2177 1413 2233 omnia
1435 2182 1829 2248 peregrma,et
1850 2177 2038 2232 aliena

385 2268 502 2323 illis
534 2273 720 2334 erant,
753 2269 852 2338 qui
903 2267 1178 2322 virtutem
1215 2266 1309 2320 Dei
1368 2265 1554 2320 colere
1603 2265 2032 2320 desiderabant.

388 2357 710 2426 Quomodo,
745 2355 956 2425 inquit,
998 2354 1287 2426 peregrini
1322 2354 1530 2408 erant?
1575 2354 1697 2408 Non
1748 2358 1871 2407 erat
1901 2353 2034 2406 dili-

386 2443 582 2514 gentia
610 2459 809 2498 eorum
843 2443 994 2496 circa
1026 2459 1112 2507 ea,
1147 2459 1273 2511 quae
1305 2441 1485 2511 hujus
1519 2443 1724 2495 mundi
1773 2447 1944 2495 sunt:
1982 2445 2036 2495 et

387 2531 496 2586 hoc
529 2547 642 2584 non
674 2531 864 2584 verbis
898 2529 1108 2599 solum,
1143 2530 1242 2583 sed
1301 2529 1475 2582 etiam
1534 2531 1707 2582 rebus
1757 2529 1920 2598 ipsis,
1980 2533 2036 2583 et

386 2619 659 2690 operibus
690 2619 1195 2673 demonstrabant.
1231 2617 1385 2671 Dixit
1435 2622 1583 2671 Deus
1614 2617 1858 2670 Abrahae
1886 2634 1897 2671 :
1933 2617 2031 2670 Exi

387 2708 457 2761 de
488 2713 642 2760 terra
675 2712 794 2770 tua,
829 2723 955 2776 qua:
983 2707 1299 2776 putabatur
1328 2721 1455 2758 esse
1483 2704 1685 2774 patria.
1713 2705 1922 2758 Statim
1947 2722 2034 2759 ex-

387 2794 508 2864 ivit,
541 2801 597 2849 et
627 2811 739 2849 non
783 2799 868 2849 est
919 2798 1176 2848 retentus
1228 2810 1423 2847 amore
1482 2793 1870 2863 propriorum,
1931 2794 2030 2847 sed

388 2884 540 2938 sicut
562 2883 902 2955 peregrinus
926 2898 1198 2954 egressus
1220 2887 1330 2950 est,
1364 2882 1463 2935 sed
1495 2881 1649 2934 venit
1678 2881 1745 2934 ad
1781 2880 2029 2936 alienam

387 2977 625 3027 terram.
659 2972 812 3027 Dixit
841 2971 929 3026 ei:
955 2970 1109 3025 Oﬁ‘er
1138 2969 1283 3023 mihi
1335 2969 1517 3024 ﬁlium
1550 2973 1740 3024 tuum.
1774 2970 1868 3024 Sic
1897 2987 2029 3025 eum

384 3061 596 3117 obtulit
611 3067 890 3134 tanquam
905 3061 951 3116 si
968 3077 1084 3115 non
1102 3059 1734 3114 habuissethumanam
1758 3063 2028 3113 naturam

2174 497 2411 550 ﬁdentia
2433 497 2690 566 pleni,ut
2713 515 2826 552 non
2851 497 3481 560 confunderetur,cum
3505 513 3714 551 eorum
3735 514 3816 552 vo-

2170 589 2398 639 caretur
2419 585 2590 640 Deus.
2613 586 2836 640 Dicitur
2850 586 3005 640 enim
3034 590 3182 640 Deus
3199 589 3384 652 terrm,
3409 591 3464 639 et
3485 585 3647 640 Deus
3670 587 3810 658 cmli,

2169 672 2458 743 siquidem
2490 679 2545 728 et
2578 679 2726 728 Deus
2758 675 3041 746 gentium,
3076 678 3134 728 et
3155 691 3267 728 non
3301 673 3493 730 solum
3526 674 3810 746 gentium,

2167 761 2264 815 sed
2299 761 2476 815 totius
2507 762 2730 831 mundi,
2765 763 2902 833 quia
2934 763 3058 833 ipse
3089 762 3370 828 condidit,
3403 768 3460 818 et
3489 766 3815 819 construxit

2165 849 2395 915 omnia;
2432 856 2765 905 sanctorum
2792 867 2922 908 vero
2947 850 3181 906 illorum
3205 868 3320 906 non
3343 851 3426 906 sic
3447 852 3689 924 dicitur,
3717 855 3812 909 sed

2164 938 2317 992 sicut
2346 939 2590 994 amicus.
2616 939 2841 994 Dicitur
2861 944 2918 993 et
2948 956 3104 993 nunc
3136 939 3437 1010 Dominus,
3472 945 3628 997 Deus
3659 942 3815 997 Chri-

2163 1027 2512 1094 stianorum,
2546 1033 2601 1084 et
2632 1033 2828 1083 tamen
2852 1028 3076 1083 excedit
3096 1028 3202 1083 hoc
3221 1045 3433 1084 nomen
3460 1029 3710 1101 dignitai
3723 1049 3810 1087 em

2162 1119 2442 1172 nostram.

2231 1227 2258 1251 «
2293 1205 2428 1258 Fide
2459 1206 2674 1259 obtulit
2695 1206 2986 1259 Abraham
3019 1207 3194 1272 Isaac,
3219 1223 3352 1261 cum
3387 1211 3733 1278 tentaretur,
3757 1217 3812 1265 et

2160 1292 2526 1362 unigenitum
2570 1293 2982 1364 oll‘erebat,qui
3024 1299 3362 1364 susceperat
3399 1297 3805 1366 repromissio-

2159 1396 2289 1444 nes;
2311 1381 2378 1435 ad
2400 1399 2572 1452 quem
2589 1382 2805 1436 dictum
2822 1386 2939 1436 est:
2962 1381 3106 1448 Quia
3125 1382 3183 1435 in
3206 1381 3364 1436 Isaac
3378 1384 3685 1438 vocabitur
3701 1387 3805 1440 tibi

2156 1486 2376 1539 semen,
2403 1472 2692 1524 arbitrans
2714 1470 2852 1540 quia
2872 1475 2927 1525 et
2948 1487 2980 1523 a
3003 1471 3252 1524 mortuis
3275 1471 3561 1527 suscitare
3595 1479 3800 1544 potens

2153 1563 2240 1612 est
2273 1563 2438 1612 Deus.
2469 1584 2487 1610 ν
2545 1559 2844 1630 Siquidem
2878 1559 2935 1612 in
2970 1576 3084 1612 uno
3115 1559 3437 1630 eodemque
3471 1560 3620 1615 facto
3653 1563 3802 1618 beati

2151 1647 2658 1711 Abraham,Jacob
2681 1663 2922 1717 operum
2944 1647 3071 1716 ejus
3090 1646 3797 1720 magniﬁcentiam(l448),

2153 1735 2367 1790 Paulus
2388 1736 2515 1790 ﬁdei
2540 1735 2926 1789 constantiam
2951 1734 3229 1804 laudavit,
3254 1751 3358 1790 nec
3384 1741 3578 1792 tamen
3603 1738 3798 1811 dispa-

2151 1840 2291 1893 rem,
2317 1825 2724 1896 diversamque
2750 1842 2782 1878 a
2802 1825 3017 1879 Jacobo
3042 1824 3284 1895 protulit
3315 1825 3532 1882 Paulus
3561 1833 3797 1883 senten-

2147 1911 2309 1965 tiam.
2333 1912 2604 1966 Sciebant
2625 1929 2878 1983 namque
2901 1914 3072 1966 ambo
3095 1914 3247 1982 quod
3272 1914 3561 1969 Abraham
3580 1921 3638 1970 et
3661 1917 3792 1984 ﬁde,

2147 1999 2490 2070 etoperibus
2509 2005 2632 2054 erat
2655 2000 2976 2071 perfectus;
2998 2005 3052 2055 et
3073 2001 3201 2055 ideo
3217 2002 3453 2072 quisque
3474 2003 3705 2059 illorum
3732 2005 3797 2059 il-

2147 2085 2260 2139 lam
2280 2086 2466 2157 magis
2481 2087 2539 2140 in
2552 2103 2617 2141 eo
2634 2087 2912 2141 virtutem
2930 2089 3079 2159 praed
3093 2089 3398 2159 icavit,qua
3412 2106 3546 2145 suos
3560 2091 3792 2148 audito-

2147 2190 2238 2226 rm
2261 2173 2515 2245 amplius
2547 2174 2808 2246 indigere
2841 2176 3152 2247 prospexit.
3181 2177 3326 2240 Quia
3354 2177 3503 2232 enim
3533 2179 3795 2237 Jacobus

2147 2259 2260 2313 illis
2285 2262 2598 2330 scribebat,
2618 2263 2715 2332 qui
2743 2264 2915 2317 ﬁdem
2932 2264 3056 2318 sine
3079 2264 3352 2334 operibus
3365 2265 3608 2322 otiosam
3633 2273 3790 2324 tene-

2145 2348 2305 2418 bant,
2329 2355 2654 2422 Opportune
2679 2350 2816 2406 illud
2841 2352 3084 2422 protulit
3106 2353 3459 2425 exemplum,
3482 2355 3540 2410 in
3565 2359 3793 2427 quoilla

2147 2439 2437 2509 praecipua
2459 2440 2876 2510 ﬁdesAbrahae,
2893 2458 3018 2511 qua:
3034 2447 3088 2496 et
3112 2443 3786 2516 prius,Scripturateste,

2142 2525 2377 2581 laudata
2398 2533 2505 2592 est,
2531 2533 2853 2599 appareret,
2880 2530 3018 2599 quia
3038 2546 3154 2584 non
3179 2531 3365 2585 otiosa
3387 2532 3517 2602 ejus
3540 2532 3599 2587 in
3622 2537 3788 2592 corde

2145 2616 2478 2685 torpuisset,
2505 2617 2604 2670 sed
2630 2617 2699 2670 ad
2727 2617 3116 2671 obediendum
3141 2618 3354 2674 divinis
3383 2619 3785 2694 imperiisjam

2142 2709 2410 2774 prompta
2442 2705 2764 2774 flagrasset.
2819 2705 2962 2767 Quia
2991 2723 3122 2760 vero
3172 2708 3387 2762 Paulus
3439 2709 3783 2785 instruebat,

2142 2793 2238 2863 qui
2273 2793 2396 2847 sine
2427 2795 2610 2864 gratia
2633 2795 2762 2848 ﬁdei
2790 2795 2859 2848 de
2882 2795 3006 2849 suis
3025 2812 3086 2850 se
3107 2795 3460 2851 extollebant
3491 2801 3784 2870 operibus,

2141 2882 2392 2935 ostendit
2424 2883 2561 2952 quia
2594 2883 2719 2937 sine
2743 2883 2852 2936 ﬁde
2885 2883 3246 2953 impossibile
3276 2890 3364 2938 est
3394 2886 3511 2940 Deo
3538 2889 3782 2958 placere.

2139 2971 2325 3040 Atque
2357 2971 2427 3024 ad
2461 2972 2949 3042 redarguendam,
3003 2973 3526 3046 corrigendamque
3585 2995 3784 3034 eorum

2138 3060 2545 3128 temeritatem,
2562 3060 2816 3115 collectis
2839 3061 3101 3115 omnium
3119 3063 3584 3132 patriarcharum
3600 3084 3789 3124 exem-

387 3171 415 3203 ι
445 3151 552 3215 Qui
575 3150 728 3206 enim
753 3151 860 3206 hoc
878 3149 1099 3220 dicunt,
1126 3149 1460 3220 signiﬁcant
1480 3164 1542 3202 se
1565 3147 1810 3218 patriam
1833 3147 2025 3218 inqui-
2061 3143 2102 3208 C
2145 3147 2273 3218 plis,
2309 3148 2615 3203 manifeste
2633 3149 2866 3203 edocuit
2896 3148 3033 3220 quia
3054 3167 3257 3205 omnes
3289 3155 3628 3210 testimonio
3651 3157 3784 3213 ﬁdei

381 3255 507 3296 rere
532 3259 546 3308 ;
577 3263 597 3289 ι
635 3240 691 3294 id
723 3243 832 3308 est,
857 3237 1169 3294 cmlestem.
1194 3237 1262 3290 Et
1284 3253 1355 3292 ne
1377 3235 1508 3306 quis
1539 3235 1758 3290 diceret
1777 3236 2024 3306 patriam

378 3345 507 3385 esse
536 3335 745 3384 terram
778 3327 1204 3395 Chaldaeorum,
1239 3325 1501 3380 addidit:
1545 3347 1572 3373 «
1607 3324 1674 3381 Et
1704 3324 1752 3378 si
1785 3324 2021 3395 quidem

375 3417 535 3473 illius
558 3417 986 3480 meminissent,
1003 3416 1073 3470 de
1087 3431 1202 3488 qua
1223 3414 1497 3482 exierant,
1517 3413 2024 3485 habebantutique

376 3511 610 3578 tempus
642 3505 962 3561 reverlendi
990 3523 1002 3560 :
1039 3526 1066 3555 »
1102 3505 1156 3558 id
1181 3508 1288 3569 est,
1319 3502 1614 3556 habebant
1642 3502 1900 3572 spatium
1934 3519 2019 3556 re-

375 3594 634 3649 vertendi
666 3594 723 3647 in
756 3592 1106 3658 Chaldzeam,
1131 3593 1283 3645 unde
1315 3595 1372 3645 et
1397 3591 1652 3656 fuerunt,
1679 3591 1776 3644 sed
1814 3590 2020 3645 melio-

374 3699 498 3736 rem
532 3685 834 3752 appetunt,
883 3681 938 3734 id
972 3684 1078 3750 est,
1126 3679 1417 3734 cmlestem
1451 3678 1794 3733 Jerusalem.
1828 3679 2020 3733 Prima

375 3770 563 3825 virtus
592 3775 698 3840 est,
732 3769 1105 3840 peregrinum
1133 3785 1260 3823 esse
1283 3767 1488 3822 mundi
1519 3768 1714 3837 hujus,
1741 3772 1798 3821 et
1829 3767 2018 3838 hospi-

370 3863 508 3930 tem,
535 3863 590 3914 et
621 3858 769 3914 nihil
803 3873 1116 3912 commune
1146 3856 1360 3910 habere
1390 3872 1523 3910 cum
1570 3856 1805 3927 regibus
1839 3855 2017 3926 hujus

371 3947 586 4014 saeculi,
612 3947 891 4003 removeri
917 3947 985 4001 ab
1010 3947 1113 4010 eis,
1131 3944 1279 4000 sicut
1299 3945 1661 4016 peregrinus.
1687 3945 1798 3999 Iste
1821 3950 2014 3999 autem

367 4037 636 4109 egregius
657 4037 999 4108 praedicator
1022 4053 1134 4090 non
1165 4034 1536 4105 peregrinum
1561 4033 1820 4105 seipsum
1849 4035 2014 4098 dixit,

366 4126 466 4181 sed
501 4131 797 4180 mortuum
832 4125 1069 4179 mundo.
1105 4124 1436 4188 «Mundus,
1468 4122 1678 4193 inquit,
1703 4121 1847 4176 mihi
1880 4138 2010 4176 cru-

365 4214 568 4269 ciﬁxus
599 4220 707 4280 est,
742 4219 798 4269 et
829 4230 932 4285 ego
963 4213 1181 4267 mundo
1214 4211 1364 4282 (Gal.
1397 4229 1473 4278 vr,
1509 4212 1616 4281 14).

441 4323 463 4351 ι
500 4303 630 4358 Ideo
655 4320 769 4358 non
788 4303 1164 4358 confunditur
1185 4301 1338 4355 Deus
1362 4298 1551 4354 vocari
1573 4299 1726 4354 Deus
1753 4299 2006 4365 illorum;

359 4392 585 4462 paravit
607 4392 762 4447 enim
808 4390 926 4445 illis
957 4389 1250 4444 civitatem
1285 4391 1546 4440 sanctam
1590 4387 1792 4456 (1447).
1831 4409 1857 4435 ››
1889 4391 2004 4440 Ma-

358 4496 537 4551 gnum
572 4481 681 4535 hoc
708 4484 816 4545 est,
849 4484 906 4533 et
933 4493 1064 4532 vere
1097 4491 1399 4546 magnum,
1432 4479 1488 4527 et
1518 4473 1715 4528 multze
1753 4475 2006 4529 beatitu-
2037 4507 2085 4572 D

361 4570 514 4624 dinis
546 4568 849 4622 indicium.
877 4567 1207 4619 Laudemus
1229 4578 1364 4631 ergo
1388 4561 1895 4633 ineffabiliterejus
1918 4580 2006 4619 es-

356 4657 630 4723 sentiam,
665 4659 721 4708 et
745 4668 1013 4707 amemus
1044 4649 1528 4718 misericordiam,
1553 4650 1708 4718 quod
1733 4650 2006 4722 dignatus

357 4749 446 4799 est
475 4744 687 4796 habere
720 4757 931 4795 nomen
961 4737 1391 4802 misericordia,
1417 4736 1660 4792 dicendo
1686 4756 1698 4793 :
1729 4740 1842 4811 Ego
1871 4758 2003 4798 sum

359 4833 510 4885 Deus
540 4829 850 4898 Abraham,
875 4833 933 4882 et
971 4828 1125 4882 Deus
1148 4825 1326 4892 Isaac,
1349 4831 1405 4881 et
1453 4826 1606 4882 Deus
1638 4828 1835 4894 Jacob,
1869 4847 2002 4886 cum

355 4919 432 4972 sit
464 4932 674 4970 nomen
707 4918 835 4988 ejus
863 4922 1164 4972 aeternum.
1213 4915 1486 4970 Confusio
1532 4918 1745 4989 quippe
1778 4918 1860 4973 illi
1893 4927 1998 4988 est,

265 5001 268 5006 ’
355 5005 591 5078 quando
614 5005 1004 5078 malignorum
1031 5005 1503 5060 hominumDeus
1521 5013 1777 5077 vocatur,
1798 5013 2002 5064 etcon-

353 5093 689 5151 funditillos
703 5096 875 5151 etiam
893 5095 1195 5168 ipse,sicut
1210 5094 1363 5148 enim
1378 5095 1997 5167 gloriﬁcatur,quando

353 5182 834 5254 benignorum,et
855 5185 1209 5258 optimorum
1233 5182 1538 5238 hominum
1563 5191 1801 5239 vocatur
1826 5188 1994 5253 Deus,

350 5276 408 5326 et
437 5270 749 5330 colentium
780 5275 1078 5341 virtutem,
1111 5273 1195 5328 sic
1226 5288 1255 5327 e
1287 5273 1574 5328 contrario
1620 5274 1996 5331 confunditur

418 5391 605 5531 8247)
634 5398 1242 5481 Epithetumsanctam
1269 5395 1442 5519 vulg.
1478 5413 1594 5451 non
1625 5398 1821 5452 habet.
1947 5471 1956 5481 _

517 5464 604 5531 48)
632 5468 833 5525 Jacobi
865 5469 1087 5525 sellicet
1116 5469 1365 5531 apostoli
1419 5484 1525 5522 aus
1561 5469 1852 5523 Abraham
1886 5475 1956 5525 tri

632 5464 833 5550 Jacobi
865 5469 1100 5550 scilicet
1116 5467 1365 5550 apostoli
1392 5464 1867 5550 I‘aus‘ﬁbrah‘am‘
1886 5471 1990 5550 tri-

337 5533 490 5594 buta
517 5531 784 5598 inbuitur
811 5540 871 5601 in
902 5541 1032 5614 ejus
1060 5531 1320 5624 Epistola
1339 5536 1624 5597 catholica
1644 5555 1706 5610 ιι,
1729 5540 1795 5595 21
1820 5543 1877 5597 et
1896 5542 1988 5612 23,

2138 3236 2361 3308 probati
2386 3241 2542 3291 sunt.
2561 3237 2722 3292 Unde
2743 3243 2798 3292 et
2815 3237 3145 3309 specialiter
3165 3239 3234 3294 de
3258 3241 3554 3298 Abraham
3587 3245 3785 3300 intulit

2136 3324 2274 3396 quia
2307 3326 2417 3379 ﬁde
2465 3326 2696 3380 offerret
2737 3331 2917 3394 Isaac,
2953 3327 3264 3395 arbitrans,
3307 3329 3521 3401 inquit,
3557 3334 3695 3404 quia
3726 3343 3782 3390 et

2135 3419 2397 3468 mortuos
2428 3415 2710 3470 suscitare
2743 3419 2945 3486 potens
2975 3419 3064 3471 est
3094 3415 3268 3472 Deus.
3293 3417 3612 3489 Conjunxit
3643 3440 3779 3496 ergo

2133 3519 2279 3574 opus
2312 3504 2466 3568 fidei,
2499 3505 2598 3574 qui
2630 3504 2758 3559 ideo
2789 3503 2972 3558 ﬁlium
3000 3521 3134 3560 mox
3173 3506 3378 3562 offerre
3402 3508 3605 3578 voluit,
3639 3514 3778 3584 quia

2131 3592 2312 3646 Deum
2340 3591 2495 3646 hunc
2518 3593 2795 3647 continuo
2819 3594 3302 3649 resuscitaturum
3324 3613 3452 3651 esse
3482 3601 3777 3669 credebat;

2129 3681 2256 3734 ideo
2292 3685 2482 3736 autem
2508 3681 2663 3735 hunc
2686 3685 2818 3752 post
2840 3688 3084 3737 mortem
3109 3700 3142 3737 a
3165 3689 3274 3739 Deo
3298 3687 3778 3748 resuscitandum

2127 3785 2255 3824 esse
2286 3770 2574 3834 credebat,
2608 3770 2746 3840 quia
2775 3787 2974 3825 verum
3007 3773 3280 3827 credebat
3308 3789 3435 3829 esse
3475 3779 3632 3848 quod
3665 3797 3777 3835 au-

2128 3858 2332 3924 dierat,
2367 3858 2504 3928 quia
2551 3858 2607 3911 in
2644 3861 2803 3913 Isaac
2849 3859 3150 3924 vocabitur
3197 3861 3303 3915 tibi
3335 3880 3559 3921 semen.
3614 3869 3779 3926 Sicut

2125 3947 2281 4000 enim
2314 3946 2556 4001 credidit
2579 3963 2691 4001 non
2725 3963 2826 4017 per
2848 3949 3133 4003 rationem
3165 3949 3509 4019 humanam,
3546 3956 3685 4025 quia
3709 3975 3781 4013 ex

2123 4032 2294 4086 vulva
2326 4038 2573 4097 mortua,
2599 4039 2654 4087 et
2685 4050 2840 4102 sene,
2866 4034 3349 4108 licctineptajam
3382 4039 3536 4096 facta
3565 4045 3636 4098 ad
3672 4062 3779 4117 ge-

2125 4122 2473 4187 nerandum,
2505 4123 2719 4176 donare
2743 4124 3027 4193 potuisset
3069 4126 3291 4193 ﬁlium;
3321 4127 3404 4182 ita
3433 4129 3614 4186 etiam
3648 4134 3780 4204 ipsa

2123 4209 2235 4263 ﬁde
2258 4208 2513 4263 occisum
2537 4210 2882 4266 resuscitare
2901 4213 3165 4267 credidit.
3192 4214 3423 4270 Sciebat
3443 4221 3780 4279 certissime

2119 4297 2298 4352 Deum
2353 4298 2471 4352 falli
2520 4315 2633 4353 non
2669 4316 2860 4370 posse,
2905 4306 2981 4368 et,
3017 4301 3149 4358 licet
3203 4321 3347 4375 puer
3383 4308 3777 4379 occideretur,

2119 4387 2568 4458 promissionem
2602 4393 2798 4443 tamen
2832 4389 2931 4444 Dei
2964 4389 3181 4446 salvam
3208 4409 3572 4463 permanere.
3610 4399 3777 4456 Unde

2117 4482 2173 4529 et
2202 4475 2295 4529 hic
2325 4476 2640 4546 Apostolus
2672 4494 2772 4547 per
2819 4478 3092 4549 spiritum
3145 4481 3244 4535 Dei
3279 4483 3570 4541 didicerat
3617 4490 3777 4559 quod

2119 4564 2314 4618 animo
2345 4563 2644 4620 habuisset
2667 4566 2956 4621 Abraham
2982 4571 3133 4624 intra
3154 4585 3234 4636 se,
3261 4571 3401 4625 dum
3433 4573 3614 4630 fidem
3642 4579 3776 4647 ejus

2118 4651 2432 4717 laudando,
2465 4654 2642 4707 dicit:
2707 4654 2874 4708 Fides
2930 4657 3223 4711 Abraham
3285 4676 3399 4714 non
3455 4661 3772 4730 hmsitavit,

2115 4759 2248 4796 cum
2275 4742 2510 4796 unicum
2536 4743 2788 4809 oﬂ'erret,
2814 4744 2870 4797 in
2893 4761 3009 4815 quo
3037 4753 3333 4816 acceperat
3356 4754 3773 4820 repromissio-

2114 4847 2237 4897 nes,
2271 4830 2532 4901 cogitans
2563 4831 2701 4902 quia
2729 4838 2835 4886 eta
2867 4835 3113 4888 mortuis
3133 4851 3264 4889 eum
3286 4839 3645 4896 resuscitare
3667 4859 3772 4914 po-

2111 4923 2240 4974 tens
2271 4925 2361 4974 est
2393 4925 2561 4974 Deus.
2598 4920 2739 4976 Vere
2771 4937 2985 4994 magna
3029 4929 3151 4977 erat
3203 4924 3348 4980 ﬁdes
3393 4927 3671 4985 Abrahae.
3707 4933 3773 4986 In

2109 5008 2248 5064 Abel
2281 5008 2514 5080 quippe,
2540 5013 2596 5063 et
2617 5010 2833 5076 Enoch,
2886 5017 2942 5065 et
2962 5011 3078 5066 Noe
3109 5013 3477 5070 ratiocinatio
3509 5025 3677 5086 erat;
3710 5019 3773 5075 in

2109 5099 2396 5153 Abraham
2419 5104 2614 5152 autem
2639 5098 3110 5154 ratiocinationes
3129 5103 3402 5158 excedere
3432 5105 3772 5164 videbatur.

2107 5188 2248 5242 Nam
2277 5192 2562 5258 praacepta
2582 5187 2798 5259 quippe
2821 5187 2921 5242 Dei
2944 5205 3078 5242 cum
3105 5192 3407 5262 praeceptis
3431 5191 3671 5266 litigare
3695 5199 3775 5252 vi-

2104 5276 2393 5330 debantur
2419 5293 2431 5343 ;
2466 5281 2523 5330 et
2552 5277 2696 5331 ﬁdes
2725 5277 2857 5331 ﬁdei
2893 5279 3256 5348 repugnabat
3282 5297 3295 5348 ;
3329 5285 3386 5335 et
3410 5286 3775 5342 mandatum

2103 5399 2204 5454 ubi
2226 5398 2485 5473 primum
2524 5416 2730 5473 Aopera,
2761 5416 2910 5456 vers.
2943 5399 3168 5458 scilicet
3194 5402 3261 5458 21
3293 5421 3306 5473 ;
3356 5403 3576 5464 deinde
3617 5410 3776 5469 ﬁdes

2099 5485 2250 5526 vers.
2281 5470 2371 5539 23,
2404 5470 2736 5528 laudantur.
