3966 6210
162 341 282 402 805

742 338 1161 403 EXPOSITIO
1207 342 1283 401 IN
1328 342 1759 405 EPISTULAS
1808 344 2060 406 PAULI.
2096 378 2171 392 -—
2212 350 2286 409 IN
2335 350 2580 413 EPIST.
2629 356 2730 415 AD
2777 357 3007 419 HEBR.

3460 370 3576 430 806

165 473 269 529 Dei
302 474 429 527 erat
458 470 901 542 repromissioni
934 472 1316 537 contrarium,
1350 478 1413 529 ut
1444 478 1603 545 puta,
1638 475 1817 530 veluti
1848 489 1901 553 Α
1936 483 2142 547 potest,
2169 498 2345 551 quam
2370 482 2418 537 si
2442 484 2572 555 quis
2598 485 2783 541 ﬁlium
2812 490 3070 557 unicum,
3095 492 3576 555 dilectissimum-

167 562 329 632 quod
361 559 527 625 dixit,
554 558 833 629 quoniam
866 558 924 611 in
950 560 1108 613 Isaac
1129 560 1429 614 vocabitur
1460 562 1563 615 tibi
1596 578 1818 625 semen,

166 657 226 706 et
248 648 536 703 credidit:
567 652 623 701 et
645 648 855 701 iterum
880 647 1054 701 dicit:
1082 648 1354 703 Sacriﬁca
1374 650 1541 704 illum
1566 650 1728 713 mihi,
1755 668 1821 705 ex

166 741 341 808 cujus
364 737 594 793 semine
616 737 875 790 mundus
906 741 1063 791 totus
1086 743 1209 791 erat
1230 738 1561 808 replendus.
1592 741 1821 794 Intuere

169 828 333 883 litem
391 830 839 898 praeceptorum,
891 829 947 879 et
996 826 1475 895 promissionum.
1521 829 1825 883 Contraria

168 917 389 989 quippe
420 912 981 985 repromissionibus
1010 912 1354 984 imperabat.
1396 916 1463 969 Et
1510 933 1697 985 neque
1741 916 1824 971 sic

167 1003 711 1075 obstupuitjustus
742 1000 858 1070 ille,
894 1018 1080 1071 neque
1111 1002 1419 1073 deceptum
1462 1020 1523 1058 se
1572 1005 1823 1058 dicebat.

168 1095 299 1150 Non
330 1093 490 1147 enim
523 1095 722 1161 posset
766 1090 1082 1159 quisquam
1133 1092 1322 1145 dicere
1358 1108 1369 1145 :
1424 1093 1570 1155 Quia
1620 1093 1828 1147 habuit

170 1183 359 1238 alium
395 1179 603 1247 ﬁlium,
636 1196 703 1234 ex
732 1177 831 1233 illo
868 1178 1139 1248 sperabat
1169 1180 1683 1250 repromissionem
1715 1181 1823 1235 im-

173 1271 367 1344 plere,
402 1273 461 1322 et
503 1271 804 1338 propterea
833 1267 1135 1321 conﬁdens
1164 1267 1344 1322 istum
1379 1269 1607 1323 obtulit.
1644 1270 1824 1323 Etiam

173 1358 576 1429 unigenitum,
608 1355 818 1425 inquit,
850 1356 1145 1421 offerebat,
1189 1358 1287 1427 qui
1337 1359 1822 1427 repromissiones

173 1450 504 1517 acceperat,
539 1448 825 1513 quantum
857 1444 929 1497 ad
963 1444 1247 1498 rationem
1280 1445 1487 1500 attinet
1517 1448 1827 1517 repromis-

174 1534 406 1601 sionis;
442 1538 749 1603 propterea
800 1531 1024 1586 addidit
1066 1532 1397 1603 Apostolus,
1432 1535 1821 1605 unigenitum,

171 1624 381 1679 volens
412 1621 718 1676 ostendere
746 1625 1049 1691 propterea
1071 1621 1439 1692 unigenitum
1466 1640 1615 1693 esse,
1639 1625 1736 1694 qui
1766 1626 1824 1679 in

174 1713 278 1768 illo
311 1715 651 1781 susceperat
680 1709 1187 1781 repromissiones,
1216 1712 1369 1765 sicut
1400 1712 1683 1782 scriptum
1717 1719 1824 1777 est,

177 1802 318 1873 quia
345 1800 406 1855 in
434 1800 597 1854 Isaac
628 1797 928 1852 vocabitur
952 1798 1059 1852 tibi
1092 1816 1312 1855 semen.
1346 1800 1560 1855 Deinde
1592 1818 1663 1856 ne
1694 1802 1826 1871 quis

174 1893 412 1964 putaret
438 1887 719 1959 quoniam
752 1887 1068 1957 desperans
1116 1888 1225 1942 hoc
1270 1889 1423 1953 fecit,
1456 1894 1513 1944 et
1566 1907 1667 1960 per
1720 1890 1826 1945 hoc

175 1982 532 2051 praeceptum
582 1976 756 2029 ﬁdem
806 1974 964 2029 illius
1012 1976 1485 2047 repromissionis
1526 1978 1822 2046 amiserat,

179 2068 498 2139 cognoscat
523 2079 723 2119 revera
748 2063 1116 2134 omnis,quia
1137 2070 1194 2118 et
1214 2064 1375 2120 illam
1403 2066 1608 2121 habuit
1630 2067 1824 2133 fidem,

181 2156 317 2211 licet
336 2155 633 2210 videretur
652 2151 788 2207 huic
820 2154 1278 2223 repugnare(sed
1296 2171 1411 2209 non
1429 2156 1823 2226 repugnabat:

182 2261 299 2299 non
330 2243 492 2298 enim
535 2240 811 2295 humanis
842 2240 1387 2297 ratiocinationibus
1416 2243 1692 2297 virtutem
1726 2242 1826 2297 Dei

180 2332 490 2405 pensabat,
522 2330 622 2385 sed
655 2328 767 2384 fide
798 2333 1007 2384 cuncta
1035 2331 1294 2401 gerebat)
1326 2349 1338 2396 ;
1372 2336 1678 2402 propterea
1710 2349 1823 2386 non

178 2426 422 2477 veretur
449 2418 634 2473 dicere
652 2417 983 2489 Apostolus,
1010 2418 1149 2489 quia
1176 2424 1234 2473 et
1262 2434 1330 2473 ex
1362 2420 1606 2475 mortuis
1640 2421 1824 2475 susci-

178 2515 313 2565 tare
349 2512 553 2579 potens
582 2512 665 2561 est
688 2511 860 2561 Deus.
887 2506 999 2562 Vos
1022 2507 1199 2577 enim,
1224 2508 1436 2579 inquit,
1460 2526 1560 2564 vos
1588 2526 1700 2563 non
1734 2526 1827 2581 po-

177 2598 354 2654 testis
386 2597 495 2651 hoc
526 2595 745 2662 dicere;
783 2595 922 2665 quia
950 2596 1209 2667 requiem
1238 2598 1401 2651 vobis
1432 2598 1490 2652 in
1526 2599 1744 2662 futuro,
1769 2604 1827 2652 et

178 2688 235 2741 in
265 2686 489 2741 mundo
506 2684 939 2739 tribulationem
960 2685 1245 2755 promisit.
1266 2686 1325 2740 In
1351 2688 1590 2751 mundo,
1612 2688 1822 2757 inquit,

178 2773 619 2830 tribulationem
652 2772 941 2827 habebitis
982 2774 1199 2842 (Matth.
1233 2791 1385 2839 xxxv,
1418 2778 1472 2843 9)
1500 2801 1513 2843 ;
1562 2781 1617 2829 et
1650 2792 1663 2829 :
1716 2776 1824 2839 Qui

179 2880 295 2919 non
328 2862 619 2934 acceperit
650 2878 879 2916 crucem
911 2878 1101 2927 suam,
1133 2868 1191 2917 et
1234 2869 1472 2919 secutus
1505 2881 1597 2919 me
1629 2865 1822 2934 fuerit,

180 2968 295 3007 non
326 2955 418 3006 est
446 2966 540 3004 me
572 2949 786 3021 dignus
817 2949 1029 3019 (Matth.
1079 2968 1134 3020 x,
1186 2952 1291 3018 38;
1344 2953 1507 3007 Marc.
1552 2970 1673 3017 vm,
1715 2955 1823 3020 34;

180 3043 307 3096 Luc.
332 3057 409 3107 Ix,
431 3041 525 3108 23)
550 3059 563 3108 ;
598 3044 656 3093 et
676 3039 886 3093 iterum
914 3057 925 3093 :
956 3044 1103 3093 Ante
1124 3039 1437 3112 principes,
1462 3046 1518 3095 et
1548 3042 1824 3113 praesides

182 3131 464 3185 inducent
492 3144 594 3183 vos
624 3137 860 3199 propter
892 3143 984 3182 me
1012 3128 1223 3197 (Matth.
1265 3146 1319 3196 x,
1364 3131 1467 3197 18;
1501 3131 1663 3197 Marc,
1695 3149 1819 3198 xm,

1932 583 2042 636 que
2065 585 2238 623 suum
2263 588 2434 625 senex
2458 579 2697 641 cogatur
2723 578 2981 633 occidere
3000 582 3026 633 ?
3052 582 3351 643 Quomodo
3379 594 3573 643 autem

1932 656 2213 725 tunicam,
2241 659 2323 711 vel
2360 677 2522 715 escas
2554 680 2690 717 suas
2723 681 2824 734 pro
2856 666 3050 723 divino
3083 687 3279 726 amore
3313 678 3579 747 pauperi-

1933 744 2043 834 bus
2075 746 2210 801 dare
2243 748 2453 807 diﬁ‘ert.
2488 752 2585 819 qui
2624 752 2830 818 ﬁlium,
2865 771 3037 823 quem
3074 775 3243 813 senex
3278 744 3580 834 acceperat

1935 831 2245 897 hwredem,
2269 837 2341 889 ad
2367 838 2692 905 jussionem
2730 844 2976 907 Domini,
3002 848 3202 902 statim
3238 831 3578 909 morti-dare

1936 937 2047 974 non
2074 923 2300 977 distulit
2322 926 2348 978 ?
2378 925 2519 981 Illud
2548 929 2701 983 enim
2727 932 2879 1001 quod
2906 933 3123 988 dictum
3150 942 3255 1003 est,
3285 941 3577 998 arbitrans

1936 1010 2074 1079 quia
2103 1017 2157 1065 et
2187 1029 2220 1066 a
2251 1017 2497 1067 mortuis
2531 1018 2876 1073 resuscitare
2908 1027 3111 1091 potens
3143 1031 3229 1079 est
3262 1031 3431 1093 Deus,
3468 1047 3573 1101 po-

1936 1101 2045 1152 test
2078 1100 2258 1171 accipi
2294 1108 2529 1172 propter
2560 1103 2688 1157 illos
2720 1106 2939 1161 dictum
2973 1127 3119 1179 esse,
3154 1130 3299 1183 quos
3351 1117 3579 1174 volebat

1936 1187 2005 1239 ad
2039 1204 2202 1257 spem
2237 1191 2679 1245 resurrectionis
2710 1195 3016 1261 adducere,
3039 1206 3096 1253 et
3128 1202 3223 1270 qui
3258 1204 3447 1259 dicere
3481 1224 3579 1261 au-

1936 1275 2189 1339 debant;
2244 1278 2381 1347 quia
2434 1285 2563 1349 post
2608 1287 2847 1336 mortem
2886 1286 3053 1339 nobis
3088 1289 3236 1343 bona
3271 1295 3573 1361 promisit;

1936 1363 2201 1454 fortassis
2218 1365 2907 1436 enim,inquiunt,fel'ellit
2928 1376 3322 1432 nos.Ostcndit
3339 1384 3576 1454 quippe,

1936 1450 2074 1521 quia
2102 1468 2171 1505 ex
2203 1455 2447 1509 mortuis
2479 1456 2762 1511 suscitare
2795 1466 2999 1527 potens
3031 1469 3119 1517 est
3150 1465 3301 1521 Deus
3328 1450 3576 1535 gisi—au—r

1935 1544 2051 1593 tem
2085 1556 2151 1594 ex
2183 1544 2428 1598 mortuis
2460 1546 2745 1601 suscitare
2780 1553 2982 1618 potens
3031 1558 3119 1605 est
3166 1554 3342 1626 Deus,
3379 1560 3578 1630 utique

1936 1633 2145 1681 cuncta
2176 1630 2441 1685 restituet
2472 1650 2597 1702 qua:-
2631 1635 2915 1703 promisit.

2007 1740 2033 1763 «ι
2073 1716 2229 1770 Unde
2253 1722 2309 1771 et
2328 1718 2386 1772 in
2416 1722 2687 1789 parabola
2706 1724 2929 1795 accepit
2952 1741 3104 1781 eum.
3129 1752 3154 1777 η
3184 1734 3421 1803 Accepit
3442 1753 3575 1791 eum

1936 1803 1994 1857 in
2028 1805 2362 1874 parabolam
2392 1825 2404 1871 ;
2440 1809 2575 1877 quia
2606 1811 2780 1865 ariete
2812 1814 3001 1869 occiso
3034 1816 3141 1871 istc
3187 1820 3444 1877 salvatus
3493 1833 3582 1880 est

1934 1896 2095 1960 (Gen.
2132 1911 2268 1957 xxii,
2306 1896 2409 1965 13).
2445 1898 2684 1952 Uccisus
2716 1905 2806 1953 est
2840 1905 3021 1968 Isaac,
3057 1913 3342 1975 quantum
3380 1914 3449 1966 ad
3483 1932 3578 1969 vo-

1934 1978 2217 2071 luntatem
2241 1981 2397 2037 illius
2420 1985 2699 2053 pertinuit
2718 2004 2729 2051 ;
2750 1987 2957 2044 deinde
2975 1990 3139 2047 illum
3166 1997 3460 2053 redonavit
3484 2019 3581 2071 pa-

1937 2069 2199 2123 triarchaa
2253 2072 2308 2123 in
2362 2072 2655 2141 parabola,
2709 2075 2765 2129 id
2818 2083 2924 2146 est,
2975 2078 3032 2133 in
3094 2069 3498 2142 similitudine
3527 2095 3585 2145 et

1937 2158 2123 2228 ﬁgura
2142 2159 2429 2228 passionis
2443 2161 2675 2216 Christi.
2695 2164 2755 2217 In
2776 2164 3221 2226 similitudinem
3243 2175 3398 2229 enim
3417 2186 3584 2235 erant

1936 2246 2171 2313 omnia;
2204 2264 2330 2317 quae
2362 2252 2557 2303 tamen
2590 2252 2912 2321 agebantur
2942 2256 2998 2309 in
3030 2258 3351 2327 Abraham,
3381 2266 3578 2321 forma:

1936 2335 2201 2404 quaedam
2235 2341 2419 2405 erant,
2453 2354 2581 2407 quae
2626 2356 2727 2408 pro
2774 2342 2940 2396 nobis
2972 2360 3143 2400 verus
3172 2350 3485 2419 Abraham,
3521 2355 3577 2408 id

1934 2426 2022 2475 est
2042 2422 2194 2477 Deus
2217 2423 2403 2487 Pater,
2432 2424 2488 2477 in
2525 2426 2635 2479 line
2664 2428 2859 2481 saeculi
2892 2446 3060 2500 agere
3094 2434 3358 2491 debebat.
3394 2442 3577 2495 Abra-

1935 2510 2068 2565 ham
2094 2513 2307 2583 quippe
2334 2514 2579 2583 ﬁguram
2608 2515 2704 2569 Dei
2732 2516 2917 2572 Patris
2947 2522 3233 2593 gestabat,
3263 2526 3418 2581 Isaac
3448 2545 3579 2584 vero

1936 2599 2181 2668 ﬁguram
2208 2600 2439 2654 Christi.
2466 2602 2609 2656 Nam
2634 2606 2785 2658 sicut
2805 2606 3096 2663 Abraham
3122 2613 3383 2683 unicum,
3407 2621 3463 2670 et
3492 2618 3577 2671 di-

1934 2687 2144 2742 lectum
2174 2688 2357 2743 filium
2385 2696 2491 2743 Deo
2523 2692 2816 2747 victimam
2841 2696 3088 2764 obtulit;
3126 2699 3204 2753 ita
3228 2701 3379 2757 Deus
3408 2705 3579 2760 Pater

1935 2776 2171 2830 unicum
2194 2778 2401 2832 Filium
2428 2796 2601 2833 suum
2627 2798 2727 2850 pro
2753 2783 2917 2837 nobis
2939 2787 3215 2843 omnibus
3237 2793 3579 2850 tradidit.Et

1934 2865 2085 2919 sicut
2109 2866 2266 2919 Isaac
2294 2866 2416 2936 ipso
2443 2866 2553 2921 sibi
2584 2868 2738 2938 ligna
2762 2874 3047 2944 portabat,
3074 2878 3291 2947 quibus
3317 2888 3441 2936 erat
3473 2901 3577 2937 Im-

1934 2954 2238 3024 ponendus
2255 2971 2266 3019 ;
2282 2954 3055 3029 itaethristusgestabatin
3073 2964 3571 3041 bumerislignum

1934 3043 2145 3107 crucis,
2177 3042 2232 3095 in
2284 3059 2399 3112 quo
2448 3049 2572 3099 erat
2619 3050 3067 3119 crucitigendus.
3103 3055 3267 3110 Aries
3314 3062 3404 3113 est
3443 3078 3574 3117 caro

1933 3129 2166 3184 Christi.
2196 3132 2352 3184 Isaac
2374 3130 2603 3186 oblatus
2628 3138 2734 3199 est,
2760 3141 2815 3189 et
2838 3154 2950 3192 non
2973 3144 3063 3193 est
3090 3141 3449 3215 interfectus,
3474 3152 3575 3205 sed

180 3217 517 3290 9).Abrabae
534 3233 672 3272 vero
689 3220 926 3271 econtra
942 3216 1161 3271 factum
1180 3222 1360 3284 est,et
1383 3224 1587 3275 contra
1613 3220 1829 3291 quippe
1859 3206 1901 3272 C
1938 3218 2088 3273 aries
2118 3224 2348 3273 tantum
2379 3237 2392 3286 ;
2436 3222 2515 3274 ita
2558 3226 2615 3275 et
2658 3222 2923 3279 Christus
2957 3227 3013 3279 in
3047 3231 3317 3298 passione
3347 3206 3577 3293 oblatus

183 3305 639 3379 promissionem
671 3304 723 3359 ei
754 3303 1153 3374 imperabatur
1180 3313 1245 3358 ut
1290 3306 1524 3373 faceret,
1555 3311 1611 3361 et
1640 3324 1827 3378 neque

183 3397 269 3451 sic
298 3395 573 3450 turbatus
603 3397 712 3463 est,
736 3409 924 3465 neque
954 3394 1276 3465 obstupuit,
1303 3411 1405 3450 nec
1437 3412 1498 3452 se
1524 3397 1827 3466 deceptum

187 3483 605 3540 arbitrabatur.
639 3481 754 3537 Vos
785 3486 979 3537 autem
1013 3482 1155 3536 nihil
1188 3488 1347 3538 extra
1378 3485 1826 3555 promissionem

178 3572 474 3645 patimini,
499 3576 559 3627 et
584 3570 1036 3626 conturbamini.
1053 3570 1152 3626 Ille
1176 3588 1306 3627 vero
1330 3574 1619 3628 contraria
1640 3590 1829 3645 repro-

183 3660 454 3717 missioni
486 3660 761 3716 audiebat
790 3659 862 3714 ab
893 3661 1097 3715 eodem
1130 3660 1281 3731 ipso,
1314 3661 1412 3731 qui
1463 3661 1562 3716 illa
1610 3663 1825 3733 promi-

180 3755 359 3817 serat,
393 3755 450 3804 et
501 3766 616 3805 non
664 3750 1143 3804 conturbabatur.
1180 3750 1336 3817 Fide,
1372 3751 1580 3821 inquit,
1616 3751 1828 3805 obtulit

180 3839 480 3895 Abraham
496 3838 831 3902 Isaac.Quid
848 3854 982 3910 ergo
996 3840 1022 3893 ‘2
1037 3839 1343 3910 Ignorabat
1354 3845 1499 3895 Deus
1513 3840 1649 3911 quia
1664 3840 1826 3895 fortis

181 3933 305 3985 erat
324 3928 419 3984 ille
441 3928 547 3995 vir,
561 3931 618 3982 et
640 3927 992 3997 probabilis?
1010 3929 1195 3992 Quare
1214 3944 1349 3999 ergo
1372 3945 1506 3983 eum
1530 3929 1827 3983 tentabat?

179 4018 306 4073 Non
333 4022 396 4072 ut
424 4018 553 4089 ipse
574 4022 969 4088 cognosceret,
994 4017 1092 4071 sed
1128 4022 1193 4071 ut
1221 4016 1351 4072 aliis
1372 4018 1822 4085 demonstraret,

178 4112 237 4162 et
282 4106 657 4162 manifestam
689 4106 816 4174 ejus
848 4104 1250 4159 fortitudinem
1283 4107 1664 4162 constitueret
1694 4107 1823 4161 uni-

172 4196 379 4251 versis.
405 4195 470 4249 In
502 4193 612 4249 hoc
643 4193 768 4248 loco
799 4193 973 4248 etiam
1000 4193 1255 4248 ostendit
1284 4210 1521 4249 causam
1555 4196 1823 4251 tentatio-

172 4301 341 4350 num,
365 4302 437 4341 ne
468 4286 744 4355 putarent
773 4287 1053 4353 tanquam
1084 4282 1393 4337 derelictas
1424 4300 1457 4337 a
1488 4284 1602 4339 Deo
1634 4283 1732 4339 ille
1764 4302 1825 4341 se

169 4372 419 4446 perpeti.
452 4372 509 4426 Si
544 4370 723 4442 igitur
750 4370 832 4426 ita
864 4372 1133 4442 probatos
1164 4370 1516 4426 tentationes
1550 4373 1822 4445 reddunt,

171 4466 243 4516 ut
274 4462 450 4515 etiam
474 4476 590 4515 non
616 4459 901 4515 existente
922 4476 1121 4525 causa,
1148 4458 1302 4515 Deus
1330 4463 1528 4513 tamen
1562 4467 1824 4516 exerceat

170 4566 317 4607 suos
343 4548 617 4617 athletas,
644 4548 828 4603 multo
852 4548 1040 4620 magis
1061 4565 1162 4603 vos
1185 4549 1256 4603 ob
1279 4553 1635 4637 remicuncta
1655 4566 1823 4621 opor-
1856 4574 1901 4637 Β

166 4643 257 4694 tet
290 4637 519 4692 fortiter
549 4637 814 4691 tolerare.
852 4637 1157 4707 Eleganter
1188 4636 1521 4707 exemplum
1555 4638 1717 4692 bonae
1754 4641 1825 4692 ﬁ-

167 4726 269 4782 dei
297 4726 369 4778 ab
400 4724 526 4795 ipso
549 4725 877 4796 patriarcha
898 4726 1125 4779 monuit
1146 4741 1275 4779 esse
1301 4726 1669 4791 discendum,
1697 4744 1824 4799 pro-

164 4830 396 4870 vocans
426 4812 688 4869 videlicet
729 4830 847 4884 eos,
874 4814 973 4885 qui
1006 4814 1074 4869 de
1103 4814 1320 4869 Judteis
1351 4815 1737 4884 crediderant,
1763 4823 1826 4871 ut

167 4902 350 4975 quasi
383 4901 545 4956 bonae
580 4903 811 4957 soboles
842 4904 1014 4973 primi
1065 4907 1123 4958 et
1173 4903 1410 4957 maximi
1441 4904 1531 4958 sui
1566 4908 1824 4975 parentis

166 4994 339 5047 actus
370 4996 779 5062 sequerentur.
806 4992 871 5045 Et
901 4992 1176 5061 quoniam
1209 5008 1327 5062 eos,
1359 5008 1429 5047 ne
1462 4995 1518 5047 in
1552 4995 1820 5050 tentatio-

164 5080 347 5135 nibus
380 5080 718 5145 deﬁcerent,
753 5085 809 5134 et
852 5084 918 5133 ut
946 5081 1120 5134 ﬁdem
1153 5097 1321 5135 suam
1356 5098 1455 5151 per
1484 5098 1659 5151 opera
1691 5100 1821 5153 pro-

162 5169 399 5236 barent,
432 5168 812 5234 admonebat,
847 5167 1081 5239 elegans
1130 5170 1201 5223 de
1254 5169 1585 5239 patriarcha
1630 5170 1826 5240 posuit

163 5257 526 5328 exemplum,
564 5273 669 5327 per
706 5258 854 5327 quod
888 5274 987 5311 eos
1019 5256 1079 5311 in
1109 5263 1357 5327 utraque
1384 5257 1597 5312 virtute
1628 5264 1824 5329 posset

162 5346 499 5401 instituere.
538 5344 675 5406 Quze
708 5344 863 5398 enim
895 5347 1139 5401 tentatio
1172 5347 1379 5416 major,
1412 5347 1667 5417 exceptis
1706 5347 1819 5415 bis,

162 5450 293 5505 quas
326 5435 400 5490 ad
435 5431 662 5505 proprii
694 5432 954 5502 corporis
984 5433 1278 5503 pertinent
1305 5433 1528 5505 plagas,
1563 5434 1821 5490 accidere

1938 3313 2043 3377 est,
2080 3308 2179 3361 sed
2214 3308 2487 3363 divinitas
2518 3309 2901 3380 impassibilis
2946 3317 3181 3371 mansit.

2012 3418 2032 3443 α
2072 3394 2207 3449 Fide
2253 3400 2309 3449 et
2356 3396 2426 3449 de
2474 3396 2685 3451 futuris
2732 3399 3026 3456 benedixit
3074 3405 3252 3473 Isaac,
3294 3408 3471 3466 Jacob
3522 3419 3581 3471 et

1936 3485 2108 3538 Esau.
2139 3506 2165 3532 ››
2198 3484 2450 3553 Futuris,
2475 3502 2589 3539 non
2625 3486 2885 3543 futurum
2910 3492 3187 3549 saeculum
3212 3496 3575 3569 signiﬁcans,

1936 3574 2035 3628 sed
2071 3573 2265 3626 futura
2295 3572 2471 3643 hujus
2502 3574 2720 3641 saeculi,
2753 3577 2823 3631 de
2854 3594 2969 3649 quo
3002 3584 3283 3640 Dominus
3327 3588 3469 3643 dicit
3516 3591 3575 3647 in

1934 3661 2281 3732 Evangelio:
2318 3662 2476 3725 Quod
2512 3686 2538 3711 ‹‹
2566 3663 2734 3719 multi
2769 3668 3084 3739 propheta),
3109 3678 3165 3726 et
3198 3692 3363 3747 reges
3386 3679 3577 3735 volue-

1936 3755 2073 3804 runt
2104 3750 2294 3805 videre
2348 3769 2471 3822 quae
2528 3770 2627 3808 vos
2676 3754 2903 3823 videtis,
2937 3764 2993 3813 et
3042 3778 3153 3816 non
3200 3764 3487 3835 viderunt,
3522 3774 3579 3825 et

1935 3838 2137 3929 audire
2160 3857 2283 3911 qua:
2311 3841 2551 3907 auditis,
2574 3848 2629 3897 et
2661 3860 2773 3898 non
2801 3847 3114 3903 audierunt
3137 3852 3288 3921 (Luc.
3322 3873 3376 3923 x,
3408 3859 3517 3929 24).
3546 3881 3573 3911 ι)

1934 3928 1991 3983 Si
2020 3928 2175 3982 enim
2224 3935 2527 4000 prOpterea
2571 3949 2685 3985 non
2724 3934 3091 3992 revelabatur
3128 3942 3301 3998 Filius
3334 3946 3576 4015 quibus—

1936 4017 2091 4082 dam,
2118 4025 2350 4087 propter
2372 4019 2772 4075 inﬁrmitatem
2800 4039 3023 4093 eorum,
3050 4030 3146 4097 qui
3176 4047 3308 4085 eum
3344 4051 3456 4087 non
3482 4052 3580 4105 po-

1937 4111 2124 4159 terant
2152 4106 2435 4175 excipere,
2458 4113 2857 4163 verumtamen
2894 4111 3009 4167 illis
3041 4115 3139 4183 qui
3175 4118 3405 4173 virtutis
3440 4122 3576 4176 cha-

1936 4194 2101 4247 ritate
2136 4194 2457 4264 fulgebant,
2482 4194 2863 4251 revelabatur.
2891 4199 2958 4252 Et
2989 4200 3095 4255 hoc
3128 4206 3301 4260 etiam
3331 4209 3577 4278 Aposto-

1935 4281 2026 4335 lus
2059 4280 2216 4349 dicit,
2249 4281 2387 4351 quia
2420 4298 2519 4352 per
2550 4283 2721 4336 ﬁdem
2756 4300 2853 4337 eos
2886 4286 3180 4345 benedixit
3213 4294 3408 4350 futura
3439 4313 3578 4367 pras-

1932 4370 2135 4424 videns
2163 4387 2175 4436 ;
2211 4369 2347 4440 quia
2384 4376 2441 4423 et
2469 4370 2647 4425 Jacob
2681 4373 2925 4443 ﬁguram
2959 4376 3189 4445 Christi,
3227 4382 3346 4437 sive
3377 4386 3575 4455 populi

1933 4458 2247 4514 Christiani
2278 4460 2562 4529 gestabat,
2596 4460 2746 4514 Esau
2781 4479 2909 4517 vero
2937 4466 3166 4521 Judaici
3197 4470 3403 4540 (1449).

2005 4570 2032 4595 ‹‹
2066 4547 2203 4601 Fide
2232 4546 2409 4601 Jacob
2441 4548 2715 4615 moriens,
2752 4549 3014 4622 singulos
3058 4555 3313 4612 filiorum
3354 4560 3574 4633 Joseph

1935 4637 2244 4696 benedixit.
2270 4644 2325 4691 et
2346 4638 2607 4692 adoravit
2631 4639 2926 4711 fastigium
2956 4644 3126 4715 virga:
3152 4648 3298 4717 ejus.
3326 4672 3353 4697 ››
3378 4649 3498 4704 Imo
3521 4656 3577 4705 et

1933 4725 2056 4797 ipse
2077 4727 2253 4781 Jacob
2276 4743 2378 4797 per
2399 4728 2572 4781 ﬁdem
2598 4728 2892 4785 benedixit
2917 4732 3180 4803 singulos
3205 4736 3456 4793 ﬁliorum
3474 4739 3575 4794 Jo-

1934 4815 2099 4885 seph,
2132 4815 2430 4886 Ephraim,
2460 4822 2515 4870 et
2546 4818 2896 4882 Manassem,
2921 4821 2976 4876 id
3011 4830 3116 4891 est,
3144 4826 3290 4881 duos
3321 4833 3572 4884 tantum.

1935 4906 2065 4959 Ideo
2088 4904 2303 4975 singuli
2332 4906 2623 4974 dicuntur,
2652 4909 2791 4977 quia
2822 4927 3303 4987 unumquemque
3329 4918 3399 4973 de
3432 4919 3576 4974 duo-

1935 4994 2043 5047 bus
2078 4992 2321 5047 seorsim
2354 4994 2665 5048 benedixit.
2700 4997 2841 5051 Nam
2894 5017 2997 5069 per
3045 5005 3347 5074 majorem,
3382 5006 3438 5060 id
3489 5012 3580 5063 est

1934 5098 2035 5153 per
2066 5082 2393 5145 Manassen,
2427 5082 2800 5150 praeﬁgurare
2832 5088 3013 5142 voluit
3044 5092 3323 5161 populum
3345 5095 3575 5149 Judaao-

1934 5188 2064 5225 rum
2093 5188 2104 5233 ;
2141 5186 2241 5239 per
2271 5167 2556 5221 minorem
2588 5184 2741 5237 vero,
2779 5178 3059 5245 populum
3091 5180 3574 5237 Christianorum.

1933 5259 2193 5313 Duorum
2212 5255 2364 5308 enim
2388 5253 2637 5306 ﬁliorum
2666 5256 3123 5320 benedictionem
3149 5270 3310 5339 prius
3326 5286 3580 5325 comme-

1934 5360 2160 5401 morare
2183 5341 2461 5404 voluit,ut
2482 5354 2583 5408 per
2602 5341 2903 5414 fastigium
2927 5352 3096 5422 virga:
3121 5356 3416 5411 adoranda
3436 5358 3579 5413 ﬁdes

1934 5434 2083 5503 ejus,
2108 5433 2163 5484 et
2191 5427 2498 5499 prophetia
2528 5429 2951 5491 ostenderetur.
2982 5438 3045 5492 In
3076 5440 3239 5511 virga
3268 5444 3426 5498 enim
3458 5444 3577 5513 illa,

229 5540 415 5612 (1449)
438 5540 536 5621 ,Ειι
565 5537 1140 5628 βιέἱξξέίὲοὲίὶίρρξφ
1159 5542 1441 5628 υῃρεξςᾳξῐι
1471 5538 1531 5594 in
1572 5556 1640 5595 ea
1678 5541 1855 5600 verba
1881 5556 2030 5599 vers.
2067 5536 2131 5591 12
2162 5533 2339 5605 hujus
2368 5546 2520 5603 cap.,
2550 5537 2776 5605 propter
2807 5542 2945 5616 quod
2973 5547 3023 5602 et
3048 5543 3116 5602 ab
3145 5561 3253 5606 uno
3282 5550 3393 5611 orti
3420 5555 3576 5628 sunt,

162 5615 223 5674 et
239 5606 531 5690 superius
563 5606 848 5669 traditam
878 5609 1128 5670 maxime
1156 5609 1425 5671 fulciunt.
