3966 6210
433 276 550 337 803

1448 273 1786 333 ATTONIS
1832 271 2419 333 VERCELLENSIS
2469 271 2818 334 EPISCOPI

3731 276 3836 357 eoi

430 408 688 463 lutarent
717 423 834 461 eos.
871 407 950 460 Ex
982 404 1323 476 metaphora
1344 405 1747 476 navigantium
1773 405 1879 459 hoc
1899 404 2066 470 dixit,
2100 409 2152 472 Α
2185 404 2241 458 in
2275 405 2420 458 actis
2452 405 2857 460 nefandorum.
2887 405 2996 458 Sed
3024 403 3106 458 illi
3126 404 3205 458 ita
3226 407 3392 458 erant
3415 403 3579 471 clari,
3605 404 3690 459 ita
3709 421 3836 460 con-

431 497 569 567 quia
600 514 632 550 a
662 495 832 567 longe
855 493 1217 566 prospiciunt
1238 493 1599 548 desideratas
1623 493 1904 557 civitates,
1931 509 2077 563 quas

429 591 742 656 antequam
776 583 1198 654 ingrediantur,
1233 581 1584 636 salutatione
1613 581 1995 652 praeveniunt,
2023 585 2079 634 et

427 690 525 728 eas
547 673 655 728 sibi
682 671 998 726 familiares
1021 669 1692 740 efﬁciunt.Aspiciebant
1709 671 1766 723 in
1791 670 1926 735 ﬁde,
1951 687 2078 723 con-

427 762 742 816 ﬁtebantur
763 761 819 814 in
842 759 1232 822 sermonibus,
1253 758 1391 830 quia
1409 759 1721 829 peregrini,
1738 762 1792 811 et
1817 757 2075 828 hospites

425 854 609 920 erant,
632 854 697 903 ut
717 848 998 919 scriptum
1021 853 1136 902 est:
1159 847 1503 918 Peregrinus
1525 863 1677 916 sum,
1699 847 1851 900 sicut
1871 862 2074 899 omnes

425 943 619 1010 patres
667 938 779 992 mei
831 940 878 1006 (I
903 942 1041 991 Par.
1074 953 1228 1002 XXIX,
1266 937 1330 989 15
1365 954 1377 1002 ;
1437 935 1563 990 Gen.
1597 953 1760 1004 XXIII,
1795 936 1861 1000 4;
1914 935 2067 989 Psal.

423 1043 658 1090 xxxvm,
694 1025 800 1095 13).
835 1024 942 1080 Ubi
992 1028 1188 1079 autem
1240 1024 1547 1078 confitetur
1590 1022 1881 1077 Abraham
1915 1023 2069 1093 quod

422 1114 787 1188 peregrinus,
823 1118 880 1170 et
917 1114 1132 1185 hospes
1189 1113 1284 1179 sit,
1321 1129 1555 1167 necesse
1604 1115 1692 1166 est
1730 1111 2067 1181 inquirere;

419 1203 685 1259 fortassis
715 1203 870 1258 enim
905 1203 1080 1257 etiam
1107 1203 1298 1272 ipsum
1333 1201 1438 1255 hoc
1458 1202 1787 1255 confessum
1822 1216 1948 1253 esse
1980 1217 2065 1254 re-

418 1294 730 1364 periemus.
751 1292 1065 1346 Confessus
1087 1295 1280 1344 tamen
1297 1289 1598 1354 estDavid,
1616 1288 1766 1342 sicut
1788 1289 2063 1352 diximus;

420 1381 559 1452 quia
589 1380 952 1451 peregrinus,
987 1379 1195 1448 inquit,
1248 1381 1406 1441 sunt,
1458 1377 1609 1431 sicut
1641 1393 1842 1430 omnes
1873 1380 2065 1446 patres

421 1469 571 1535 mei;
598 1468 939 1539 peregrinus
961 1484 994 1521 a
1016 1481 1252 1537 peregre
1284 1464 1704 1535 proficiscendo
1729 1464 1940 1519 dictus.
1964 1464 2064 1519 Pe-

419 1573 652 1628 ragrare
674 1557 852 1620 enim,
876 1554 1280 1626 perambulare
1308 1553 1559 1608 dicimus
1584 1571 1598 1620 ;
1623 1553 1762 1623 quia
1789 1553 1845 1606 in
1874 1553 2059 1607 taber-

417 1643 642 1698 naculis
666 1644 1028 1706 habitabant,
1052 1643 1150 1713 qui
1173 1641 1439 1713 sepulcra
1463 1641 1724 1712 pecuniis
1757 1658 2060 1712 compara-

417 1732 579 1787 bant.
613 1735 842 1787 Certum
866 1736 954 1786 est
980 1731 1254 1801 quoniam
1281 1730 1565 1801 peregrini
1591 1735 1775 1794 erant,
1802 1733 1864 1782 ut
1885 1729 2057 1783 etiam

415 1838 519 1877 nec
549 1820 648 1876 ubi
679 1820 990 1891 sepelirent
1021 1836 1157 1874 suos
1191 1819 1492 1873 haberent.
1545 1819 1690 1883 Quid
1744 1830 1828 1872 est
1876 1835 2010 1888 ergo
2033 1819 2059 1872 ‘?

413 1909 686 1980 Nunquid
721 1908 877 1962 illius
911 1912 1096 1975 terrae,
1123 1909 1179 1961 in
1212 1924 1328 1978 qua
1357 1906 1652 1962 Palaestini
1683 1910 1868 1975 erant,
1903 1907 2058 1960 dice-

411 1999 550 2052 bant
581 2014 642 2052 se
673 1996 1009 2069 peregrinos
1040 1995 1214 2050 esse?
1263 1996 1637 2066 Nequaquam
1671 2013 1683 2060 ;
1731 1996 1830 2049 sed
1876 1996 2057 2050 totius

409 2086 635 2141 mundi.
673 2086 739 2140 Et
771 2085 997 2140 merito.
1022 2084 1175 2138 Nihil
1212 2084 1428 2155 quippe
1449 2083 1885 2154 conspiciebant
1909 2083 1966 2137 in
1991 2100 2056 2138 eo

406 2191 629 2244 eorum,
654 2192 780 2246 qum
805 2173 1095 2238 volebant,
1112 2174 1209 2228 sed
1234 2172 1431 2228 omnia
1453 2189 1776 2244 peregrma,
1793 2177 1848 2226 et
1869 2171 2057 2228 aliena

405 2262 520 2317 illis
552 2268 738 2328 erant,
772 2264 870 2332 qui
921 2262 1195 2316 virtutem
1234 2261 1328 2316 Dei
1387 2261 1572 2316 colere
1621 2261 2051 2316 desiderabant.

406 2351 728 2420 Quomodo,
764 2350 974 2420 inquit,
1017 2349 1307 2421 peregrini
1339 2349 1548 2403 erant?
1593 2350 1715 2403 Non
1767 2354 1890 2403 erat
1919 2349 2054 2402 dili-

405 2437 600 2508 gentia
629 2454 828 2492 eorum
861 2438 1013 2490 circa
1044 2455 1130 2503 ea,
1165 2454 1292 2507 quae
1324 2437 1504 2507 hujus
1537 2438 1743 2491 mundi
1791 2443 1963 2491 sunt:
2001 2442 2055 2492 et

405 2525 514 2580 hoc
546 2542 661 2579 non
693 2525 883 2579 verbis
916 2525 1126 2594 solum,
1162 2525 1262 2578 sed
1319 2524 1494 2578 etiam
1553 2526 1725 2578 rebus
1775 2525 1939 2595 ipsis,
1998 2529 2055 2579 et

404 2613 678 2684 operibus
709 2613 1213 2668 demonstrabant.
1249 2613 1404 2666 Dixit
1453 2617 1602 2666 Deus
1633 2613 1875 2666 Abrahze
1904 2631 1915 2666 :
1951 2614 2049 2667 Exi

405 2703 475 2756 de
507 2706 660 2755 terra
693 2706 812 2764 tua,
847 2718 973 2771 quae
1000 2702 1318 2771 putabatur
1347 2716 1473 2754 esse
1501 2699 1703 2770 patria.
1732 2701 1941 2754 Statim
1965 2718 2052 2755 ex-

404 2789 526 2858 ivit,
559 2795 757 2844 etnon
801 2794 886 2844 est
936 2793 1194 2843 retentus
1246 2805 1442 2842 amore
1501 2789 1888 2858 propriorum,
1949 2790 2048 2843 sed

406 2879 559 2932 sicut
579 2878 920 2950 peregrinus
943 2893 1216 2949 egressus
1239 2882 1348 2946 est,
1382 2877 1481 2930 sed
1513 2877 1668 2930 venit
1697 2877 1764 2930 ad
1800 2876 2046 2932 alienum

405 2972 643 3022 terram.
677 2967 830 3022 Dixit
858 2966 947 3021 ei:
973 2966 1127 3020 Oii‘er
1156 2965 1301 3019 mihi
1354 2965 1536 3019 filium
1569 2969 1758 3020 tuum.
1792 2965 1886 3020 Sic
1914 2983 2047 3020 eum

402 3056 614 3111 obtulit
629 3061 907 3129 tanquam
923 3056 969 3112 si
987 3072 1102 3110 non
1119 3054 1422 3110 habuisset
1435 3054 1752 3108 humanam
1776 3058 2046 3109 naturam

2193 493 2431 547 ﬁdentia
2455 494 2710 562 pleni,ut
2734 511 2847 548 non
2871 493 3350 556 confunderetur,
3367 510 3500 548 cum
3525 510 3734 548 eorum
3755 511 3836 550 vo-

2189 586 2418 636 caretur
2439 583 2611 637 Deus.
2634 583 2856 636 Dicitur
2870 582 3024 637 enim
3053 587 3202 636 Deus
3221 587 3404 649 terrm,
3430 588 3485 636 et
3506 581 3668 636 Deus
3690 585 3831 653 coeli,

2188 669 2478 739 siquidem
2510 676 2566 725 et
2598 676 2746 725 Deus
2779 671 3060 743 gentium.
3096 675 3153 725 et
3175 687 3287 726 non
3320 670 3512 726 solum
3547 671 3831 743 gentium,

2186 758 2284 811 sed
2318 758 2496 812 totius
2527 759 2751 828 mundi,
2785 760 2922 830 quia
2954 760 3077 830 ipse
3109 759 3390 826 condidit,
3422 765 3479 814 et
3509 763 3835 816 construxit

2184 845 2415 913 omnia;
2452 852 2785 902 sanctorum
2813 864 2943 906 vero
2967 847 3201 902 illorum
3225 865 3338 902 non
3363 848 3446 903 sic
3467 849 3709 920 dicitur,
3737 852 3831 906 scd

2183 934 2337 989 sicut
2366 936 2610 991 amicus.
2637 937 2860 991 Dicitur
2882 941 2938 990 et
2968 953 3123 990 nunc
3154 935 3457 1008 Dominus,
3491 942 3648 994 Deus
3680 939 3835 994 Chri-

2182 1023 2532 1091 stianorum,
2566 1031 2621 1080 et
2652 1031 2847 1080 tamen
2871 1025 3095 1080 excedit
3116 1025 3222 1080 hoc
3241 1042 3453 1080 nomen
3480 1025 3828 1098 dignitatem

2181 1117 2462 1168 nostram.

2251 1223 2277 1248 ‹‹
2313 1201 2448 1255 Fide
2479 1202 2693 1256 obtulit
2715 1203 3006 1256 Abraham
3039 1205 3213 1269 Isaac,
3238 1220 3371 1258 cum
3405 1208 3753 1275 tentaretur,
3777 1213 3830 1263 et

2179 1288 2547 1359 unigenitum
2589 1290 3000 1361 oll‘erebat,qui
3043 1297 3381 1361 susceperat
3417 1294 3825 1363 repromissio-

2178 1393 2308 1440 nes;
2330 1378 2398 1432 ad
2420 1395 2591 1448 quem
2608 1379 2825 1432 dictum
2841 1382 2958 1432 est:
2981 1379 3127 1444 Quia
3144 1379 3202 1432 in
3226 1379 3383 1434 Isaac
3397 1381 3705 1436 vocabitur
3721 1384 3823 1437 tibi

2175 1483 2396 1535 semen,
2422 1468 2711 1521 arbitrans
2733 1467 2871 1537 quia
2891 1470 2946 1521 et
2967 1485 2999 1520 a
3023 1467 3272 1521 mortuis
3293 1469 3581 1524 suscitare
3615 1476 3820 1542 potens

2173 1559 2260 1609 est
2293 1559 2458 1609 Deus.
2488 1581 2507 1606 ν
2564 1556 2864 1626 Siquidem
2897 1556 2953 1608 in
2989 1572 3103 1609 uno
3135 1556 3456 1626 eodemque
3489 1557 3639 1612 facto
3672 1561 3821 1615 beati

2171 1643 2458 1697 Abraham
2473 1686 2483 1708 ,
2498 1643 2678 1698 Jacob
2700 1660 2943 1714 operum
2963 1644 3090 1713 ejus
3110 1643 3816 1718 magniﬁcentiamUMB),

2172 1731 2385 1786 Paulus
2407 1732 2535 1786 {idei
2559 1732 2945 1786 constantiam
2969 1731 3248 1801 laudavit,
3273 1748 3378 1787 nec
3403 1737 3598 1788 tamen
3623 1735 3817 1808 dispa-

2170 1836 2311 1889 rem,
2337 1821 2742 1892 diversamque
2769 1839 2801 1875 a
2821 1821 3036 1875 Jacobo
3061 1821 3302 1892 protulit
3335 1822 3552 1879 Paulus
3581 1831 3815 1880 senten-

2168 1907 2329 1961 tiam.
2352 1909 2622 1962 Sciebant
2645 1926 2897 1980 namque
2920 1911 3091 1963 ambo
3113 1911 3266 1980 quod
3291 1911 3581 1966 Abraham
3600 1917 3657 1968 et
3681 1914 3812 1982 ﬁde,

2167 1996 2509 2066 etoperibus
2529 2001 2651 2051 erat
2674 1997 2995 2068 perfectus;
3016 2002 3072 2052 et
3093 1997 3220 2052 ideo
3236 1999 3472 2069 quisque
3494 2000 3723 2056 illorum
3751 2003 3816 2056 il-

2166 2081 2278 2135 lam
2298 2083 2484 2154 magis
2499 2083 2557 2137 in
2571 2099 2636 2138 eo
2654 2084 2931 2138 virtutem
2949 2085 3418 2156 prazdicavit,qua
3431 2103 3566 2142 suos
3580 2089 3810 2145 audito-

2167 2186 2257 2222 ris
2280 2170 2534 2241 amplius
2566 2170 2826 2242 indigere
2859 2173 3170 2244 prospexit.
3201 2174 3346 2236 Quia
3373 2174 3521 2229 enim
3551 2176 3813 2234 Jacobus

2166 2255 2280 2309 illis
2304 2258 2618 2326 scribebat,
2637 2260 2734 2329 qui
2762 2261 2933 2314 tidem
2951 2261 3075 2315 sine
3097 2261 3371 2332 operibus
3384 2263 3627 2319 otiosam
3651 2271 3809 2321 tene-

2165 2344 2324 2414 bant,
2349 2352 2673 2418 opportune
2697 2347 2835 2402 illud
2859 2349 3103 2419 protulit
3125 2350 3477 2422 exemplum,
3500 2351 3558 2407 in
3584 2355 3812 2424 quoilla

2164 2435 2456 2505 przecipua
2478 2436 2894 2507 ﬁdesAbrahaa,
2911 2455 3036 2508 qua:
3052 2445 3106 2493 et
3131 2441 3804 2512 prius,Scripturateste,

2160 2521 2396 2577 laudata
2417 2529 2524 2589 est,
2550 2530 2872 2596 appareret,
2899 2527 3036 2596 quia
3057 2543 3172 2580 non
3198 2529 3382 2582 otiosa
3405 2530 3536 2599 ejus
3557 2529 3617 2584 in
3640 2534 3806 2588 corde

2163 2613 2498 2680 torpuisset,
2524 2614 2623 2666 sed
2649 2615 2717 2666 ad
2746 2613 3134 2668 obediendum
3159 2615 3373 2671 divinis
3401 2616 3804 2691 imperiisjam

2161 2705 2430 2770 prompta
2461 2702 2782 2771 flagrasset.
2837 2703 2980 2764 Quia
3008 2720 3140 2757 vero
3190 2705 3405 2759 Paulus
3457 2707 3800 2782 instruebat,

2160 2789 2258 2858 qui
2291 2789 2414 2843 sine
2446 2791 2630 2860 gratia
2651 2791 2780 2844 fidei
2808 2791 2877 2844 de
2900 2791 3024 2846 suis
3043 2809 3104 2846 se
3125 2793 3478 2848 extollebant
3509 2798 3802 2867 operibus,

2159 2878 2410 2931 ostendit
2443 2879 2579 2948 quia
2613 2879 2737 2933 sine
2761 2879 2870 2933 lide
2902 2879 3264 2950 impossibile
3294 2887 3382 2935 est
3412 2883 3528 2938 Deo
3555 2885 3800 2956 placere.

2156 2968 2344 3036 Atque
2376 2967 2445 3020 ad
2480 2967 2967 3039 redarguendam,
3021 2970 3544 3042 corrigendamque
3603 2991 3802 3031 eorum

2156 3055 2564 3123 temeritatem,
2581 3056 2834 3111 collectis
2857 3057 3119 3112 omnium
3137 3059 3601 3128 patriarcharum
3617 3080 3806 3120 exem-

405 3165 432 3198 ι
463 3145 570 3210 Qui
593 3144 746 3200 enim
770 3145 877 3201 hoc
896 3144 1117 3214 dicunt,
1144 3144 1479 3216 signiﬁcant
1499 3160 1560 3198 se
1584 3142 1828 3214 patriam
1851 3142 2042 3214 inqui-
2079 3139 2120 3204 C
2163 3143 2291 3214 plis,
2328 3143 2634 3199 manifeste
2651 3145 2883 3200 edocuit
2914 3144 3051 3216 quia
3072 3163 3274 3201 omnes
3306 3151 3644 3207 testimonio
3668 3154 3802 3210 fidei

399 3249 524 3290 rere
550 3254 564 3303 ;
594 3258 615 3284 ι
651 3235 709 3289 id
740 3238 849 3302 est,
874 3233 1187 3288 caelestem.
1212 3232 1281 3286 Et
1302 3248 1373 3286 ne
1395 3231 1526 3302 quis
1557 3231 1775 3285 diceret
1795 3232 2042 3302 patriam

396 3340 525 3380 esse
554 3329 764 3379 terram
796 3322 1221 3391 Chaldaorum,
1257 3319 1518 3374 addidit:
1563 3342 1590 3368 «
1625 3319 1691 3376 Et
1722 3319 1770 3374 si
1802 3320 2038 3391 quidem

393 3412 552 3468 illius
576 3412 1004 3475 meminissent,
1020 3411 1090 3466 de
1104 3426 1220 3482 qua
1241 3409 1514 3477 exierant,
1535 3408 2041 3481 habebantutique

393 3506 628 3572 tempus
660 3500 980 3556 revertendi
1007 3518 1019 3554 ε
1057 3522 1084 3550 ››
1119 3499 1173 3553 id
1199 3502 1306 3564 est,
1337 3497 1631 3552 habebant
1660 3497 1917 3568 spatium
1951 3515 2036 3552 re-

391 3589 651 3643 vertendi
683 3589 740 3641 in
774 3587 1122 3653 Chaldzeam,
1149 3587 1301 3640 unde
1333 3591 1389 3640 et
1414 3586 1670 3651 fuerunt,
1697 3587 1795 3640 sed
1832 3586 2038 3640 melio-

391 3693 516 3731 rem
550 3680 852 3747 appetunt,
900 3676 956 3729 id
989 3679 1095 3745 est,
1143 3675 1435 3730 ccelestem
1468 3674 1812 3729 Jerusalem.
1846 3675 2037 3729 Prima

391 3765 580 3820 virtus
609 3769 716 3835 est,
749 3764 1122 3835 peregrinum
1151 3780 1277 3818 esse
1301 3763 1503 3817 mundi
1536 3763 1732 3833 hujus,
1759 3768 1815 3817 et
1846 3763 2036 3834 hospi-

387 3857 526 3924 tem,
552 3858 608 3909 et
639 3853 786 3909 nihil
821 3868 1133 3908 commune
1165 3851 1378 3906 habere
1407 3868 1541 3905 cum
1589 3851 1822 3922 regibus
1857 3851 2034 3922 hujus

388 3941 603 4009 seculi,
629 3942 908 3998 removeri
933 3941 1002 3996 ab
1027 3942 1131 4007 eis,
1148 3939 1297 3995 sicut
1316 3940 1678 4012 peregrinus.
1705 3939 1816 3994 Iste
1838 3946 2031 3995 autem

385 4031 654 4104 egregius
675 4032 1017 4103 praedicator
1041 4048 1152 4085 non
1182 4029 1552 4101 peregrinum
1578 4030 1837 4100 seipsum
1866 4031 2030 4094 dixit,

383 4120 483 4176 sed
519 4126 814 4175 mortuum
849 4120 1087 4174 mundo.
1123 4119 1453 4184 «Mundus,
1485 4118 1694 4189 inquit,
1720 4117 1864 4172 mihi
1897 4134 2027 4172 cru-

381 4208 585 4263 ciﬁxus
617 4214 724 4276 est,
759 4213 816 4264 et
847 4225 950 4280 ego
980 4208 1198 4262 mundo
1231 4206 1381 4277 (Gal.
1414 4224 1490 4274 v1,
1528 4208 1632 4276 14).

459 4317 481 4345 ε
517 4297 648 4353 Ideo
673 4315 786 4353 non
805 4297 1182 4352 conl'unditur
1203 4295 1355 4350 Deus
1379 4294 1568 4350 vocari
1591 4295 1743 4350 Deus
1769 4295 2022 4360 illorum;

376 4386 602 4456 paravit
624 4386 780 4442 enim
824 4385 944 4440 illis
975 4384 1268 4439 civitatem
1302 4387 1563 4435 sanctam
1606 4382 1809 4451 (1447).
1849 4405 1874 4430 ››
1907 4387 2020 4435 Ma-

2156 3232 2379 3304 probati
2404 3237 2560 3287 sunt.
2579 3233 2739 3288 Unde
2761 3238 2817 3288 et
2833 3233 3163 3304 specialiter
3182 3236 3252 3290 de
3276 3237 3572 3295 Abraham
3605 3242 3804 3298 intulit

2154 3320 2293 3391 quia
2325 3321 2436 3375 fide
2484 3323 2714 3376 offerret
2754 3327 2935 3390 Isaac,
2970 3323 3282 3392 arbitrans,
3325 3326 3538 3399 inquit,
3575 3331 3713 3401 quia
3744 3340 3800 3388 et.

2152 3415 2415 3464 mortuos
2447 3410 2728 3466 suscitare
2759 3416 2963 3482 potens
2993 3416 3082 3468 est
3111 3412 3286 3468 Deus.
3311 3414 3630 3486 Conjunxit
3660 3437 3796 3493 ergo

2150 3515 2297 3570 opus
2329 3500 2484 3565 fidei,
2518 3501 2615 3570 qui
2649 3501 2775 3555 ideo
2807 3500 2990 3554 filium
3017 3518 3152 3556 mox
3191 3503 3395 3559 offerre
3420 3505 3623 3576 voluit,
3657 3511 3795 3581 quia

2148 3588 2330 3643 Deum
2357 3588 2513 3642 hunc
2536 3590 2812 3644 continuo
2836 3591 3319 3646 resuscitaturum
3342 3610 3469 3649 esse
3499 3599 3794 3668 credebat;

2147 3677 2273 3730 ideo
2309 3681 2500 3732 autem
2526 3677 2681 3732 hunc
2705 3682 2836 3749 post
2857 3685 3102 3734 mortem
3127 3697 3161 3734 a
3183 3687 3291 3736 Deo
3315 3685 3795 3745 resuscitandum

2145 3781 2272 3820 esse
2303 3766 2592 3831 credebat,
2626 3766 2763 3836 quia
2791 3783 2992 3822 verum
3025 3769 3298 3825 credebat
3325 3785 3453 3826 esse
3493 3777 3650 3846 quod
3683 3795 3794 3832 au-

2145 3854 2350 3921 dierat,
2384 3854 2522 3924 quia
2568 3855 2625 3908 in
2663 3856 2821 3909 Isaac
2866 3856 3168 3920 vocabitur
3215 3859 3320 3912 tibi
3353 3877 3576 3918 semen.
3632 3866 3795 3923 Sicut

2143 3943 2298 3996 enim
2331 3942 2575 3997 credidit
2596 3959 2708 3997 non
2742 3960 2844 4014 per
2867 3946 3150 4000 rationem
3182 3946 3526 4016 humanam,
3564 3954 3702 4023 quia
3727 3973 3798 4011 ex

2141 4029 2312 4083 vulva
2343 4034 2591 4094 mortua,
2617 4035 2671 4084 et
2702 4047 2858 4098 sene,
2884 4031 3366 4105 licetineptajam
3401 4037 3554 4093 facta
3583 4042 3654 4096 ad
3689 4059 3797 4115 ge-

2142 4119 2490 4184 nerandum,
2522 4119 2736 4173 donare
2761 4120 3044 4189 potuisset
3086 4123 3308 4190 ﬁlium;
3339 4125 3421 4180 ita
3451 4127 3631 4183 etiam
3665 4131 3798 4202 ipsa

2140 4205 2252 4259 fide
2275 4205 2529 4259 occisum
2554 4206 2900 4262 resuscitare
2917 4210 3182 4264 credidit.
3209 4211 3440 4267 Sciebat
3460 4217 3796 4276 certissime

2137 4293 2316 4348 Deum
2370 4294 2487 4348 falli
2537 4312 2649 4350 non
2685 4313 2878 4366 posse,
2922 4303 2999 4365 et,
3035 4298 3166 4355 licet
3220 4318 3364 4372 puer
3401 4305 3794 4377 occideretur,

2136 4382 2584 4453 promissionem
2619 4390 2815 4439 tamen
2849 4386 2948 4441 Dei
2982 4387 3198 4442 salvam
3225 4405 3589 4460 permanere.
3626 4396 3794 4454 Unde

375 4490 555 4544 gnum
589 4475 698 4530 hoc
725 4479 834 4541 est,
866 4480 924 4528 et
952 4488 1081 4526 vere
1114 4485 1417 4566 magnum,
1449 4469 1731 4567 etmniultze
1771 4470 2024 4524 beatitu-
2055 4503 2103 4567 D
2135 4476 2190 4525 et
2218 4471 2312 4525 hic
2343 4473 2657 4542 Apostolus
2687 4490 2790 4544 per
2836 4475 3109 4546 spiritum
3161 4477 3263 4532 Dei
3297 4480 3586 4538 didicerat
3633 4487 3794 4556 quod

378 4563 531 4618 dinis
564 4563 866 4617 indicium.
893 4561 1224 4614 Laudemus
1246 4573 1381 4627 ergo
1406 4557 1912 4628 iuell‘abiliterejus
1935 4576 2023 4614 es-

373 4650 647 4718 sentiam,
681 4655 738 4703 et
763 4663 1030 4702 amemus
1061 4644 1544 4713 misericordiam,
1571 4646 1724 4714 quod
1749 4645 2022 4716 dignatus

373 4743 463 4792 est
493 4737 704 4790 habere
736 4752 948 4790 nomen
978 4731 1407 4797 misericordiae,
1434 4731 1678 4787 dicendo
1703 4751 1715 4788 :
1744 4736 1858 4806 Ego
1888 4754 2020 4792 sum

376 4827 526 4880 Deus
558 4823 867 4893 Abraham,
892 4828 950 4877 et
987 4822 1142 4876 Deus
1165 4821 1343 4886 Isaac,
1366 4825 1422 4875 et
1470 4821 1623 4876 Deus
1655 4823 1852 4889 Jacob,
1885 4843 2018 4882 cum

371 4913 449 4966 sit
481 4927 690 4966 nomen
724 4913 852 4983 ejus
880 4917 1180 4967 aeternum.
1229 4910 1503 4965 Confusio
1549 4912 1762 4984 quippe
1793 4913 1876 4968 illi
1909 4923 2014 4984 est,

281 4996 285 5000 ’
371 5000 607 5073 quando
630 5000 1020 5074 malignorum
1047 4999 1353 5054 hominum
1370 5005 1520 5055 Deus
1537 5008 1793 5072 vocatur,
1814 5009 1870 5057 et
1887 5021 2018 5059 con-

369 5088 562 5146 fundit
575 5088 704 5146 illos
719 5091 892 5146 etiam
910 5090 1212 5163 ipse,sicut
1226 5088 1379 5143 enim
1395 5090 2013 5162 glorificatur,quando

369 5179 850 5250 benignorum,et
871 5180 1224 5252 optimorum
1249 5177 1554 5233 hominum
1579 5186 1817 5235 vocatur
1842 5183 2010 5248 Deus,

366 5272 424 5322 et
452 5267 764 5325 colentium
796 5270 1094 5336 virtutem,
1127 5267 1211 5322 sic
1242 5282 1272 5321 e
1303 5269 1590 5322 contrario
1636 5269 2012 5326 confunditur

434 5389 620 5530 214/17)
649 5393 983 5463 Epithetum
1008 5397 1258 5446 sanctam
1285 5390 1458 5462 Vulg.
1494 5409 1609 5447 non
1640 5392 1837 5447 habet.

462 5459 620 5530 1448)
647 5464 849 5520 Jacobi
880 5463 1103 5520 scilicet
1131 5461 1380 5530 apostoli
1410 5465 1540 5518 laus
1577 5464 1837 5518 Abrahae

462 5459 620 5540 1448)
647 5459 849 5544 Jacobi
880 5463 1115 5544 scilicet
1131 5461 1380 5544 apostoli
1407 5459 1883 5544 lauanAbrahAam‘
1902 5467 2006 5544 tri-

359 5529 505 5592 buta
532 5529 800 5594 inbuitur
827 5535 887 5602 in
918 5537 1047 5608 ejus
1075 5529 1335 5620 Epistola
1355 5532 1640 5592 catholica
1660 5551 1722 5606 ιι,
1745 5535 1811 5590 21
1836 5539 1893 5593 et
1912 5538 2004 5608 23,

2136 4559 2330 4614 animo
2362 4559 2661 4616 habuisset
2684 4563 2974 4618 Abraham
3000 4567 3150 4620 intra
3171 4582 3250 4632 se,
3278 4567 3418 4622 dum
3450 4570 3630 4626 fidem
3659 4576 3794 4644 ejus

2135 4647 2449 4713 laudando,
2481 4650 2659 4703 dicit:
2723 4651 2890 4705 Fides
2946 4653 3240 4709 Abraham
3303 4673 3416 4710 non
3472 4657 3790 4728 haesitavit,

2132 4753 2264 4792 cum
2291 4738 2527 4792 unicum
2553 4739 2804 4805 offerret,
2830 4741 2886 4794 in
2911 4757 3026 4811 quo
3053 4749 3350 4813 acceperat
3373 4751 3790 4817 repromissio-

2131 4842 2253 4893 nes,
2288 4826 2549 4897 cogitans
2580 4827 2718 4898 quia
2746 4834 2852 4883 eta
2883 4831 3130 4885 mortuis
3150 4847 3281 4886 eum
3303 4836 3662 4894 resuscitare
3685 4857 3789 4911 po-

2127 4919 2256 4970 tens
2288 4921 2377 4970 est
2410 4921 2578 4971 Deus.
2614 4916 2756 4972 Vere
2788 4933 3001 4990 magna
3046 4925 3169 4974 erat
3220 4921 3365 4977 fides
3410 4925 3688 4983 Abrahae.
3725 4930 3789 4984 In

2124 5003 2264 5059 Abel
2297 5004 2530 5077 quippe,
2556 5010 2612 5060 et
2634 5006 2849 5073 Enoch,
2902 5013 2958 5062 et
2979 5008 3094 5064 Noe
3125 5009 3494 5068 ratiocinatio
3526 5023 3694 5084 erat;
3729 5017 3791 5072 in

2125 5094 2412 5149 Abraham
2435 5100 2630 5149 autem
2656 5095 3126 5152 ratiocinationes
3145 5100 3418 5156 excedere
3449 5102 3790 5162 videbatur.

2123 5184 2265 5237 Nam
2292 5189 2578 5255 praecepta
2599 5184 2814 5256 quippe
2837 5184 2936 5240 Dei
2960 5202 3094 5240 cum
3121 5189 3424 5260 praeceptis
3448 5189 3690 5264 litigare
3713 5197 3793 5250 vi-

2121 5272 2448 5340 debantur;
2483 5277 2539 5326 et
2569 5273 2713 5328 ﬁdes
2741 5274 2873 5328 fidei
2908 5276 3311 5345 repugnabat;
3346 5283 3403 5332 et
3427 5284 3793 5340 mandatum

2119 5395 2220 5450 ubi
2242 5394 2502 5470 primum
2539 5412 2746 5470 _opera,
2777 5412 2926 5452 vers.
2959 5396 3185 5455 scilicet
3211 5400 3277 5455 21
3309 5417 3322 5470 ;
3372 5401 3594 5462 deinde
3637 5408 3793 5466 ﬁdes

2115 5481 2265 5522 vers.
2297 5466 2387 5536 23,
2419 5466 2753 5524 laudantur.
