3966 6210
146 340 277 402 805

738 338 1155 402 EXPOSITIO
1202 340 1278 400 IN
1324 340 1754 403 EPISTULAS
1803 343 2055 404 PAULI.
2091 377 2166 391 —-
2207 348 2281 407 IN
2330 348 2575 411 EPIST.
2624 354 2725 413 AD
2772 356 3002 416 HEBR.

3455 368 3571 427 806

152 473 264 528 Dei
298 474 424 527 erat
453 470 896 541 repromissioni
930 472 1311 535 contrarium,
1345 477 1408 527 ut
1439 477 1599 543 puta,
1634 474 1813 528 veluti
1843 488 1897 551 Α
1930 482 2137 546 potest,
2164 496 2339 549 quam
2365 481 2412 535 si
2437 482 2567 553 quis
2593 483 2778 540 tilium
2806 487 3065 555 unicum,
3090 490 3571 552 dilectissimum-

155 561 324 632 quod
356 558 522 625 dixit,
549 558 828 629 quoniam
862 558 919 611 in
946 559 1104 613 Isaac
1126 559 1425 613 vocabitur
1454 560 1558 614 tibi
1592 577 1813 623 semen,

154 656 218 705 et
242 646 531 703 credidit:
562 652 619 701 et
641 648 851 700 iterum
876 646 1049 700 dicit:
1078 648 1349 702 Sacriﬁca
1372 648 1535 702 illum
1562 649 1723 711 mihi,
1750 666 1817 703 ex

155 740 337 808 cujus
360 736 589 792 semine
612 736 871 789 mundus
902 740 1059 790 totus
1082 742 1204 791 erat
1226 737 1557 807 replendus.
1590 740 1816 793 intuere

158 828 329 883 litem
387 830 835 898 praeceptorum,
887 828 943 878 et
992 824 1471 894 promissionum.
1517 828 1820 882 Contraria

158 917 383 988 quippe
415 911 976 984 repromissionibus
1007 912 1349 983 imperabat.
1392 915 1458 967 Et
1505 932 1691 984 neque
1737 915 1819 969 sic

158 1004 481 1074 obstupuit
503 1002 706 1072 justus
738 1000 853 1069 ille,
890 1017 1075 1070 neque
1106 1002 1414 1071 deceptum
1458 1019 1519 1057 se
1567 1004 1818 1057 dicebat.

159 1094 294 1149 Non
325 1092 486 1146 enim
518 1094 717 1161 posset
761 1088 1077 1158 quisquam
1128 1090 1317 1144 dicere
1354 1107 1365 1144 :
1419 1092 1566 1153 Quia
1617 1092 1823 1145 habuit

162 1182 355 1237 alium
390 1178 598 1243 lilium,
631 1194 699 1233 ex
728 1176 826 1231 illo
863 1178 1135 1247 sperabat
1165 1178 1678 1249 repromissionem
1711 1180 1819 1234 im-

166 1270 363 1343 plere,
398 1273 455 1321 et
498 1270 800 1338 propterea
829 1267 1130 1320 conlidens
1162 1266 1339 1321 istum
1374 1268 1603 1321 obtulit.
1640 1270 1820 1322 Etiam

167 1357 572 1429 unigenitum,
604 1354 813 1424 inquit,
846 1355 1141 1419 otl‘erebat,
1184 1356 1282 1425 qui
1334 1358 1818 1426 repromissiones

166 1449 500 1516 acceperat,
534 1447 821 1513 quantum
853 1443 924 1496 ad
960 1443 1242 1497 rationem
1276 1444 1483 1499 attinet
1513 1446 1823 1515 repromis-

168 1534 402 1600 sionis;
438 1537 744 1603 propterea
796 1530 1020 1585 addidit
1062 1531 1393 1602 Apostolus,
1428 1533 1817 1604 unigenitum,

166 1624 377 1679 volens
408 1620 714 1675 ostendere
742 1624 1045 1690 propterea
1067 1620 1435 1691 unigenitum
1462 1638 1611 1691 esse,
1635 1624 1733 1692 qui
1763 1624 1820 1677 in

168 1712 274 1767 illo
306 1714 647 1780 susceperat
675 1708 1183 1780 repromissiones,
1212 1710 1365 1763 sicut
1396 1711 1679 1781 scriptum
1713 1717 1820 1776 est,

171 1801 313 1872 quia
342 1800 402 1853 in
430 1799 592 1853 Isaac
624 1796 924 1851 vocabitur
950 1796 1055 1851 tibi
1088 1814 1308 1853 semen.
1342 1799 1557 1854 Deinde
1588 1816 1659 1854 ne
1691 1800 1822 1870 quis

169 1892 407 1963 putaret
434 1886 714 1958 quoniam
748 1886 1064 1956 desperans
1112 1886 1221 1941 hoc
1266 1888 1419 1952 fecit,
1452 1893 1509 1942 et
1562 1905 1664 1959 per
1716 1889 1822 1943 hoc

171 1980 528 2050 praeceptum
578 1974 751 2028 fidem
802 1972 960 2027 illius
1009 1975 1482 2045 repromissionis
1522 1977 1818 2044 amiserat,

174 2068 494 2138 cognoscat
518 2078 719 2118 revera
744 2062 1112 2133 omnis,quia
1133 2068 1190 2117 et
1210 2063 1371 2118 illam
1399 2064 1605 2119 habuit
1626 2066 1820 2131 ﬁdem,

178 2156 313 2211 licet
332 2154 629 2209 videretur
648 2150 785 2205 huic
817 2152 1274 2222 repugnare(sed
1293 2170 1407 2207 non
1426 2154 1819 2225 repugnabat:

178 2260 295 2299 non
326 2242 487 2297 enim
530 2240 807 2294 humanis
838 2239 1384 2295 ratiocinationibus
1413 2242 1689 2296 virtutem
1723 2241 1822 2295 Dei

176 2332 486 2404 pensabat,
518 2329 618 2384 sed
650 2328 763 2383 ﬁde
794 2332 1004 2383 cuncta
1032 2330 1290 2400 gerebat)
1322 2348 1334 2395 ;
1369 2336 1675 2401 propterea
1706 2347 1820 2384 non

176 2426 417 2476 veretur
445 2418 630 2472 dicere
648 2416 979 2488 Apostolus,
1007 2417 1145 2487 quia
1173 2422 1230 2471 et
1258 2434 1326 2471 ex
1358 2418 1603 2473 mortuis
1636 2419 1821 2473 susci-

176 2515 309 2564 tare
345 2512 549 2578 potens
578 2511 661 2560 est
684 2510 856 2561 Deus.
883 2505 996 2561 Vos
1018 2506 1195 2575 enim,
1221 2507 1433 2577 inquit,
1456 2524 1557 2563 vos
1584 2525 1697 2562 non
1730 2525 1824 2579 po-

175 2598 350 2653 testis
382 2596 491 2650 hoc
522 2595 741 2661 dicere;
779 2594 917 2665 quia
946 2595 1206 2666 requiem
1236 2596 1399 2650 vobis
1429 2597 1487 2650 in
1523 2597 1741 2659 futuro,
1766 2602 1823 2650 et

177 2688 232 2740 in
261 2685 485 2740 mundo
502 2683 935 2738 tribulationem
957 2684 1241 2754 promisit.
1262 2685 1322 2739 In
1348 2686 1587 2751 mundo,
1609 2686 1819 2756 inquit,

176 2773 614 2829 tribulationem
647 2772 937 2827 habebitis
978 2773 1195 2841 (Matth.
1230 2790 1382 2839 xxiv,
1414 2778 1469 2841 9)
1498 2800 1509 2841 ;
1559 2780 1614 2828 et
1647 2791 1660 2828 :
1713 2775 1821 2837 Qui

177 2880 291 2919 non
324 2862 615 2933 acceperit
646 2877 875 2915 crucem
907 2877 1097 2926 suam,
1130 2866 1187 2916 et
1230 2868 1469 2917 secutus
1502 2879 1593 2917 me
1625 2864 1819 2932 fuerit,

179 2968 291 3007 non
322 2954 413 3005 est
442 2966 537 3004 me
568 2948 782 3021 dignus
814 2948 1026 3019 (Matth.
1076 2967 1131 3019 x,
1182 2950 1288 3016 38;
1341 2952 1504 3005 Marc.
1550 2969 1670 3015 VIII,
1712 2954 1819 3019 3.1;

178 3043 303 3096 Luc.
329 3057 406 3107 1x,
427 3040 559 3108 23);
594 3043 652 3093 et
672 3038 883 3093 iterum
910 3056 921 3092 :
952 3042 1099 3093 Ante
1121 3038 1433 3111 principes,
1459 3044 1515 3095 et
1546 3041 1821 3111 praesides

181 3130 461 3185 inducent
488 3144 590 3183 vos
620 3137 857 3198 propter
888 3142 980 3181 me
1008 3126 1219 3196 (Matth.
1262 3146 1316 3195 x,
1361 3130 1464 3195 18;
1498 3130 1660 3195 Marc,
1693 3148 1816 3197 xm,

1928 581 2037 634 que
2060 583 2233 622 suum
2259 586 2429 623 senex
2453 577 2692 639 cogatur
2718 576 3021 631 occidere?
3047 580 3346 640 Quomodo
3374 590 3568 641 autem

1928 655 2208 723 tunicam,
2236 658 2318 710 vel
2356 676 2517 713 escas
2549 679 2685 715 suas
2719 680 2819 732 pro
2852 664 3045 721 divino
3078 685 3274 724 amore
3308 676 3574 744 pauperi-

1929 742 2038 831 bus
2070 744 2205 799 dare
2238 746 2448 805 dill'ert.
2484 750 2580 817 qui
2619 750 2825 815 tilium,
2860 770 3032 821 quem
3069 773 3239 811 senex
3273 742 3575 831 acceperat

1930 830 2335 895 ha-redem,ad
2363 836 2687 903 jussionem
2725 841 2971 904 Domini,
2998 845 3198 899 statim
3234 830 3573 907 mortiidare

1932 936 2043 973 non
2069 921 2295 975 distulit
2317 925 2343 977 ?
2373 924 2515 978 Illud
2544 928 2695 981 enim
2722 930 2874 998 quod
2902 930 3119 986 dictum
3145 940 3250 1001 est,
3280 938 3573 995 arbitrans

1932 1009 2069 1077 quia
2099 1016 2153 1063 et
2182 1027 2215 1064 a
2246 1016 2492 1066 mortuis
2526 1017 2871 1071 resuscitare
2904 1025 3107 1088 potens
3138 1029 3225 1077 cst
3257 1029 3427 1089 Deus,
3463 1044 3568 1098 po-

1931 1100 2041 1151 test
2074 1098 2253 1169 accipi
2289 1107 2524 1171 propter
2556 1102 2683 1155 itlos
2715 1104 2934 1159 dictum
2968 1124 3115 1177 esse,
3150 1128 3295 1181 quos
3346 1115 3575 1172 volebat

1932 1186 2001 1238 ad
2035 1202 2197 1255 spem
2233 1189 2674 1243 resurrectionis
2706 1193 3012 1259 adducere,
3035 1204 3091 1251 et
3124 1201 3219 1267 qui
3253 1202 3443 1257 dicere
3476 1222 3575 1259 au-

1932 1274 2185 1337 debant;
2239 1276 2377 1345 quia
2429 1283 2558 1348 post
2604 1286 2843 1334 mortem
2882 1284 3048 1337 nobis
3083 1287 3231 1341 bona
3266 1293 3569 1359 promisit;

1933 1361 2196 1452 fortassis
2214 1364 2903 1435 enim,inquiunt,t'et'ellit
2923 1374 3317 1430 nos.Ostcndit
3334 1382 3571 1452 quippe,

1932 1449 2069 1519 quia
2098 1467 2166 1503 ex
2198 1453 2443 1507 mortuis
2475 1455 2757 1511 suscitare
2792 1464 2995 1526 potens
3027 1467 3115 1515 est
3146 1463 3336 1531 Deus;
3382 1449 3572 1524 siau-

1931 1543 2046 1592 tem
2081 1555 2146 1593 ex
2179 1542 2423 1596 mortuis
2456 1545 2741 1599 suscitare
2776 1552 2978 1616 potens
3027 1556 3114 1604 est
3161 1553 3337 1624 Deus,
3374 1558 3574 1628 utique

1932 1632 2141 1680 cuncta
2171 1630 2435 1683 restituet
2468 1648 2592 1701 quae
2627 1634 2910 1701 promisit.

2004 1738 2029 1762 ‹‹
2068 1714 2225 1769 Unde
2248 1721 2304 1770 et
2323 1717 2381 1771 in
2411 1720 2683 1788 parabola
2702 1723 2924 1793 accepit
2948 1740 3099 1779 eum.
3124 1750 3149 1775 η
3180 1732 3415 1801 Accepit
3437 1752 3571 1789 eum

1931 1802 1990 1855 in
2024 1804 2357 1872 parabolam
2388 1824 2399 1869 ;
2435 1808 2571 1876 quia
2602 1810 2775 1863 ariete
2807 1813 2997 1867 occiso
3030 1814 3136 1869 istc
3182 1818 3439 1876 salvatus
3488 1831 3577 1878 est

1931 1894 2091 1958 (Gen.
2128 1910 2265 1955 xxu,
2302 1896 2405 1963 13).
2441 1896 2680 1951 Uccisus
2712 1904 2801 1952 est
2838 1904 3016 1966 lsaac,
3053 1912 3337 1974 quantum
3374 1912 3444 1965 ad
3478 1930 3574 1967 vo-

1930 1977 2213 2069 luntatem
2237 1980 2393 2035 illius
2417 1984 2695 2052 pertinuit
2714 2003 2725 2049 ;
2746 1986 2953 2042 deinde
2972 1989 3135 2045 illum
3162 1995 3456 2051 redonavit
3480 2017 3577 2069 pa-

1933 2068 2195 2121 triarchae
2249 2071 2304 2122 in
2358 2071 2651 2140 parabole,
2706 2073 2761 2127 id
2813 2082 2920 2144 est,
2972 2076 3028 2131 in
3089 2068 3493 2140 similitudine
3522 2093 3581 2143 et

1933 2157 2119 2226 ﬁgura
2138 2158 2425 2227 passionis
2440 2160 2671 2214 Christi.
2692 2162 2751 2216 In
2772 2163 3217 2225 similitudinem
3238 2173 3393 2227 enim
3412 2184 3579 2233 erant

1932 2244 2167 2310 omnia;
2201 2262 2326 2315 qua:
2360 2251 2553 2301 tamen
2586 2250 2908 2319 agebantur
2938 2254 2994 2307 in
3026 2256 3347 2325 Abraham,
3376 2265 3573 2318 formae

1932 2334 2197 2402 quaedam
2232 2339 2415 2402 erant,
2450 2353 2577 2405 qua:
2623 2355 2723 2406 pro
2771 2340 2936 2394 nobis
2969 2359 3139 2398 verus
3168 2348 3481 2417 Abraham,
3516 2353 3572 2406 id

1931 2425 2019 2473 est
2039 2420 2191 2474 Deus
2214 2422 2399 2485 Pater,
2430 2422 2484 2475 in
2521 2425 2631 2477 line
2660 2426 2855 2479 saeculi
2888 2445 3056 2499 agere
3089 2433 3353 2489 debebat.
3390 2440 3573 2493 Abra-

1932 2508 2065 2563 ham
2091 2511 2304 2581 quippe
2331 2512 2575 2581 liguram
2606 2513 2701 2567 Dei
2731 2515 2913 2570 Patris
2944 2521 3229 2591 gestabat,
3258 2524 3413 2579 lsaac
3443 2543 3575 2581 vero

1932 2598 2178 2667 ﬁguram
2205 2598 2436 2652 Christi.
2462 2600 2605 2654 Nam
2631 2604 2782 2656 sicut
2802 2604 3092 2661 Abraham
3119 2611 3378 2681 unicum,
3402 2618 3459 2668 et
3488 2616 3572 2668 di-

1931 2685 2141 2740 lectum
2171 2687 2354 2741 lilium
2381 2694 2488 2741 Deo
2520 2690 2812 2745 victimam
2838 2694 3085 2759 obtulit;
3122 2697 3200 2751 ita
3223 2699 3375 2755 Deus
3404 2703 3575 2757 Pater

1932 2776 2168 2828 unicum
2192 2775 2398 2829 Filium
2425 2794 2597 2830 suum
2624 2796 2724 2848 pro
2750 2781 2913 2835 nobis
2936 2785 3210 2841 omnibus
3234 2791 3491 2845 tradidit.
3510 2796 3575 2847 Et

1930 2864 2083 2917 sicut
2106 2864 2263 2918 Isaac
2292 2865 2413 2934 ipse
2440 2865 2549 2918 sibi
2582 2866 2735 2935 ligna
2758 2872 3043 2941 portabat,
3071 2876 3287 2944 quibus
3313 2886 3436 2933 erat
3470 2899 3573 2935 Im-

1932 2952 2235 3022 ponendus
2252 2969 2263 3017 ;
2280 2952 2702 3009 itaetChristus
2716 2960 3052 3028 gestabatin
3070 2962 3329 3020 humeris
3344 2966 3567 3039 lignum

1931 3040 2141 3105 crucis,
2175 3040 2229 3093 in
2281 3057 2396 3110 quo
2445 3048 2569 3097 erat
2616 3047 3064 3117 crucitigendus.
3100 3053 3264 3107 Aries
3310 3061 3400 3110 est
3439 3075 3569 3115 caro

1930 3128 2164 3182 Christi.
2192 3130 2349 3182 Isaac
2371 3129 2600 3184 oblatus
2625 3137 2731 3196 est,
2756 3139 2812 3187 et
2834 3152 2947 3190 non
2970 3142 3059 3191 est
3089 3139 3445 3211 interfectus,
3470 3149 3571 3202 sed

179 3217 514 3290 9).Abraha=.
530 3232 669 3271 vero
685 3220 922 3270 econtra
938 3215 1157 3270 factum
1177 3221 1357 3283 est,et
1380 3223 1583 3273 contra
1610 3218 1826 3290 quippe
1856 3204 1898 3271 C
1935 3217 2085 3272 aries
2116 3222 2345 3271 tantum
2377 3236 2389 3284 ;
2433 3220 2511 3271 ita
2555 3224 2612 3273 et
2655 3220 2919 3276 Christus
2954 3225 3009 3277 in
3044 3228 3313 3296 passione
3344 3204 3573 3291 oblatus

183 3305 635 3379 promissionem
667 3304 720 3359 ei
751 3303 1150 3374 imperabatur
1177 3312 1241 3357 ut
1287 3305 1521 3372 faceret,
1552 3310 1608 3360 et
1637 3322 1825 3377 neque

182 3397 266 3451 sic
294 3395 569 3449 turbatus
600 3397 709 3462 est,
733 3409 920 3464 neque
951 3394 1272 3464 obstupuit,
1300 3410 1401 3449 nec
1433 3410 1495 3451 se
1521 3396 1825 3465 deceptum

186 3482 602 3540 arbitrabatur.
635 3481 751 3536 Vos
782 3486 975 3536 autem
1009 3481 1152 3535 nihil
1185 3486 1344 3538 extra
1374 3484 1823 3554 promissionem

179 3572 471 3645 patimini,
496 3576 555 3627 et
580 3569 1033 3625 conturbamini.
1050 3570 1149 3625 Ille
1173 3588 1303 3626 vero
1326 3573 1616 3627 contraria
1638 3590 1825 3644 repro-

183 3660 451 3717 missioni
482 3659 758 3715 audiebat
786 3659 859 3713 ab
890 3660 1093 3714 eodem
1127 3660 1277 3730 ipso,
1310 3660 1409 3731 qui
1459 3660 1559 3715 illa
1607 3662 1822 3732 promi-

180 3755 355 3816 serat,
389 3755 446 3803 et
498 3766 613 3804 non
661 3749 1139 3803 conturbabatur.
1178 3750 1333 3816 Fide,
1368 3750 1577 3820 inquit,
1613 3750 1825 3805 obtulit

179 3838 477 3894 Abraham
491 3837 828 3901 Isaac.Quid
845 3852 979 3909 ergo
992 3838 1018 3891 ?
1034 3838 1340 3909 Ignorabat
1350 3844 1496 3893 Deus
1510 3838 1647 3909 quia
1661 3839 1824 3893 fortis

180 3933 302 3984 erat
320 3927 416 3983 ille
438 3928 543 3993 vir,
558 3930 615 3981 et
637 3926 989 3996 probabilis?
1007 3928 1193 3991 Quare
1211 3943 1346 3998 ergo
1370 3944 1503 3982 eum
1528 3928 1824 3982 tentabat?

179 4018 303 4072 Non
330 4022 393 4071 ut
421 4017 549 4088 ipse
571 4022 965 4087 cognosceret,
991 4016 1089 4070 sed
1125 4022 1190 4070 ut
1218 4016 1348 4071 aliis
1370 4017 1819 4083 demonstraret,

178 4112 235 4162 et
279 4105 653 4161 manifestam
686 4106 813 4173 ejus
845 4104 1247 4159 fortitudinem
1281 4106 1661 4161 constitueret
1691 4106 1820 4159 uni-

172 4195 376 4251 versis.
402 4195 467 4248 In
499 4193 609 4248 hoc
640 4194 765 4247 loco
796 4192 970 4247 etiam
998 4192 1252 4247 ostendit
1281 4209 1519 4248 causam
1553 4195 1820 4250 tentatio-

176 4301 338 4349 num,
362 4301 434 4339 ne
466 4287 741 4354 putarent
770 4287 1050 4353 tanquam
1082 4282 1390 4337 derelictas
1422 4299 1455 4337 a
1485 4283 1599 4338 Deo
1632 4282 1729 4337 ille
1761 4301 1822 4339 se

175 4372 417 4445 perpeti.
449 4371 506 4425 Si
542 4370 720 4442 igitur
748 4370 829 4425 ita
862 4372 1130 4442 probatos
1162 4370 1513 4425 tentationes
1548 4372 1819 4443 reddunt,

177 4465 243 4515 ut
271 4461 447 4515 etiam
471 4476 587 4515 non
613 4458 898 4514 existente
920 4475 1119 4525 causa,
1146 4458 1299 4514 Deus
1328 4463 1525 4513 tamen
1560 4466 1822 4515 exerceat

176 4566 315 4605 suos
341 4547 615 4616 athletas,
640 4547 826 4603 multo
850 4548 1038 4619 magis
1059 4564 1159 4603 vos
1183 4548 1253 4602 ob
1277 4552 1632 4637 remgcuncta
1653 4566 1820 4620 opor-
1854 4573 1899 4637 Β

172 4642 255 4693 tet
287 4637 517 4692 fortiter
545 4637 812 4692 tolerare.
850 4636 1155 4707 Eleganter
1186 4635 1519 4707 exemplum
1553 4638 1714 4691 bona:
1751 4640 1822 4691 li-

173 4726 266 4781 dei
295 4726 367 4778 ab
398 4724 524 4794 ipso
547 4724 875 4796 patriarcha
896 4725 1123 4779 monuit
1143 4740 1273 4779 esse
1298 4725 1667 4790 discendum,
1695 4743 1821 4799 pro-

170 4829 394 4869 vocans
424 4812 685 4869 videlicet
727 4830 845 4883 eos,
872 4814 970 4885 qui
1004 4814 1073 4869 de
1100 4814 1317 4868 Judzeis
1350 4814 1734 4883 crediderant,
1761 4823 1824 4871 ut

172 4902 347 4975 quasi
381 4901 543 4955 bona:
578 4903 809 4957 soboles
840 4903 1012 4973 primi
1063 4907 1121 4957 et
1171 4902 1408 4957 maximi
1439 4904 1529 4958 sui
1564 4907 1822 4974 parentis

171 4995 337 5047 actus
368 4996 777 5062 sequerentur.
804 4992 869 5044 Et
899 4992 1174 5061 quoniam
1207 5008 1326 5061 eos,
1357 5008 1427 5046 ne
1460 4994 1516 5046 in
1550 4994 1817 5049 tentatio-

168 5079 345 5135 nibus
378 5080 716 5145 deﬁcerent,
751 5085 807 5133 et
851 5084 916 5133 ut
946 5081 1117 5133 fidem
1152 5096 1319 5134 suam
1353 5097 1454 5151 per
1482 5097 1657 5151 opera
1689 5099 1819 5151 pro-

165 5168 396 5235 barent,
431 5168 810 5233 admonebat,
845 5166 1079 5238 elegans
1128 5169 1199 5222 de
1253 5168 1583 5238 patriarcha
1628 5169 1824 5239 posuit

164 5258 524 5329 exemplum,
562 5272 667 5326 per
704 5257 853 5326 quod
886 5273 985 5310 eos
1018 5256 1077 5309 in
1108 5263 1355 5326 utraque
1384 5256 1596 5311 virtute
1627 5264 1821 5327 posset

160 5347 496 5401 instituere.
535 5343 674 5406 Quze
706 5343 862 5397 enim
894 5346 1137 5400 tentatio
1170 5346 1377 5415 major,
1410 5346 1665 5416 exceptis
1704 5346 1817 5413 his,

160 5451 289 5506 quae
322 5435 396 5490 ad
432 5430 661 5505 proprii
693 5431 953 5501 corporis
982 5432 1277 5502 pertinent
1304 5432 1526 5504 plagas,
1561 5433 1819 5489 accidere

1935 3311 2041 3374 est,
2077 3306 2176 3360 sed
2211 3306 2484 3361 divinitas
2516 3306 2898 3378 impassibilis
2943 3314 3177 3368 mansit.

2010 3417 2030 3441 ι
2069 3393 2204 3447 Fide
2250 3397 2307 3446 et
2354 3394 2423 3447 de
2472 3394 2683 3449 futuris
2730 3397 3023 3454 benedixit
3071 3402 3249 3471 Isaac,
3291 3406 3468 3463 Jacob
3519 3416 3577 3468 et

1932 3483 2105 3537 Esau,
2137 3506 2163 3529 ››
2195 3482 2447 3551 Futuris,
2473 3500 2587 3537 non
2622 3484 2882 3540 futurum
2907 3488 3183 3545 saeculum
3209 3493 3572 3565 significans,

1933 3571 2033 3627 sed
2068 3570 2262 3624 futura
2293 3570 2468 3640 hujus
2500 3572 2717 3639 saeculi,
2750 3575 2820 3629 de
2851 3592 2966 3647 quo
2999 3580 3279 3637 Dominus
3323 3584 3465 3641 dicit
3513 3588 3572 3644 in

1933 3659 2278 3731 Evangelia:
2316 3660 2473 3723 Quod
2510 3684 2535 3710 ‹‹
2564 3661 2731 3716 multi
2766 3666 3081 3737 prophetas,
3106 3675 3161 3723 et
3195 3688 3360 3744 reges
3383 3676 3573 3732 volue-

1933 3753 2071 3802 runt
2101 3749 2292 3803 videre
2345 3767 2468 3820 quae
2525 3767 2625 3805 vos
2674 3751 2900 3821 videtis,
2934 3762 2990 3811 et
3039 3775 3150 3813 non
3196 3762 3484 3831 viderunt,
3518 3772 3576 3822 et

1932 3837 2135 3892 audire
2157 3856 2281 3909 quae
2309 3839 2548 3905 auditis,
2571 3845 2627 3894 et
2658 3858 2770 3895 non
2798 3844 3111 3901 audierunt
3134 3850 3284 3917 (Luc.
3318 3870 3373 3917 x,
3404 3856 3513 3925 24).
3543 3878 3569 3907 n

1931 3927 1988 3981 Si
2018 3926 2172 3981 enim
2222 3933 2525 3998 propterea
2569 3946 2682 3983 non
2723 3932 3089 3989 revelabatur
3125 3939 3298 3995 Filius
3331 3943 3572 4011 quibus-

1933 4016 2089 4080 dam,
2115 4024 2347 4086 propter
2372 4018 2769 4073 inlirmitatem
2797 4037 3020 4091 eorum,
3047 4027 3143 4095 qui
3173 4045 3305 4081 eum
3340 4048 3453 4084 non
3478 4050 3576 4101 po-

1935 4110 2121 4158 terant
2150 4104 2432 4174 excipere,
2456 4112 2855 4161 verumtamen
2892 4109 3006 4164 illis
3038 4112 3137 4181 qui
3172 4115 3401 4170 virtutis
3437 4118 3572 4173 cha-

1932 4192 2099 4245 ritate
2134 4192 2454 4263 fulgebant,
2480 4193 2861 4249 revelabatur.
2888 4197 2955 4250 Et
2985 4198 3093 4253 hoc
3125 4203 3297 4257 etiam
3327 4206 3573 4275 Aposto-

1932 4280 2024 4334 lus
2057 4280 2214 4347 dicit,
2247 4280 2385 4349 quia
2418 4297 2516 4350 per
2548 4281 2719 4335 fidem
2753 4298 2850 4336 eos
2884 4285 3177 4343 benedixit
3210 4291 3404 4347 futura
3435 4311 3574 4363 prae-

1930 4368 2133 4422 videns
2161 4385 2173 4435 ;
2208 4368 2345 4439 quia
2381 4374 2438 4422 et
2466 4368 2645 4423 Jacob
2679 4371 2923 4440 figuram
2956 4374 3187 4444 Christi,
3224 4379 3343 4434 sive
3374 4383 3572 4452 populi

1931 4457 2244 4513 Christiani
2275 4458 2559 4528 gestabat,
2594 4458 2743 4512 Esau
2778 4476 2906 4515 vero
2934 4464 3163 4518 Judaici
3194 4468 3400 4537 (1449).

2003 4569 2029 4594 ‹‹
2064 4546 2200 4600 Fide
2230 4545 2406 4600 Jacob
2439 4546 2713 4613 moriens,
2750 4547 3012 4619 singulos
3055 4552 3309 4609 ltliorum
3351 4557 3570 4630 Joseph

1932 4636 2241 4695 benedixit.
2267 4642 2322 4690 et
2344 4636 2604 4690 adoravit
2628 4637 2923 4707 fastigium
2954 4640 3123 4712 virga:
3149 4646 3295 4714 ejus.
3323 4669 3349 4694 ››
3376 4646 3495 4701 Imo
3518 4654 3574 4702 et

1930 4724 2053 4795 ipse
2074 4726 2250 4779 Jacob
2273 4742 2375 4796 per
2397 4726 2568 4779 tidem
2596 4726 2889 4781 benedixit
2914 4730 3177 4801 singulos
3202 4733 3453 4790 liliorum
3471 4736 3572 4791 Jo-

1931 4814 2096 4884 seph,
2131 4814 2427 4885 Ephraim,
2457 4819 2511 4868 et
2544 4816 2893 4879 Manassem,
2917 4818 2974 4873 id
3008 4826 3114 4888 est,
3142 4824 3287 4879 duos
3318 4830 3569 4881 tantum.

1934 4904 2063 4957 Ideo
2086 4903 2300 4974 singuli
2329 4904 2620 4971 dicuntur,
2650 4907 2787 4975 quia
2819 4925 3300 4985 unumquemque
3326 4916 3396 4970 de
3429 4916 3573 4972 duo-

1932 4993 2041 5045 bus
2075 4992 2318 5045 seorsim
2352 4992 2661 5046 benedixit.
2697 4994 2838 5049 Nam
2892 5014 2994 5066 per
3042 5003 3344 5072 majorem,
3380 5004 3435 5058 id
3486 5009 3577 5060 est

1931 5098 2033 5151 per
2064 5080 2390 5144 Manassen,
2424 5082 2797 5149 praeﬁgurare
2829 5084 3010 5140 voluit
3041 5091 3320 5160 populum
3342 5093 3573 5147 Judaeo-

1932 5186 2061 5223 rum
2090 5186 2102 5231 ;
2139 5185 2238 5238 per
2269 5167 2553 5220 minorem
2584 5183 2737 5236 verO,
2776 5175 3056 5241 populum
3088 5179 3571 5236 Christianorum.

1930 5258 2191 5312 Duorum
2209 5256 2361 5309 enim
2385 5253 2635 5306 filiorum
2662 5256 3120 5319 benedictionem
3146 5269 3307 5337 prius
3324 5284 3577 5323 comme-

1932 5360 2157 5399 morare
2180 5341 2379 5403 voluit,
2397 5345 2459 5392 ut
2480 5355 2580 5409 per
2598 5342 2898 5413 fastigium
2923 5350 3093 5421 virga:
3118 5355 3413 5409 adoranda
3432 5357 3576 5411 fides

1931 5433 2080 5501 ejus,
2105 5433 2160 5483 et
2189 5427 2495 5499 prepbetia
2524 5430 2947 5489 ostenderetur.
2978 5436 3041 5490 In
3074 5440 3235 5510 virga
3265 5442 3424 5497 enim
3455 5443 3574 5510 illa,

224 5540 411 5613 (1449)
435 5539 534 5621 _En
564 5536 1139 5626 quaiiexpositionem
1159 5542 1439 5626 "apstram
1470 5538 1529 5593 in
1571 5555 1638 5594 ea
1676 5540 1852 5599 verba
1879 5555 2028 5598 vers.
2066 5536 2129 5591 12
2159 5533 2336 5606 hujus
2366 5546 2516 5602 cap.,
2546 5537 2772 5605 propter
2801 5540 2941 5615 quod
2968 5546 3017 5600 et
3043 5543 3111 5602 ab
3140 5560 3249 5605 uno
3278 5549 3389 5609 orti
3417 5554 3573 5626 sunt,

159 5606 530 5691 et'supe'rius
561 5606 847 5668 traditam
876 5608 1127 5670 maxime
1155 5608 1423 5669 fuloiunt.
