3966 6210
365 365 484 427 807

1382 360 1722 422 ATTONIS
1766 361 2352 424 VERCELLENSIS
2397 359 2749 423 EPlSCOPl

3652 361 3780 423 808

368 517 545 572 quam
593 495 854 553 adoravit
905 493 1107 562 Jacob,
1139 495 1195 548 et
1245 493 1584 548 summitate
1614 493 1796 559 illius,
1831 511 2007 566 quam
2036 508 2088 573 Α
2122 510 2328 565 neque,
2351 511 2485 548 cum
2511 497 2708 564 posset
2729 492 2886 547 filius
2907 490 3062 564 regis
3083 506 3233 559 esse,
3255 491 3634 563 contempsit,
3659 491 3781 548 sic-

366 588 666 645 osculatus
692 591 802 650 est,
815 599 1060 655 regnum
1073 580 1478 652 Christi,quod
1505 583 1792 653 praescivit
1814 583 1872 637 in
1897 583 2008 654 spi-

366 679 508 741 ritu,
542 676 696 748 quod
747 675 807 728 in
856 672 970 725 fine
1003 669 1198 725 saeculi
1229 675 1353 725 erat
1387 671 1674 736 futurum,
1707 671 2002 736 adoravit;

365 767 520 837 quod
550 780 652 835 per
675 777 872 817 verum
894 758 1135 831 Joseph,
1159 759 1215 812 id
1238 763 1347 829 est,
1377 759 1683 813 Dominum
1708 759 2003 814 Christum

364 853 481 926 regi
517 851 879 925 praevidebat.
905 849 1017 903 Seu
1049 847 1355 919 praiscivit,
1380 841 1534 918 quod
1567 848 1638 901 de
1671 849 1872 902 eodem
1905 863 2002 918 ge-

365 958 502 997 nere
523 939 624 1012 qui
646 940 865 1010 virgam
889 936 1049 1008 regni
1078 941 1482 1007 susceperunt,
1507 940 1712 1006 postea
1736 936 2003 992 Christus

363 1030 696 1084 nasciturus
715 1032 855 1082 erat.
871 1024 971 1079 Vel
994 1026 1147 1080 sicut
1167 1024 1262 1079 alii
1287 1023 1638 1096 intelligunt,
1655 1025 1808 1095 quod
1835 1024 2003 1079 nobis

362 1119 467 1172 abs
500 1133 558 1171 re
588 1132 716 1171 esse
744 1115 992 1180 videtur,
1018 1113 1296 1184 quoniam
1321 1117 1754 1167 resurrecturus
1781 1117 1905 1166 erat
1934 1127 2002 1165 ex

360 1205 624 1276 Ephraam
647 1203 830 1274 (1450)
864 1219 982 1268 rex,
1015 1201 1115 1273 qui
1145 1206 1347 1272 postea
1376 1217 1552 1271 super
1583 1201 1780 1255 decem
1812 1200 2000 1254 tribu—

361 1295 472 1350 bus
504 1293 801 1366 regnavit;
836 1295 1140 1364 propterea
1169 1293 1470 1346 adorasset
1500 1287 1798 1362 fastigium
1829 1289 2000 1359 virgae

361 1384 602 1455 Joseph.

432 1496 460 1522 ‹‹
497 1472 633 1527 Fide
661 1470 877 1541 Joseph
909 1469 1184 1535 moriens,
1218 1469 1290 1522 de
1341 1467 1694 1539 profectione
1746 1465 1997 1521 filiorum

358 1561 534 1618 Israel
560 1567 922 1616 memoratus
945 1561 1124 1623 est,et
1148 1559 1220 1612 de
1241 1556 1472 1612 ossibus
1495 1556 1619 1611 suis
1645 1556 1997 1610 mandavit.»

359 1651 484 1705 Non
513 1649 669 1704 enim
703 1648 848 1702 dixit
873 1646 1112 1718 Joseph,
1147 1645 1286 1718 quia
1320 1661 1412 1700 me
1448 1645 1676 1699 vivente
1705 1644 1853 1698 hanc
1889 1648 2000 1698 ter-

359 1755 485 1793 ram
513 1754 625 1792 non
660 1736 822 1792 dedit
854 1735 998 1807 patri
1033 1751 1182 1800 meo,
1214 1750 1401 1805 neque
1430 1750 1533 1788 avo
1566 1748 1998 1802 meo,.quorum

358 1826 629 1881 virtutem
653 1823 848 1896 magni
870 1822 1269 1895 pendebat.Nu
1281 1839 1334 1876 m
1355 1822 1499 1876 istos
1513 1822 1722 1892 dignos
1743 1821 2000 1875 facturus

359 1920 466 1982 est,
482 1919 546 1969 ut
568 1914 889 1986 percipiant
909 1928 1034 1983 quas
1057 1911 1138 1965 illi
1158 1911 1316 1981 digni
1341 1916 1480 1965 sunt
1509 1909 1640 1964 facti
1664 1909 1959 1981 percipere
1974 1908 2000 1960 ?

357 2003 510 2058 Nihil
543 2003 752 2057 horum
799 2000 962 2067 dixit,
995 2000 1095 2055 sed
1146 2004 1357 2054 cuncta
1405 1999 1676 2069 speravit,
1709 1997 1846 2068 quia
1899 2013 2000 2067 per

357 2092 532 2147 fidem
555 2089 817 2162 praevidit
839 2106 965 2160 quas
992 2090 1186 2143 futura
1207 2092 1391 2143 erant.
1413 2086 1570 2141 Unde
1593 2091 1651 2141 et
1672 2086 1796 2156 ipse
1818 2085 1994 2140 dicit:

357 2180 634 2236 Visitabit
654 2196 754 2235 vos
781 2180 928 2234 Deus
960 2183 1092 2249 post
1125 2178 1340 2232 multos
1366 2177 1516 2244 dies,
1541 2177 1682 2229 forte
1711 2191 1845 2230 ossa
1873 2189 2003 2228 mea

354 2269 656 2325 vobiscum
689 2267 841 2339 (Gen.
889 2284 938 2334 L,
987 2267 1094 2333 23;
1143 2264 1321 2320 Exod.
1355 2281 1479 2330 xm,
1514 2266 1622 2333 19).
1658 2264 1801 2317 Hinc
1850 2279 2000 2316 nun-

358 2375 534 2431 quam
565 2359 722 2413 enim
755 2358 825 2410 de
876 2355 1000 2410 suis
1041 2353 1276 2409 ossibus
1309 2353 1634 2417 mandaret,
1669 2351 1780 2406 nisi
1831 2349 2002 2422 plena

359 2449 471 2503 fide
500 2449 761 2518 speraret
791 2443 1082 2498 redditum
1116 2457 1316 2496 eorum
1352 2442 1409 2494 in
1439 2445 1654 2495 terram
1688 2438 1998 2510 repromis-

357 2536 559 2592 sionis.
575 2535 700 2592 Non
719 2531 876 2588 enim
895 2530 1041 2601 justi
1061 2546 1261 2584 curam
1279 2529 1560 2601 gerebant
1576 2527 1996 2600 sepulcrorum.

356 2626 482 2681 Non
513 2623 667 2680 enim
700 2621 982 2676 debemus
1031 2617 1438 2690 pusillanimes
1484 2617 1630 2683 fieri,
1664 2617 2001 2686 ubicunque

355 2713 730 2784 sepeliamur,
759 2709 1006 2763 maxime
1028 2723 1160 2762 cum
1193 2706 1579 2778 plurimorum
1605 2704 1839 2759 fortium
1863 2720 1995 2758 san-

356 2806 584 2856 ctorum
617 2797 948 2852 nesciamus
993 2795 1092 2849 ubi
1127 2810 1370 2865 corpora
1399 2809 1600 2849 eorum
1626 2794 1859 2863 jaceant
1890 2791 1997 2845 hu-

359 2894 550 2955 mata;
576 2890 794 2958 quanto
819 2885 1013 2938 minus
1040 2899 1146 2938 nos
1169 2883 1449 2938 debemus
1479 2882 1550 2936 de
1572 2881 1681 2936 hac
1712 2897 1770 2935 re
1797 2897 1998 2935 curam

359 2993 559 3048 gerere
577 2973 606 3029 τ

429 3064 612 3136 (1451)
659 3085 688 3113 ‹‹
720 3062 854 3118 Fide
883 3063 1107 3133 Moyses
1138 3064 1330 3124 natus,
1361 3058 1688 3114 occultatus
1719 3063 1808 3113 est
1837 3074 1999 3112 men-

363 3154 530 3210 sibus
558 3153 748 3208 tribus
800 3168 834 3205 a
883 3151 1221 3223 parentibus
1254 3149 1400 3214 suis,
1432 3165 1498 3204 eo
1528 3149 1685 3219 quod
1716 3148 2000 3203 vidissent

2119 588 2184 636 ut
2230 583 2456 654 Moyses
2505 581 2680 649 fecit;
2735 586 2792 635 et
2844 597 2958 635 non
3010 579 3202 635 solum
3254 581 3626 650 contempsit,
3661 583 3768 638 sed

2117 672 2291 725 etiam
2319 671 2643 741 abnegavit.
2673 669 2824 724 C(elo
2847 670 3064 740 quippe
3092 669 3421 740 praeposito,
3449 668 3640 724 noluit
3671 671 3773 725 ad-

2117 759 2314 814 mirari
2346 758 2667 830 Egyptiaci
2699 758 2861 830 regni
2893 757 3411 828 pulchritudinem,
3445 759 3637 831 magis
3667 759 3772 814 eli-

2115 865 2255 919 gens
2290 864 2423 902 cum
2457 848 2672 919 populo
2703 847 2800 901 Dei
2835 846 3038 915 afﬂigi,
3072 863 3250 917 quam
3282 847 3500 918 peccati
3547 847 3767 904 habere

2103 937 2557 1007 jucunditatem.
2594 937 2715 991 Non
2748 935 2926 1007 afﬂigi
2959 952 3092 990 cum
3125 935 3276 1004 aliis,
3308 935 3419 991 hoc
3453 943 3763 1008 peccatum

2112 1043 2240 1081 esse
2272 1025 2512 1097 putavit.
2546 1025 2602 1078 Si
2633 1024 2811 1096 igitur
2837 1024 2932 1079 ille
2963 1041 3077 1079 non
3109 1023 3290 1096 afﬂigi
3323 1024 3592 1080 alacriter
3619 1042 3762 1082 cum

2113 1115 2354 1180 caeteris,
2372 1120 2668 1186 peccatum
2687 1114 3431 1184 essejudioavit,quantum
3449 1115 3760 1171 cumulum

2111 1203 2331 1274 peccati
2364 1203 2620 1257 habituri
2665 1207 2856 1272 erunt,
2890 1203 2991 1272 qui
3043 1204 3556 1274 congregationem
3589 1206 3760 1260 dese-

2112 1291 2292 1346 runt?
2317 1291 2430 1346 Vos
2456 1291 2610 1346 enim
2634 1308 2736 1362 pro
2757 1291 2922 1346 vobis
2944 1291 3089 1361 ipsis
3111 1291 3414 1362 patimini;
3437 1291 3537 1348 ille
3559 1298 3758 1348 autem

2112 1395 2227 1433 non
2263 1379 2452 1434 solum
2487 1396 2591 1451 pro
2623 1395 2685 1434 se
2717 1379 2840 1434 solo
2884 1379 3175 1450 aspiciens
3226 1381 3285 1434 in
3335 1382 3763 1438 remuneratio-

2112 1483 2267 1534 nem,
2301 1467 2401 1522 sed
2434 1468 2610 1522 etiam
2652 1484 2754 1538 pro
2802 1467 2932 1522 aliis
2981 1467 3090 1523 hoc
3143 1466 3337 1540 elegit,
3371 1474 3437 1524 ut
3481 1470 3762 1527 cumulus

2112 1557 2394 1611 mercedis
2424 1555 2678 1628 amplius
2707 1561 2992 1612 cresceret
3018 1581 3031 1623 ;
3065 1561 3122 1610 et
3152 1556 3304 1612 ultro
3334 1573 3396 1613 se
3427 1559 3669 1630 projeoit
3700 1562 3760 1614 in

2110 1649 2272 1699 tanta
2303 1644 2580 1715 pericula,
2615 1661 2747 1700 cum
2780 1644 2830 1699 ei
2865 1644 3061 1699 liceret
3092 1650 3150 1699 et
3180 1645 3273 1716 pie
3303 1645 3515 1718 vivere,
3548 1653 3607 1702 et
3649 1666 3759 1704 saa-

2110 1732 2405 1788 eularibus
2456 1733 2622 1788 bonis
2672 1734 2910 1804 perfrui.
2964 1734 3232 1804 Majores,
3273 1735 3489 1806 inquit,
3522 1737 3760 1794 divitias

2109 1821 2448 1877 existimans
2503 1823 2780 1877 thesauro
2838 1823 3266 1894 Egyptiorum,
3327 1824 3754 1896 improperium

2109 1910 2342 1965 Christi.
2376 1916 2484 1966 Pro
2513 1911 2738 1965 Christo
2760 1912 2945 1981 (1452)
2973 1912 3129 1966 enim
3162 1911 3581 1984 improperium
3617 1933 3753 1972 sus-

2108 1999 2290 2053 tinere
2325 1999 2534 2054 melius
2555 1999 2860 2069 judicavit,
2886 2015 3062 2071 quam
3094 2001 3152 2054 in
3183 2000 3406 2056 deliciis
3429 2019 3572 2057 esse.
3597 2005 3751 2067 Quid

2110 2094 2197 2143 est
2226 2087 2646 2159 imprOperium
2679 2088 2940 2143 Christi?
2990 2088 3105 2143 Hoc
3144 2094 3254 2157 est,
3288 2090 3449 2160 quale
3477 2091 3755 2148 Christus

2111 2175 2394 2231 sustinuit
2413 2177 2854 2247 improperium,
2871 2176 3042 2248 quale
3063 2194 3164 2232 vos
3187 2193 3340 2232 nunc
3357 2179 3686 2250 sustinetis,
3701 2186 3764 2236 et

2111 2266 2266 2335 quod
2313 2281 2415 2336 pro
2455 2265 2682 2320 Christo
2712 2265 2997 2321 sustinuit
3026 2265 3273 2338 Moyses,
3305 2266 3756 2340 improperium.

2111 2355 2457 2424 Respuendo
2509 2354 2665 2408 enim
2719 2360 2990 2426 paternos
3035 2371 3281 2418 errores,
3332 2355 3756 2429 improperium

2111 2441 2492 2513 sustinemus,
2513 2443 2665 2498 sicut
2683 2443 2856 2498 etiam
2882 2443 3108 2516 Moyses
3129 2443 3553 2517 imprOperium
3575 2448 3759 2503 susti-

2111 2531 2304 2601 nebat,
2329 2532 2560 2601 quando
2583 2531 2860 2586 audiebat
2888 2549 2902 2586 :
2942 2556 2961 2580 ι
2991 2533 3264 2604 Nunquid
3301 2533 3640 2592 interimere
3665 2552 3762 2592 me

2109 2619 2214 2689 vis,
2249 2621 2401 2674 sicut
2430 2620 2769 2676 interfecisti
2817 2621 2937 2675 heri
2969 2621 3299 2693 Egyptium
3320 2622 3348 2676 ?
3378 2643 3408 2674 ιι
3458 2621 3658 2694 (Exod.
3692 2641 3755 2696 Il,

2112 2709 2218 2778 14.)
2247 2710 2360 2762 Hoc
2379 2713 2468 2763 est
2492 2709 2903 2780 improperium
2925 2710 3412 2782 Christi,quando
3433 2714 3754 2785 quisquam

2111 2815 2144 2852 a
2175 2797 2530 2863 domesticis,
2564 2800 2798 2869 quando
2829 2799 3140 2870 quisquam
3171 2799 3245 2854 ab
3273 2801 3358 2855 eis
3398 2803 3616 2873 quibus
3647 2805 3758 2860 be-

2111 2886 2383 2941 neficium
2418 2891 2671 2958 praestat,
2698 2887 2948 2942 sustinet
2977 2889 3421 2960 improperium,
3447 2891 3602 2946 sicut
3632 2892 3758 2964 ipse

2109 2974 2374 3029 Christus
2399 2975 2470 3029 ab
2491 2975 2574 3029 eis
2599 2975 2891 3039 audiebat,
2921 2993 3022 3046 pro
3044 2976 3260 3046 quibus
3283 2978 3757 3052 crucifigebatur,

2111 3061 2385 3118 dicendo:
2418 3084 2446 3113 «
2468 3063 2520 3117 Si
2541 3063 2720 3118 Filius
2740 3063 2834 3119 Dei
2857 3065 3245 3129 es,descende
3265 3066 3337 3121 de
3361 3069 3754 3139 cruce(Matth.

2108 3167 2282 3218 xxvu,
2317 3153 2426 3222 40).
2459 3174 2487 3202 ››
2534 3152 2756 3207 Etenim
2789 3153 3014 3223 Moyses
3045 3169 3147 3225 pro
3179 3154 3462 3211 beneficio
3496 3173 3605 3212 suo
3635 3157 3760 3213 hac

361 3243 686 3315 elegantem
719 3241 1022 3310 infantem,
1055 3243 1112 3292 et
1162 3254 1275 3293 non
1325 3238 1650 3292 timuerunt
1693 3235 1846 3307 regis
1877 3235 1999 3290 edi-
2031 3232 2072 3297 C
2113 3239 2462 3310 patiebatur,
2486 3240 2638 3295 sicut
2666 3245 2723 3296 et
2752 3240 3037 3296 Christus.
3065 3240 3211 3296 Hinc
3231 3243 3388 3297 enim
3413 3260 3514 3299 eos
3542 3246 3761 3302 excita-

344 3337 540 3387 'ctum.
575 3355 594 3380 ι
632 3331 689 3386 Si
723 3347 837 3385 non
866 3329 1212 3395 timuerunt,
1238 3327 1529 3398 quomodo
1559 3324 2002 3380 custodierunt?

359 3425 438 3477 Ac
469 3422 518 3477 si
550 3437 665 3476 non
693 3418 1048 3485 timuissent,
1074 3416 1156 3471 ita
1186 3415 1302 3470 illis
1331 3419 1652 3486 reputatur.
1678 3413 1841 3468 Unde
1864 3429 2000 3484 ergo

359 3509 454 3564 isti
506 3512 883 3580 speraverunt
941 3509 1005 3560 ut
1061 3504 1351 3559 salvarent
1409 3521 1678 3574 puerum,
1729 3502 1841 3556 nisi
1901 3518 2002 3572 per

359 3598 534 3653 fidem
547 3597 576 3650 ?
590 3595 890 3667 Siquidem
911 3594 983 3649 ab
1000 3593 1164 3648 initio
1180 3610 1247 3648 ex
1263 3593 1407 3664 ipsis
1425 3591 1796 3647 incunabulis
1816 3591 2001 3646 multa

358 3689 482 3741 erat
520 3686 682 3754 justo
730 3683 816 3737 illi
860 3682 1054 3737 infusa
1081 3683 1288 3753 gratia,
1323 3699 1435 3736 non
1470 3686 1679 3735 natura
1708 3680 1827 3734 haec
1858 3697 1998 3752 ope-

358 3781 545 3844 rante,
560 3773 716 3844 quod
733 3772 1066 3843 genitusest
1088 3773 1369 3827 honestus
1391 3770 1733 3836 infantulus,
1751 3771 1850 3824 sed
1874 3787 2001 3841 gra-

357 3863 438 3918 tia
490 3862 708 3922 divina.
741 3878 857 3933 qua
903 3861 1076 3916 etiam
1132 3861 1439 3915 barbaram
1489 3858 1650 3913 illam
1692 3859 1995 3914 mulierem

355 3950 684 4023 [Egyptiam
715 3950 1001 4014 excitavit,
1037 3955 1100 4003 ut
1130 3952 1371 4014 amaret,
1406 3952 1471 4002 ut
1499 3951 1784 4016 sumuret,
1818 3952 1882 4002 ut
1912 3964 1998 4002 ar-

355 4041 586 4112 riperet.
613 4043 675 4094 In
710 4039 838 4095 istis
859 4038 1016 4094 enim
1049 4037 1192 4091 fides
1223 4052 1337 4090 non
1369 4035 1572 4090 habuit
1598 4036 1871 4090 idoneum
1903 4053 1997 4090 ar-

355 4133 725 4202 gumentum.
750 4128 912 4194 Quod
938 4141 1094 4198 ergo,
1119 4131 1177 4181 et
1206 4130 1489 4197 quantum
1517 4129 1659 4192 erat,
1683 4130 1748 4180 ut
1778 4125 1834 4178 in
1867 4125 1996 4196 ipso

352 4217 514 4274 vultu
539 4217 879 4274 crederent?
908 4215 1018 4271 Sed
1052 4233 1174 4281 vos,
1198 4215 1410 4286 inquit,
1439 4218 1524 4270 tot
1552 4213 1834 4269 habentes
1862 4213 1993 4269 fidei

354 4307 619 4380 pignora,
647 4323 717 4362 ex
745 4304 890 4378 ipsis
915 4305 1091 4361 rebus
1115 4305 1331 4359 auditis
1357 4303 1594 4370 credite,
1618 4307 1683 4357 ut
1703 4319 1835 4357 cum
1860 4319 1998 4374 gau-

352 4397 448 4452 dio
470 4396 735 4468 rapinam
758 4411 953 4450 rerum
977 4393 1334 4464 suscipiatis,
1350 4392 1618 4462 quamvis
1640 4391 1784 4446 fides
1805 4397 1996 4448 vestra

353 4502 457 4558 per
485 4483 672 4540 multa
701 4489 966 4556 tempora
994 4482 1216 4548 tendat,
1249 4480 1400 4534 sicut
1428 4484 1486 4534 et
1514 4479 1826 4550 Abraham,
1855 4482 1995 4552 quia

353 4579 410 4630 et
435 4574 531 4629 isti
566 4590 668 4644 per
697 4573 871 4626 tidem
904 4587 1018 4625 non
1049 4569 1378 4624 timuerunt
1409 4567 1560 4640 regis
1607 4569 1880 4625 edictum.

430 4685 458 4713 ‹‹
490 4663 628 4717 Fide
676 4660 904 4730 Moyses
950 4658 1190 4728 grandis
1237 4657 1428 4713 factus
1470 4659 1703 4730 negavit
1752 4676 1815 4714 se
1865 4674 1994 4714 esse

354 4750 541 4805 ﬁlium
567 4748 698 4802 filiae
724 4745 1059 4811 Pharaonis,
1082 4746 1266 4818 magis
1289 4745 1509 4820 eligens
1533 4748 1708 4820 afﬂigi
1735 4764 1865 4802 cum
1892 4764 1992 4818 po-

356 4836 494 4909 pulo
509 4835 627 4902 Dei,
643 4850 817 4905 quam
838 4833 1177 4905 temporalis
1199 4837 1415 4907 peccati
1433 4837 1644 4892 habere
1658 4836 1994 4908 jucundita-

352 4932 496 4993 tem,
531 4923 781 4992 majores
809 4922 1041 4978 divitias
1070 4925 1366 4982 mstimans
1397 4926 1673 4982 thesauro
1700 4925 1991 4997 Egyptio-

354 5029 509 5082 rum,
540 5011 958 5083 improperium
989 5013 1201 5070 Christi
1227 5033 1240 5084 ;
1277 5015 1593 5087 aspiciebat
1623 5013 1779 5067 enim
1813 5015 1870 5068 in
1904 5032 1990 5070 re-

354 5101 839 5158 munerationem.
864 5125 884 5150 ι
913 5103 1218 5176 Tanquam
1243 5105 1288 5160 si
1311 5105 1527 5158 diceret
1549 5103 1619 5157 ad
1638 5119 1757 5169 eos,
1774 5103 1991 5175 quibus

351 5191 473 5248 hac
495 5189 814 5247 scribebat:
846 5191 1052 5249 Nullus
1077 5199 1336 5249 vestrum
1357 5191 1584 5246 dimisit
1609 5191 1802 5246 aulam
1827 5209 1988 5264 rega-

350 5279 486 5352 lem,
520 5284 577 5334 et
604 5278 880 5352 amplam,
907 5286 964 5337 et
991 5281 1230 5347 claram,
1264 5295 1452 5350 neque
1484 5279 1630 5335 tales
1660 5280 1989 5347 thesauros,

447 5423 604 5489 1450)
638 5424 793 5480 Idem
823 5441 890 5480 ac
917 5423 1200 5494 Ephraim,
1234 5421 1384 5478 Psal.
1415 5440 1619 5494 Lxxvu,
1651 5423 1704 5477 9.

446 5495 605 5566 1451)
637 5497 739 5550 Hic
773 5496 952 5566 igitur
981 5493 1150 5566 lectio
1189 5511 1312 5566 xm.

421 5497 578 5566 (1451
637 5497 739 5550 Hic
773 5497 952 5566 igitur
981 5497 1150 5548 lectio
1189 5511 1312 5549 xm.

419 5497 605 5639 (1452;
631 5567 693 5621 Id
710 5573 799 5639 est
815 5565 1233 5639 improperium
1247 5563 1440 5639 simile
1457 5564 1991 5639 improperio,quod

348 5633 618 5702 Christus
647 5633 962 5693 sustinuit:
995 5633 1082 5691 vel
1108 5651 1208 5708 pro
1241 5634 1478 5703 Christo,
1500 5633 1725 5692 scilicet
1752 5633 1870 5706 pro‘
1889 5652 1988 5706 po-

2024 4599 2071 4662 D

2112 3327 2212 3393 vit,
2247 3329 2582 3396 ostendens,
2617 3328 2753 3399 quia
2801 3333 2857 3383 et
2905 3328 3132 3401 Moyses
3162 3331 3364 3386 eadem
3397 3349 3615 3403 passus
3644 3340 3758 3400 est,

2113 3415 2264 3471 sicut
2292 3421 2347 3471 et
2373 3417 2660 3472 Christus.
2689 3418 3024 3473 Patiebatur
3053 3419 3207 3474 enim
3231 3420 3522 3492 Christus,
3547 3428 3762 3478 cuncta

2112 3505 2352 3571 ferebat,
2380 3505 2494 3560 illis
2522 3506 2888 3562 moventibus
2909 3508 3100 3579 capita
3121 3525 3248 3563 sua.
3274 3509 3384 3564 Sed
3417 3526 3610 3582 neque
3643 3511 3756 3567 ful-

2109 3610 2254 3664 gura
2274 3595 2596 3662 emittebat,
2623 3612 2810 3666 neque
2831 3598 3093 3668 seipsum
3115 3597 3298 3652 voluit
3319 3598 3548 3668 ulcisci,
3571 3605 3639 3656 ut
3659 3617 3762 3657 no-

2111 3682 2200 3737 bis
2231 3683 2559 3754 exemplum
2601 3684 2951 3740 humilitatis
2985 3692 3354 3742 monstraret.

2186 3791 2212 3822 ι
2247 3773 2379 3827 Fide
2412 3772 2644 3844 reliquit
2664 3777 2996 3846 IEgyptum,
3022 3793 3135 3830 non
3167 3777 3386 3832 veritus
3408 3778 3756 3836 animosita-

2107 3865 2223 3914 tem
2257 3861 2410 3932 regis
2441 3879 2454 3916 :
2487 3862 2776 3917 invisibile
2805 3863 2983 3930 enim,
3019 3868 3300 3936 tanquam
3329 3866 3538 3922 videns
3569 3870 3756 3926 susti-

2107 3949 2256 4004 nuit.
2280 3972 2307 3998 ››
2333 3950 2576 4006 Proinde
2597 3951 2771 4005 etiam
2790 3953 2943 4022 quod
2965 3951 3023 4006 in
3049 3953 3244 4024 fugam
3267 3970 3470 4010 versus
3487 3962 3600 4023 est,
3618 3958 3753 4015 fidei

2106 4038 2233 4092 fuit.
2251 4040 2411 4103 Quod
2436 4055 2572 4110 ergo
2600 4056 2712 4094 non
2737 4041 3076 4111 permansit,
3091 4041 3303 4112 inquit,
3320 4059 3392 4098 ne
3415 4061 3477 4099 se
3502 4046 3562 4099 in
3588 4063 3756 4118 aper-

2103 4130 2229 4181 tum
2254 4127 2641 4198 praecipitaret
2657 4129 3013 4200 periculum;
3043 4131 3182 4202 quia
3200 4131 3307 4186 hoc
3321 4133 3446 4202 jam
3467 4137 3757 4192 tentantis

2105 4219 2259 4270 esset
2277 4213 2500 4270 insilire
2527 4215 2584 4270 in
2612 4215 2803 4271 medio
2826 4217 3090 4288 periculi,
3113 4223 3167 4273 et
3192 4219 3402 4286 dicere,
3430 4219 3754 4280 Videamus

2105 4303 2154 4358 si
2188 4320 2281 4359 me
2311 4302 2517 4359 liberet
2549 4309 2700 4360 Deus
2725 4323 2738 4361 :
2772 4304 2880 4361 hoc
2910 4305 3085 4361 etiam
3111 4307 3338 4364 Christo
3367 4308 3519 4364 dixit
3548 4310 3753 4369 diabo-

2104 4392 2234 4448 lus:
2268 4415 2295 4442 «
2330 4393 2492 4449 Mitte
2522 4397 2579 4448 te
2609 4394 2882 4449 deorsum
2902 4395 3114 4465 (Matth.
3139 4413 3215 4463 ιν,
3246 4397 3318 4466 6;
3351 4401 3483 4453 Luc.
3511 4417 3590 4470 1v,
3616 4402 3696 4473 9).
3726 4425 3753 4452 »

2102 4483 2353 4538 Intueris
2375 4483 2512 4555 quia
2540 4483 2647 4538 hoc
2674 4484 3026 4540 diabolicum
3061 4489 3169 4553 est,
3192 4490 3259 4540 ut
3287 4503 3659 4558 supervacue
3687 4507 3756 4547 ac

2103 4572 2394 4645 superflue
2411 4573 2461 4627 si
2480 4573 2793 4644 quisquam
2813 4590 2876 4628 se
2893 4573 2949 4627 in
2971 4573 3294 4645 periculum
3305 4577 3511 4646 jaciat,
3528 4583 3760 4636 tentare

2105 4667 2280 4717 Deum
2305 4661 2355 4718 si
2381 4661 2583 4717 salvet.
2599 4662 2825 4717 Etenim
2849 4663 3113 4732 essejam
3137 4662 3252 4718 illis
3274 4665 3345 4719 ad
3375 4665 3642 4737 regimen
3667 4685 3759 4724 eo.

2103 4767 2233 4805 rum
2283 4766 2397 4804 non
2451 4755 2694 4821 poterat,
2728 4750 2809 4804 ita
2837 4751 3063 4823 ingrate
3093 4751 3327 4808 afﬂictis
3359 4752 3496 4822 illis,
3533 4756 3754 4827 quibus

2101 4843 2264 4894 tanta
2295 4839 2660 4910 praestiterat.
2691 4839 2948 4895 Stultum
2981 4841 3195 4912 quippe
3225 4846 3367 4909 erat,
3401 4847 3458 4898 et
3481 4844 3756 4903 insensa-

2103 4932 2226 4982 tum
2263 4943 2602 4999 permanere
2645 4927 2781 4983 illic.

2177 5040 2197 5066 σι
2233 5017 2368 5071 Fide
2397 5016 2706 5071 celebravit
2744 5018 2965 5073 Pascha
3011 5036 3079 5075 ex
3125 5019 3433 5091 sanguinis
3463 5021 3756 5079 effusione

2100 5106 2305 5178 (1453),
2340 5123 2411 5162 ne
2444 5106 2544 5177 qui
2583 5107 2848 5161 vastabat
2894 5108 3209 5178 primitiva,
3243 5113 3511 5180 tangeret
3569 5129 3692 5169 eos.
3725 5135 3754 5162 ιθ

2100 5195 2357 5249 Plurima
2388 5195 2542 5250 idem
2575 5195 2908 5266 Apostolus,
2944 5196 3096 5252 inter
3146 5197 3274 5269 ipsa
3303 5214 3432 5268 quae
3463 5197 3755 5272 loquitur,

2100 5283 2248 5338 solet
2269 5284 2688 5356 argumentari,
2715 5290 2773 5339 et
2795 5284 3013 5340 densus
3039 5291 3130 5340 est
3152 5287 3210 5340 in
3233 5287 3547 5344 sententiis
3571 5307 3584 5344 :
3622 5289 3754 5345 talis

2101 5371 2316 5443 quippe
2355 5377 2445 5428 est
2474 5373 2724 5444 Spiritus
2755 5373 2942 5429 sancti
2972 5374 3184 5445 gratia.
3217 5375 3344 5430 Non
3377 5376 3754 5434 abundantia

2100 5493 2259 5575 pulo,
2286 5511 2354 5575 ex
2379 5513 2492 5567 quo
2514 5497 2779 5575 Christus
2803 5496 3134 5575 nasciturus
3159 5503 3303 5575 erat,
3328 5498 3420 5555 vel
3447 5519 3556 5575 pro
3583 5502 3748 5558 Chri-

2100 5570 2490 5651 sto‘ven‘tucro,‘
2516 5569 2574 5623 in
2605 5584 2782 5651 quem
2813 5569 3323 5651 sperabanntojusti.

2172 5634 2357 5708 (1453)
2384 5638 2554 5712 Vulg.
2584 5634 2641 5696 ei
2665 5634 2959 5713 sanguinis
2983 5634 3324 5713 ofﬁciosam.
