3966 6210
140 253 250 315 809

734 249 1143 310 EXPOSITIO
1191 250 1266 309 IN
1314 232 1739 312 EPISTOLAS
1784 248 2044 311 PAULI.
2072 252 2245 312 -ΙΝ
2290 253 2540 314 EPIST.
2585 254 2688 313 AD
2734 253 2967 314 HEBR.

3432 258 3552 319 810

139 384 447 439 verborum
482 398 703 453 paucas
734 382 990 438 continet
1022 383 1357 443 sententias,
1383 383 1480 438 sed
1517 384 1570 436 in
1606 384 1789 437 brevi-
1820 384 1874 449 Α
1905 384 2033 452 quis
2069 384 2223 439 tubis
2255 385 2570 441 insonaret.
2606 386 2717 441 Sed
2750 386 2892 442 fides
2930 386 3127 442 omnia
3152 387 3320 443 valet.
3355 389 3550 461 Neque

141 481 252 530 tate
280 472 598 527 verborum
633 488 909 541 magnum
960 472 1227 538 habet,et
1272 472 1589 541 plurimum
1623 472 1788 526 intel-

143 564 374 617 lectum.
408 562 489 614 Ac
522 561 569 613 si
603 560 722 613 illis
773 561 985 613 diceret
1019 577 1030 613 :
1065 560 1119 612 Si
1155 563 1395 631 sanguis
1443 562 1696 631 agninus
1734 561 1789 614 in

144 652 330 706 medio
353 649 782 721 .‘Egyptiorum,
807 654 863 702 et
884 648 941 702 in
976 653 1137 702 tanta
1156 649 1549 703 devastatione
1583 650 1792 704 illmsos

142 740 385 794 servavit
414 738 653 793 Judaaos
698 737 885 809 (EJ‘Utl.
911 738 1106 806 xu,7),
1138 738 1320 791 multo
1372 738 1625 807 amplius
1676 738 1789 792 sal-

139 828 292 883 vabit
326 845 462 891 nos;
499 844 615 881 non
649 831 864 897 postes,
900 826 999 880 sed
1034 826 1259 879 animas
1292 831 1541 881 nostras.
1576 827 1793 881 Timuit

140 918 292 972 enim
323 916 495 970 illum
520 914 867 985 sanguinem
894 914 1137 985 angelus
1166 933 1177 971 :
1204 915 1420 969 sciebat
1442 916 1596 970 enim
1619 918 1790 985 cujus

139 1012 259 1061 erat
287 1012 494 1079 typus;
546 1004 869 1076 pertimuit,
906 1004 1262 1058 Dominicain
1298 1005 1787 1060 mortem‘intelli-

139 1111 281 1167 gens
315 1112 328 1149 :
365 1099 670 1166 propterea
701 1110 816 1147 non
848 1093 1039 1163 tetigit
1081 1096 1297 1163 postes,
1337 1094 1605 1164 quamvis
1636 1094 1789 1163 quod

140 1185 338 1253 ﬁebat,
364 1200 478 1238 non
502 1187 673 1250 esset,
692 1182 791 1236 sed
818 1182 973 1252 quod
998 1198 1099 1251 per
1120 1180 1259 1235 illud
1288 1183 1787 1252 praaﬁgurabatur,

138 1288 428 1344 magnum
477 1276 613 1326 erat.
658 1270 820 1336 Quod
867 1269 1025 1323 enim
1075 1270 1265 1336 ﬁebat,
1314 1270 1620 1341 sanguinis
1669 1276 1792 1325 erat

135 1360 383 1425 effusio;
418 1361 568 1432 quod
599 1364 793 1413 autem
835 1358 1335 1429 praeﬁgurabatur,
1360 1359 1542 1425 salus,
1566 1364 1621 1413 et
1651 1376 1789 1413 con-

135 1449 353 1517 clusio,
378 1454 432 1503 et
455 1447 762 1519 prohibitio
786 1447 1151 1517 perditionis,
1174 1448 1390 1502 scilicet
1412 1448 1662 1503 educens
1686 1466 1789 1503 nos

136 1539 206 1592 de
238 1537 512 1609 rEgypto,
536 1536 644 1591 hoc
665 1540 774 1599 est,
799 1536 1051 1589 tenebris
1077 1535 1431 1590 idololatria}.
1458 1536 1571 1591 Vos
1595 1542 1789 1592 autem

133 1626 328 1697 ipsius
352 1625 481 1695 agni
508 1624 787 1679 habentes
810 1623 1179 1695 sanguinem,
1204 1640 1315 1678 non
1340 1625 1785 1679 confundimini.

136 1714 465 1768 Induamur
514 1714 671 1768 enim
726 1714 1081 1781 arma(Rom.
1106 1730 1231 1779 xm,
1259 1714 1362 1781 1‘3),
1389 1713 1497 1768 hoc
1546 1718 1653 1781 est,
1689 1714 1787 1768 illo
1820 1750 1867 1813 Β

134 1802 452 1871 sacriﬁcio;
474 1803 615 1873 quia
638 1802 736 1873 qui
752 1805 967 1868 vastat,
984 1802 1040 1855 in
1066 1802 1356 1873 profunda
1377 1806 1540 1857 nocte
1564 1802 1785 1857 circuit.

134 1895 371 1946 Intuere
422 1891 605 1962 igitur
636 1890 925 1961 quomodo
957 1890 1289 1961 disputans,
1317 1889 1519 1945 volens
1548 1908 1646 1947 eos
1678 1893 1786 1947 sub

135 1981 444 2036 occasione
474 1978 824 2034 hortationis
848 1978 1156 2044 instruere,
1181 1980 1422 2050 sanguis
1444 1982 1614 2051 cujus
1646 1982 1786 2052 ﬁgu-

136 2087 286 2138 ram,
308 2073 366 2125 et
389 2075 594 2141 typum
622 2068 941 2123 habuisset.
967 2068 1263 2139 Sanguine
1288 2068 1421 2140 agni
1454 2068 1789 2126 illiniuntur

135 2154 537 2215 Israelitarum
572 2162 788 2228 postes,
814 2174 885 2211 ne
915 2160 1171 2211 vastator
1192 2156 1437 2228 angelus
1461 2159 1674 2214 audeat
1704 2159 1786 2213 in-

132 2249 285 2303 ferre
316 2246 665 2319 perniciem;
692 2246 1002 2316 signantur
1031 2244 1196 2317 signo
1222 2246 1536 2301 Dominicis
1560 2248 1785 2318 passio-

131 2337 223 2392 nis
261 2338 321 2390 in
355 2334 642 2390 frontibus
668 2333 864 2388 ﬁdeles
888 2334 1084 2405 populi
1110 2335 1181 2388 ad
1206 2335 1448 2389 tutelam
1474 2336 1702 2405 salutis,
1723 2342 1787 2391 ut

128 2425 185 2479 hi
222 2424 344 2480 soli
378 2425 449 2478 ab
482 2424 713 2478 interitu
741 2422 1081 2491 liberentur,
1111 2422 1210 2494 qui
1241 2440 1445 2479 cruore
1474 2424 1783 2480 Dominicze

126 2512 441 2586 passionis
490 2513 677 2578 corde,
708 2516 764 2567 et
812 2513 999 2566 fronte
1030 2512 1244 2584 signati
1276 2517 1434 2580 sunt,
1460 2514 1558 2585 qui
1607 2514 1782 2569 etiam

126 2620 227 2659 ore
278 2600 602 2673 loquuntur
633 2617 644 2654 :
674 2623 701 2649 ‹‹
732 2600 1038 2671 Signatum
1070 2606 1156 2656 est
1207 2618 1381 2672 super
1433 2619 1536 2657 nos
1585 2603 1781 2658 lumen

124 2691 331 2746 vultus
357 2689 464 2759 tui,
490 2688 729 2744 Domine
751 2688 930 2759 (Psal.
958 2706 1033 2753 IV,
1058 2690 1173 2759 7).»
1199 2690 1358 2745 Unde
1380 2695 1436 2745 et
1457 2690 1783 2763 appellatur

126 2782 258 2852 ipsa
296 2777 640 2835 solemnitas
668 2777 855 2848 phase,
880 2777 1033 2847 quod
1066 2794 1173 2833 nos
1222 2778 1534 2833 transitum
1568 2797 1777 2851 possu-

124 2886 264 2924 mus
294 2884 520 2936 vocare,
545 2883 610 2921 eo
640 2866 793 2937 quod
835 2866 904 2921 de
948 2867 1247 2937 pejoribus
1277 2867 1348 2920 ad
1380 2867 1621 2924 meliora
1652 2886 1779 2941 per—

125 2964 355 3029 gentes,
390 2956 761 3011 tenebrosam
792 2959 1104 3027 IEgyptum
1139 2954 1634 3026 derelinquamus.

187 3071 213 3097 ‹‹
256 3046 401 3100 Fide
439 3043 803 3099 transierunt
854 3060 1011 3099 mare
1059 3044 1341 3109 Rubrum,
1373 3049 1646 3115 tanquam
1679 3064 1782 3118 per

122 3137 354 3191 aridam
414 3138 679 3189 terram:
728 3133 881 3203 quod
940 3133 1155 3203 experti
1204 3133 1473 3205 :Egyptii,
1524 3136 1777 3191 devorati
1809 3119 1851 3185 C

122 3229 288 3280 sunt.
312 3247 335 3275 ι
368 3221 862 3292 Contemplamini
890 3222 1028 3292 quia
1058 3222 1275 3292 ubique
1306 3223 1448 3278 ﬁdes
1478 3224 1778 3280 ratiocina-

119 3316 316 3370 tiones
347 3313 645 3367 humanas
675 3310 919 3376 excedit,
942 3315 997 3365 et
1026 3310 1449 3377 inﬁrmitatem,
1474 3317 1648 3383 atque
1678 3314 1778 3369 hu-

119 3403 441 3458 militatem
474 3400 781 3455 hominum
814 3404 1067 3470 superat.
1096 3398 1392 3454 Credendo
1419 3400 1573 3455 enim
1604 3402 1779 3457 etiam

117 3490 422 3565 supplicia
448 3488 905 3544 declinaverunt.
932 3488 1012 3542 Ex
1037 3487 1145 3543 hoc
1166 3488 1322 3542 enim
1352 3490 1656 3545 manifeste
1688 3508 1781 3563 ap-

120 3581 325 3653 paruit
349 3594 567 3649 aquam
589 3576 883 3646 esse,quia
907 3575 988 3629 illi
1011 3577 1306 3631 venientes
1340 3577 1595 3648 absorpti
1620 3586 1777 3635 sunt.

120 3671 197 3726 Ex
226 3671 351 3725 hoc
384 3665 659 3739 apparuit
681 3681 794 3719 non
822 3680 950 3719 esse
983 3664 1311 3734 phantasia,
1336 3666 1435 3719 sed
1470 3683 1663 3721 rerum
1698 3685 1781 3723 ve-

120 3760 292 3826 ritas,
317 3757 463 3829 quia
492 3753 711 3826 experti
733 3753 980 3825 rEgypti,
1004 3754 1259 3808 devorati
1292 3758 1453 3809 sunt.
1477 3758 1554 3809 Ac
1587 3757 1634 3810 si
1667 3757 1783 3812 illis

119 3843 595 3916 diceret,quibus
618 3842 725 3896 hoc
748 3842 1070 3897 scribebat:
1095 3842 1158 3896 In
1180 3846 1409 3897 tantum
1428 3845 1583 3898 enim
1611 3846 1781 3901 ﬁdem

118 3942 327 3992 tenere
361 3933 668 3997 debemus,
702 3936 768 3985 ut
798 3931 1029 4002 quando
1062 3930 1118 3983 in
1154 3931 1561 4001 desperatione
1590 3933 1786 4004 aliqua

120 4026 367 4080 animus
400 4027 600 4077 noster
624 4020 889 4089 ﬂuctuat,
912 4024 1052 4073 tunc
1075 4035 1307 4090 quoque
1331 4021 1463 4075 ﬁdei
1495 4022 1703 4088 simus,
1724 4029 1787 4078 ut

118 4114 486 4169 liberemur:
518 4127 584 4164 ac
617 4109 666 4164 si
700 4124 884 4179 usque
915 4108 984 4162 ad
1020 4113 1264 4162 mortem
1296 4109 1705 4180 veniamus,ac
1737 4113 1785 4167 si

120 4204 189 4258 de
224 4201 403 4257 nobis
450 4199 523 4253 ab
556 4197 835 4253 omnibus
866 4197 1227 4267 desperetur,
1262 4202 1399 4251 tunc
1450 4200 1622 4254 ﬁdem
1655 4201 1788 4272 plus

120 4292 378 4345 ﬁrmiter
408 4294 739 4344 teneamus.
765 4289 1037 4351 Quaenam
1065 4303 1200 4356 spes
1226 4292 1451 4356 poterat
1477 4305 1603 4344 esse
1632 4290 1789 4345 illis?

120 4377 489 4434 Circumdati
522 4376 679 4431 enim
716 4376 994 4445 undique,
1025 4375 1073 4429 si
1120 4374 1334 4429 vellent
1362 4376 1576 4446 fugere,
1602 4384 1701 4432 aut
1730 4380 1787 4433 in

1903 476 2316 544 consequentia
2348 475 2468 529 ulla
2495 491 2709 540 rerum,
2734 492 2921 546 neque
2948 480 3172 531 natura:
3200 476 3323 549 lege
3355 480 3551 533 omnia

1906 565 2241 632 pm‘luulﬂri,
2268 567 2363 617 sed
2419 571 2652 635 propter
2700 581 2863 636 spem
2894 571 3104 620 cuncta
3135 566 3279 620 ﬁeri.
3305 568 3549 623 Proinde

1903 651 2074 704 etiam
2140 652 2230 705 hic
2292 658 2521 722 propter
2572 670 2732 724 spem
2784 659 2992 709 cuncta
3042 654 3210 709 ﬁunt.
3235 656 3551 711 Conﬁrmat

1902 740 2056 793 enim
2081 741 2391 811 Apostolus
2410 759 2645 796 sursum
2668 748 2839 813 atque
2864 743 3302 815 deorsum,quia
3322 750 3551 816 Oportet

1902 829 2133 883 credere
2163 847 2263 900 spe
2287 830 2518 885 futuris.
2542 830 2786 885 Proinde
2808 836 2925 885 tam
2960 830 3198 903 longum
3222 832 3402 888 istum
3426 849 3547 888 ser-

1903 934 2135 971 monem
2170 918 2394 972 monuit
2433 920 2747 973 ostendens
2796 920 2947 989 quod
3000 937 3114 975 non
3149 938 3325 989 nunc,
3352 922 3451 977 sed
3481 939 3549 977 ex

1901 1004 2068 1060 initio
2101 1007 2297 1061 omnia
2329 1007 2610 1062 miracula
2638 1025 2740 1079 per
2772 1009 2944 1063 ﬁdem
2977 1009 3287 1081 impetrata
3309 1016 3468 1077 sunt,
3494 1015 3549 1067 et

1902 1095 2172 1165 perfecta.
2199 1095 2541 1166 Figuraliter
2560 1096 2790 1150 Jericho
2816 1098 3102 1153 mundum
3127 1099 3439 1170 signiﬁcat.
3457 1100 3550 1155 Je-

1901 1182 2061 1238 richo
2078 1188 2272 1237 autem
2292 1200 2394 1255 per
2416 1184 2950 1254 interpretationem
2975 1185 3115 1241 luna
3135 1186 3368 1243 dicitur.
3388 1188 3549 1243 Luna

1899 1287 2031 1325 vero
2065 1272 2269 1326 mundi
2321 1272 2498 1342 hujus
2540 1273 2790 1343 speciem
2822 1277 3005 1342 tenet;
3042 1275 3180 1346 quia
3229 1276 3381 1334 sicut
3409 1276 3551 1332 luna

1900 1360 2217 1414 menstruis
2270 1360 2759 1431 completionibus
2792 1362 3005 1429 deﬁcit,
3039 1362 3116 1417 ita
3145 1364 3238 1418 hic
3289 1366 3548 1422 mundus

1900 1448 1969 1502 ad
1998 1450 2403 1503 conﬁationcm
2431 1454 2757 1521 temporum
2788 1466 3049 1519 currens,
3074 1453 3432 1522 quotidianis
3454 1455 3549 1509 de-

1898 1536 2145 1592 fectibus
2177 1538 2363 1591 cadet.
2402 1539 2461 1592 In
2514 1554 2647 1592 arca
2676 1553 2808 1592 vero
2857 1538 3110 1593 Ecclesia
3139 1539 3453 1611 ﬁguratur;
3485 1540 3545 1595 in

1898 1626 2057 1681 tubis
2089 1630 2283 1681 autem
2312 1627 2495 1694 azreis,
2520 1626 2928 1697 praedicatores
2950 1627 3126 1683 fortes
3156 1629 3542 1701 accipiuntur.

1900 1714 2056 1769 Hanc
2088 1731 2223 1786 ergo
2274 1716 2476 1771 urbem
2506 1715 2735 1770 Jericho
2768 1716 2974 1771 diebus
3023 1721 3244 1788 septem
3294 1718 3545 1775 ferentes

1899 1820 2092 1859 arcam
2127 1803 2422 1874 Israelitae,
2449 1804 2624 1859 amcis
2646 1805 2802 1859 tubis
2826 1805 3233 1877 clangentibus
3253 1807 3543 1879 circuunt,

1899 1899 1954 1948 et
1986 1892 2137 1947 muri
2171 1893 2298 1962 ejus
2330 1909 2432 1964 per
2461 1908 2605 1947 arcae
2647 1894 3033 1963 praesentiam,
3060 1899 3233 1965 atque
3262 1911 3546 1951 aerearum

1900 1983 2176 2037 tubarum
2210 1981 2403 2036 sonitu
2439 1982 2677 2047 cadunt,
2708 1982 2844 2052 quia
2875 1981 2933 2036 in
2966 1982 3072 2038 hoc
3103 1985 3547 2056 tempore,quod

1898 2075 2121 2142 septem
2155 2070 2381 2124 dierum
2435 2068 2841 2125 vicissitudine
2871 2069 3145 2141 volvitur,
3177 2072 3316 2126 dum
3369 2073 3549 2128 fertur

1898 2177 2050 2227 arca,
2085 2159 2140 2213 id
2175 2162 2283 2224 est,
2312 2159 2452 2213 dum
2484 2158 2684 2213 orbem
2716 2162 3003 2213 terrarum
3035 2160 3323 2216 circuiens
3354 2176 3545 2217 move-

1896 2253 1991 2303 tur
2014 2246 2288 2313 Ecclesia,
2313 2247 2382 2300 ad
2418 2247 2857 2317 praedicantium
2885 2263 3071 2314 voces,
3097 2248 3266 2319 quasi
3287 2250 3358 2304 ad
3381 2250 3547 2304 tuba-

1897 2353 2025 2391 rum
2063 2336 2342 2399 sonitum,
2368 2336 2520 2389 niuri
2549 2335 2799 2401 Jericho,
2829 2336 2884 2390 id
2917 2340 3026 2404 est,
3050 2336 3203 2391 elata
3228 2338 3454 2406 mundi,
3479 2354 3544 2394 ac

1895 2425 2148 2495 superba
2193 2422 2551 2478 inﬁdelitatis
2602 2423 2901 2478 obstacula
2950 2428 3249 2491 corruunt,
3272 2426 3453 2480 donec
3482 2425 3542 2480 in

1897 2516 2007 2568 ﬁne
2043 2519 2369 2583 temporum
2396 2528 2553 2567 mors
2576 2512 2894 2567 novissima
2922 2512 3161 2569 inimica
3183 2513 3538 2570 destruatur.

1894 2601 2111 2656 Deinde
2143 2603 2525 2672 augmentum
2556 2600 2694 2654 facit
2732 2599 3165 2670 consolationis,
3189 2606 3245 2657 et
3273 2601 3539 2658 exhorta-

1894 2690 2069 2744 tionis
2102 2706 2250 2755 suaz;
2284 2688 2353 2743 ad
2387 2704 2667 2759 personas
2700 2689 2965 2745 inﬁrmas
2995 2690 3294 2761 deponens
3324 2691 3539 2747 oratio-

1894 2796 2048 2834 nem.
2076 2778 2144 2833 Ut
2174 2778 2330 2832 enim
2354 2776 2730 2833 admirabiles
2758 2793 3017 2849 personae
3050 2779 3169 2834 haec
3192 2780 3417 2835 fortiter
3445 2797 3542 2852 pa-

1892 2872 2171 2932 terentur,
2198 2866 2412 2920 mirum
2446 2866 2592 2920 satis
2633 2882 2747 2921 non
2790 2870 2905 2935 est;
2941 2867 3078 2939 quia
3106 2884 3239 2923 vero
3267 2869 3543 2925 meretrix

1893 2955 2105 3010 mulier
2152 2955 2230 3009 ila
2261 2953 2508 3009 ﬁdeliter
2537 2954 2803 3022 credidit,
2829 2955 2886 3009 in
2922 2955 3029 3011 hoc
3058 2956 3223 3011 vobis
3274 2955 3540 3013 mirabile

1889 3044 2221 3115 exemplum
2255 3046 2644 3097 monstratum
2677 3046 2784 3097 est.
2819 3043 3095 3115 Sequitur
3126 3060 3139 3099 :

1970 3154 1990 3181 α
2018 3133 2154 3187 Fide
2181 3131 2380 3185 Rahab
2405 3131 2677 3185 meretrix
2697 3148 2813 3185 non
2845 3132 3018 3201 periit
3038 3147 3174 3186 cum
3198 3132 3537 3204 incredulis,

1888 3222 2180 3293 excipiens
2212 3219 2604 3291 exploratores
2654 3236 2787 3274 cum
2836 3236 2976 3290 pace
3006 3221 3188 3289 (Iosue
3209 3238 3269 3292 ιι,
3292 3222 3367 3292 3).
3400 3245 3427 3271 »
3456 3224 3536 3277 Ac

1889 3313 1938 3367 si
1968 3314 2234 3383 patenter
2264 3309 2456 3363 dicat:
2486 3309 2678 3377 Turpe
2709 3310 2796 3362 est
2824 3306 3002 3376 enim,
3027 3310 3076 3362 si
3109 3309 3410 3364 meretrice
3439 3310 3535 3364 in-

1892 3399 2176 3454 ﬁdeliores
2208 3395 2369 3450 estis.
2394 3395 2497 3449 Illa
2536 3399 2763 3448 tantum
2815 3394 3082 3450 homines
3132 3395 3352 3451 audivit
3382 3414 3533 3452 nun-

1890 3490 2122 3557 tiantes,
2147 3490 2203 3541 et
2228 3483 2530 3539 confestim
2555 3483 2832 3549 credidit;
2854 3500 2955 3539 vos
2982 3488 3176 3539 autem
3199 3500 3314 3539 non
3338 3484 3532 3544 solum

1890 3576 2158 3632 homines
2184 3572 2419 3637 auditis,
2440 3572 2540 3626 sed
2565 3571 2737 3626 etiam
2761 3588 2928 3628 voces
2949 3573 3531 3645 prophetarum,qua:

1893 3684 1994 3739 per
2017 3680 2189 3719 omne
2214 3662 2537 3718 Sabbatum
2562 3660 2857 3732 leguntur.
2884 3661 3028 3719 Nam
3054 3663 3229 3717 etiam
3254 3662 3313 3717 in
3338 3662 3543 3720 Rahab

1893 3757 2132 3812 effectus
2174 3751 2307 3807 ﬁdei
2351 3756 2699 3805 consecutus
2741 3755 2860 3817 est;
2892 3751 3167 3807 omnibus
3194 3751 3410 3823 quippe
3440 3769 3541 3824 pe-

1895 3844 2200 3900 reuntibus
2231 3840 2354 3897 sola
2380 3840 2599 3895 salvata
2621 3844 2727 3895 est.
2751 3840 2873 3894 Non
2901 3840 3048 3895 dixit
3070 3842 3224 3912 apud
3248 3858 3309 3896 se
3330 3841 3546 3915 ipsam,

1897 3950 1999 3989 nec
2032 3950 2133 4004 per
2162 3931 2445 3986 rationem
2480 3928 2823 3984 ratiocinata
2853 3935 2943 3985 est
2976 3949 2989 3983 :
3024 3930 3169 3993 Quia
3200 3947 3334 3985 cum
3366 3930 3548 4001 pluri-

1895 4023 2006 4077 bus
2037 4038 2155 4087 ero,
2181 4036 2321 4073 num
2355 4034 2460 4088 ego
2495 4017 2637 4088 ipsis
2670 4017 3011 4087 prudentior
3036 4033 3162 4071 esse
3195 4034 3434 4088 possum
3463 4036 3551 4075 sa-

1898 4110 2195 4183 pientibus
2217 4107 2376 4170 viris,
2395 4106 2491 4175 qui
2518 4122 2631 4159 non
2652 4105 2914 4173 credunt,
2932 4110 2988 4160 et
3007 4121 3110 4177 ego
3134 4106 3404 4160 credam?
3420 4106 3548 4164 Non

1896 4198 2093 4254 taliter
2115 4195 2408 4267 cogitavit,
2432 4193 2530 4247 sed
2557 4191 2801 4246 credidit
2822 4192 2993 4248 dictis
3013 4196 3397 4265 eorum,quod
3422 4212 3550 4266 pos-

1899 4293 2029 4343 sent
2060 4285 2160 4340 illa
2183 4283 2535 4352 contingere.
2566 4280 2766 4334 Rahab
2789 4297 2919 4335 vero
2953 4287 3154 4353 typum
3178 4286 3336 4337 tenet
3356 4283 3546 4339 Eccle-

1901 4377 2023 4443 siae,
2050 4391 2176 4446 quae
2210 4374 2279 4426 de
2321 4368 2628 4435 extraneis,
2654 4373 2823 4437 atque
2862 4368 3065 4424 alienis
3104 4371 3377 4441 gentibus
3409 4388 3552 4426 con-

120 4485 290 4523 mare
324 4471 496 4522 erant
545 4462 816 4535 perituri,
841 4469 942 4518 aut
974 4464 1034 4516 in
1069 4480 1280 4517 manus
1328 4466 1625 4536 Egyptias
1656 4466 1799 4521 inci-
1832 4482 1877 4545 Β
1911 4469 2147 4537 gregata
2180 4466 2295 4527 est;
2331 4476 2456 4530 qua:
2489 4461 2657 4513 antea
2685 4457 2880 4511 vivens
2913 4458 2970 4512 in
3004 4458 3310 4515 desideriis
3338 4460 3551 4533 carnis,

120 4557 353 4624 derent,
380 4556 481 4610 sed
536 4570 639 4624 per
687 4551 863 4606 ﬁdem
910 4556 1119 4605 cuncta
1150 4552 1431 4606 vicerunt.
1486 4554 1546 4607 Id
1604 4555 1799 4625 ipsum

118 4662 292 4700 mare
325 4643 459 4699 istis
491 4647 580 4697 est
629 4640 877 4696 oblitum
911 4646 1131 4694 naturae
1164 4657 1303 4709 suae,
1332 4640 1451 4695 illis
1502 4649 1794 4700 armatum

117 4739 214 4788 est
248 4733 535 4786 adversus
556 4747 671 4785 eos.
700 4728 913 4800 Typice
939 4733 1159 4797 autem,
1185 4729 1328 4799 quid
1361 4746 1465 4800 per
1499 4748 1656 4786 mare
1688 4734 1798 4788 Ru-

114 4824 334 4891 brum,
372 4818 485 4873 nisi
518 4818 876 4890 baptismum
919 4822 1005 4871 est
1034 4817 1249 4872 Christi
1280 4818 1564 4890 sanguine
1596 4838 1795 4876 conse-

115 4908 406 4966 cratum?
449 4907 654 4963 Hostes
706 4910 1017 4977 sequentes
1063 4921 1196 4960 cum
1248 4923 1401 4977 rege,
1429 4908 1527 4977 qui
1574 4926 1607 4963 a
1636 4914 1796 4981 tergo

116 5000 493 5063 moriuntur,
528 5001 767 5067 peccata
817 5000 957 5049 sunt
1008 4995 1319 5065 praeterita,
1350 5012 1475 5065 quis
1508 4998 1796 5065 delentur,

117 5094 174 5143 et
210 5086 515 5152 diabolus,
551 5085 650 5156 qui
699 5084 758 5138 in
812 5083 1061 5153 spiritali
1112 5084 1402 5154 baptismo
1454 5087 1796 5142 suffocatur.

116 5178 412 5233 Premunt
444 5173 684 5246 quidem
710 5172 993 5243 Egyptii;
1030 5176 1259 5243 urgent,
1284 5172 1509 5228 instant
1538 5179 1796 5245 peccata,

118 5267 225 5320 sed
266 5279 462 5334 usque
494 5262 569 5316 ad
600 5276 840 5331 aquam.

193 5378 223 5404 ‹‹
264 5354 405 5409 Fide
449 5350 606 5405 muri
656 5348 889 5404 Jericho
911 5355 1258 5405 corruerunt
1288 5350 1540 5405 circuitu
1572 5352 1800 5408 dierum

120 5449 358 5515 septem
391 5442 576 5512 (Iosue
606 5454 684 5508 vn,
706 5438 820 5507 20).
850 5458 877 5485 ››
898 5437 1023 5491 Νοιι
1055 5438 1207 5493 enim
1261 5441 1536 5495 tubarum
1574 5440 1802 5497 sonitus

122 5547 443 5590 murorum
478 5544 625 5585 saxa
652 5524 881 5595 dejecit,
901 5542 966 5580 ac
986 5527 1034 5581 si
1056 5543 1159 5601 per
1182 5528 1384 5585 decem
1408 5528 1596 5585 millia
1616 5545 1803 5588 annos

426 5658 699 5723 PATROL.
744 5650 1059 5717 CXXXIV.

1912 4551 2308 4608 fornicabatur
2364 4548 2423 4601 in
2477 4546 2668 4613 idolis,
2702 4546 2771 4600 ad
2806 4563 2981 4617 quam
3041 4547 3325 4603 Dominus
3380 4549 3553 4606 Jesus

1906 4640 2193 4700 Christus,
2212 4639 2281 4693 ad
2308 4636 2654 4693 scrutandos
2678 4651 2869 4690 mores
2895 4635 3202 4691 hominum
3225 4637 3340 4693 duo
3360 4638 3555 4694 Testa-

1908 4734 2103 4783 menta
2133 4727 2360 4782 direxit.
2386 4725 2530 4781 Nam
2564 4725 2712 4791 ideo,
2738 4729 2802 4778 ut
2837 4725 3195 4780 credentium
3230 4727 3427 4797 ﬁdem,
3450 4731 3555 4782 aut

1908 4816 2208 4873 rebellium
2259 4814 2638 4887 pervicaciam
2688 4813 2917 4886 plenius
2966 4816 3387 4888 comprobaret,
3420 4822 3555 4873 ante

1907 4906 2220 4961 adventurm
2246 4903 2457 4973 judicii
2503 4902 2614 4970 sui,
2651 4905 2818 4975 quasi
2849 4903 3240 4976 exploratores
3271 4906 3439 4977 duos,
3471 4905 3552 4962 le-

1906 5011 2059 5066 gem,
2092 4998 2149 5048 et
2177 4991 2550 5063 Evangelium
2582 4992 2910 5048 destinavit.

1979 5084 2103 5137 Huc
2134 5098 2319 5150 usque
2349 5078 2604 5133 narravit
2630 5080 2699 5133 de
2732 5080 3081 5154 legislatore,
3104 5087 3160 5138 et
3187 5084 3257 5139 de
3288 5083 3554 5154 patribus

1910 5168 2191 5240 antiquis,
2225 5174 2282 5222 et
2320 5168 2391 5221 de
2430 5181 2765 5221 successore
2795 5169 2979 5239 Moysi
3024 5171 3164 5226 Jesu
3194 5172 3368 5226 Nave.
3389 5169 3556 5225 Nunc

1910 5261 2175 5315 dicturus
2198 5260 2286 5309 est
2308 5252 2697 5323 dejudicibus
2722 5255 2922 5321 Israel,
2946 5258 3187 5313 nomina
3208 5274 3561 5314 commemo-

1912 5364 2048 5403 rans
2094 5347 2332 5414 prOpter
2378 5340 2719 5395 brevitatem
2753 5343 3061 5411 sermonis,
3089 5346 3189 5415 qui
3234 5364 3337 5417 per
3380 5346 3558 5403 ﬁdem

1911 5435 2338 5509 pugnaverunt,
2372 5434 2427 5481 et
2458 5431 2661 5497 gentes
2693 5430 2977 5501 plurimas
3007 5431 3286 5488 vicerunt.

1985 5546 2013 5572 (ι
2039 5521 2108 5576 Et
2128 5517 2268 5588 quid
2293 5515 2481 5572 adhuc
2504 5512 2696 5573 dicam
2715 5518 2742 5575 ?
2763 5517 3001 5575 Deﬁciet
3020 5518 3175 5575 enim
3203 5537 3297 5579 me
3324 5526 3559 5599 tempus

3201 5646 3282 5714 26
