3966 6210
419 292 528 349 811

1441 281 1779 341 ATTONIS
1826 277 2406 339 VERCELLENSIS
2454 275 2805 336 EPISCOPI

3717 265 3834 327 812

420 424 788 476 enarranten.
811 444 832 472 ι
875 417 1076 474 Deﬁcit
1119 416 1274 472 enim
1308 431 1397 469 me
1447 420 1676 485 tempus
1707 411 2064 466 destinatum
2097 411 2149 476 Α
2181 409 2290 463 fuit
2319 411 2451 462 ante
2483 412 2558 463 te.
2588 430 2613 456 »
2641 406 2801 471 Quod
2828 406 2954 478 jam
3001 404 3062 459 in
3092 401 3325 459 Christo
3355 400 3668 474 impletum
3713 413 3837 456 esse

422 510 493 565 ad
525 510 893 565 scribendam
925 505 1228 578 epistolam
1263 521 1275 558 :
1307 504 1434 570 hoc,
1460 504 1614 574 quod
1646 502 1701 555 in
1736 502 1906 556 corde
1938 515 2064 571 pro-

423 599 613 669 posui,
644 615 745 653 seu
777 595 1083 652 historiam
1113 594 1404 648 narrando
1435 594 1505 647 de
1535 592 1809 664 operibus
1836 605 2059 654 eorum,

421 688 518 741 sed
554 686 728 741 ﬁnem
761 686 979 741 faciens
1003 685 1060 738 in
1085 682 1468 750 meretricem,
1494 686 1549 736 et
1573 682 1630 734 in
1654 678 2061 735 verecundiam

420 775 504 830 eis
536 774 791 830 excitans
833 773 1172 846 qualitatem
1215 788 1492 844 personce,
1518 787 1633 824 non
1657 769 1783 838 jam
1816 767 2061 822 delecta-

419 869 514 918 tur
543 863 922 918 historiarum
949 859 1520 917 commemoratione.
1549 857 1629 912 Ne
1659 857 1923 910 videatur
1952 872 2063 908 ser-

419 968 651 1006 monem
676 968 846 1007 suum
881 950 1166 1022 protelare
1197 955 1389 1003 tamen
1417 965 1531 1002 non
1562 964 1628 1001 ea
1650 945 1940 1016 explanat,
1961 945 2058 998 sed

417 1040 720 1110 percurrit,
737 1039 1028 1111 sapienter
1049 1038 1212 1093 valde
1236 1043 1551 1106 utrumque
1581 1035 1819 1096 faciens,
1838 1039 1891 1086 et
1913 1038 2061 1086 tem-

418 1144 528 1198 pus
559 1127 809 1200 fugiens,
833 1132 890 1182 et
921 1127 1270 1181 densitatem
1303 1126 1723 1180 sententiarum
1759 1140 1871 1176 non
1905 1122 2060 1175 aufe-

414 1232 569 1271 rens.
616 1216 815 1288 Neque
869 1215 1024 1271 enim
1083 1215 1321 1270 omnino
1376 1213 1578 1279 tacuit,
1621 1228 1807 1282 neque
1865 1210 2063 1264 dicens

416 1305 699 1360 molestus
721 1305 959 1360 effectus
979 1309 1100 1371 est;
1123 1309 1439 1374 utrumque
1460 1301 1615 1356 enim
1640 1300 1796 1354 facit.
1814 1299 1920 1362 Qui
1936 1300 2062 1367 jam

415 1393 672 1448 credenti
701 1393 1065 1464 longitudine
1088 1391 1375 1447 sermonis
1407 1390 1691 1444 molestus
1721 1404 1847 1443 esse
1873 1385 2064 1441 volue-

415 1482 511 1549 rit,
535 1481 869 1553 opinionem
934 1481 1273 1536 ambitionis
1305 1480 1578 1544 incurrit;
1632 1482 1855 1549 oportet
1907 1476 2061 1529 enim

419 1569 652 1624 utilitati
687 1569 1012 1642 prospicere
1043 1576 1100 1624 et
1129 1569 1405 1640 coepturi.

492 1682 518 1707 ‹‹
553 1664 628 1712 De
677 1660 930 1729 Gedeon,
981 1659 1221 1728 Barach,
1271 1663 1536 1726 Samson,
1579 1655 1812 1728 Jephte,
1857 1654 2057 1719 David,

2179 515 2498 552 CCI‘DIIDUS.

2251 611 2270 633 α
2308 587 2738 641 Obturaverunt
2775 601 2877 639 ora
2919 583 3179 648 leonum,
3213 580 3619 670 exstinxerunt
3648 579 3830 652 impe-

2172 679 2299 730 tum
2332 675 2504 746 ignis.
2534 697 2560 722 ››

2255 785 2275 811 ε
2310 764 2741 818 Obturaverunt
2784 779 2884 817 ora
2930 761 3166 815 leonum
3199 781 3225 810 ››
3268 776 3370 832 per
3401 758 3599 826 fidem,
3626 763 3694 813 ut
3723 757 3832 814 Da-

2173 853 2288 909 niel
2321 871 2436 918 xw,
2469 854 2559 918 39,
2608 858 2850 906 Samson
2885 851 3033 920 (Iud.
3061 867 3175 918 xxv,
3207 849 3285 918 6),
3317 853 3374 903 et
3410 846 3582 902 David
3619 849 3668 919 (ι
3703 849 3829 918 Reg.

2171 961 2309 1007 mi,
2343 943 2558 1009 ειμι-37).

2245 1073 2270 1096 ‹‹
2309 1049 2723 1103 Exstinxerunt
2768 1048 3053 1117 impetum
3111 1045 3286 1116 ignis,
3314 1069 3333 1096 ι
3375 1061 3477 1115 per
3527 1043 3730 1109 fidem,
3771 1050 3834 1100 ut

2174 1143 2288 1191 tres
2337 1136 2497 1208 pueri
2549 1136 2607 1189 in
2656 1135 2884 1189 camino
2916 1134 3068 1204 ignis
3104 1133 3262 1204 (Dan.
3299 1150 3382 1197 III,
3415 1132 3526 1201 93).
3565 1131 3696 1188 Haac
3746 1138 3834 1188 est

2175 1227 2340 1295 fides,
2362 1231 2424 1280 ut
2455 1242 2587 1279 cum
2621 1240 2712 1278 res
2745 1223 2915 1278 nobis
2949 1225 3004 1276 in
3037 1221 3399 1276 contrarium
3433 1224 3665 1288 exeunt,
3690 1226 3831 1277 tunc

2173 1316 2502 1380 credamus,
2537 1313 2675 1384 quia
2723 1312 2867 1367 nihil
2909 1311 3264 1367 contrarium
3317 1310 3536 1365 factum
3586 1314 3693 1379 est,
3729 1313 3829 1367 sed

2174 1407 2385 1457 cuncta
2414 1401 2833 1470 consequentia
2859 1399 3144 1456 ordinata.

2251 1532 2269 1556 η
2309 1510 2724 1580 Ιείῐΐυςεινθιυιιι
2750 1507 2931 1562 aciem
2957 1505 3158 1578 gladii,
3185 1504 3610 1560 convaluerunt
3639 1505 3709 1560 de
3740 1505 3827 1560 in-

2175 1599 2467 1663 firmitate,
2496 1599 2673 1652 fortes
2707 1595 2840 1651 facti
2867 1601 3006 1651 sunt
3032 1595 3089 1648 in
3121 1594 3497 1660 bello,castra
3525 1598 3827 1648 verterunt

2172 1692 2525 1741 exterorum.
2558 1710 2585 1735 ››
2619 1687 3031 1757 Effugaverunt
3062 1684 3246 1738 aciem
3278 1682 3459 1755 gladii
3493 1699 3597 1754 per
3625 1683 3821 1748 ﬁdem,

417 1748 652 1848 Sampel
683 1753 740 1802 et
761 1748 1200 1846 prophetis,qui
1222 1764 1323 1818 per
1344 1747 1516 1848 fidem
1541 1747 1802 1848 viceruqt
1826 1761 2058 1848 "ligna-1’
2091 1785 2136 1848 Β
2171 1777 2226 1830 id
2261 1782 2370 1846 est,
2423 1793 2602 1846 supra
2651 1747 2780 1845 jam
2837 1773 2976 1828 dicti
3032 1772 3235 1839 David,
3267 1747 3372 1827 seu
3432 1747 3687 1838 Gedeon,
3720 1747 3822 1826 seu

416 1837 577 1900 Quod
612 1853 814 1892 omnes
845 1837 901 1891 in
933 1852 1243 1891 commune
1273 1840 1603 1902 narrantur,
1629 1834 1773 1889 illud
1796 1833 2055 1904 estquod

415 1924 783 1997 singulorum
814 1941 989 1996 opera
1017 1926 1219 1981 eadem
1242 1925 1354 1979 fide
1385 1929 1514 1979 acta
1543 1928 1700 1990 sunt,
1726 1941 1843 1994 qua
1873 1926 1929 1976 et
1961 1922 2055 1976 isti

411 2028 514 2083 per
567 2013 740 2068 ﬁdem
800 2012 1072 2068 similiter
1125 2013 1406 2069 vicerunt.
1462 2012 1745 2084 Regnavit
1800 2012 2053 2078 Gedeon,

409 2099 645 2173 signum
686 2101 1022 2174 accipiendo
1071 2101 1130 2156 in
1181 2101 1390 2157 vellere
1441 2102 1512 2156 ad
1570 2099 2054 2173 prosternendum

410 2189 590 2246 Zebee
619 2195 676 2246 et
703 2190 977 2247 Salmana
1009 2191 1152 2262 (Iud.
1186 2208 1306 2258 vni,
1343 2190 1452 2260 40).
1490 2189 1725 2254 Barach,
1759 2190 1830 2243 ad
1858 2193 2053 2244 conte-

411 2279 658 2334 rendum
687 2279 968 2349 Sisaram,
995 2284 1051 2334 et
1079 2296 1282 2334 omnes
1312 2296 1520 2334 currus
1551 2280 1678 2349 ejus
1709 2278 1857 2350 (Iud.
1891 2295 1966 2341 xv,
1999 2279 2054 2342 6,

413 2367 1037 2436 15,16,21).Samson
1086 2366 1281 2438 plures
1333 2367 1730 2421 interficiendo
1780 2366 2055 2430 moriens,

411 2471 588 2526 quam
622 2460 755 2510 ante
791 2456 953 2510 vivus
985 2457 1275 2510 occiderat
1321 2456 1463 2519 (Iud.
1514 2472 1629 2519 xvn,
1671 2457 1779 2525 30).
1825 2453 2052 2525 Jephte,

409 2543 727 2613 pugnando
779 2548 980 2598 contra
1036 2543 1188 2598 filios
1244 2549 1518 2608 Ammon,
1551 2549 1607 2597 et
1649 2544 1827 2597 filiam
1888 2559 2056 2598 suam

412 2630 704 2687 offerendo
751 2632 896 2702 (Iud.
942 2649 1018 2694 ιιι,
1064 2633 1174 2699 30).
1227 2632 1427 2702 David,
1479 2631 1794 2687 occidendo
1845 2631 2052 2686 Philis-

410 2719 650 2786 thaeum,
683 2725 740 2775 et
777 2720 836 2774 in
881 2719 1393 2792 repromissionem
1425 2719 1760 2791 accipiendo
1793 2721 1862 2774 de
1891 2719 2054 2774 Chri-

411 2813 500 2865 sto
543 2813 592 2877 (ι
639 2811 771 2878 Reg.
804 2826 942 2875 xvn,
973 2809 1086 2877 50).
1121 2807 1374 2873 Samuel,
1424 2809 1484 2862 in
1529 2808 1841 2864 occidendo
1892 2811 2054 2881 Agag

408 2913 604 2970 regem
634 2897 906 2953 Amalech
939 2898 982 2969 (1
1011 2897 1144 2970 Reg.
1178 2914 1266 2964 xv,
1297 2897 1412 2968 33).

481 3009 509 3036 ‹‹
543 2987 776 3059 Operati
831 2991 972 3042 sunt
1020 2985 1315 3057 justitiam
1361 3002 1422 3040 »ε
1458 2985 1598 3057 quia
1653 2987 1808 3057 quod
1863 2987 2049 3042 credi-

407 3077 641 3143 derunt,
673 3092 844 3148 opere
887 3075 1322 3147 compleverunt
1353 3093 1366 3131 :
1399 3099 1426 3125 «
1460 3075 1653 3147 adepti
1706 3075 1862 3130 enim
1914 3080 2051 3131 sunt

403 3165 908 3237 repromissiones,
957 3187 985 3214 »
1026 3157 1165 3236 quia
1213 3170 1552 3220 meruerunt
1601 3164 1716 3220 illis
1764 3165 2048 3236 promitti.

403 3242 534 3322 Seu,
585 3256 779 3327 adepti
837 3260 975 3310 sunt
1032 3255 1536 3326 repromissiones,
1582 3254 1720 3325 quia
1767 3271 1899 3309 cum
1951 3256 2046 3325 ju-

405 3345 714 3415 rejurando
774 3360 1121 3415 responsum
1181 3344 1498 3415 accepisset
1551 3343 1930 3414 David,quod
1982 3361 2050 3399 ex

404 3433 531 3506 ipso
562 3433 886 3489 secundum
917 3449 1151 3488 carnem
1175 3432 1439 3487 Christus
1471 3433 1703 3486 futurus
1734 3438 1906 3498 esset,
1932 3449 2045 3488 non

406 3523 712 3590 dubitavit,
743 3523 843 3577 sed
903 3521 1169 3577 credidit.
1203 3521 1296 3576 Sic
1353 3521 1509 3576 enim
1567 3521 1848 3592 scriptum
1909 3527 2042 3577 est:

409 3631 432 3660 ι
463 3612 688 3667 Juravit
727 3611 1006 3666 Dominus
1052 3610 1226 3666 David
1261 3611 1579 3677 veritatem,
1613 3616 1670 3665 et
1699 3628 1814 3666 non
1862 3613 2045 3682 poeni-

401 3701 547 3755 tebit
596 3716 730 3754 eum
765 3717 777 3754 :
812 3716 882 3755 ex
915 3701 1120 3754 fructu
1178 3699 1395 3754 ventris
1453 3699 1538 3753 tui
1597 3717 1811 3770 ponam
1870 3717 2046 3773 super

399 3787 600 3844 sedem
658 3803 847 3844 meam
879 3789 1133 3858 (1454).»
1166 3789 1234 3842 Et
1285 3787 1422 3842 alibi
1476 3805 1548 3842 :«
1611 3788 1798 3844 Semel
1844 3786 2038 3862 juravi

395 3876 458 3932 in
507 3882 708 3934 sancto
757 3893 907 3949 meo,
933 3878 981 3934 si
1015 3877 1193 3934 David
1227 3879 1478 3932 mentiar
1508 3897 1520 3933 :
1557 3895 1756 3934 semen
1804 3884 1932 3954 ejus
1981 3885 2040 3940 in

395 3971 673 4022 aeternum
738 3967 1013 4023 manebit.
1075 3971 1142 4022 Et
1192 3968 1361 4023 sedes
1418 3969 1567 4038 ejus,
1627 3970 1778 4023 sicut
1835 3971 1920 4026 sol
1979 3973 2037 4028 in

390 4061 705 4129 conspectu
762 4073 890 4113 meo
948 4057 1121 4127 (Psal.
1173 4074 1443 4122 Lxxxvm,
1498 4058 1587 4126 36,
1637 4059 1807 4128 37).»
1853 4060 1921 4114 Et
1979 4061 2036 4116 in

388 4145 871 4218 Paralipomenon
925 4147 969 4215 Ι,
1019 4164 1158 4214 XVII,
1208 4147 1475 4201 11-13:«
1506 4147 1574 4200 Et
1631 4147 1760 4214 erit,
1820 4147 2033 4220 inquit,

387 4249 521 4290 cum
553 4234 828 4308 completi
871 4235 1087 4290 fuerint
1125 4235 1248 4290 dies
1298 4235 1404 4300 tui,
1440 4239 1496 4290 et
1543 4234 1850 4290 dormieris
1898 4254 2031 4294 cum

384 4324 647 4394 patribus
703 4325 854 4391 tuis,
915 4324 1210 4379 suscitabo
1271 4339 1470 4378 semen
1541 4328 1706 4377 tuum
1767 4330 1900 4396 post
1955 4332 2032 4391 te,

386 4413 540 4484 quod
575 4415 906 4486 egredietur
936 4414 1006 4467 de
1055 4416 1220 4467 utero
1249 4416 1372 4477 tuo,
1404 4416 1460 4465 et
1488 4412 1734 4467 firmabo
1785 4431 2027 4486 regnum

383 4503 511 4572 ejus
557 4522 573 4556 :

380 4606 626 4663 regnum
661 4593 789 4661 ejus
821 4591 877 4644 in
926 4589 1370 4660 sempiternum.
1405 4589 1519 4662 Ego
1570 4607 1665 4646 ero
1716 4593 1766 4646 ei
1817 4592 1874 4646 in
1927 4611 2025 4665 pa-

377 4681 484 4745 tre,
518 4684 575 4734 et
605 4680 730 4750 ipse
785 4677 893 4732 erit
949 4675 1091 4729 mihi
1147 4677 1204 4730 in
1256 4675 1372 4731 ﬁlio
1407 4695 1419 4732 :
1455 4683 1511 4733 et
1567 4680 2025 4737 misericordiam

379 4783 572 4822 meam
605 4783 720 4821 non
751 4765 1011 4820 auferam
1044 4766 1114 4819 ab
1147 4781 1233 4833 eo,
1268 4765 1420 4822 sicut
1451 4768 1664 4824 abstuli
1698 4769 1770 4822 ab
1804 4784 1888 4836 eo,
1924 4773 2022 4841 qui

450 4872 632 4942 (1454)
666 4873 817 4926 Psal.
849 4888 1038 4935 cxxxr,
1071 4873 1129 4926 11
1159 4874 1410 4929 :Juravit
1445 4877 1710 4930 Dominus
1741 4877 1918 4931 David
1941 4895 2024 4933 ve-

374 4944 615 5007 ritatem,
649 4946 699 4997 et
725 4960 835 4997 non
881 4945 1244 5012 frustrabitur
1271 4964 1432 5012 eam;
1471 4948 1541 5000 de
1589 4949 1776 5015 fructu
1819 4952 2024 5004 ventris

373 5017 459 5068 tui
509 5031 714 5086 ponam
767 5032 931 5084 super
981 5018 1159 5072 sedem
1213 5022 1382 5072 tuam.
1445 5019 1577 5081 Quae
1647 5019 2022 5087 repromissio

372 5087 422 5140 II
449 5087 575 5168 Reg.
604 5103 704 5152 vn,
739 5088 806 5140 12
849 5088 1220 5158 potissimum
1271 5089 1502 5158 legitur,
1536 5093 1592 5142 et
1639 5091 2015 5158 sequentibus

371 5171 578 5213 νει-διο.

440 5230 623 5300 (1455)
657 5231 915 5287 ΜιισΙιίιὸ.
950 5251 1031 5299 ιιι,
1077 5248 1212 5286 cum
1258 5228 1478 5302 caeteris
1527 5231 1817 5302 capitibus
1865 5233 2013 5302 ejus,

369 5304 426 5354 et
458 5302 700 5355 fratrum
733 5302 1002 5359 virtutem
1040 5301 1438 5357 narrantibus.

438 5371 624 5449 (1456)
657 5374 730 5428 ΙΙΙ
777 5377 909 5449 Reg.
939 5391 1082 5449 xvn,
1119 5373 1235 5449 1n7:_
1267 5372 1462 5442 opinio
1511 5373 1643 5449 hinc
1677 5373 1883 5449 Ionam
1933 5376 2013 5428 vi-

367 5441 493 5516 duas
524 5441 872 5516 Sareptanaz'
893 5445 1081 5516 filium
1129 5441 1367 5516 faciens,
1403 5460 1435 5498 a
1465 5444 1744 5500 Rabbinis
1797 5446 2018 5516 aliquot

364 5511 464 5568 diu
498 5511 772 5587 obtinuit,
805 5519 877 5572 ob
933 5515 988 5568 id
1041 5514 1191 5584 quod
1228 5513 1461 5587 legitur
1509 5518 1711 5571 eodem
1745 5533 1792 5571 c.
1825 5511 2011 5583 v,'24;

359 5587 524 5648 Nunc
553 5585 614 5640 in
638 5585 766 5642 isto»
787 5586 1032 5655 cognovi,
1065 5586 1327 5653 quoniam
1356 5586 1441 5640 vir
1481 5588 1578 5643 Dei
1606 5603 1661 5642 es
1693 5590 1775 5652 tu,
1805 5591 1856 5641 et
1885 5602 2012 5642 ver-

624 4505 750 4575 ipse
805 4501 1116 4557 aaditicabit
1170 4499 1313 4554 mihi
1372 4501 1634 4570 domum,
1668 4506 1724 4556 et
1779 4503 2026 4561 ﬁrmabo
2060 4509 2107 4573 D

2169 1865 2263 1919 alii
2300 1864 2557 1934 plurimi,
2582 1864 2737 1934 quod
2771 1862 3011 1934 longum
3033 1866 3124 1918 est
3143 1877 3510 1931 enumerare,
3534 1877 3687 1933 quos
3710 1860 3821 1916 sci-

2169 1969 2301 2008 mus
2361 1969 2461 2025 per
2489 1954 2665 2008 fidem
2723 1952 2899 2008 fortes
2942 1951 3126 2006 fuisse
3184 1949 3243 2004 in
3301 1948 3477 2014 bello,
3510 1953 3568 2004 et
3624 1953 3822 2004 castra

2165 2042 2408 2097 vertisse
2436 2042 2508 2096 de
2537 2041 2748 2096 exteris
2773 2040 3066 2112 gentibus.
3090 2037 3519 2094 Convaluerunt
3549 2038 3622 2092 de
3654 2036 3824 2091 infir-

2168 2131 2368 2185 mitate
2399 2147 2499 2202 per
2531 2131 2726 2194 fidem,
2759 2131 2913 2185 sicut
2940 2128 3218 2184 Ezechias
3248 2128 3343 2198 (IV
3367 2127 3492 2196 Reg.
3524 2142 3620 2196 xx,
3648 2123 3707 2192 5,
3740 2126 3823 2196 6).

2167 2219 2363 2274 Fortes
2395 2219 2530 2274 facti
2575 2224 2712 2275 sunt
2742 2218 2799 2272 in
2832 2218 3006 2285 bello,
3041 2221 3106 2271 ut
3151 2216 3336 2272 Judas
3365 2219 3422 2271 et
3449 2214 3663 2270 fratres
3691 2214 3822 2284 ejus

2167 2309 2370 2379 (1455).
2429 2329 2451 2356 ι
2507 2313 2873 2379 Acceperunt
2927 2306 3204 2362 mulieres
3262 2306 3334 2360 de
3394 2302 3819 2359 resurrectione

2168 2401 2428 2452 mortuos
2476 2415 2633 2452 suos.
2665 2419 2689 2445 ι)
2725 2397 2801 2451 Ea
2849 2398 3270 2451 commemorat
3319 2391 3657 2465 Apostolus,
3690 2409 3814 2463 qua

2166 2503 2268 2557 per
2297 2486 2479 2540 Eliam
2521 2491 2580 2541 et
2628 2484 2883 2540 Eliseum
2912 2487 3216 2552 venerunt,
3249 2482 3351 2554 qui
3384 2498 3486 2554 per
3518 2481 3693 2536 ﬁdem
3727 2497 3816 2536 ro-

2163 2575 2280 2647 gati
2315 2579 2472 2645 sunt,
2498 2580 2562 2629 ut
2610 2573 2924 2644 Apostolus
2957 2572 3245 2638 meminit,
3280 2571 3352 2626 ab
3399 2568 3520 2625 illis
3556 2568 3814 2624 mulieri-

2165 2664 2296 2731 bus,
2348 2671 2411 2718 ut
2454 2664 2808 2719 suscitarent
2867 2666 3130 2718 mortuos
3179 2675 3404 2715 eorum.
3457 2658 3613 2714 Elias
3658 2657 3812 2712 enim

2164 2751 2467 2814 suscitavit
2522 2751 2708 2806 filium
2749 2751 2936 2806 viduae
2993 2750 3206 2806 Jonam
3237 2747 3426 2820 (1456)
3459 2746 3521 2803 in
3571 2747 3818 2818 Sarepta

2164 2840 2434 2911 Sidoniae,
2467 2844 2523 2896 et
2551 2839 2758 2896 detulit
2786 2839 2954 2895 illum
2988 2838 3162 2894 matri
3195 2855 3345 2905 suae;
3378 2843 3437 2892 et
3466 2835 3716 2892 Elisaeus
3746 2835 3815 2890 1i-

2161 2927 2305 2985 lium
2337 2929 2702 2984 Sunamitem
2736 2929 2827 3000 (ιν
2853 2930 2979 2998 Reg.
3012 2945 3086 2995 1v,
3125 2927 3237 2998 35).

2240 3055 2262 3084 ι
2306 3035 2415 3090 Alii
2477 3041 2671 3091 autem
2729 3035 2966 3091 distenti
3027 3039 3185 3102 sunt,
3249 3049 3364 3088 non
3424 3031 3816 3104 suscipientes

2082 3144 2125 3208 ε
2164 3125 2622 3196 redemptionem
2655 3129 2719 3179 ut
2748 3124 3045 3180 meliorem
3077 3122 3403 3178 invenirent
3432 3122 3822 3177 resurrectio-

2165 3229 2319 3269 nem.
2348 3237 2374 3263 ››
2409 3214 2676 3279 Distenti,
2709 3215 2766 3269 id
2815 3219 2922 3279 est,
2955 3211 3196 3279 extensi,
3248 3211 3358 3267 hoc
3402 3217 3512 3280 est,
3545 3209 3605 3264 in
3655 3209 3816 3282 ligno

2159 3303 2348 3359 crucis
2415 3320 2518 3375 per
2584 3304 2728 3358 fines
2793 3301 3058 3371 extensi;
3111 3317 3236 3371 seu,
3297 3305 3363 3354 ut
3417 3298 3519 3354 alii
3585 3298 3813 3368 dicunt,

2159 3391 2531 3446 incurvantes
2579 3390 2978 3446 summitatem
3030 3390 3328 3457 arborum,
3361 3392 3417 3443 et
3463 3404 3603 3443 ossa
3648 3404 3813 3442 mar-

2155 3483 2348 3550 tyrum
2407 3480 2804 3535 distendentes
2861 3496 2928 3534 ac
2983 3479 3438 3550 disrumpentes,
3499 3475 3639 3547 quia
3695 3476 3811 3548 ipsi

2157 3568 2462 3638 praesentia
2488 3569 2878 3640 despexerunt
2921 3572 2979 3623 et
3028 3567 3490 3638 redemptionem
3524 3570 3805 3622 aternam

2156 3658 2596 3728 concupierunt.

2233 3784 2259 3815 α
2287 3763 2395 3818 Alii
2427 3780 2559 3820 vero
2593 3763 2871 3835 Indibria,
2896 3771 2949 3819 et
2999 3763 3239 3819 verbera
3282 3761 3523 3834 experti,
3564 3761 3815 3835 insuper

2153 3857 2209 3907 et
2253 3852 2484 3908 vincula
2531 3857 2588 3907 et
2635 3869 2972 3909 carceres.»
3004 3851 3134 3907 Haec
3183 3850 3487 3923 aliquanta
3536 3850 3594 3905 in
3642 3851 3812 3907 Jers-

2152 3942 2269 3996 mia
2298 3947 2354 3995 et
2396 3941 2453 3994 in
2502 3943 2680 3996 Amos
2734 3941 2984 4013 legimus
3041 3939 3380 4010 adimpleta.
3431 3940 3516 3995 Ita
3569 3940 3640 3996 de
3690 3939 3813 4009 his,

2150 4045 2251 4084 seu
2308 4030 2378 4084 de
2424 4029 2554 4084 aliis
2609 4029 2804 4085 taliter
2861 4029 3134 4085 scribens
3182 4029 3518 4100 Apostolus,
3553 4026 3814 4099 qualiter

2149 4117 2336 4173 solent
2367 4119 2435 4173 de
2484 4118 2616 4173 aliis
2649 4118 2929 4183 accidere,
2962 4117 3178 4190 quibus
3226 4116 3384 4172 mala
3428 4116 3808 4188 inﬂiguntur.

2146 4207 2314 4261 Prius
2346 4206 2501 4262 enim
2547 4205 2826 4262 deludent
2864 4224 2984 4278 eos,
3018 4207 3174 4262 unde
3219 4209 3278 4260 et
3323 4203 3593 4260 delubria
3623 4205 3806 4274 dicta,

2145 4301 2200 4350 et
2250 4300 2562 4367 postquam
2612 4297 2898 4351 verberati
2946 4295 3178 4362 fuerint,
3221 4299 3287 4349 ut
3332 4293 3603 4349 Michaeas
3636 4310 3670 4349 a
3701 4295 3810 4351 Se-

2145 4385 2307 4439 decia
2337 4385 2442 4455 (III
2471 4390 2595 4456 Reg.
2631 4401 2768 4452 xm,
2801 4386 2916 4450 24),
2947 4389 3279 4456 sequuntur
3323 4383 3556 4439 vincula
3581 4387 3641 4438 et
3670 4399 3806 4440 ear-

2141 4489 2299 4528 cercs
2331 4473 2540 4544 (Ibid).

2215 4605 2235 4629 α
2265 4581 2528 4651 Lapidati
2560 4584 2720 4651 sunt,
2745 4581 2885 4636 secti
2920 4583 3075 4645 sunt,
3109 4578 3318 4634 tentati
3352 4580 3512 4645 sunt,
3546 4578 3608 4633 in
3647 4581 3802 4636 occi-

2139 4670 2302 4724 sione
2333 4667 2509 4739 gladii
2544 4668 2757 4724 mortui
2803 4672 2961 4723 sunt.
2987 4690 3013 4717 ››
3052 4667 3317 4739 Lapidati
3350 4672 3511 4737 sunt,
3547 4671 3613 4721 ut
3640 4670 3803 4723 Jers-

2136 4758 2285 4812 mias
2346 4757 2551 4828 (1457),
2603 4757 2832 4812 Naboth
2886 4759 2985 4829 (III
3033 4758 3154 4826 Reg.
3208 4773 3322 4825 xxx,
3378 4755 3488 4827 13),
3541 4771 3646 4811 seu
3694 4757 3800 4812 Za-

2136 4864 2261 4918 bum
2292 4865 2513 4918 Domini
2545 4865 2603 4918 in
2633 4880 2722 4919 ore
2753 4868 2844 4919 tuo
2875 4880 3061 4918 verum
3087 4867 3185 4918 est.
3219 4861 3400 4917 Filius
3431 4861 3591 4917 enim
3625 4863 3800 4918 Ama-

2133 4951 2216 5006 thi
2248 4952 2428 5006 Jonas
2478 4951 2720 5018 dicitur;
2757 4952 2969 5006 Amath
3002 4969 3131 5006 vero
3174 4951 3454 5006 Hebraice
3502 4954 3800 5006 veritatem

2133 5029 2320 5078 sonat.
2357 5029 2433 5077 De
2465 5023 2572 5078 hac
2601 5024 2870 5094 opinione
2914 5023 3041 5078 vide
3091 5024 3287 5076 divum
3342 5021 3796 5094 Hieronymum,

2130 5097 2352 5166 prmfat.
2412 5099 2469 5148 in
2523 5092 2754 5159 Jonam,
2799 5097 3018 5165 pseudo
3081 5093 3302 5166 epiph.,
3335 5098 3391 5166 et
3448 5092 3693 5166 Doroth.
3729 5095 3800 5148 de

2133 5163 2318 5221 morte
2349 5173 2404 5222 et
2427 5166 2545 5220 vita
2566 5163 3026 5236 proph.,'quaest.
3053 5163 3129 5220 ad
3146 5163 3410 5236 Antioch.
3439 5180 3498 5234 q.
3524 5166 3621 5228 65,
3644 5165 3800 5220 inter

2129 5254 2304 5307 opera
2331 5238 2516 5292 sancti
2550 5235 2873 5307 Athanasii.
2900 5240 2970 5290 At
2995 5236 3174 5290 Jonas
3205 5236 3314 5290 sub
3346 5235 3512 5307 Joas,
3539 5241 3598 5290 et
3627 5237 3798 5291 Jero-

2130 5305 2336 5363 boamo
2379 5309 2634 5363 secundo
2685 5305 2914 5362 Israelis
2952 5308 3187 5378 regibus
3229 5307 3445 5360 ﬂoruit.
3485 5306 3798 5370 Quomodo

2128 5395 2262 5449 ergo
2314 5381 2471 5433 filius
2519 5379 2704 5433 viduas
2752 5379 2911 5432 illius
2967 5395 3094 5432 esse
3147 5378 3418 5449 potuerit,
3444 5393 3582 5431 cum
3642 5378 3800 5433 Elias

2127 5451 2429 5519 sexaginta
2459 5451 2630 5506 annis
2666 5454 2806 5521 ante,
2827 5453 2964 5504 Joas
2993 5466 3237 5521 regnum
3267 5449 3742 5521 raptusjuerit?

2199 5522 2381 5590 (1157)
2411 5521 2617 5592 Opinio
2649 5526 2736 5592 est
2780 5519 3103 5592 Ieremiamr
3123 5520 3450 5592 lapidatum
3486 5519 3699 5589 fuisse,
3736 5524 3802 5592 et

2127 5589 2198 5645 de
2215 5606 2280 5648 eo
2296 5589 2640 5664 Apostolum
2661 5591 2756 5647 hic
2778 5591 2938 5664 loqui
2957 5589 3209 5648 voluisse
3226 5589 3504 5664 pluribus
3523 5591 3800 5664 antiquis
