3966 6210
148 367 275 428 813

739 363 1154 423 EXPOSITIO
1199 365 1275 423 ΙΝ
1322 365 1751 425 EPISTOLAS
1799 365 2157 425 PAULL—
2188 367 2263 425 IN
2309 366 2553 425 EPlS'l‘.
2599 366 2699 425 AD
2744 367 2980 427 HEBR.

3444 370 3561 429 8M

153 496 384 552 charias
415 495 622 563 (1458).
668 494 815 549 Secti
872 498 1029 563 sunt,
1091 500 1154 549 ut
1213 496 1319 550 fuit
1372 496 1550 551 Isaias
1596 496 1799 563 (1459).
1839 496 1891 561 Α
1926 494 2114 549 lancis
2133 496 2265 551 etin
2287 498 2551 552 cavernis
2578 502 2765 553 terra}.
2792 520 2819 546 »
2846 498 3026 553 Eliam
3057 498 3218 566 dicit,
3246 515 3348 554 seu
3396 505 3563 556 caete-

155 584 381 641 Tentati
402 589 561 651 sunt,
587 582 643 637 id
669 583 1032 653 est,probati,
1060 586 1456 648 utAbraham,
1505 590 1561 637 et
1602 584 1801 637 Jacob.

156 676 219 731 In
254 672 539 729 occisione
571 671 748 739 gladii
804 673 1019 727 mortui
1052 679 1211 737 sunt,
1246 679 1308 728 ut
1350 674 1512 728 Urias
1565 675 1631 743 (Il
1674 675 1801 739 κρυ.

156 782 217 830 ιι,
262 762 377 833 24),
433 766 491 816 et
538 760 732 815 Josias
790 762 883 827 (IV
936 763 1062 829 Reg.
1125 780 1286 828 xxm,
1346 766 1450 828 2t);
1514 764 1560 818 ll
1614 764 1802 817 Paral.

153 869 324 919 xxxv,
351 852 460 919 23).
499 851 568 905 Et
601 852 719 904 haec
744 849 941 905 omnia
963 867 1063 920 per
1095 852 1265 905 ﬁdem
1300 853 1453 922 passi
1479 852 1804 922 despicien-

155 947 243 997 tes
262 938 663 1011 praesentiamt
680 940 748 992 ad
766 956 1018 1008 superna
1040 939 1421 993 elevarentur.
1445 945 1564 993 Duo
1588 940 1805 1009 quippe

156 1036 297 1086 sunt
330 1027 613 1083 miracula
646 1027 779 1080 ﬁdei
807 1044 819 1081 :
855 1026 992 1098 quia
1022 1032 1077 1081 et
1106 1027 1356 1097 imperat
1380 1045 1593 1099 magna
1626 1032 1681 1082 et
1706 1045 1802 1098 pa-

157 1120 304 1174 titur
334 1134 571 1187 magna,
594 1121 651 1169 et
676 1114 820 1170 nihil
858 1121 1089 1186 reputat
1122 1116 1260 1186 pati.

228 1232 254 1257 u
276 1204 708 1263 Circumierunt
730 1204 787 1257 in
814 1204 1065 1271 melotis,
1093 1210 1149 1258 et
1172 1206 1229 1258 in
1261 1204 1512 1275 pellibus
1527 1206 1802 1275 caprinis,

156 1300 422 1366 egentes,
454 1292 793 1364 angustiati,
826 1292 1048 1346 afflicti.
1071 1314 1097 1341 ››
1124 1292 1187 1346 In
1211 1293 1318 1348 hoc
1342 1292 1465 1349 loco
1494 1294 1672 1347 Eliam
1702 1295 1803 1346 de-

160 1385 381 1439 bemus
412 1380 750 1452 intelligere.
786 1380 985 1450 Ipsum
1020 1381 1235 1452 quippe
1268 1382 1566 1437 insinuat:
1604 1387 1657 1437 et
1691 1400 1803 1436 non

160 1472 355 1528 solum
388 1470 575 1535 illum,
607 1470 710 1524 sed
738 1473 795 1522 et
825 1468 992 1531 alios,
1025 1470 1123 1540 qui
1158 1468 1348 1524 taliter
1393 1476 1653 1540 egerunt,
1706 1472 1803 1541 qui

157 1560 360 1627 afﬂicti
418 1558 677 1628 undique
733 1559 1010 1629 penuriis,
1063 1564 1118 1613 et
1177 1558 1661 1614 tribulationibus
1704 1576 1805 1614 an-

157 1648 429 1723 gustiati,
462 1651 701 1719 egentes
729 1646 946 1718 inopia,
982 1657 1045 1701 ut
1101 1648 1171 1701 ad
1231 1647 1588 1703 desiderium
1643 1654 1806 1703 teter-

160 1754 367 1794 nornm
402 1736 735 1808 potuissent
766 1752 866 1807 per
895 1736 1273 1791 afﬁictionem
1307 1736 1654 1807 pertingere.
1690 1739 1805 1792 Me-

160 1828 302 1883 lotes
346 1825 557 1880 dicunt
596 1824 798 1895 aliqui,
851 1825 948 1896 qui
1003 1842 1118 1879 uno
1169 1825 1351 1879 latere
1398 1827 1805 1881 tantummodo
1842 1864 1885 1927 Β

163 1916 434 1983 pendeat,
469 1931 538 1969 ex
570 1912 817 1983 pellibus
849 1913 1055 1979 factus,
1092 1917 1155 1967 ut
1188 1913 1457 1967 monachi
1490 1913 1546 1967 in
1570 1914 1809 1984 Egypto

164 2005 485 2059 utebantur
514 2002 725 2071 (1460),
759 2000 991 2071 qualem
1030 2000 1181 2055 tilias
1215 2018 1446 2072 quoque
1473 2002 1687 2073 legitur
1715 2002 1812 2058 ha-

160 2092 496 2163 buisse(1V
524 2092 651 2160 Reg.
704 2108 741 2156 1,
774 2092 848 2160 8).

230 2204 258 2232 ‹‹
290 2181 524 2247 Quibus
552 2180 765 2250 dignus
796 2196 908 2234 non
960 2184 1085 2234 erat
1144 2181 1421 2235 mundus.
1452 2203 1477 2227 ››
1529 2180 1810 2235 Mundum

164 2286 420 2341 namque
458 2269 562 2324 hoc
595 2269 653 2322 in
687 2267 809 2322 loco
842 2268 984 2322 dicit
1042 2266 1309 2323 homines
1360 2268 1565 2322 mundi
1616 2285 1813 2324 amore

165 2360 462 2429 deceptos,
486 2362 661 2427 atque
692 2355 1023 2411 inhaarendo
1048 2362 1321 2410 creaturas
1346 2358 1417 2411 ab
1444 2358 1814 2428 agnoscenda

166 2446 459 2503 Creatoris
490 2446 581 2500 sui
624 2445 929 2514 majestate
958 2443 1225 2499 reﬂexos.
1266 2445 1345 2499 De
1378 2462 1493 2515 quo
1525 2445 1637 2499 alio
1689 2444 1812 2499 loco

170 2534 313 2590 dicit
340 2552 352 2588 :
389 2557 415 2583 ι(
443 2538 605 2587 Nunc
628 2533 892 2605 princeps
924 2534 1101 2603 hujus
1125 2534 1329 2587 mundi
1363 2535 1628 2604 ejicietur
1658 2534 1813 2589 foras

170 2626 461 2694 (Joan.xn,
498 2623 606 2691 31).
630 2646 657 2672 ››
684 2621 950 2677 Ostendit
981 2621 1135 2676 enim
1167 2622 1464 2677 diabolum
1490 2624 1811 2694 principem

169 2730 293 2769 esse
324 2715 697 2784 peccatorum
730 2710 1056 2777 hominum,
1090 2728 1203 2766 non
1241 2717 1640 2765 creaturarum
1690 2712 1810 2766 Dei.

174 2803 237 2856 Et
263 2802 741 2873 quotiescunque
766 2800 972 2854 mundi
1008 2800 1193 2871 ﬁgura
1220 2801 1277 2853 in
1311 2798 1467 2854 mala
1525 2800 1815 2871 signiﬁca-

170 2890 317 2947 tione
338 2890 604 2962 ponitur,
640 2888 891 2943 ostendit
922 2889 1124 2942 mundi
1172 2888 1341 2943 istius
1399 2894 1709 2956 amatores,
1760 2894 1813 2943 et

174 2996 277 3036 non
308 2980 429 3035 Dei.
464 2977 641 3033 Absit
662 2977 840 3042 enim,
876 2981 940 3031 ut
972 2978 1282 3032 credamus
1308 2995 1442 3033 eum
1491 2978 1812 3049 principem

172 3085 286 3125 esse
318 3068 467 3133 cmli,
508 3072 571 3121 et
602 3072 764 3121 terra:
798 3071 852 3120 et
893 3071 1290 3121 creaturarum
1350 3067 1636 3131 omnium,
1689 3083 1813 3137 quae

171 3158 512 3229 generaliter
529 3173 586 3210 m
599 3156 736 3209 undi
750 3156 983 3210 nomine
1006 3155 1392 3226 appellantur.
1418 3156 1596 3210 Totus
1620 3156 1815 3225 itaque

1922 602 2016 638 res
2050 585 2195 638 alios
2230 586 2328 655 qui
2365 602 2464 656 per
2492 587 2741 655 deserta,
2761 592 2816 641 et
2842 589 2951 641 sub
2973 592 3127 641 terra
3147 593 3204 642 et
3225 588 3282 642 in
3299 590 3561 645 cavernis

1920 680 2085 726 terra:
2123 676 2373 727 fuerunt.

1989 786 2013 810 ‹‹
2054 763 2119 815 Et
2144 763 2200 815 hi
2223 777 2425 817 omnes
2458 764 2793 818 testimonio
2816 765 2945 819 ﬁdei
2971 766 3217 835 probati,
3244 783 3359 821 non
3392 783 3561 822 acce-

1920 857 2126 919 perunt
2152 852 2686 921 repromissionem,
2724 854 2837 907 Deo
2870 871 2971 925 pro
3004 854 3172 909 nobis
3205 855 3416 910 melius
3448 855 3556 911 ali-

1918 940 2055 1008 quid
2091 940 2449 1009 providente,
2487 957 2557 995 ne
2590 942 2714 996 sine
2746 944 2911 996 nobis
2931 950 3500 1001 consummarentur.
3529 968 3557 994 »

1916 1028 2019 1089 Qui
2056 1046 2278 1098 omnes,
2314 1030 2425 1083 nisi
2457 1031 2726 1101 superius
2767 1032 3091 1098 memorati,
3143 1048 3388 1103 queram
3436 1038 3559 1088 tam

1916 1116 2071 1169 clara
2100 1123 2157 1171 et
2185 1117 2500 1173 laudabilis
2532 1120 2675 1173 ﬁdes
2698 1125 3155 1175 commemorata
3204 1126 3314 1189 est,
3348 1121 3405 1176 id
3452 1127 3558 1192 est,

1918 1205 2079 1273 Abel,
2116 1206 2373 1270 lIenoch,
2407 1212 2542 1276 Noe,
2573 1208 2839 1271 Abrahae,
2883 1208 3059 1275 Sarze,
3120 1210 3301 1277 Isaac,
3353 1211 3557 1277 Jacob,

1914 1294 2154 1364 Joseph,
2192 1294 2427 1364 Moysis,
2459 1296 2850 1349 Israelitarum
2887 1313 3046 1351 mare
3104 1298 3559 1368 transeuntium,

1915 1380 2109 1444 Josue,
2148 1382 2368 1449 Rabab,
2406 1383 2647 1451 Barach,
2683 1384 2952 1453 Samson,
2975 1384 3204 1455 Jephte,
3228 1386 3429 1457 David,
3454 1388 3557 1443 Sa-

1920 1470 2072 1524 muel
2106 1474 2161 1524 et
2191 1471 2630 1541 prophetarum,
2666 1472 2765 1541 qui
2822 1473 3059 1527 fuerunt
3118 1472 3218 1527 ﬁlii
3279 1474 3402 1539 Dei,
3462 1474 3563 1530 lux

1920 1560 2145 1623 mundi,
2182 1559 2263 1614 sal
2300 1565 2481 1625 terra,
2515 1560 2693 1615 stellae
2724 1561 3103 1630 ﬁrmamenti,
3136 1563 3349 1617 terreni
3373 1562 3563 1617 homi-

1920 1661 2021 1699 nes
2053 1650 2109 1698 et
2139 1644 2401 1700 caelestes
2432 1646 2643 1716 angeli,
2675 1647 2789 1700 vivi
2848 1646 3072 1719 lapides
3130 1653 3187 1703 et
3243 1648 3562 1720 splendidas

1920 1734 2268 1805 margaritis,
2302 1751 2552 1803 quorum
2584 1752 2759 1806 Opera
2789 1752 2915 1806 quas
2941 1742 3207 1808 egerunt,
3242 1738 3419 1793 ﬁdem
3460 1754 3560 1794 eo-

1920 1840 2047 1877 rum
2082 1822 2537 1894 testantur,quia
2562 1825 2782 1895 absque
2807 1826 3297 1896 ﬁdeimpossibile
3320 1832 3444 1883 erat
3463 1845 3564 1884 eos

1922 1910 2144 1982 placere
2176 1911 2289 1966 Deo
2311 1913 2337 1964 ?
2366 1912 2476 1966 Sed
2510 1916 2706 1966 tamen
2739 1914 2965 1983 probati
2998 1916 3427 1983 tantummodo,
3473 1933 3560 1971 re-

1922 1999 2363 2071 promissionem
2400 2017 2512 2054 non
2546 2005 2913 2071 acceperunt.
2946 2002 3109 2057 Dicet
3137 2019 3273 2073 ergo
3305 2002 3557 2074 aliquis:

1924 2090 2068 2155 Quid
2101 2089 2185 2143 eis
2224 2088 2439 2159 profuit
2494 2089 2741 2144 servisse
2800 2095 2933 2156 Deo,
2994 2091 3042 2145 si
3097 2091 3379 2147 hactenus
3437 2091 3565 2148 sine

1924 2177 2160 2249 premio
2192 2178 2577 2247 permanent?
2598 2178 2783 2232 Absit.
2809 2179 3048 2233 Auferat
3068 2179 3176 2234 hoc
3201 2196 3235 2234 a
3260 2181 3559 2237 mentibus

1923 2266 2387 2320 Christianorum
2428 2265 2709 2321 Dominus
2735 2267 2888 2322 Deus
2919 2271 3137 2332 noster,
3172 2274 3237 2323 ut
3258 2270 3568 2326 credamus

1923 2370 2021 2409 eos
2044 2354 2165 2407 sine
2187 2354 2425 2424 praemio
2448 2370 2809 2425 permanere,
2825 2356 3127 2426 quiadhuc
3141 2358 3371 2411 mortali
3394 2374 3569 2414 carne

1923 2442 2270 2497 circumdati
2302 2460 2580 2515 magnum
2601 2444 2905 2514 praemium
2932 2450 3313 2517 perceperunt
3331 2445 3568 2501 videndi

1923 2538 1979 2585 et
2009 2532 2390 2600 cognoscendi
2428 2532 2632 2587 Deum.
2657 2533 2920 2604 Denique
2950 2534 3086 2588 audi
3107 2534 3248 2604 quid
3271 2535 3341 2588 de
3364 2534 3481 2589 illis
3505 2535 3565 2591 in

1923 2621 2267 2691 Apocalypsi
2297 2638 2373 2687 vr,
2407 2622 2541 2675 0-11
2578 2623 2861 2692 scriptum
2894 2622 3007 2676 sit:
3040 2646 3066 2670 ‹‹
3091 2622 3220 2677 Vidi
3245 2624 3355 2678 sub
3381 2622 3566 2679 altare

1925 2710 2150 2764 animas
2182 2709 2618 2765 interfectorum
2650 2716 2885 2782 propter
2914 2712 3156 2767 verbum
3188 2712 3308 2781 Dei,
3341 2718 3399 2767 et
3447 2714 3566 2769 cla-

1928 2799 2164 2853 mabant
2195 2815 2329 2853 voce
2360 2815 2595 2871 magna,
2619 2800 2877 2855 dicentes
2903 2818 2916 2859 :
2938 2800 3272 2872 Usquequo,
3300 2801 3566 2873 Domine,

1924 2888 2188 2956 [sanctus
2218 2891 2275 2941 et
2305 2893 2491 2954 verus]
2528 2905 2641 2942 non
2663 2888 2915 2958 judicas,
2949 2893 3005 2944 et
3031 2889 3293 2944 vindicas
3325 2892 3565 2962 sangui-

1925 2992 2057 3029 nem
2094 2981 2357 3030 nostrum
2380 2976 2449 3030 de
2476 2976 2566 3031 his
2589 2977 2689 3047 qui
2712 2978 2978 3031 habitant
3003 2978 3061 3032 in
3091 2978 3283 3033 terra?
3313 2979 3379 3033 Et
3410 2981 3563 3035 data

1925 3070 2064 3118 sunt
2095 3062 2210 3118 illis
2234 3063 2477 3135 singula:
2510 3065 2668 3119 stola:
2692 3066 2855 3135 albae,
2889 3072 2945 3121 et
2976 3067 3176 3121 datum
3236 3069 3421 3138 (1461)
3478 3075 3573 3125 est

1925 3152 2040 3207 illis
2075 3158 2137 3207 ut
2169 3154 2597 3223 requiescerent
2628 3157 2860 3224 tempus
2891 3155 3078 3209 adhuc
3109 3156 3427 3224 modicum,
3461 3158 3566 3212 do-

174 3228 415 3303 mundus
452 3245 643 3302 servit
672 3262 777 3299 suo
834 3246 1109 3313 Creatori,
1159 3262 1273 3298 non
1324 3246 1655 3315 deceptori;
1708 3245 1813 3299 Re-
1848 3228 1889 3292 C
1930 3258 2033 3296 nec
2068 3242 2379 3311 impleatur
2411 3258 2692 3296 numerus
2754 3259 3166 3297 conservorum
3216 3248 3273 3297 et
3323 3245 3570 3301 fratrum

174 3337 469 3408 demptori,
510 3350 633 3388 non
689 3334 1111 3404 interemptori,
1143 3341 1198 3387 et
1237 3334 1457 3404 regitur
1504 3333 1813 3404 dispensa-

174 3424 315 3480 tione
372 3425 605 3487 divina,
669 3439 781 3475 non
843 3421 1064 3475 inimici
1120 3422 1375 3476 versutia
1434 3422 1812 3485 subvertitur,

174 3519 394 3585 propter
415 3512 700 3568 homines
723 3512 905 3581 partis
929 3510 1104 3574 illius,
1123 3512 1221 3581 qui
1246 3510 1480 3582 propria
1498 3510 1813 3575 voluntate,

179 3618 281 3657 non
313 3600 675 3659 necessitate
705 3600 904 3670 aliqua
935 3616 998 3654 se.
1029 3599 1619 3669 subjiciuntdiabolo.
1658 3600 1815 3654 Unde

176 3694 225 3744 et
252 3691 399 3746 idem
433 3688 766 3763 Apostolus
800 3688 914 3743 alio
946 3688 1069 3743 loco
1124 3689 1236 3744 ait:
1273 3711 1300 3739 ‹‹
1336 3688 1461 3743 Non
1510 3694 1599 3742 est
1648 3688 1815 3744 nobis

176 3779 493 3836 colluctatio
562 3779 843 3833 adversus
901 3794 1134 3832 carnem
1190 3784 1245 3832 et
1303 3778 1669 3848 sanguinem,
1715 3777 1813 3832 sed

179 3868 442 3924 adversus
475 3866 695 3923 mundi
729 3865 907 3937 hujus
939 3870 1272 3935 potestates,
1296 3871 1352 3920 et
1378 3872 1627 3921 rectores
1658 3870 1816 3920 tene-

179 3954 401 4012 brarum
426 3958 649 4013 harum
673 3955 885 4024 (Ephes.
907 3972 985 4019 v1,
1010 3956 1033 4008 1
1082 3955 1131 4023 );
1161 3977 1189 4005 ››
1214 3955 1267 4008 id
1294 3960 1401 4019 est,
1426 3960 1818 4020 peccatorum,

1924 3347 2147 3384 eorum.
2182 3354 2208 3379 ››
2243 3328 2517 3400 Singulas
2550 3330 2722 3384 modo
2753 3328 2937 3385 stolas
2966 3331 3183 3386 habent
3212 3332 3419 3386 anima:
3441 3350 3572 3389 san-

1926 3425 2151 3495 ctorum
2182 3420 2251 3473 de
2278 3435 2385 3473 sua
2412 3419 2580 3472 beata
2610 3418 3051 3474 immortalitate
3081 3421 3443 3492 gaudentes;
3481 3438 3570 3478 re-

1926 3506 2305 3577 surgentibus
2336 3508 2698 3577 corporibus,
2722 3508 2894 3578 juxta
2926 3510 3158 3579 Isaiam,
3192 3509 3250 3563 in
3283 3514 3437 3565 terra
3459 3527 3569 3566 sua

1926 3596 2182 3665 duplicia
2214 3595 2596 3666 possidebunt
2625 3598 2779 3663 (Isai.
2815 3614 2923 3662 mu,
2956 3599 3031 3668 7).
3068 3597 3236 3654 Modo
3264 3615 3398 3655 vero
3450 3617 3567 3656 non

1926 3684 2280 3739 desiderium
2310 3685 2753 3741 resurrectionis
2783 3686 2867 3741 eis
2888 3686 3188 3755 abnuitur,
3207 3689 3307 3744 sed
3334 3689 3565 3746 excolli-

1926 3774 2248 3846 gendorum
2283 3775 2527 3828 fratrum
2551 3781 2867 3846 augmento
2890 3776 3335 3833 differtur.Nam
3359 3784 3417 3835 et
3437 3779 3566 3852 ipsa

1927 3864 2257 3918 animarum
2291 3862 2489 3917 laetitia
2521 3869 2709 3935 potest
2738 3864 2904 3920 stolis
2936 3865 3085 3921 albis
3116 3868 3375 3939 ﬁgurari,
3431 3886 3565 3926 cum

1930 3953 2175 4008 Domino
2206 3952 2494 4008 revelante
2530 3953 2839 4008 didicerint
2892 3960 2947 4009 et
3006 3956 3217 4027 impios
3276 3958 3332 4011 in
3392 3960 3566 4014 ﬁnem

183 4044 269 4114 qui
302 4046 357 4101 in
391 4042 663 4102 tenebris
695 4047 933 4098 manent
961 4043 1309 4113 iniquitatis.
1376 4045 1545 4098 Recte
1604 4044 1821 4098 talibus

188 4148 291 4187 non
319 4139 406 4189 est
438 4135 664 4205 dignus
695 4133 970 4188 mundus.
1010 4132 1149 4185 Hinc
1179 4137 1265 4187 est
1324 4134 1477 4203 quod
1538 4133 1821 4187 Dominus

187 4220 317 4278 dicit
346 4223 403 4279 in
436 4220 785 4292 Evangelio:
833 4243 859 4271 ‹‹
884 4222 941 4277 Si
976 4222 1234 4275 mundus
1286 4238 1387 4276 vos
1432 4222 1573 4286 odit,
1620 4222 1824 4277 scitate

188 4311 315 4378 quia
346 4328 436 4365 me
490 4311 751 4383 priorem
806 4310 969 4364 vobis
1028 4310 1160 4363 odio
1218 4310 1439 4364 habuit.
1494 4311 1637 4374 Quia
1693 4327 1825 4365 vero

191 4396 254 4452 de
284 4400 500 4455 mundo
528 4416 646 4454 non
679 4398 841 4463 estis,
876 4399 975 4453 sed
1010 4414 1113 4469 ego
1146 4396 1288 4469 elegi
1325 4415 1421 4452 vos
1455 4399 1526 4452 de
1583 4400 1825 4463 mundo,

190 4494 487 4557 propterea
517 4488 644 4543 odit
671 4504 773 4542 vos
805 4489 1063 4542 mundus
1094 4488 1268 4557 (Joan.
1302 4504 1393 4555 xv,
1432 4488 1535 4556 18).
1569 4507 1594 4538 ιι
1659 4487 1829 4543 Tales
2011 4485 2193 4557 (1463)
2226 4488 2355 4538 CAP.
2391 4484 2533 4553 XII.)
2559 4507 2585 4532 «
2622 4485 2869 4555 Ideoque
2909 4493 2966 4541 et
3022 4504 3127 4542 nos
3186 4493 3413 4544 tantam
3475 4490 3582 4545 ba-

193 4574 339 4628 enim
374 4577 661 4644 mundus,
696 4575 751 4629 id
786 4580 894 4643 est,
926 4575 1195 4631 homines
1221 4576 1422 4630 mundi
1448 4592 1560 4629 non
1586 4581 1832 4646 possunt
1866 4597 1908 4659 D
1942 4573 2490 4643 bentesimpositam
2516 4573 2730 4627 nubem
2758 4576 3392 4648 testium,deponentes
3413 4595 3583 4635 omne

194 4664 467 4732 accipere,
501 4664 643 4734 quia
673 4665 834 4735 digni
868 4682 983 4719 non
1017 4669 1174 4719 sunt.
1210 4665 1489 4719 Inimicus
1508 4681 1619 4719 non
1644 4670 1835 4734 potest
1944 4664 2195 4735 pondus,
2231 4668 2285 4716 et
2316 4662 2709 4717 circumstans
2742 4680 2847 4718 nos
2880 4672 3202 4736 peccatum,
3235 4684 3337 4740 per
3366 4668 3587 4739 patien-

193 4752 487 4819 suscipere
506 4752 1224 4821 conciliatum,damnatus
1247 4754 1835 4823 salvatum,inquina-
1948 4753 2089 4807 tiam
2126 4768 2432 4806 curramus
2466 4751 2535 4805 ad
2568 4753 2932 4822 propositum
2984 4756 3153 4811 nobis
3213 4762 3526 4814 certamen.
3556 4778 3586 4807 »

194 4842 289 4893 tus
322 4841 691 4896 mandatum.
1947 4843 2148 4896 Testes
2170 4840 2263 4895 hic
2288 4840 2649 4911 patriarchas
2680 4846 2735 4895 et
2766 4842 3103 4912 prophetas,
3124 4845 3426 4903 velﬁdeles
3453 4864 3589 4903 san-

264 4948 291 4973 ‹‹
324 4926 388 4981 In
423 4927 846 4985 solitudinibus
877 4934 1160 5001 errantes,
1186 4931 1243 4985 in
1273 4932 1592 4999 montibus,
1626 4936 1683 4988 et
1704 4949 1837 5003 spe-
1948 4935 2072 4985 ctos
2098 4928 2373 5001 appellat,
2408 4946 2510 5001 pro
2544 4929 2850 4985 altitudine
2879 4936 2935 4985 et
2964 4932 3337 4991 multitudine
3352 4936 3594 4993 merito-

1931 4042 2579 4111 damnandos,etusque
2602 4044 2670 4096 ad
2689 4044 2862 4097 ﬁnem
2887 4044 3079 4098 saeculi
3105 4044 3322 4099 multos
3344 4062 3450 4100 suo
3468 4063 3577 4101 nu-

1935 4149 2092 4186 mero
2126 4147 2228 4201 per
2258 4130 2597 4200 martyrium
2623 4147 2750 4186 esse
2772 4132 3101 4188 sociandos.
3122 4138 3308 4204 Atque
3328 4134 3386 4188 in
3411 4140 3572 4190 teter-

1935 4238 2010 4276 na
2040 4220 2322 4273 eharitate
2356 4218 2597 4289 profusi,
2633 4219 2967 4293 maluerunt
3021 4224 3127 4275 hac
3179 4223 3576 4279 consolatione

1937 4306 2190 4363 contenti
2225 4322 2325 4377 pro
2358 4306 2683 4377 supplendo
2718 4309 2961 4363 fratrum
2997 4326 3259 4377 numero,
3294 4311 3578 4369 hactenus

1940 4414 2046 4453 sua
2068 4396 2265 4449 differe
2299 4396 2533 4465 gaudia.

200 5068 454 5135 probata,
494 5074 551 5124 et
585 5070 956 5126 Hebraeorum
982 5072 1292 5126 traditione
1316 5074 1575 5128 suﬁ‘ulta.
1602 5075 1661 5129 V.
1682 5074 1836 5129 Tert.

201 5138 553 5215 a_dv_.__Gnost.
585 5158 635 5194 c.
656 5144 712 5205 8,
746 5143 1177 5215 Hieron.contr.
1202 5144 1508 5199 Jovin.lib.
1534 5164 1571 5199 ιι
1596 5164 1607 5211 ;
1634 5145 1839 5215 Epiph.

203 5208 267 5262 de
296 5209 425 5288 Vita
455 5219 515 5267 et
576 5218 764 5268 morte
823 5214 1274 5285 prophetarum;
1328 5208 1693 5271 Dorothﬂin'
1743 5208 1844 5288 sy-

2026 5073 2208 5143 (l‘tSO)
2242 5071 2446 5143 Opinio
2479 5078 2536 5126 et
2565 5073 2800 5127 traditio
2822 5072 3594 5141 Hebraeorum,Christiano-

1956 5160 2203 5219 rumque
2222 5144 2547 5219 est,lsaiam
2564 5144 2726 5219 initio
2742 5145 2901 5219 regni
2926 5144 3214 5219 Manassis
3238 5148 3388 5219 regis
3408 5148 3596 5216 Judze,

1957 5213 2277 5288 dissectum
2310 5216 2735 5288 serraobiisse.
2768 5213 2837 5268 ν.
2869 5215 3176 5287 Origenem
3210 5221 3265 5272 in
3302 5213 3376 5272 vc.
3435 5213 3599 5288 xxm,

200 5283 439 5360 Πορεξὶζ
471 5353 509 5360 _
591 5352 605 5360 ‘
732 5355 766 5360 __
841 5355 853 5360 _
934 5283 963 5360 ί
1136 5358 1143 5360 ξ
1225 5356 1232 5360 Δ
1564 5358 1572 5360 Α
1783 5283 1798 5288 ⁷
1960 5285 2122 5339 Matt.
2158 5292 2212 5360 et
2240 5286 2549 5353 Augustin.
2575 5285 2675 5340 lib.
2701 5303 2856 5351 xvm,
2891 5283 3109 5343 de'Civ.
3145 5305 3194 5344 c.
3217 5291 3307 5360 24,
3342 5294 3399 5345 et
3454 5283 3602 5347 alios

291 5354 446 5423 1458)
470 5353 555 5408 De
591 5352 701 5408 hoc
730 5354 1005 5428 Zacharia
1028 5356 1338 5410 notissima
1370 5358 1613 5426 quaestio
1636 5361 1690 5411 et
1714 5374 1850 5428 pro-
1961 5352 2362 5428 quamplures}

200 5416 382 5496 lja'ior,
410 5416 598 5495 quam
636 5430 700 5478 ut
745 5426 814 5479 de
846 5443 912 5479 ea
970 5442 1116 5496 Opus
1174 5428 1250 5480 sit
1304 5416 1478 5481 verba
1528 5416 1730 5482 facere:
1783 5427 1849 5481 ν.
1982 5416 1994 5425 ’
2034 5416 2219 5496 (1160)
2260 5426 2487 5479 Casian.
2522 5426 2591 5480 de
2622 5426 2832 5482 Habitu
2864 5431 3200 5487 monachor.
3252 5449 3301 5488 ο,
3338 5434 3425 5487 11,

203 5426 382 5489 lixior,
410 5441 598 5495 quam
636 5430 700 5478 ut
745 5426 814 5479 de
846 5443 912 5479 ea
970 5442 1116 5496 Opus
1174 5428 1250 5480 sit
1304 5428 1478 5481 verba
1528 5426 1730 5482 facere:
1783 5427 1849 5481 ν.
2063 5426 2213 5475 1100‘
2260 5426 2487 5479 Casian.
2522 5426 2591 5480 de
2622 5426 2678 5480 Ha

203 5488 439 5549 Diction.
476 5497 635 5549 Hist.
670 5496 813 5549 bibl.
848 5496 917 5550 ad
961 5497 1203 5550 verbum
1265 5498 1579 5565 Zacharias,
1644 5500 1738 5552 ubi
1800 5502 1856 5552 et
2034 5426 2191 5635 ἓ1461
2246 5497 2415 5568 Vulg.
2446 5497 2678 5552 dictum.

204 5567 440 5695 ίέἓξεὶὶο
473 5572 535 5624 et
566 5571 839 5623 auctores
868 5582 997 5622 eam
1020 5572 1443 5639 pertractantes
1468 5570 1854 5643 suppeditan-
1971 5438 2329 5695 “plagita
2384 5584 2571 5644 marg.
2631 5586 2678 5627 et

238 5567 440 5690 gestio
473 5572 535 5624 et
566 5571 839 5623 auctores
868 5582 997 5622 eam
1020 5572 1443 5639 pertractantes
1468 5563 1854 5643 suppeditan-
1971 5563 2329 5707 ωςᾶξὶἂχιη
2362 5563 2571 5644 ἲωνς.
2631 5568 2758 5627 cod.
2828 5570 2923 5628 hic
2980 5571 3092 5651 leg.
3155 5574 3325 5635 lectio
3381 5592 3499 5651 xxv,
3552 5577 3612 5634 et

277 5651 324 5696 r.
1988 5654 1998 5669 ο
2083 5674 2096 5692 .
2279 5679 2291 5696 .

277 5651 324 5696 Po

1971 5651 2096 5696 cap.
