3966 6210
216 457 325 519 817

828 455 1244 517 EXPOSITIO
1290 455 1366 517 IN
1413 454 1839 517 EPlSTOLAS
1886 452 2340 516 PAULL—IN
2385 452 2633 516 EPIST.
2680 455 2783 516 AD
2826 454 3063 518 HEBR.‘

3516 454 3634 518 818

216 590 533 646 Adversum
554 588 939 658 semetipsum
959 589 1475 645 contradictionem
1501 590 1732 656 dicit,id
1755 593 1862 656 est,
1895 588 1948 651 Α
1980 588 2037 641 in
2072 589 2365 660 prosperis
2398 590 2540 643 bene
2565 588 2751 643 vivere
2778 588 2995 657 docuit,
3010 588 3185 644 etiam
3220 588 3278 643 in
3312 588 3631 661 correptio-

218 678 438 734 dimisit
457 676 957 741 illos,secundum
984 680 1135 748 quod
1154 679 1478 745 voluerunt,
1498 678 1865 747 facere,nihil

213 768 294 824 eis
321 767 757 829 contradicens,
792 767 899 821 hoc
932 772 1036 835 est,
1074 768 1293 836 plagas,
1329 785 1475 839 quas
1526 769 1863 839 accipiebat,

215 856 535 921 irrisiones,
568 855 838 923 injurias,
873 857 1201 926 opprobria,
1238 858 1606 928 improperia,
1642 858 1865 911 illusio-

214 963 335 1011 nes,
370 945 573 999 omnia
605 944 714 999 hoc
747 945 981 999 nomine
1021 946 1499 1001 contradictionis
1548 946 1862 1000 intimavit.

213 1036 341 1091 Ideo
374 1036 654 1098 afﬁrmat,
692 1038 758 1086 ut
788 1049 903 1087 non
936 1034 1329 1087 deﬁcerentin
1362 1034 1866 1101 tribulationibus,

213 1126 351 1179 dum
386 1138 580 1193 usque
610 1123 679 1176 ad
716 1123 1062 1192 martyrium
1094 1130 1146 1176 et
1178 1123 1483 1192 sanguinis
1518 1124 1862 1177 effusionem

211 1213 405 1268 adhuc
439 1228 555 1266 non
586 1216 989 1281 pervenerant.
1029 1211 1187 1265 Unde
1216 1216 1271 1265 et
1301 1213 1569 1281 adjungit
1603 1229 1613 1265 :
1653 1234 1679 1259 ‹‹
1712 1213 1863 1267 Non-

208 1302 352 1356 dum
386 1300 544 1355 enim
567 1315 749 1370 usque
780 1300 851 1355 ad
877 1300 1223 1369 sanguinem
1246 1300 1560 1367 restitistis,
1588 1302 1862 1355 adversus

205 1394 515 1459 peccatum
548 1393 957 1458 repugnantes.
993 1408 1019 1434 ››
1055 1387 1191 1441 Duce
1236 1393 1376 1442 sunt
1408 1390 1698 1442 rationum
1733 1405 1861 1458 spe-

202 1475 342 1540 cies,
371 1492 500 1547 quae
520 1474 755 1529 sibimet
780 1474 1083 1528 contrariae
1104 1492 1231 1529 esse
1254 1480 1553 1546 putantur,
1583 1478 1681 1531 sed
1706 1478 1859 1531 mul-

197 1570 325 1618 tum
344 1563 460 1618 sibi
478 1574 682 1617 mutuo
697 1562 1279 1633 aﬂ‘eruntadjumenti
1293 1582 1458 1635 ;quas
1473 1565 1566 1619 hic
1582 1570 1862 1635 utrasque

202 1652 431 1725 species
466 1651 827 1706 conculcavit
870 1653 1203 1723 Apostolus.
1241 1654 1364 1707 Una
1394 1657 1501 1719 est,
1537 1656 1769 1725 quando
1801 1655 1858 1708 in

200 1740 607 1806 tribulatione,
633 1740 886 1811 plurima
901 1758 1006 1795 nos
1027 1742 1354 1813 cogitamus
1369 1759 1496 1797 esse
1516 1759 1821 1813 perpessos
1844 1762 1856 1811 ;

205 1830 360 1885 sicut
390 1829 567 1884 etiam
603 1830 837 1883 beatum
856 1830 965 1885 Job
996 1830 1052 1883 in
1082 1830 1253 1901 plaga
1267 1831 1521 1901 positum
1554 1832 1756 1887 fecisse
1778 1832 1856 1886 le-

205 1919 428 1992 gimus.
444 1918 659 1971 Anima
671 1918 822 1972 enim
840 1920 1270 1989 quodammodo
1288 1922 1857 1991 requiescit.quando
1891 1956 1938 2020 Β

204 2008 260 2061 in
296 2006 680 2062 tribulatione
704 2006 913 2077 posita,
935 2024 1177 2063 suarum
1198 2009 1536 2079 passionum
1573 2026 1860 2065 rememo-

202 2098 493 2151 rationem
522 2096 1165 2165 habet,siculsuperius
1191 2099 1602 2153 rememoravit
1624 2104 1863 2169 Aposto-

202 2185 292 2240 lus
321 2203 334 2251 ;
362 2184 1226 2255 rememoramini,inquit,dies
1250 2187 1549 2257 pristinos,
1568 2187 1626 2241 in
1648 2189 1861 2258 quibus

201 2273 547 2341 illuminati,
583 2289 866 2344 magnum
900 2278 1191 2328 certamen
1225 2276 1595 2330 sustinuistis
1636 2277 1858 2347 passio-

200 2380 376 2417 num.
403 2361 591 2416 Altera
611 2377 743 2416 vero
758 2367 867 2427 est,
890 2363 1124 2432 quando
1139 2363 1391 2417 dicimus
1406 2364 1682 2434 quoniam
1716 2365 1857 2418 nihil

200 2466 428 2506 sumus
449 2450 638 2520 magni
658 2450 1055 2521 perpessi.Illa
1068 2452 1283 2523 quippe
1298 2453 1518 2523 species
1533 2454 1857 2523 requiesce—

202 2543 361 2604 re,et
379 2539 617 2593 recreari
641 2540 897 2593 animam
923 2540 1058 2594 facit
1080 2541 1425 2596 mceroribus
1441 2541 1816 2597 subruentem
1842 2561 1855 2610 ;

198 2629 319 2684 ista
354 2644 489 2682 vero
520 2627 906 2698 negligentem
932 2629 1210 2694 animam,
1238 2635 1294 2683 et
1324 2631 1595 2700 supinam
1629 2648 1859 2686 conven-

198 2718 285 2781 tit,
320 2721 384 2771 et
413 2717 809 2787 arrogantiam
838 2717 1075 2787 deponit
1101 2723 1158 2771 et
1182 2720 1443 2773 retrahit.
1474 2720 1551 2774 Ne
1582 2736 1717 2791 ergo
1744 2720 1858 2776 illis

199 2824 264 2862 ex
281 2805 394 2860 illa
424 2806 833 2860 testiﬁcatione
856 2804 1029 2861 elatio
1046 2814 1438 2876 generaretur,
1464 2809 1857 2879 contemplare

199 2895 362 2966 quod
394 2894 537 2948 dicit
572 2911 583 2947 :
618 2894 898 2962 Necdum,
933 2894 1145 2965 inquit,
1181 2913 1365 2967 usque
1404 2898 1473 2949 ad
1508 2902 1853 2967 sanguinem

199 2983 527 3047 restitistis,
562 2988 766 3037 contra
793 2989 1095 3053 peccatum
1131 2992 1521 3055 repugnantes
1552 3004 1564 3053 ;
1598 2987 1771 3040 veluti
1805 2988 1853 3042 si

197 3071 461 3128 diceret:
491 3071 752 3126 Necdum
778 3078 1020 3127 mortem
1046 3073 1408 3129 sustinuistis
1434 3092 1446 3140 ;
1474 3076 1852 3145 pecuniarum

194 3162 367 3216 vobis
398 3164 632 3216 tantum
660 3160 943 3232 contingit
963 3162 1244 3217 damnum
1272 3180 1285 3228 ;
1320 3163 1591 3233 exagitati
1624 3168 1853 3218 tantum

196 3250 341 3305 estis
375 3253 433 3303 et
475 3248 945 3319 persecutionem
995 3250 1171 3320 passi.
1206 3250 1471 3306 Christus
1524 3257 1716 3306 autem
1752 3270 1853 3323 pro

192 3337 368 3393 vobis
384 3336 736 3409 sanguinem
759 3336 940 3404 fudit;
960 3355 1060 3392 vos
1079 3344 1271 3393 autem
1298 3357 1398 3410 pro
1420 3342 1853 3413 vobismetipsis
1885 3323 1927 3389 C

192 3428 453 3484 necdum
486 3426 605 3481 tale
636 3426 856 3497 aliquid
884 3428 1040 3497 passi
1070 3428 1349 3483 estis.Ille
1384 3447 1567 3500 usque
1600 3432 1668 3484 ad
1697 3448 1853 3485 mor-

190 3521 311 3571 tem
366 3532 470 3586 pro
500 3514 742 3570 veritate
791 3519 1045 3570 certatus
1077 3522 1182 3583 est,
1218 3534 1485 3588 pugnans
1521 3535 1621 3589 pro
1652 3519 1850 3587 vobis;

191 3622 291 3661 vos
327 3610 533 3659 autem
566 3604 819 3657 necdum
843 3605 912 3658 ad
936 3605 1193 3675 pericula
1211 3605 1577 3675 pervenistis,
1606 3624 1732 3677 qua:
1753 3609 1856 3661 mi-

193 3699 422 3749 nantur
442 3693 943 3755 interitum.Quod
966 3694 1121 3748 enim
1144 3695 1531 3761 ait,adversus
1556 3701 1854 3764 peccatum

193 3786 625 3854 repugnantes,
658 3782 1021 3836 demonstrat
1041 3789 1341 3853 peccatum
1372 3784 1742 3839 vehementer
1762 3786 1856 3839 ad-

190 3888 406 3927 versus
437 3887 538 3925 eos
570 3870 840 3941 aspirans
871 3876 926 3925 et
955 3872 1201 3926 diversis
1234 3873 1424 3926 modis
1457 3879 1769 3927 armatum.

265 3984 291 4009 ‹‹
332 3960 407 4014 Et
435 3958 603 4014 obliti
624 3959 764 4013 estis
783 3959 1218 4026 consolationis,
1246 3978 1371 4031 quae
1389 3962 1552 4015 vobis
1575 3966 1855 4031 tanquam

194 4049 337 4104 ﬁliis
373 4048 881 4119 loquitur,dicens
906 4064 918 4103 :
944 4047 1047 4102 Fili
1082 4050 1180 4115 mi,
1214 4050 1331 4103 noli
1364 4050 1660 4121 negligere
1683 4050 1855 4105 disci-

192 4138 424 4209 plinam
450 4136 882 4207 Dominineque
905 4137 1333 4207 fatigeris,dum
1354 4139 1424 4192 ab
1449 4154 1514 4193 eo
1536 4139 1852 4208 argueris.-

196 4226 488 4282 Hortatur
520 4225 677 4279 enim
704 4242 802 4280 eos
834 4242 901 4280 ex
931 4226 1286 4280 testimoniis
1318 4226 1775 4298 Scripturarum,
1796 4233 1860 4282 ut

195 4333 315 4370 non
353 4313 640 4368 deficiant
661 4314 801 4367 dum
828 4319 1174 4385 arguuntur.
1197 4315 1355 4369 Unde
1378 4332 1492 4369 non
1518 4332 1750 4386 parvam
1776 4317 1859 4371 eis

196 4403 418 4475 poterit
440 4403 649 4458 afferre
675 4401 1157 4473 consolationem,
1176 4404 1317 4457 dum
1341 4410 1701 4474 cognoscunt
1723 4406 1860 4475 quia

196 4493 298 4548 Dei
334 4508 489 4563 opus
539 4497 628 4545 est
676 4490 817 4545 talia
856 4496 986 4562 post
1033 4492 1145 4546 alia
1186 4493 1495 4547 sustinere.
1528 4497 1688 4547 Certe
1739 4496 1858 4548 haec

196 4581 299 4636 Dei
322 4581 505 4634 verba
527 4583 688 4634 sunt.
718 4580 847 4649 lpso
870 4596 1124 4650 namque
1147 4580 1419 4651 permitte
1446 4581 1682 4650 te,justi
1706 4598 1860 4651 pres-

1979 694 2071 747 ne,
2106 694 2175 731 ne
2207 678 2459 741 deﬁciat,
2494 678 2782 743 hortatur,
2816 695 2887 732 ne
2920 678 3232 732 accedente
3264 676 3626 749 inﬁrmitate,

1978 768 2064 821 vel
2100 772 2456 837 paupertate,
2482 766 2567 821 vel
2600 768 3000 837 persecutione
3026 767 3303 835 humana,
3328 768 3627 837 pietatem,

1979 874 2155 927 quam
2189 873 2418 911 servare
2450 858 2506 909 in
2559 856 2980 927 tranquillitate
3011 856 3340 923 videbatur,
3375 856 3625 911 amittat.

1980 968 2005 993 ‹‹
2031 948 2210 1008 Quem
2235 946 2389 1000 enim
2418 944 2608 1015 diligit
2633 944 3195 1016 Dominus,castigat
3214 945 3398 1015 (Prov.
3420 961 3503 1011 In,
3530 946 3623 1011 12;

1978 1036 2370 1103 A})0(‘.III,19).
2400 1033 2671 1104 Flagellat
2695 1051 2927 1087 omnem
2958 1034 3141 1089 ﬁlium
3166 1050 3340 1104 quem
3364 1033 3625 1104 recipit.»

1978 1124 2109 1178 Ideo
2140 1124 2259 1176 hazc
2282 1123 2615 1176 testimonia
2637 1123 2891 1176 afﬁrmat
2909 1122 3243 1193 Apostolus,
3260 1128 3324 1177 ut
3349 1123 3499 1177 sicut
3520 1121 3624 1177 ﬁlii

1977 1230 2009 1267 a
2040 1212 2304 1282 patribus
2324 1211 2446 1265 suis
2482 1211 2940 1281 flagellantur,ut
2969 1211 3127 1283 digni
3153 1212 3271 1267 sint
3292 1212 3361 1266 ad
3382 1210 3624 1266 haeredi-

1975 1304 2151 1356 tatcm
2188 1304 2489 1371 paternam
2528 1300 2822 1365 accedere,
2854 1298 2935 1352 ita
2982 1304 3034 1353 et
3069 1300 3161 1353 isti
3198 1299 3471 1355 similiter
3498 1316 3626 1355 cor-

1977 1388 2265 1459 reptiones
2285 1406 2317 1441 a
2339 1389 2452 1441 Deo
2476 1387 2649 1441 alacri
2676 1387 2870 1441 animo
2895 1387 3320 1456 sustineant,ut
3342 1389 3413 1442 ad
3427 1403 3623 1443 veram

1973 1478 2370 1533 hazreditatem
2392 1482 2666 1531 aeternam
2690 1476 3244 1547 perveniant.Tanto
3267 1492 3404 1547 ergo
3428 1476 3625 1532 minus

1975 1568 2043 1620 de
2077 1566 2325 1637 ﬂagello,
2361 1583 2472 1635 quo
2505 1565 2883 1636 castigamur,
2920 1580 3290 1619 murmurare
3319 1562 3626 1635 debemus,

1973 1661 2191 1726 quanto
2215 1656 2428 1710 certius
2450 1655 2507 1709 in
2532 1672 2598 1709 eo
2618 1659 2868 1723 paterna:
2891 1652 3217 1709 dilectionis
3234 1653 3450 1725 pignus
3472 1657 3627 1708 tene-

1975 1762 2126 1799 mus.
2160 1745 2321 1799 Unde
2351 1749 2407 1799 et
2428 1743 2551 1814 ipse
2574 1743 2747 1797 dicit:
2776 1765 2802 1792 ‹‹
2831 1744 2970 1813 Ego,
2998 1759 3147 1813 quos
3167 1759 3319 1809 amo,
3345 1757 3548 1814 arguo,
3568 1745 3625 1798 et

1970 1837 2189 1903 castigo
2220 1834 2423 1903 (llud).

2042 1946 2069 1971 ‹‹
2103 1923 2163 1977 1n
2195 1922 2506 1992 disciplina
2528 1937 2914 1991 perseverare.
2940 1922 3247 1991 Tanquam
3272 1919 3431 1975 ﬁlius
3452 1921 3617 1976 vobis

1973 2028 2033 2065 se
2063 2012 2227 2065 offert
2260 2012 2430 2065 Deus.
2462 2033 2481 2058 ι
2521 2015 2582 2063 In
2616 2008 2943 2079 disciplina,
2978 2008 3191 2079 inquit,
3227 2013 3613 2079 perseverate.

1971 2102 2047 2153 Ac
2069 2100 2116 2154 si
2141 2100 2389 2153 diceret:
2415 2098 2613 2153 Potius
2637 2098 2800 2152 vobis
2821 2098 2975 2152 enim
3001 2101 3106 2165 est,
3128 2113 3230 2167 per
3245 2096 3616 2167 disciplinam

1971 2190 2039 2242 ad
2074 2188 2250 2241 vitam
2298 2187 2569 2251 transire,
2602 2203 2781 2257 quam
2813 2190 2973 2241 extra
3017 2185 3393 2256 disciplinam
3443 2185 3527 2240 ire
3557 2188 3616 2241 in

1972 2282 2282 2331 tormenta.
2319 2276 2478 2330 Unde
2512 2276 2796 2347 putabant
2814 2275 3121 2329 derelictos
3150 2291 3299 2339 esse,
3323 2274 3378 2328 in
3405 2274 3512 2329 hoc
3534 2274 3619 2331 eis

1972 2366 2110 2419 dicit
2142 2366 2329 2436 magis
2359 2366 2590 2419 credere
2608 2366 2836 2429 debere,
2854 2364 3132 2435 quoniam
3156 2380 3271 2418 non
3295 2368 3435 2418 sunt
3456 2363 3617 2419 dere-

1969 2456 2111 2517 licti,
2139 2454 2315 2509 veluti
2349 2454 2395 2509 si
2429 2455 2643 2508 diceret
2670 2470 2681 2507 :
2708 2454 2853 2519 Quia
2884 2457 3047 2507 tanta
3072 2452 3230 2523 passi
3261 2452 3423 2519 estis,
3448 2456 3617 2523 puta-

1967 2544 2043 2598 tis
2076 2545 2229 2615 quod
2259 2560 2357 2597 vos
2389 2543 2518 2597 odio
2552 2543 2783 2609 habeat,
2816 2541 2903 2597 vel
2938 2541 3313 2613 dereliquerit
3352 2541 3525 2596 Deus.
3556 2542 3614 2596 Si

1968 2633 2122 2687 enim
2156 2633 2263 2687 hoc
2297 2649 2411 2686 non
2436 2631 2801 2703 pateremini,
2824 2636 2964 2685 tunc
2987 2630 3174 2701 magis
3195 2630 3304 2685 hoc
3332 2647 3433 2685 vos
3456 2630 3615 2703 cogi-

1968 2725 2088 2775 tare
2138 2722 2523 2791 competebat.
2565 2720 2620 2773 Si
2670 2720 2824 2773 enim
2860 2718 3112 2790 ﬂagellat
3158 2735 3391 2773 omnem
3424 2718 3612 2774 ﬁlium

1966 2826 2139 2881 quem
2176 2810 2395 2880 recipit,
2421 2810 2519 2880 qui
2547 2826 2659 2863 non
2690 2808 3368 2879 ﬁagellatur,sinedubio
3387 2825 3501 2863 non
3524 2814 3615 2864 est

1966 2899 2023 2953 in
2049 2916 2289 2953 numero
2315 2898 2589 2953 ﬁliorum.
2611 2898 2755 2963 Quid
2781 2914 2937 2969 ergo,
2955 2896 3423 2969 inquis,maligni
3449 2896 3613 2953 nulla

1965 2988 2119 3042 mala
2142 2988 2443 3059 patiuntur
2463 2988 2491 3041 7
2513 2987 2822 3041 Patiuntur
2838 2987 3096 3057 quidem.
3122 2985 3606 3058 Quando,inquit,

1965 3076 2183 3147 dicens,
2216 3078 2369 3147 quod
2402 3076 2595 3130 omnis
2619 3075 2774 3130 ﬁlius
2802 3075 3152 3146 ﬂagellatur,
3176 3076 3276 3130 sed
3301 3090 3417 3129 non
3442 3074 3609 3144 dixit,

1964 3166 2103 3236 quia
2124 3166 2317 3220 omnis
2341 3165 2439 3235 qui
2457 3163 2951 3235 ﬂagellaturﬁlius
2972 3168 3094 3227 est;
3118 3164 3219 3217 sed
3235 3162 3428 3217 omnis
3451 3162 3610 3218 ﬁlius

1967 3254 2311 3325 ﬂagellatur.
2345 3255 2583 3322 Semper
2612 3253 2768 3306 enim
2800 3250 3019 3321 ubique
3047 3250 3232 3305 ﬁlium
3263 3250 3526 3304 verberat
3553 3254 3613 3307 et

1966 3344 2232 3413 castigat.
2259 3343 2405 3395 Sunt
2428 3341 2664 3410 quidem
2689 3339 2947 3411 plurimi,
2971 3339 3071 3409 qui
3096 3336 3614 3409 ﬁagellantur,ma—

1967 3432 2132 3502 ligni,
2166 3432 2316 3485 sicut
2347 3428 2670 3497 homicidas,
2703 3428 2977 3493 latrones,
3012 3425 3280 3493 malefici,
3316 3424 3615 3496 sepulcro-

1967 3537 2096 3575 rum
2130 3518 2577 3590 depraedatores,
2594 3517 2692 3570 sed
2713 3516 2792 3569 illi
2817 3532 2918 3586 pro
2937 3532 3045 3569 sua
3062 3513 3371 3585 iniquitate
3396 3512 3616 3584 suppli-

1966 3610 2055 3663 cia
2087 3608 2481 3678 patiuntur,et
2512 3622 2625 3659 non
2645 3604 2799 3659 sicut
2818 3603 2917 3657 lilii
2944 3601 3440 3675 ﬂagellantur,sed
3465 3599 3617 3656 sicut

1968 3697 2207 3769 pessimi
2260 3695 2606 3767 puniuntur,
2652 3712 2767 3749 non
2820 3694 2971 3747 sicut
3016 3692 3137 3747 ﬁlii.
3182 3689 3615 3747 Tribulationes

1967 3786 2119 3841 enim
2156 3784 2415 3839 ﬁdelium
2451 3784 2599 3854 apud
2636 3783 2933 3853 reprobos,
2968 3787 3025 3836 et
3056 3784 3345 3836 amatores
3382 3778 3611 3845 mundi,

1967 3893 2080 3929 non
2113 3874 2225 3929 nisi
2257 3891 2323 3929 ex
2355 3877 2586 3944 peccato
2619 3889 2746 3927 esse
2770 3872 2951 3941 justis
2976 3872 3388 3942 suspicantur;
3424 3884 3487 3923 se
3517 3884 3615 3921 an-

1966 3969 2057 4019 tea
2088 3964 2211 4017 ideo
2235 3964 2430 4033 justos
2462 3962 2726 4026 credunt,
2761 3961 2898 4031 quia
2941 3960 2999 4013 in
3033 3960 3316 4030 pravitate
3358 3956 3449 4013 sui
3480 3972 3613 4011 sen-

1967 4070 2068 4107 sus
2100 4052 2329 4106 dimissi
2361 4052 2485 4105 sine
2512 4049 2738 4121 ﬂagello
2769 4050 3115 4103 duruerunt.

2040 4164 2065 4189 ‹‹
2100 4141 2239 4205 Quis
2269 4140 2424 4193 enim
2461 4137 2827 4207 ﬁlius,quem
2849 4153 2961 4189 non
2984 4134 3438 4205 corripitpater?
3458 4155 3485 4183 ››
3517 4134 3617 4189 So-

1966 4230 2044 4283 let
2074 4230 2227 4281 enim
2262 4225 2573 4295 aliquoties
2606 4225 2662 4276 in
2696 4224 2971 4277 domibus
3004 4221 3423 4293 paterfamilias
3463 4220 3615 4278 ﬁlios

1968 4317 2187 4372 alienos
2222 4314 2534 4385 negligere,
2560 4328 2697 4365 suos
2721 4328 2852 4365 vero
2876 4311 3027 4364 ﬁlios
3050 4311 3357 4379 castigare,
3379 4308 3467 4364 vel
3491 4326 3615 4364 cor-

1969 4407 2175 4476 ripere,
2214 4419 2282 4456 ne
2312 4418 2409 4456 eos
2441 4399 2594 4453 mala
2624 4399 2917 4470 opprimat
2950 4398 3322 4469 negligentia.
3348 4398 3407 4452 Si
3436 4397 3617 4469 igitur

1969 4495 2050 4549 illi
2079 4510 2178 4564 pro
2200 4491 2336 4545 filiis
2360 4488 2612 4561 propriis
2636 4492 2899 4554 utuntur,
2924 4504 2995 4541 ne
3016 4504 3113 4541 eos
3135 4486 3490 4557 negligentia
3509 4503 3615 4557 op-

1970 4585 2185 4656 primat
2208 4600 2220 4649 ;
2255 4581 2384 4634 ideo
2416 4581 2643 4649 oportet
2666 4593 2770 4631 nos
2793 4577 3047 4647 gaudere
3070 4591 3203 4629 cum
3233 4574 3616 4645 castigamur,

193 4684 381 4724 suras
410 4668 599 4723 varias
621 4668 946 4740 patiuntur.
976 4669 1100 4722 Non
1125 4670 1367 4739 potestis
1391 4670 1747 4739 dicere,quia
1770 4676 1857 4726 est
1887 4692 1933 4755 D
1968 4672 2257 4743 siquidem
2291 4669 2399 4722 hoc
2430 4666 2567 4720 filiis
2598 4665 2855 4755 propriis
2880 4663 3220 4755 adhibetur.
3244 4662 3490 4755 Proinde
3519 4678 3618 4717 no-

188 4758 411 4828 justus
434 4755 665 4827 aliquis,
687 4757 828 4828 quia
847 4771 1051 4828 expers
1074 4757 1469 4813 tribulationis
1491 4758 1865 4829 existat,quia

195 4842 731 4925 ﬂagellatpmnem
784 4844 972 4899 ﬁlium
1007 4862 1178 4915 quem
1213 4847 1435 4917 recipit.
1482 4848 1729 4901 Proinde
1762 4866 1859 4904 ne-

192 4950 370 4990 cesse
386 4936 879 5003 estomnesjustos
894 4950 995 5004 per
1007 4950 1211 5005 pressu
1221 4936 1863 5007 ras,tribu1ationesque

191 5023 484 5078 transire.
514 5022 815 5077 Sententia
834 5024 1048 5093 quippe
1062 5024 1515 5078 DominiChristi
1542 5030 1657 5078 est:
1683 5026 1864 5088 «Quia

192 5110 322 5166 lata
351 5116 408 5166 et
445 5112 708 5182 spatiosa
739 5110 832 5164 via
861 5117 948 5164 est
980 5128 1105 5181 qua:
1138 5112 1298 5165 ducit
1327 5114 1395 5165 ad
1431 5111 1809 5181 perditionem
1848 5130 1859 5167 :

193 5204 363 5254 arcta
396 5215 533 5254 vero
566 5203 623 5253 et
653 5202 905 5269 angusta
958 5216 1081 5268 quae
1115 5199 1275 5253 ducit
1305 5201 1376 5253 ad
1427 5200 1607 5254 vitam
1639 5201 1856 5267 (Matth.

190 5304 299 5355 V11,
334 5306 467 5357 xm,
504 5288 613 5355 14).
654 5309 680 5335 ››
716 5286 775 5339 Si
810 5302 945 5357 ergo
978 5302 1079 5356 per
1112 5286 1270 5341 illam
1304 5288 1532 5341 venitur
1561 5289 1631 5342 ad
1666 5290 1862 5359 vitam,

192 5381 252 5431 et
275 5394 397 5432 non
417 5374 770 5447 potestilluc
794 5373 959 5427 aliter
980 5376 1285 5444 perveniri,
1303 5375 1414 5430 nisi
1441 5393 1541 5446 per
1562 5378 1865 5448 augustias

195 5469 253 5519 et
288 5464 728 5529 tribulationes,
765 5460 1007 5532 proinde
1027 5464 1312 5518 sustinere
1332 5482 1435 5518 nos
1469 5467 1868 5535 Oportet,quia

195 5552 352 5608 hanc
376 5555 535 5609 viam
562 5567 770 5607 omnes
794 5549 875 5601 illi
905 5552 1577 5622 transierunt,quotquot
1598 5554 1665 5605 ad
1690 5554 1863 5607 vitam

194 5642 471 5713 perducti
510 5644 672 5697 sunt.
706 5642 855 5691 Sunt
902 5638 999 5707 qui
1032 5640 1089 5694 in
1140 5640 1434 5711 prosperis
1470 5640 1710 5695 Domino
1747 5658 1865 5695 ser-

194 5731 457 5806 viunt,at
474 5732 536 5788 in
561 5725 829 5787 adversis
851 5725 1121 5784 excidunt
1144 5750 1157 5799 ;
1185 5729 1335 5785 unde
1354 5729 1867 5800 Apostolus,quem

1974 4763 2224 4823 biscum,
2258 4758 2409 4811 sicut
2437 4771 2570 4809 cum
2603 4752 2740 4807 ﬁliis
2768 4752 2888 4824 agit
2920 4758 3089 4830 Deus,
3123 4757 3179 4807 et
3208 4752 3336 4807 ideo
3366 4768 3481 4807 non
3514 4768 3615 4823 po-

1972 4849 2136 4904 testis
2168 4848 2378 4909 dicere,
2414 4843 2554 4914 quia
2583 4858 2696 4896 non
2727 4857 3041 4911 possumus
3070 4839 3210 4895 talia
3240 4839 3504 4896 tolerare.

2045 4960 2070 4985 ‹‹
2105 4936 2265 5000 Quod
2299 4934 2348 4989 si
2379 4939 2537 4988 extra
2568 4930 2937 5001 disciplinam
2984 4930 3144 4996 estis,
3178 4931 3346 5001 cujus
3378 4928 3615 5001 partici-

1973 5044 2073 5098 pes
2106 5024 2239 5079 facti
2290 5028 2426 5076 sunt
2480 5035 2682 5075 omnes
2717 5035 2728 5071 :
2780 5035 2916 5089 ergo
2960 5017 3229 5083 adulteri,
3263 5025 3320 5073 et
3362 5034 3477 5072 non
3511 5016 3617 5071 ﬁlii

1973 5116 2171 5169 estis.»
2191 5116 2412 5167 Sensus
2439 5111 2617 5180 hujus
2642 5107 2945 5162 sententiae
2970 5112 3076 5174 est,
3102 5106 3194 5160 cui
3216 5105 3570 5160 subauditur
3601 5121 3613 5159 :

1974 5205 2032 5257 Si
2066 5200 2387 5270 disciplina:
2421 5198 2733 5269 participes
2766 5195 2899 5250 facti
2930 5200 3067 5249 sunt
3096 5210 3299 5249 omnes
3333 5192 3467 5247 boni
3490 5191 3616 5260 ﬁlii,

1975 5290 2074 5360 qui
2108 5287 2481 5357 disciplinam
2513 5286 2729 5342 Christi
2760 5284 3191 5351 sustinuerunt,
3225 5297 3429 5337 omnes
3460 5280 3618 5337 enim

1978 5376 2432 5446 negligentes,et
2462 5374 2830 5444 disciplinam
2861 5372 2958 5427 Dei
2980 5374 3441 5441 contemnentes,
3460 5369 3621 5427 adul-

1976 5466 2102 5527 tori,
2136 5469 2190 5515 et
2222 5480 2335 5516 non
2370 5462 2473 5515 filii
2506 5466 2871 5532 reputantur.

2048 5576 2071 5600 ‹‹
2109 5551 2324 5604 Deinde
2354 5555 2544 5622 patres
2576 5550 2813 5620 quidem
2846 5550 3037 5605 carnis
3062 5554 3272 5605 nostris
3302 5548 3622 5605 habuimus

1978 5638 2321 5709 eruditores,
2354 5645 2408 5693 et
2452 5638 2855 5693 reverebamur
2880 5654 3016 5707 eos;
3051 5656 3165 5694 non
3214 5637 3398 5692 multo
3430 5636 3621 5707 magis

1980 5728 2518 5798 obtemperabimus
2556 5727 2708 5800 patri
2758 5728 3094 5800 spirituum,
3126 5731 3184 5784 et
3211 5725 3472 5781 vivemus
3492 5724 3520 5780 ‘I
3549 5721 3621 5777 Et
