3966 6210
317 449 437 513 819

1337 447 1674 509 ATTONIS
1718 445 2306 508 VERCELLENSIS
2350 447 2703 509 EPISCOPI

3607 445 3738 508 820.

321 582 408 639 illi
427 582 738 655 quidemin
762 585 1024 654 tempore
1049 595 1368 652 paucorum
1390 579 1964 646 dictum,secundum
1995 581 2049 644 Α
2080 584 2303 634 metum
2335 580 2531 648 fuerit,
2565 580 2769 636 reddet
2799 579 3336 650 fructumjustitiaa,
3358 577 3416 634 id
3450 581 3561 645 est,
3583 593 3733 650 pra-

321 673 682 730 voluntatem
711 687 880 726 suam
903 670 1249 726 erudiebant
1267 686 1371 724 nos
1396 695 1410 736 ;
1443 669 1538 724 hic
1561 673 1754 722 autem
1783 669 1854 722 ad
1885 668 1966 731 id,

328 764 484 835 quod
512 762 650 817 utile
671 765 758 816 est
780 760 836 814 in
859 760 1189 830 recipiendo
1214 758 1734 814 sanctiﬁcationem
1759 758 1905 827 ejus.
1942 778 1968 803 ››

329 851 390 907 Si
420 851 575 907 enim
623 853 816 921 patres
847 847 1110 903 carnales
1142 847 1246 902 ﬁlii
1291 854 1643 910 reverentur,
1679 845 1971 916 quomodo

330 941 555 997 Patrem
587 938 880 994 ccelestem
911 955 1026 992 non
1051 936 1428 992 revereamini
1451 936 1477 989 ‘?
1509 936 1632 990 Non
1665 935 1821 989 enim
1853 933 1974 986 dis-

329 1029 583 1086 cretione
612 1043 872 1100 personae
907 1029 1057 1082 inter
1101 1043 1198 1081 eos
1229 1030 1457 1080 tantum
1492 1030 1580 1079 est
1625 1023 1973 1089 differentia,

331 1118 484 1190 quod
527 1116 621 1171 isti
653 1115 888 1181 terreni,
919 1115 1015 1170 ille
1065 1115 1315 1170 caelestis
1349 1119 1458 1180 est,
1493 1113 1594 1168 sed
1643 1113 1818 1166 etiam
1850 1111 1978 1182 ipsa

331 1207 656 1262 causa.Non
675 1205 833 1260 enim
855 1204 915 1259 in
937 1205 1202 1260 eamdem
1227 1202 1582 1271 causam,vel
1608 1202 1678 1256 ad
1709 1218 1796 1254 res
1822 1200 1978 1270 ipsas

333 1294 629 1368 spiritales
657 1294 1027 1359 erudiebant,
1062 1294 1161 1347 sed
1211 1293 1281 1346 ad
1315 1292 1470 1362 quod
1521 1292 1604 1345 eis
1636 1290 1976 1355 videbatur;

332 1385 442 1440 hoc
473 1389 584 1449 est,
604 1382 963 1438 voluntatem
983 1399 1172 1447 suam,
1189 1380 1664 1450 desideriumque
1686 1377 1978 1447 complen-

335 1477 443 1529 tes.
475 1472 566 1526 Illi
597 1477 792 1527 autem
825 1471 954 1525 ideo
988 1486 1108 1536 vos,
1141 1468 1816 1540 inquit,erudiebant,ut
1840 1466 1982 1536 ipsis

337 1561 546 1618 essetis
567 1560 760 1629 utiles,
785 1559 1101 1630 aliquando
1135 1558 1399 1612 fortassis
1421 1558 1594 1611 etiam
1619 1556 1742 1610 sine
1767 1572 1944 1609 causa
1967 1573 1982 1619 ;

340 1668 457 1706 non
488 1650 642 1704 enim
674 1650 732 1703 in
759 1649 1036 1704 omnibus
1061 1647 1330 1702 voluntas
1365 1646 1597 1700 illorum
1633 1644 1794 1699 utilis
1841 1648 1980 1698 erat.

342 1741 454 1796 Iste
476 1743 672 1794 autem
695 1738 766 1794 ad
791 1737 955 1792 utilia
980 1755 1086 1792 nos
1107 1735 1381 1796 instituit.
1405 1734 1615 1803 erudit,
1642 1733 1906 1803 castigat,
1925 1737 1987 1785 ut

344 1846 450 1884 nos
481 1826 693 1882 efﬁciat
742 1843 982 1882 suorum
1037 1824 1414 1895 receptabiles
1466 1839 1800 1877 munerum.
1835 1821 1984 1876 Dum

343 1917 500 1973 enim
532 1920 802 1988 parentes
841 1914 1102 1969 carnales
1150 1915 1220 1968 ad
1253 1919 1484 1983 tempus
1517 1913 1685 1966 breve
1717 1927 1824 1965 nos
1854 1926 1984 1963 eru-
2020 1945 2068 2010 B

346 2006 536 2071 diunt,
583 2008 802 2075 quanto
853 2003 1042 2074 magis
1087 2007 1318 2057 Creator
1368 2005 1564 2056 noster
1593 2001 1662 2055 ad
1720 1999 1798 2067 id,
1832 2000 1986 2068 quod

347 2093 508 2162 utile,
541 2097 597 2148 et
625 2092 944 2163 perfectum
968 2095 1078 2156 est,
1105 2095 1168 2145 ut
1195 2089 1548 2162 recipiamus
1579 2086 1989 2142 sanctiﬁcatio-

347 2199 478 2238 nem
509 2181 657 2252 ejus,
691 2181 800 2236 hoc
830 2185 938 2246 est,
974 2179 1328 2234 munditiam
1361 2180 1509 2248 ejus,
1543 2181 1607 2232 ut
1644 2176 1852 2248 dignos
1887 2192 1992 2230 nos

348 2271 461 2329 sibi
482 2269 698 2326 efﬁciat
716 2271 744 2325 ‘I
772 2268 1094 2341 Disciplina
1111 2285 1245 2340 ergo
1267 2267 1638 2338 participatio
1661 2264 1992 2320 sanctitatis

348 2364 438 2418 est
464 2378 478 2428 ;
511 2357 768 2415 excludit
782 2357 937 2413 enim
960 2356 1329 2413 saecularium
1355 2372 1550 2410 rerum
1575 2371 1765 2410 mores
1787 2353 1993 2424 (1465),

349 2447 674 2520 spiritalem
697 2447 771 2500 ad
801 2461 862 2501 se
880 2445 1128 2518 gratiam
1155 2443 1455 2515 pertrahit.
1477 2444 1534 2498 Si
1557 2441 1995 2498 consideremus

342 2537 562 2608 justos,
594 2534 789 2590 cuncti
819 2550 922 2605 per
948 2531 1356 2588 tribulationes
1389 2532 1744 2588 claruerunt.

421 2647 450 2676 «
483 2623 688 2681 Omnis
733 2625 928 2678 autem
976 2621 1308 2691 disciplina,
1341 2621 1401 2675 in
1452 2619 1721 2691 praesenti
1756 2618 1993 2689 quidem

347 2714 579 2770 videtur
594 2729 710 2768 non
730 2727 858 2767 esse
885 2711 1103 2783 gaudii,
1130 2711 1227 2766 sed
1251 2710 1515 2764 mceroris
1542 2733 1555 2762 ε
1581 2713 1780 2780 postea
1802 2712 1995 2762 autem

349 2805 603 2859 fructum
642 2801 1086 2873 pacatissimum
1136 2797 1463 2854 exercitatis
1495 2815 1596 2869 per
1623 2813 1774 2863 eam,
1807 2796 1999 2851 reddit

341 2890 605 2964 justitie.
643 2911 664 2939 ι
700 2889 924 2956 Omnis,
952 2888 1162 2958 inquit,
1197 2886 1530 2956 disciplina,
1556 2891 1612 2941 et
1642 2885 1922 2949 humana,
1945 2891 2001 2940 et

350 2979 655 3052 spiritalis,
688 2982 829 3033 tunc
870 2977 1104 3049 quando
1132 2976 1345 3048 agitur,
1381 2993 1495 3031 non
1543 2975 1773 3030 videtur
1802 2974 1998 3045 gaudii

352 3085 505 3135 esse,
531 3069 629 3124 sed
656 3067 945 3123 maeroris.
972 3067 1104 3122 Ideo
1135 3070 1330 3120 autem
1356 3064 1505 3120 hanc
1537 3079 1770 3119 omnem
1794 3067 1850 3118 et
1881 3062 2000 3132 spi-

354 3155 604 3224 ritalem,
634 3160 690 3212 et
721 3155 1043 3210 humanam
1070 3152 1442 3224 disciplinam
1467 3156 1650 3221 vocat,
1676 3150 1815 3223 quia
1837 3150 2003 3222 quid-

355 3247 496 3319 quid
519 3245 752 3312 dicitur,
777 3243 1088 3315 disciplina
1103 3247 1371 3310 vocatur;
1397 3241 1624 3295 videtur
1639 3241 1795 3295 enim
1817 3257 1847 3294 e
1871 3256 2002 3294 con-

2081 669 2286 723 mium.
2321 670 2426 734 Qui
2459 671 2612 726 enim
2647 670 2943 724 seminant
2966 669 3021 724 in
3053 668 3350 738 lacrymis,
3381 668 3444 724 in
3473 667 3733 724 exsulta-

2082 758 2239 813 tione
2286 764 2507 814 metent
2554 760 2723 828 (Psal.
2777 775 2937 826 cxxv,
2970 760 3046 829 5).
3100 757 3557 815 Pacatissimum
3609 757 3735 812 l‘ru-

2083 847 2388 914 ctum,hoc
2411 854 2518 913 est,
2534 847 2958 918 gratissimum.
2975 848 3223 903 Proinde
3245 850 3474 917 oportet
3494 863 3739 917 sperare

2085 936 2326 990 meliora
2355 937 2413 990 in
2439 937 2612 991 linem
2649 955 2660 991 :
2696 953 2831 991 nam
2854 942 2910 990 et
2940 937 2999 990 in
3034 937 3345 992 arboribus
3367 941 3566 991 cortex
3589 953 3741 1006 pene

2086 1042 2316 1095 semper
2346 1042 2604 1092 amarus,
2636 1030 2692 1080 et
2739 1042 2911 1097 asper
2939 1030 3028 1080 est
3061 1044 3074 1081 :
3111 1027 3338 1080 fructus
3366 1031 3564 1080 tamen
3598 1025 3741 1095 ipsi,

2087 1115 2369 1168 suavitate
2393 1115 2639 1183 jucundi
2673 1120 2830 1169 sunt.
2867 1116 2934 1169 Et
2963 1115 3062 1185 qui
3114 1131 3316 1169 amara
3344 1114 3558 1168 bibunt
3583 1115 3740 1169 antio

2089 1203 2537 1274 dota,patienter
2554 1203 2746 1258 ferunt
2767 1204 3082 1273 quamdam
3098 1203 3355 1274 primum
3381 1202 3744 1272 molestiam,

2089 1296 2145 1346 et
2178 1298 2318 1347 tunc
2348 1309 2588 1346 sensum
2613 1292 2940 1363 percipiunt
2961 1293 3282 1364 sospitatis.
3306 1293 3362 1344 Si
3395 1292 3578 1364 igitur
3596 1291 3748 1346 talia

2092 1398 2324 1452 sperare
2348 1381 2641 1452 competit,
2658 1381 2812 1452 quod
2845 1381 3075 1451 doletis,
3096 1383 3249 1452 quod
3273 1381 3576 1436 tristitiam
3595 1380 3744 1435 tole-

2093 1470 2271 1536 ratis;
2328 1470 2480 1524 circa
2528 1470 2770 1524 meliora
2818 1470 3086 1539 deﬁcitis,
3143 1487 3269 1541 qua:
3320 1486 3424 1524 vos
3472 1469 3746 1524 convenit

2093 1559 2403 1613 sustinere.
2485 1559 2785 1614 Sustinere
2861 1560 3015 1614 enim
3090 1558 3335 1613 debetis.
3398 1558 3523 1612 Non
3583 1559 3746 1613 enim

2093 1653 2320 1718 oportet
2350 1649 2504 1703 circa
2532 1647 2966 1703 tribulationem
2998 1649 3078 1701 ita
3108 1647 3469 1715 mollescere,
3494 1647 3596 1702 sed
3630 1648 3749 1702 for-

2097 1737 2230 1792 titer
2259 1737 2522 1793 tolerare.
2559 1738 2697 1791 Inde
2727 1741 2814 1791 est
2844 1737 3019 1805 enim,
3056 1737 3212 1806 quod
3265 1737 3324 1790 in
3356 1737 3750 1807 sequentibus

2095 1833 2312 1881 narrat.

2169 1939 2196 1964 «
2231 1921 2470 1986 Propter
2504 1916 2656 1986 quod
2691 1914 2968 1970 remissas
2992 1931 3226 1979 manus,
3249 1919 3307 1969 et
3335 1913 3527 1970 soluta
3557 1915 3751 1986 (1466)

2101 2021 2291 2076 genua
2320 2004 2546 2075 erigite.
2579 2009 2634 2059 et
2672 2020 2912 2075 gressus
2961 2009 3147 2058 rectos
3182 2003 3348 2058 facite
3378 2003 3619 2074 pedibus
3652 2019 3750 2058 ve-

2102 2094 2260 2159 stris,
2297 2098 2361 2148 ut
2413 2111 2527 2148 non
2561 2093 2899 2148 claudicans
2944 2093 3074 2162 quis
3106 2096 3277 2162 erret,
3312 2091 3491 2162 magis
3540 2095 3745 2145 autem

2103 2188 2362 2238 sanetur.
2400 2205 2426 2231 »
2458 2182 2699 2254 Pr0pter
2731 2181 2980 2252 quod,id
3012 2180 3279 2252 est,quia
3310 2185 3536 2252 propter
3563 2179 3749 2234 disci-

2104 2272 2325 2343 plinam
2359 2272 2644 2326 mercedis
2692 2269 2997 2342 praemium
3043 2269 3327 2338 redditur,
3362 2273 3419 2323 et
3466 2266 3754 2340 gaudium

2105 2360 2505 2430 subsequitur,
2538 2361 2819 2415 debemus
2848 2375 3086 2431 gressus
3116 2363 3304 2414 rectos
3333 2358 3542 2421 facere,
3570 2361 3628 2410 et
3659 2371 3754 2410 so-

2104 2448 2229 2503 luta
2257 2465 2448 2521 genua
2477 2450 2714 2520 erigere.
2739 2448 2802 2502 In
2833 2449 2941 2503 hoc
2971 2447 3098 2502 loco
3130 2445 3528 2502 haesitationes
3548 2461 3758 2501 eorum

2105 2539 2295 2609 tangit
2327 2553 2340 2594 :
2375 2542 2432 2592 et
2458 2538 2586 2593 ideo
2629 2538 2833 2608 tangit,
2868 2541 2928 2591 ut
2963 2536 3090 2592 sine
3120 2535 3236 2590 illis
3280 2533 3760 2591 hazsitationibua

2106 2632 2556 2697 perseverarent.
2591 2626 2648 2681 Si
2681 2627 2836 2681 enim
2868 2626 2940 2680 ad
2991 2625 3363 2680 dilectionem
3394 2623 3645 2695 pertinet
3674 2622 3760 2677 di-

2108 2715 2374 2785 sciplina,
2409 2720 2472 2769 ut
2521 2731 2698 2786 supra
2745 2713 3002 2769 ostendit
3030 2712 3367 2785 Apostolus,
3397 2716 3520 2767 tam
3571 2728 3639 2766 ex
3669 2727 3759 2766 re-

2108 2806 2240 2875 bus,
2274 2821 2451 2874 quam
2491 2820 2560 2858 ex
2606 2803 2798 2858 verbis
2833 2819 2845 2856 :
2880 2806 2936 2857 et
2965 2802 3013 2857 si
3047 2803 3104 2856 in
3138 2802 3253 2857 fine
3300 2801 3518 2873 recepit
3550 2799 3760 2855 melio—

2109 2911 2230 2949 rem
2263 2894 2465 2963 (1467),
2497 2909 2676 2963 quare
2723 2890 3110 2946 dissolvimini
3134 2894 3156 2945 Ρ
3183 2891 3370 2954 Quare
3419 2905 3538 2945 non
3569 2894 3765 2945 rectos

2110 3000 2349 3055 gressus
2382 2982 2624 3054 pedibus
2647 2981 2854 3036 vestris
2879 2981 3067 3036 facitis
3087 2980 3115 3034 ‘I
3140 2984 3256 3035 Hoc
3278 2979 3435 3034 enim
3461 2978 3548 3033 illi
3581 2978 3765 3050 patie-

2108 3073 2343 3138 bantur,
2377 3072 2477 3142 qui
2509 3071 2910 3142 desperatione
2932 3069 3370 3134 deﬁciebant,et
3399 3084 3501 3139 spe
3531 3069 3763 3122 futuro-

2112 3178 2240 3216 rum
2292 3160 2452 3215 nulla
2505 3159 2926 3215 solidabantur.
2957 3162 3149 3221 Recte,
3190 3157 3403 3228 inquit,
3435 3156 3758 3221 ambulate,

2113 3267 2218 3306 nec
2248 3248 2594 3305 claudicatio
2615 3249 2746 3320 plus
2772 3252 3080 3312 accrescat,
3097 3248 3197 3302 sed
3223 3245 3418 3318 potius
3441 3245 3513 3300 ad
3537 3249 3762 3300 statum

355 3311 530 3391 {ratio
561 3333 705 3388 ίηυά
738 3350 852 3388 non
884 3311 1010 3387 93—93
1040 3330 1366 3403 diSCiPlinav
1395 3330 1549 3401 qu°d
1581 3329 1912 3401 Βαυδθηῖῖε,
1944 3332 2002 3382 3t
2032 3311 2074 3376 θ
2114 3339 2428 3412 pristinum
2475 3311 2793 3392 revocetur.
2845 3311 3144 3392 Remissas
3195 3311 3430 3400 manus,
3461 3339 3520 3389 et
3572 3333 3766 3389 soluta

355 3422 737 3495 malignantis
767 3421 964 3477 animo
994 3422 1077 3475 fit.
1111 3425 1177 3475 In
1209 3418 1520 3491 disciplina
1540 3419 1695 3474 enim
1727 3417 1999 3489 spiritali,

352 3513 517 3586 prius
546 3510 786 3568 tristitia
805 3513 995 3577 est,ut
1017 3509 1217 3564 laetitia
1248 3513 1562 3578 sequatur:
1585 3509 1643 3562 in
1674 3505 2002 3577 iniquitatis

350 3618 484 3658 vero
515 3599 754 3666 scelere,
781 3599 944 3670 prius
977 3598 1256 3670 gaudium
1280 3601 1390 3663 est,
1417 3601 1473 3651 et
1504 3596 1714 3650 deinde
1741 3595 2004 3663 sequitur

351 3689 617 3746 tristitia.
641 3689 706 3743 In
729 3687 842 3742 ista
863 3686 1054 3757 prima
1075 3691 1163 3741 est
1183 3685 1538 3756 voluptas,et
1559 3683 1825 3755 sequitur
1844 3682 2006 3753 aegri-

352 3779 496 3836 tudo
521 3793 534 3832 :
559 3776 620 3831 in
647 3775 767 3842 illa,
791 3774 982 3846 prima
1002 3779 1091 3829 est
1112 3773 1410 3843 maestitia,
1434 3777 1491 3826 et
1512 3771 2004 3842 tuncjucunditas

355 3868 713 3940 procreatur.
746 3864 855 3918 Sed
885 3862 985 3917 illa
1015 3865 1104 3917 est
1133 3862 1429 3930 sectanda,
1453 3875 1586 3914 cum
1619 3859 1874 3930 primum
1906 3858 2007 3912 ali-

358 3955 493 4027 quis
524 3952 923 4018 contristatur,
958 3957 1014 4006 et
1043 3955 1244 4022 postea
1289 3949 1504 4021 gaudio
1555 3949 1875 4020 perfruitur
1905 3965 1916 4001 :
1951 3951 2008 4001 et

360 4043 463 4099 illa
492 4041 828 4114 rejicienda,
848 4056 982 4095 cum
1015 4040 1203 4112 primo
1223 4039 1532 4111 gaudetur,
1563 4042 1767 4108 postea
1789 4036 1846 4090 in
1869 4053 2006 4090 mce-

359 4148 551 4189 rorem
583 4129 878 4186 inciditur.
915 4130 975 4184 In
1023 4128 1269 4200 spiritali
1306 4127 1460 4183 enim
1492 4125 1821 4197 disciplina,
1855 4141 2007 4179 sem-

361 4239 465 4295 per
483 4219 827 4293 jucunditas
855 4222 945 4275 est
977 4218 1049 4274 de
1079 4218 1434 4288 sempiterno
1473 4215 1710 4287 gaudio,
1743 4212 2009 4284 quamvis

359 4309 734 4368 tribulatione
794 4308 1142 4381 afﬂigatur:
1198 4307 1351 4362 sicut
1407 4305 1466 4359 in
1515 4303 1628 4359 alio
1681 4302 1806 4357 loco
1853 4301 2007 4356 idem

359 4399 631 4473 egregius
660 4397 1007 4470 pradicator
1023 4397 1107 4452 ait
1136 4412 1148 4449 :
1183 4417 1210 4445 «
1241 4393 1576 4449 Gloriamur
1606 4391 1663 4445 in
1688 4390 2011 4445 tribulatio-

361 4488 537 4544 nibus
567 4487 739 4558 (Rom.
761 4502 816 4555 v,
842 4487 916 4557 3).
940 4507 966 4534 »
990 4485 1052 4538 In
1075 4484 1188 4538 ista
1219 4481 1373 4536 enim
1397 4481 1571 4534 timor
1592 4479 1801 4532 futuras
1832 4477 2009 4532 tristi-

361 4577 454 4632 tia:
484 4591 740 4648 praesens
771 4573 1054 4644 gaudium
1087 4571 1450 4624 devenustat.
1479 4569 1537 4620 ln
1559 4566 1659 4620 illa
1688 4567 1844 4620 enim
1878 4582 2012 4636 spes

2111 3445 2300 3500 genua
2343 3427 2584 3482 mandat
2615 3427 2855 3498 erigere,
2891 3430 2954 3480 ut
3003 3425 3182 3480 Isaias
3207 3426 3290 3479 ait
3321 3441 3333 3479 :
3373 3444 3400 3475 ι
3431 3424 3766 3479 Confortate

2111 3533 2323 3573 manus
2363 3515 2702 3584 dissolutas,
2731 3519 2788 3570 et
2836 3530 3028 3586 genua
3058 3513 3275 3568 debilia
3305 3513 3575 3567 roborate
3608 3513 3762 3581 (Isai.

2111 3623 2275 3668 xxxv,
2299 3606 2374 3674 3).
2411 3626 2437 3652 »
2460 3603 2708 3659 Gressus
2731 3602 2999 3671 rectos,id
3030 3606 3139 3668 est,
3175 3618 3410 3657 sensus:
3441 3600 3599 3655 unde
3623 3599 3767 3654 dicit

2112 3695 2433 3766 Propheta:
2461 3715 2490 3742 «
2514 3692 2671 3747 Beati
2703 3690 3065 3746 immaculati
3089 3691 3147 3744 in
3179 3690 3293 3757 via,
3318 3689 3420 3761 qui
3451 3688 3768 3744 ambulant

2115 3784 2172 3837 in
2233 3783 2357 3853 lege
2422 3780 2652 3835 Domini
2708 3782 2874 3847 (Psal.
2935 3796 3128 3845 cxvm,
3192 3779 3265 3848 1).
3327 3799 3355 3826 »
3415 3777 3543 3832 Non
3605 3775 3764 3831 clau-

2115 3871 2336 3936 dicans,
2371 3876 2434 3923 ut
2464 3869 2575 3924 alio
2607 3868 2730 3925 loco
2761 3868 2903 3923 dicit
2936 3885 2948 3922 :
2988 3887 3015 3919 α
3045 3867 3194 3932 Quid
3226 3865 3573 3922 claudicatis
3603 3865 3763 3920 inter

2118 3976 2228 4014 me.
2258 3963 2314 4013 et
2344 3957 2526 4012 Baal?
2560 3979 2586 4006 ››
2619 3959 2716 4026 (III
2747 3959 2868 4027 Reg.
2902 3973 3064 4024 xvm,
3095 3956 3211 4024 21.)
3233 3955 3420 4026 Magis
3449 3959 3649 4009 autem
3683 3971 3772 4009 sa-

2118 4054 2288 4103 netur
2318 4064 2329 4103 :
2363 4064 2429 4101 ac
2461 4045 2510 4102 si
2561 4047 2716 4102 dicat
2749 4064 2762 4102 :
2797 4045 2904 4111 Qui
2952 4062 3066 4100 non
3121 4045 3304 4100 credit
3349 4047 3522 4113 recte,
3555 4043 3770 4098 melius

2117 4143 2225 4202 est,
2259 4141 2323 4190 ut
2371 4135 2623 4199 ﬁrmius,
2658 4140 2714 4189 et
2763 4133 3032 4189 tenacius
3082 4134 3327 4188 credat:
3375 4137 3439 4187 ut
3487 4132 3772 4187 omnibus

2119 4225 2310 4280 modis
2341 4222 2784 4293 consequamini
2819 4221 3194 4277 medicinam.

2200 4335 2226 4365 α
2255 4315 2462 4368 Pacem
2493 4311 2809 4383 sequimini
2853 4327 2988 4367 cum
3019 4309 3314 4373 omnibus,
3347 4313 3406 4364 et
3449 4308 3774 4364 sanctimo-

2123 4404 2304 4470 niam,
2336 4403 2461 4457 sine
2493 4418 2608 4472 qua
2633 4417 2801 4456 nemo
2830 4399 3049 4455 videbit
3077 4399 3329 4454 Deum.»
3351 4397 3616 4452 Plurima
3636 4398 3775 4469 qui-

2121 4494 2251 4547 dem
2284 4496 2576 4562 sunt,quaa
2600 4488 3408 4557 formam,discretionemque
3428 4485 3777 4542 Christiani-

2120 4582 2255 4636 tatis
2302 4581 2620 4635 ostendunt
2663 4596 2675 4634 :
2729 4580 2829 4633 sed
2880 4577 3014 4648 plus
3058 4577 3355 4645 omnibus,
3414 4592 3480 4630 ac
3529 4574 3772 4640 melius,

361 4666 572 4722 futura:
618 4660 1012 4734 jucunditatis
1060 4656 1315 4712 detrahit
1370 4655 1642 4726 presenti
1691 4653 2008 4718 tristitiam,
2039 4675 2086 4738 Ι)
2119 4669 2420 4725 οιηπηᾶιίε
2470 4672 2685 4722 mutua,
2731 4669 2995 4734 “ﬂectus,
3029 4670 3085 4721 et
3125 4681 3255 4736 pax,
3286 4682 3410 4734 qua
3459 4661 3772 4719 hom-inum

362 4754 490 4810 Noli
539 4752 696 4807 enim
739 4747 983 4811 tristari,
1015 4745 1063 4799 si
1097 4761 1228 4798 cum
1281 4743 1410 4814 ipsa
1438 4741 1751 4813 disciplina
1796 4742 1987 4813 injuri:

2157 4759 2294 4813 orda
2324 4756 2636 4812 consociat.
2689 4757 2998 4827 Propterea
3044 4754 3221 4809 etiam
3269 4753 3536 4808 Christus
3575 4752 3771 4807 dixit:

365 4842 444 4897 sit
474 4857 488 4894 :
523 4840 749 4894 fructus
765 4839 960 4889 tamen
987 4833 1192 4888 reddet
1213 4830 1502 4887 dulciores
1528 4848 1540 4887 :
1567 4837 1768 4903 postea
1790 4837 2010 4898 autem,

365 4927 582 5000 inquit,
614 4926 870 4980 fructum
901 4921 1345 4995 pacatissimum
1377 4921 1706 4977 exercitatis
1728 4937 1829 4993 per
1859 4938 2010 4988 eam,

370 5011 839 5086 reddetjustitiae
871 5027 884 5068 :
921 5029 1035 5067 non
1067 5012 1344 5081 fructum,
1368 5011 1470 5066 sed
1504 5011 1804 5066 fructuum
1838 5011 2016 5065 abun-

365 5104 628 5161 dantiam
675 5118 1068 5159 numerosam.
1123 5101 1228 5165 Qui
1279 5118 1381 5173 per
1418 5118 1545 5156 eam
1597 5100 2013 5156 exercitantur.

368 5195 519 5252 Bene
547 5193 704 5251 enim
736 5192 898 5261 dixit,
925 5191 1025 5264 qui
1052 5208 1152 5264 per
1172 5209 1299 5246 eam
1325 5190 1736 5258 exercitantur,
1771 5188 1878 5243 hoc
1908 5192 2016 5256 est,

363 5284 464 5356 qui
524 5284 776 5342 tolerant
824 5282 1078 5355 plurimo
1130 5284 1391 5352 tempore
1453 5279 1761 5350 patienter.
1814 5275 2021 5330 Postea

367 5377 564 5430 autem
595 5373 850 5430 fructum
873 5367 1180 5440 accipient,
1205 5368 1374 5434 idest,
1396 5371 1708 5438 postquam
1743 5380 2018 5420 consum-

469 5590 628 5652 1465)
659 5587 926 5640 Fortasse
956 5597 1194 5636 amores.

469 5590 628 5652 1465)
659 5590 926 5640 Fortasse
956 5597 1194 5636 amores.

441 5590 628 5731 (1466)
689 5657 752 5731 in
816 5655 942 5710 eod.
1006 5655 1267 5731 insoluta,
1329 5651 1482 5720 quod
1527 5667 1597 5704 ex
1640 5645 2022 5716 sequentibus

376 5723 812 5790 emendandum
842 5723 1203 5783 censuimus.

2125 4870 2154 4899 «
2186 4848 2392 4902 Pacem
2426 4861 2616 4900 meam
2666 4846 2738 4900 do
2768 4844 2930 4899 vobis
2959 4843 3142 4916 (Joan.
3173 4859 3293 4910 xxv,
3320 4842 3434 4911 27}.
3467 4863 3494 4891 »
3549 4841 3615 4896 Et
3666 4842 3776 4896 ite-

2127 4953 2301 4992 rum:
2338 4956 2359 4986 ι
2396 4935 2458 4989 In
2489 4933 2599 4989 hoc
2645 4937 2998 5004 cognoscent
3042 4948 3266 5001 omnes,
3311 4930 3452 5002 quia
3497 4930 3777 5002 discipuli

2127 5025 2240 5080 mei
2273 5024 2412 5079 estis
2439 5041 2450 5078 :
2485 5023 2535 5077 si
2580 5022 2895 5078 dilexeritis
2935 5021 3180 5076 invicem
3230 5021 3411 5090 (Joan.
3441 5036 3568 5086 xm,
3599 5020 3716 5086 35).
3749 5041 3777 5071 »

2130 5115 2436 5186 Propterea
2465 5112 2638 5168 etiam
2690 5110 3006 5183 Apostolus
3037 5126 3050 5163 :
3085 5110 3315 5178 Pacem,
3347 5107 3562 5179 inquit,
3591 5113 3782 5164 secta-

2129 5204 2271 5258 mini
2304 5219 2436 5256 cum
2470 5201 2765 5270 omnibus,
2799 5205 2856 5254 et
2905 5197 3359 5253 sanctimoniam
3391 5196 3459 5268 (ll
3491 5197 3617 5252 Cor.
3649 5213 3782 5262 xm,

2130 5293 2239 5362 11),
2268 5291 2376 5345 hoc
2405 5294 2518 5368 est,
2546 5305 2806 5360 corpore,
2841 5292 2897 5343 et
2925 5287 3160 5358 spiritu,
3197 5289 3279 5353 ut,
3313 5308 3343 5335 «
3375 5284 3532 5340 beati
3556 5285 3784 5340 mundo

2128 5380 2322 5448 corde,
2346 5377 2625 5449 quoniam
2648 5377 2760 5448 ipsi
2789 5377 2971 5432 Deum
3002 5373 3287 5429 videbunt
3307 5372 3516 5445 (Matth.
3548 5391 3607 5442 ν,
3637 5374 3719 5444 8).
3751 5394 3780 5424 »

2132 5647 2152 5697 ἰ
2202 5573 2385 5642 (1467)
2433 5573 2698 5629 Fortasse
2738 5573 2965 5643 reciptet
3012 5569 3320 5636 meliorem,
3351 5569 3409 5624 id
3469 5573 3581 5636 est,
3627 5570 3785 5640 fruc-

2155 5659 2268 5697 um.
2757 5673 2766 5682 ι

2155 5659 2268 5698 um.
2757 5673 2766 5682 ι
