3966 6210
427 396 540 460 831

1449 401 1792 465 ATTONIS
1835 400 2418 464 VERCELLENSIS
2462 401 2840 475 EPlSCOPI,

3748 404 3888 468 832

429 533 685 588 sationes
714 530 942 603 aliquas
974 531 1303 603 proferatis.
1331 531 1720 600 Conscientia,
1741 533 2072 606 inquit,no-
2101 535 2156 600 Α
2186 535 2343 589 mine
2373 539 2430 589 et
2460 534 2755 590 subtiliter
2777 534 3017 605 liniunt,
3045 535 3160 591 nisi
3191 534 3373 606 (1489)
3405 533 3614 606 repleti
3655 535 3880 592 multo

431 628 554 678 stra
587 639 691 677 nos
722 621 779 676 in
813 621 973 676 nullo
1004 622 1376 686 condemnat,
1431 640 1617 694 neque
1649 623 1817 678 nobis
1849 624 2070 694 aliquid

432 710 644 768 conscii
679 727 906 764 sumus.
941 709 1827 784 Conﬁdimus,inquit,quoniam
1859 714 2069 767 bonam

432 799 850 856 conscientiam
876 799 1163 854 habemus
1187 799 1243 854 in
1267 801 1692 866 omnibus,non
1717 802 1774 856 in
1800 803 2072 873 gentibus

433 893 685 954 tantum,
717 891 814 944 sed
837 889 1013 942 etiam
1064 894 1121 944 et
1147 889 1205 944 in
1234 890 1417 945 vobis.
1455 891 1607 945 Nihil
1659 891 2073 960 negotiationis

430 978 618 1050 gratia
649 978 930 1044 facimus;
968 977 1114 1032 nihil
1140 995 1274 1033 cum
1302 979 1646 1034 confictione
1678 979 2030 1051 protulimus
2058 997 2070 1034 :

431 1082 545 1120 non
577 1067 730 1121 sicut
757 1065 1001 1132 inimici,
1053 1067 1248 1138 inquit
1298 1083 1485 1138 neque
1532 1069 1684 1122 sicut
1728 1068 1937 1131 hostis,
1972 1068 2072 1122 sed

430 1154 584 1210 sicut
615 1155 839 1211 amicus
871 1155 991 1210 hac
1041 1156 1252 1211 scribo.
1304 1157 1642 1227 Deprecatio
1689 1157 1844 1212 enim
1875 1157 1932 1210 in
1967 1157 2073 1211 hoc

428 1243 552 1299 loco
584 1249 844 1316 apparet,
878 1252 1161 1316 tanquam
1193 1246 1264 1300 ad
1298 1245 1669 1301 contristatos
1705 1247 1965 1300 scribens
2001 1246 2071 1300 ad

429 1349 550 1404 eos,
595 1333 697 1405 qui
739 1334 891 1388 circa
938 1351 1095 1403 eum,
1145 1335 1323 1389 veluti
1381 1335 1534 1390 circa
1578 1335 2072 1406 praevaricatorem

429 1423 856 1490 efﬁciebantur,
891 1439 1004 1478 non
1037 1423 1284 1479 ferentes
1326 1441 1515 1494 neque
1568 1440 1779 1478 nomen
1811 1425 1936 1493 ejus
1965 1441 2073 1478 au—

431 1511 575 1566 dire.
609 1511 676 1565 Et
705 1511 813 1566 hoc
843 1512 1018 1566 etiam
1060 1529 1128 1567 ex
1175 1512 1288 1577 his,
1343 1530 1472 1584 qua:
1503 1518 1854 1584 sequuntur,
1879 1518 2072 1567 osten-

430 1600 627 1655 ditur:
663 1622 691 1649 ‹‹
726 1600 995 1672 Amplius
1025 1611 1220 1657 autem
1270 1603 1544 1672 deprecor
1576 1619 1676 1657 vos
1726 1601 1832 1656 hoc
1864 1601 2072 1668 facere,

430 1705 546 1760 quo
576 1689 822 1745 celerius
855 1690 1134 1744 restituar
1179 1690 1362 1746 vobis.
1399 1714 1426 1739 ››
1474 1695 1590 1746 Hoc
1622 1690 1796 1745 etiam
1824 1690 2073 1744 nimium

431 1777 685 1835 amantis
704 1782 792 1833 est
813 1777 896 1833 sic
917 1795 1081 1834 orare
1107 1796 1119 1846 ;
1147 1795 1261 1834 non
1285 1779 1649 1852 simpliciter,
1672 1779 1771 1834 sed
1797 1795 1929 1834 cum
1954 1785 2075 1834 tota

431 1867 791 1962 intentione,
808 1872 865 1922 et
895 1866 1054 1962 omni
1086 1884 1327 1938 prorsus
1349 1868 1564 1924 studio.
1591 1868 1663 1923 Ut
1692 1867 1826 1932 cito,
1860 1869 2072 1940 inquit,
2104 1898 2151 1962 B

432 1955 504 2012 ad
538 1972 637 2010 vos
667 1955 917 2011 veniam.
968 1956 1084 2011 Hoc
1133 1957 1314 2013 animi
1361 1963 1450 2014 est
1496 1957 1641 2012 nihil
1693 1957 1804 2014 sibi
1833 1957 2070 2023 conscii,

432 2044 708 2100 festinare
740 2050 804 2099 ut
833 2046 903 2100 ad
936 2062 1035 2101 eos
1065 2045 1336 2102 velociter
1377 2047 1692 2102 adveniret.
1726 2047 2076 2102 Exhortatur

432 2133 564 2188 illos
594 2150 758 2189 orare
791 2151 892 2205 pro
923 2151 1004 2189 se.
1041 2134 1112 2189 Ut
1139 2135 1247 2190 hoc
1277 2136 1327 2190 ei
1360 2137 1793 2202 concederetur,
1817 2136 2072 2207 primum

433 2223 506 2277 ab
533 2223 617 2278 eis
651 2222 908 2294 postulat
956 2225 1238 2280 orationis
1285 2224 1592 2292 auxilium,
1624 2231 1764 2280 tunc
1813 2225 1988 2279 etiam
2019 2230 2076 2278 et

433 2311 559 2383 ipse
590 2328 694 2383 pro
724 2311 807 2367 eis
840 2315 1038 2367 omnia
1071 2314 1223 2369 bona
1252 2315 1613 2385 deprecatur.
1651 2335 1678 2364 ‹‹
1713 2319 1861 2369 Deus
1893 2315 2072 2385 pacis,

435 2400 534 2470 qui
567 2400 769 2454 eduxit
799 2400 870 2454 de
892 2401 1140 2457 mortuis
1163 2407 1454 2473 pastorem
1480 2420 1759 2474 magnum
1794 2403 2076 2468 ovium,in

434 2488 721 2560 sanguine
750 2491 1085 2544 testamenti
1116 2492 1658 2558 aeterni,Dominum
1692 2498 1957 2547 nostrum
1988 2495 2078 2546 Je-

436 2593 567 2632 sum
601 2576 918 2632 Christum.
959 2601 979 2626 ι
1007 2578 1196 2635 Nolite
1229 2580 1407 2652 igitur
1425 2581 1736 2636 dissentire
1767 2598 1799 2636 a
1831 2578 2079 2647 nobis,si

434 2664 616 2721 vultis
645 2665 829 2721 Deum
864 2667 1022 2737 pacis
1048 2667 1262 2723 habere
1306 2669 1643 2740 propitium,
1679 2686 1712 2724 a
1741 2686 1855 2740 quo
1885 2668 2078 2724 omnis

440 2771 552 2826 pax
572 2756 702 2826 ejus
723 2755 998 2826 procedit,
1015 2755 1168 2812 sicut
1188 2757 1312 2828 ipse
1341 2758 1512 2813 dicit:
1543 2759 1792 2814 «Pacem
1816 2758 2078 2829 relinquo

437 2842 621 2910 vobis,
674 2859 878 2915 pacem
937 2859 1128 2900 meam
1183 2846 1256 2900 do
1312 2846 1474 2902 vobis
1533 2848 1708 2918 (Joan.
1741 2864 1853 2910 xiv,
1902 2847 2012 2916 27).
2050 2869 2072 2898 ι

441 2932 644 2988 Pastor
673 2948 924 3004 magnus
955 2934 1079 3006 ipse
1111 2936 1382 3002 est,sicut
1409 2937 1534 3008 ipse
1562 2936 1702 2991 dicit
1731 2936 1789 2990 in
1822 2937 2078 3007 Evange-

437 3020 515 3078 lio
540 3039 553 3078 :
579 3045 606 3072 ‹‹
627 3023 745 3095 Ego
765 3038 896 3078 sum
920 3028 1120 3095 pastor
1141 3024 1412 3096 bonus,et
1433 3041 1716 3098 cognosco
1743 3039 1901 3080 meas
1922 3039 2076 3093 oves,

438 3115 495 3167 et
522 3117 881 3183 cognoscunt
911 3129 1002 3168 me
1033 3129 1174 3170 meaa
1205 3117 1384 3183 (Joan.
1417 3133 1479 3183 ιι,
1514 3115 1621 3187 14).
1656 3138 1684 3165 ››

510 3222 541 3252 «
571 3204 742 3274 Aptet
771 3217 872 3258 vos
901 3201 962 3257 in
983 3203 1143 3259 omni
1169 3205 1341 3270 bono,
1373 3209 1438 3259 ut
1466 3205 1692 3260 faciatis
1722 3203 2078 3258 voluntatem

440 3290 589 3361 ejus,
621 3265 842 3348 faciens
862 3291 922 3346 in
979 3293 1144 3348 vobis
1202 3265 1357 3364 quod
1391 3293 1611 3366 placuit
1660 3309 1854 3349 coram
1886 3307 1948 3348 se
1979 3306 2080 3363 per
2110 3265 2153 3332 α

437 3379 470 3435 J
475 3396 642 3437 esum
658 3381 1078 3450 Christum,cui
1099 3388 1184 3439 est
1203 3383 1389 3457 gloria
1409 3385 1468 3440 in
1483 3385 1694 3440 saecula
1709 3383 2079 3439 sreculorum.

440 3471 640 3527 Amen.
677 3493 705 3521 »
734 3473 930 3528 Faciat
959 3477 1127 3544 aptos
1155 3490 1258 3529 vos
1288 3491 1418 3530 esse
1447 3475 1506 3529 in
1540 3475 1700 3529 omni
1731 3490 1902 3545 opere
1930 3473 2082 3527 bono

440 3565 498 3616 et
526 3576 816 3628 sermone,
849 3566 914 3616 ut
932 3563 1109 3617 vitam
1139 3562 1406 3618 videlicet
1425 3568 1482 3618 et
1503 3564 1776 3632 dogmata
1804 3568 1959 3617 recta
1980 3561 2082 3616 ha-

442 3649 630 3705 beatis
657 3650 981 3704 secundum
1015 3649 1372 3707 voluntatem
1404 3653 1552 3722 ejus.
1585 3652 1846 3722 Faciens,
1870 3651 2080 3723 inquit,

441 3737 505 3792 in
534 3737 698 3793 vobis
731 3743 794 3792 ut
825 3738 1050 3810 placeat
1080 3755 1275 3795 coram
1309 3741 1514 3796 se.Hoc
1538 3741 1693 3796 enim
1725 3740 1784 3794 in
1815 3739 1928 3796 alio
1959 3740 2083 3794 loco

443 3825 618 3881 dicit:
656 3847 686 3877 ι(
722 3828 871 3883 Deus
900 3833 990 3883 est
1011 3827 1188 3901 enim,
1222 3829 1320 3900 qui
1351 3835 1627 3902 operatur
1656 3830 1714 3884 in
1748 3829 1910 3884 vobis
1939 3828 2084 3883 velle

445 3920 503 3970 et
531 3914 811 3986 proﬁcere
840 3931 943 3988 pro
969 3918 1120 3973 bona
1147 3918 1441 3974 voluntate
1462 3919 1692 3990 (Philip.
1729 3936 1789 3986 ιι,
1823 3920 1929 3984 13).
1966 3940 1993 3966 ››
2017 3919 2086 3972 Et

443 4006 553 4059 hoc
583 4019 686 4075 per
711 4003 914 4060 Jesum
943 4005 1260 4075 Christum,
1295 4008 1386 4062 cui
1419 4007 1602 4079 gloria
1633 4008 1689 4061 in
1722 4005 1934 4062 saecula
1974 4023 2084 4060 sae-

445 4093 734 4149 culorum.
757 4098 965 4150 Amen.
999 4117 1026 4146 «
1053 4097 1212 4170 Rogo
1237 4101 1430 4152 autem
1462 4097 1892 4163 vos,fratres,ut
1911 4095 2085 4150 suﬁ‘e-

443 4182 586 4239 ratis
615 4184 858 4240 verbum
891 4185 1104 4241 solatii.
1136 4187 1363 4243 Etenim
1395 4185 1700 4258 perpaucis
1748 4184 1954 4256 scripsi
1983 4199 2081 4238 vo-

444 4271 558 4328 bis.
587 4293 615 4326 »
651 4273 777 4330 Non
829 4274 991 4344 dixit,
1038 4292 1178 4349 rogo
1230 4292 1354 4342 vos,
1403 4279 1470 4331 ut
1517 4273 1812 4330 sufferatis
1843 4273 2083 4328 verbum

442 4362 880 4431 admonitionis,
911 4365 1013 4421 sed
1043 4366 1284 4421 verbum
1317 4363 1529 4426 solatii.
1554 4363 1663 4419 hoc
1694 4367 1802 4428 est,
1842 4362 2086 4417 verbum

444 4453 880 4518 consolationis,
929 4455 1174 4510 verbum
1227 4452 1674 4509 adhortationis.
1730 4451 1853 4505 Non
1900 4453 2090 4520 potest

445 4543 783 4614 quisquam,
814 4543 1030 4614 inquit,
1048 4541 1476 4614 longitudinem
1500 4539 1789 4595 sermonis
1811 4538 2085 4606 abnuere,

2185 625 2594 689 medicamine,
2656 625 3056 679 infirmitatem
3121 623 3406 679 stomachi
3467 625 3874 693 roborantes,

2184 714 2482 767 infirmum
2507 731 2620 768 non
2650 714 2923 779 relevent,
2947 714 3046 768 sed
3073 713 3472 784 opprimentes
3494 720 3875 784 aggravent.

2185 804 2372 857 Tanta
2402 807 2596 857 tamen
2645 803 2905 856 scribens
2953 802 3285 872 Apostolus.
3343 819 3518 872 parva
3575 801 3691 856 illa
3729 820 3877 859 esse

2184 890 2410 959 dixit,in
2445 893 2876 962 comparatione
2907 891 3128 946 scilicet
3154 907 3378 957 eorum,
3414 907 3540 962 qua:
3569 892 3877 948 dicturus

2184 985 2344 1036 erat:
2381 982 2701 1035 secundum
2736 981 2886 1052 quod
2941 980 3079 1035 alibi
3129 981 3310 1034 dixit:
3348 1002 3376 1029 ‹‹
3430 980 3596 1035 Sicut
3625 983 3875 1052 scripsi

2182 1069 2347 1124 vobis
2377 1069 2436 1122 in
2471 1069 2718 1133 modico,
2751 1069 3076 1123 secundum
3108 1069 3265 1138 quod
3298 1067 3540 1138 potestis
3573 1066 3872 1138 legentes

2186 1158 2508 1228 intelligere
2539 1158 2908 1228 prudentiam
2957 1173 3151 1212 meam
3182 1155 3241 1210 in
3289 1155 3617 1211 ministerio
3648 1158 3872 1228 (1490)

2184 1247 2397 1302 Christi
2430 1248 2644 1318 (Ephes.
2679 1263 2765 1314 ιιι,
2798 1248 2850 1316 3,
2885 1248 2958 1316 4).
2995 1269 3022 1295 ››

2261 1358 2282 1384 ι
2321 1335 2664 1406 Cognoscite
2687 1337 2924 1391 fratrem
2946 1339 3214 1390 nostrum
3242 1333 3617 1388 Timotheum
3637 1333 3874 1389 dimis-

2186 1441 2316 1480 sum
2343 1444 2370 1475 ι
2409 1424 2803 1492 (subauditur,
2837 1442 2871 1479 a
2893 1423 3083 1487 nobis,
3129 1439 3232 1478 seu
3255 1422 3569 1477 dimissum
3603 1422 3760 1476 dicit
3786 1424 3868 1476 ab

2184 1513 2479 1583 Athenis),
2540 1530 2671 1567 cum
2734 1530 2869 1584 quo,
2931 1513 2978 1567 si
3037 1511 3284 1566 celerius
3331 1510 3574 1576 venerit,
3629 1511 3862 1566 videbo

2183 1619 2304 1657 vos.
2343 1625 2368 1651 »
2399 1607 2518 1657 Hoc
2544 1602 2696 1656 enim
2724 1602 2998 1656 idoneum
3022 1605 3166 1667 erat,
3190 1604 3253 1654 ut
3276 1616 3375 1655 eos
3407 1599 3861 1654 mansuetiores

2184 1692 2618 1762 efﬁceret,quod
2653 1707 2713 1745 se
2745 1694 3014 1760 paratum
3039 1689 3184 1744 dixit
3205 1689 3277 1744 ad
3307 1705 3407 1744 eos
3427 1689 3644 1744 venire.
3672 1712 3703 1737 ‹‹
3741 1688 3857 1743 Sa-

2184 1779 2367 1835 lutate
2386 1796 2590 1835 omnes
2617 1779 2957 1851 prazpositos
2983 1783 3289 1845 vestros,et
3310 1794 3514 1833 omnes
3530 1782 3800 1833 sanctos.
3822 1798 3854 1825 »

2185 1869 2557 1925 Hortabiliter
2585 1873 2814 1933 tractat,
2839 1868 3130 1939 siquidem
3162 1868 3233 1922 ad
3257 1865 3389 1922 illos
3411 1882 3512 1938 per
3531 1865 3665 1921 illos
3697 1865 3856 1920 scri-

2184 1960 2374 2015 bebat.
2410 1981 2436 2008 ‹‹
2468 1957 2738 2013 Salutant
2778 1973 2879 2012 vos
2911 1957 2980 2011 de
3029 1956 3195 2010 Italia
3224 1956 3425 2025 (1491).
3461 1977 3490 2005 »
3518 1955 3853 2009 Manifesta

2184 2047 2439 2103 ostendit
2466 2047 2619 2117 quod
2653 2046 2710 2099 in
2743 2046 2927 2100 Roma
2958 2044 3107 2100 hanc
3139 2042 3443 2112 Epistolam
3489 2042 3841 2112 scripserit.

2185 2159 2213 2186 «
2245 2135 2444 2191 Gratia
2463 2151 2595 2189 cum
2618 2134 2892 2189 omnibus
2912 2134 3096 2188 vobis.
3119 2135 3322 2187 Amen.
3352 2154 3377 2180 »
3403 2131 3662 2186 Gratiam
3688 2130 3844 2185 ﬁdei

2185 2226 2346 2295 dicit,
2366 2241 2543 2295 quam
2567 2224 2625 2278 in
2649 2224 2940 2296 baptismo
2967 2223 3321 2294 accepimus,
3341 2219 3427 2275 vel
3449 2219 3838 2290 pmnitentiaa,

2187 2321 2288 2372 aut
2309 2313 2747 2386 perseverantia:
2770 2313 3019 2384 gratiam
3045 2315 3206 2382 optat
3229 2327 3243 2376 ;
3273 2310 3426 2380 quod
3450 2314 3538 2364 est
3556 2308 3840 2362 omnium

2187 2421 2516 2461 commune.
2551 2403 2751 2459 Gratia
2793 2401 2948 2458 enim
2981 2407 3069 2456 est
3117 2399 3383 2454 remissio
3433 2403 3841 2470 peccatorum,

2189 2510 2292 2567 per
2321 2493 2626 2566 quam,illo
2649 2495 2980 2564 prastante,
3007 2506 3336 2544 mereamur
3357 2485 3839 2559 purgari.Gratia:

2187 2588 2300 2638 tua:
2332 2583 2547 2655 gratias
2579 2597 2748 2653 agere
2778 2597 2892 2635 non
2925 2579 3115 2634 solum
3148 2593 3252 2648 ego
3291 2577 3476 2648 (4492)
3508 2576 3609 2631 sed
3643 2591 3838 2644 neque

2189 2672 2309 2728 ulla
2337 2672 2556 2727 sufficit
2587 2686 2757 2741 agere
2796 2672 3081 2734 creatura,
3107 2671 3320 2722 aeterne
3342 2663 3649 2731 Deus,sine
3669 2661 3841 2718 initio

2189 2765 2247 2816 et
2275 2761 2426 2815 ﬁne:
2461 2775 2562 2831 per
2593 2775 2766 2830 quem
2815 2757 3014 2811 omnia
3065 2757 3218 2811 facta
3259 2758 3400 2810 sunt
3441 2770 3570 2823 qua:
3602 2751 3663 2806 in
3695 2751 3839 2807 caalo

2190 2866 2455 2915 sursum,
2483 2852 2540 2903 et
2571 2848 2628 2902 in
2663 2851 2816 2902 terra
2863 2847 3156 2900 deorsum.
3192 2843 3317 2899 Non
3359 2841 3625 2913 quaedam
3657 2839 3746 2894 vis
3776 2843 3844 2894 et

2189 2937 2624 3010 facis,quaadam
2655 2936 2741 2990 vis
2771 2939 2826 2990 et
2857 2951 2971 2989 non
2996 2933 3138 2988 facis
3162 2950 3176 2998 ;
3205 2932 3307 2988 sed
3328 2931 3527 2986 omnia
3548 2945 3834 3000 quaecun-

2190 3045 2303 3100 que
2329 3027 2418 3082 vis
2449 3031 2508 3082 et
2535 3026 2696 3080 facis.
2723 3024 2904 3097 Cujus
2930 3021 3278 3078 admiranda
3297 3024 3436 3076 sunt
3455 3016 3838 3090 opera,terri-

2187 3117 2330 3174 bilia
2351 3115 2599 3187 judicia,
2633 3113 2920 3170 credenda
2942 3111 3271 3184 promissa;
3304 3109 3406 3180 qui
3430 3114 3484 3163 te
3512 3106 3708 3163 vocari
3741 3123 3840 3161 vo-

2190 3205 2372 3272 luisti,
2409 3210 2558 3260 Deus
2601 3202 2916 3266 Abraham,
2971 3201 3131 3256 Isaac
3173 3202 3231 3255 et
3273 3197 3471 3265 Jacob,
3504 3201 3562 3252 et
3590 3195 3789 3251 dixisti
3820 3213 3836 3251 :

2190 3295 2300 3350 hoc
2326 3293 2469 3349 mihi
2499 3308 2715 3348 nomen
2747 3291 2805 3345 in
2838 3295 3140 3354 aeternum,
3166 3293 3226 3344 et
3273 3284 3611 3342 memoriale
3639 3283 3699 3339 in
3736 3300 3838 3355 ge-

2193 3383 2509 3449 neratione,
2567 3385 2625 3436 et
2679 3377 3086 3452 generatione;
3130 3377 3256 3432 sine
3285 3373 3568 3447 qualitate
3615 3373 3828 3442 bonus,

2192 3475 2316 3530 sine
2340 3473 2664 3542 quantitate
2686 3467 3089 3540 magnus,sine
3110 3463 3429 3537 indigentia
3454 3462 3834 3530 creator,sine

2193 3563 2304 3618 situ
2332 3577 2608 3633 presens,
2643 3559 2769 3614 sine
2799 3557 2923 3612 loco
2955 3556 3174 3627 ubique
3199 3558 3375 3622 totus,
3410 3552 3536 3608 sine
3575 3556 3836 3622 tempore

2193 3651 2609 3722 sempiternus,
2643 3647 2767 3703 sine
2827 3643 3222 3700 mutabilitate
3253 3640 3564 3697 mutabilia
3593 3640 3833 3708 faciens,

2193 3740 2457 3811 nihilque
2488 3738 2736 3810 patiens,
2770 3735 2932 3791 solus
2964 3750 3062 3789 rex
3093 3734 3303 3797 bonus,
3330 3729 3493 3786 solus
3526 3733 3834 3800 przestans,

2193 3829 2353 3886 solus
2375 3830 2601 3899 justus,
2634 3825 3022 3896 omnipotens,
3054 3826 3112 3878 et
3149 3825 3400 3876 aeternus
3428 3837 3440 3874 :
3474 3817 3576 3889 qui
3605 3817 3836 3872 miseris

2193 3919 2448 3990 gratuita
2470 3917 2766 3987 pietate,et
2789 3912 3048 3967 indebita
3075 3909 3333 3964 bonitate
3359 3925 3372 3974 ;
3396 3907 3837 3971 condemnas,et

2193 4008 2450 4064 obduras
2482 4008 2813 4077 peccatores
2846 4019 2947 4073 per
2976 3999 3298 4061 veritatem,
3331 3997 3553 4067 absque
3585 3993 3702 4049 ulla
3723 3994 3835 4048 ini-

2194 4097 2499 4168 quitate,et
2519 4098 2715 4148 tamen
2741 4089 3174 4163 perindebitam
3194 4083 3657 4142 misericordiam
3671 4087 3831 4138 tuam

2196 4184 2427 4240 miseris
2455 4182 2812 4246 hominibus,
2845 4178 2986 4250 quia
3033 4181 3241 4248 potens
3290 4191 3372 4239 es,
3411 4178 3469 4228 et
3496 4170 3833 4227 dissimulas

2195 4276 2430 4344 peccata
2478 4270 2782 4324 hominum
2837 4270 3070 4338 propter
3118 4261 3540 4335 pmnitentiam,
3593 4264 3651 4314 et
3693 4258 3833 4314 facis

2195 4361 2483 4416 mundum
2509 4357 2815 4413 immundo
2846 4357 3190 4426 conceptum
3214 4352 3284 4407 de
3315 4349 3564 4414 semine,
3604 4352 3658 4403 et
3677 4346 3831 4403 deles

2196 4455 2260 4505 ut
2292 4449 2508 4504 nubem
2541 4446 2899 4518 iniquitates,
2951 4447 3008 4499 et
3037 4441 3206 4514 quasi
3255 4438 3530 4496 nebulam
3563 4441 3827 4508 peccata;

2197 4539 2366 4610 cujus
2397 4536 2629 4593 bonitas
2661 4534 2814 4589 circa
2842 4531 3137 4603 indignos,
3178 4533 3236 4585 et
3265 4527 3496 4600 dignos,
3531 4541 3645 4580 non
3673 4529 3829 4580 tena-

445 4630 556 4687 nisi
587 4613 976 4704 impatientia.
1009 4633 1129 4685 Hoc
1159 4613 1376 4700 quippe
1403 4632 1547 4698 erat,
1571 4627 1726 4698 quod
1749 4627 1832 4682 eis
1856 4625 2090 4682 nolebat
2118 4633 2164 4697 D
2196 4629 2357 4694 citer,
2391 4626 2492 4682 sed
2544 4623 2780 4696 largiter
2825 4621 3122 4677 exuberat.
3173 4619 3256 4673 Tu
3315 4615 3524 4704 dedisti
3580 4614 3638 4704 in
3667 4613 3830 4704 corde

443 4721 768 4786 ostendere,
799 4720 900 4774 sed
933 4717 1182 4773 latenter
1212 4717 1320 4771 hoc
1368 4716 1514 4771 dixit
1540 4721 1820 4787 tanquam
1853 4715 1898 4772 si
1932 4716 2086 4772 dice-

445 4812 568 4864 ret:
605 4808 670 4861 Et
699 4808 748 4862 si
782 4805 1190 4878 pusillamines
1238 4805 1378 4860 estis
1408 4804 1616 4860 talium
1667 4805 1822 4861 enim
1855 4810 1942 4860 est
1972 4821 2085 4860 non

443 4896 593 4951 ferre
624 4895 914 4950 sermonis
961 4893 1410 4967 longitudinem.
1461 4894 1570 4950 Sed
1609 4899 1803 4951 tamen
1836 4893 2088 4948 infirmis

445 4984 734 5056 praecipue
764 4983 1119 5053 congruit,ut
1142 5000 1328 5056 pauca
1355 4985 1612 5056 quidem,
1641 4991 1696 5041 et
1725 5002 1853 5056 quae
1884 4998 2088 5054 capere

443 5071 779 5145 praevalent,
813 5073 1076 5140 audiant,
1121 5079 1178 5129 et
1210 5091 1334 5146 quae
1382 5091 1585 5130 eorum
1619 5079 1871 5130 mentem
1904 5070 2087 5142 pugni-

442 5165 634 5220 tentize
666 5162 864 5220 dolore
896 5165 1476 5236 compungant.Nam
1509 5165 1557 5219 si
1591 5165 1675 5218 eis
1706 5163 1765 5216 in
1799 5179 1912 5216 uno
1941 5167 2086 5215 tem-

443 5270 580 5325 pore
601 5247 1024 5310 exhortationis
1045 5270 1236 5310 sermo
1259 5255 1430 5309 fuerit
1453 5251 1854 5322 multipliciter
1873 5250 2086 5320 dictus,

442 5343 584 5414 quia
617 5343 804 5399 multa
826 5343 1073 5399 retinere
1095 5361 1207 5398 non
1233 5342 1446 5410 valent,
1469 5339 1645 5396 simul
1678 5340 1957 5394 amittunt
1972 5355 2090 5394 om-

443 5431 558 5487 nia.
596 5431 758 5488 Unde
789 5437 846 5486 et
877 5431 1085 5487 medici
1117 5446 1426 5501 corporum
1461 5444 1710 5500 pannos,
1748 5427 2088 5497 quosinfir-

446 5520 744 5577 mentibus
774 5521 1095 5577 stomachis
1127 5522 1375 5590 ponunt,
1406 5521 1542 5588 apto
1575 5515 1813 5586 quidem
1844 5514 2092 5569 medica-

514 5625 699 5773 (1489)
731 5628 1098 5698 Fortasse,nc
1131 5624 1202 5702 si.

543 5700 698 5767 1490)
726 5699 896 5772 Vulg.
926 5704 1202 5770 mysterio.

543 5699 698 5767 1490)
726 5699 896 5772 Vulg.
926 5699 1213 5770 mysterio.

2197 4733 2346 4784 meo,
2381 4720 2446 4770 ut
2475 4719 2710 4786 propter
2737 4715 2999 4783 gustum,
3023 4714 3082 4764 et
3106 4706 3454 4764 suavitatem
3484 4703 3665 4774 hujus
3683 4702 3822 4769 vitae,

2198 4809 2414 4861 sancta:
2445 4802 3012 4874 Scripturae,gentem
3035 4796 3404 4869 patriamque
3425 4792 3822 4864 relinquerem.

2200 4900 2265 4951 ut
2285 4895 2412 4965 ejus
2434 4892 2782 4949 suavitatem
2809 4885 3245 4958 aliquantulum
3268 4884 3828 4954 degustarem,etper

2198 4988 2308 5042 hoc
2337 4989 2394 5039 te
2425 4995 2772 5054 cognoscere
2804 4975 3123 5049 potuissem
3152 4992 3164 5028 :
3210 4971 3350 5043 quia
3382 4987 3577 5026 revera
3610 4970 3828 5025 lucerna

2199 5074 2449 5147 pedibus
2481 5071 2627 5127 meis
2648 5069 2889 5123 verbum
2911 5071 3102 5132 tuum,
3121 5068 3176 5118 et
3196 5061 3396 5116 lumen
3429 5060 3658 5114 semitis
3677 5058 3826 5113 meis.

2199 5145 2311 5221 Sed
2343 5168 2444 5217 tua
2477 5158 2817 5215 indeﬁciens
2864 5155 3072 5227 pietas,
3106 5151 3269 5222 larga
3297 5147 3632 5214 clementia,
3665 5145 3827 5201 nimia

2201 5248 2622 5315 misericordia,
2650 5250 2708 5302 et
2755 5244 2987 5300 bonitas
3034 5239 3408 5312 sempiterna.
3463 5235 3610 5292 Plus
3638 5235 3826 5292 dedisti

2199 5356 2378 5412 quam
2411 5339 2570 5412 petii,
2603 5341 2662 5392 et
2691 5335 2824 5407 plus
2847 5329 3167 5404 praestitisti
3192 5343 3370 5398 quam
3393 5324 3683 5398 postulavi
3705 5340 3717 5379 :
3738 5323 3828 5396 qui

2200 5427 2344 5482 mihi
2376 5443 2586 5498 panem
2621 5423 2916 5479 caelestem
2941 5436 3055 5475 non
3083 5417 3483 5486 solum,quem
3517 5415 3644 5486 ipse
3664 5428 3834 5469 come-

2201 5516 2420 5581 derem,
2453 5511 2811 5588 praestitisti:
2845 5509 2945 5566 sed
2977 5507 3153 5563 etiam
3179 5519 3283 5576 per
3313 5501 3589 5560 inutilem
3619 5518 3828 5560 servum

2273 5621 2460 5763 (1391;
2487 5619 2662 5692 Vulg.
2695 5617 2860 5674 addit
2884 5619 3104 5688 fratres.

2275 5691 2437 5763 (1492
2491 5691 2555 5750 In
2586 5691 2715 5750 cod.
2737 5705 2884 5762 ergo.

2275 5691 2460 5764 (1492)
2491 5691 2555 5750 In
2586 5691 2715 5750 cOd.
2737 5705 2884 5762 ergo.
