3966 6210
108 292 226 353 833

1604 290 2042 353 SERMONES.

3407 296 3525 360 834

113 424 235 478 tuis
263 386 540 477 fidelibus
561 419 745 476 servis
768 435 1002 491 erogare
1028 420 1236 476 fecisti.
1263 421 1368 475 Pro
1402 438 1517 492 qua
1548 438 1607 477 re
1638 427 1768 493 peto
1798 423 1853 489 Α
1882 421 2088 477 saltem
2142 423 2197 477 in
2247 441 2362 481 uno
2409 424 2581 480 verbo
2614 423 2909 497 postulare
2940 442 3055 482 non
3086 428 3479 499 dedignentur
3509 446 3523 496 ;

115 529 326 568 servus
348 509 574 565 inutilis
598 525 797 564 servos
828 508 1023 579 utiles,
1048 510 1107 563 in
1140 527 1625 581 quorumcumque
1648 528 1770 566 ma-

118 600 300 656 nibus
322 597 538 653 laboris
562 596 677 652 mei
706 596 987 668 opuscula
1007 598 1291 664 venerint,
1314 597 1597 669 quidquid
1622 598 1770 668 opti-

120 705 285 744 mum
312 684 664 755 invenerint,
686 685 755 741 ad
781 689 1074 739 auctorem
1099 686 1350 741 referant
1370 690 1548 739 Deum
1573 703 1585 752 ;
1611 686 1774 755 quid-

122 777 261 849 quid
292 792 429 831 vero
462 775 686 840 minus,
722 773 866 828 mihi
899 773 1225 845 ignoscant.
1259 778 1325 828 Et
1366 774 1473 829 hoc
1518 792 1677 846 rogo,
1712 780 1775 829 ut

120 883 220 938 pro
251 864 619 921 facinoribus
651 862 798 917 meis
828 862 925 916 Dei
956 862 1278 917 indebitam
1310 862 1771 918 misericordiam

1884 513 1964 565 uti
1990 513 2221 582 quando
2245 514 2426 582 justis
2457 531 2490 568 a
2520 513 2613 585 pio
2637 513 2836 584 judice
2860 516 3085 570 reddita
3107 516 3279 571 fuerit
3303 519 3525 589 praemii

1883 616 2117 665 corona,
2150 601 2294 655 mihi
2343 604 2629 673 peccatori
2680 603 2937 659 indebita
2976 605 3076 659 Dei
3126 606 3528 661 misericordia

1884 688 2467 762 quantulumcunque
2496 692 2720 747 veniam
2754 692 3009 748 tribuere
3051 694 3344 767 dignetur.

2410 782 2517 835 Deo
2550 783 2779 849 gratias.
2815 782 3004 837 Amen.

129 1056 2791 1094 Μ

1388 1210 2294 1345 ATTONIS

768 1461 2011 1557 VERCELLENSIS
2134 1466 2891 1561 EPISCOPI

1169 1691 2511 1859 SERMONES.

389 1990 500 2060 [Ex
532 1986 733 2044 codice
762 1986 1063 2057 Vaticano,
1097 1988 1251 2059 apud
1283 1988 1419 2059 Mai,
1450 1990 1795 2059 Scriptorum
1824 1997 2065 2044 veterum
2095 1990 2351 2046 Collectio
2379 2007 2539 2059 nova,
2573 1996 2715 2047 tom.
2750 1992 2845 2063 VI,
2878 2012 2934 2066 p.
2972 2013 3031 2066 ιι,
3064 2014 3120 2069 p.
3156 2000 3267 2071 11.]

684 2270 928 2326 SERMO
970 2271 1235 2326 PRIMUS

210 2380 265 2417 IN
296 2376 564 2416 ADVENTU
596 2376 804 2415 nomm
836 2377 1035 2415 nos'rm
1063 2377 1199 2415 JESU
1239 2377 1463 2415 CHRISTI
1496 2363 1699 2432 (1493).

198 2452 285 2506 Ad
319 2450 733 2505 celebrandam
768 2449 1130 2504 nativitatem
1166 2449 1397 2503 Domini
1430 2451 1613 2505 nostri
1643 2452 1781 2506 Jesu

136 2541 371 2606 Christi,
406 2539 618 2593 fratres
649 2538 1004 2607 charissimi,
1031 2540 1155 2609 jam
1204 2557 1359 2594 nunc
1389 2540 1563 2594 corda
1594 2545 1784 2595 vestra

139 2633 679 2701 praeparate,mores
696 2628 1244 2699 componite(1494),
1260 2629 1435 2683 vitam
1455 2629 1704 2700 dirigite,
1722 2634 1786 2683 ut

142 2736 246 2773 non
271 2735 377 2773 nos
399 2716 645 2772 veniens
668 2718 736 2771 de
760 2716 1369 2788 negligentiajudicet,
1386 2720 1485 2773 sed
1508 2720 1576 2772 de
1601 2719 1783 2788 (1495)

142 2808 321 2879 dignis
337 2807 625 2879 operibus
645 2822 1014 2861 remunerare
1031 2806 1322 2877 dignetur.
1342 2807 1551 2862 Beatus
1565 2808 1784 2861 Paulus

142 2896 343 2951 clamat
372 2895 687 2968 apostolus
722 2912 735 2950 :
767 2899 921 2949 Hora
950 2899 1026 2949 est
1050 2896 1176 2965 jam
1205 2912 1301 2950 nos
1331 2896 1396 2951 de
1424 2912 1628 2952 sommo
1656 2913 1783 2950 sur-

142 3002 255 3055 gere
280 2987 457 3053 (Rom.
500 3000 631 3053 x111,
668 2985 775 3051 11).
809 2988 1091 3038 Somnum
1129 2984 1326 3054 itaque
1367 2984 1783 3056 negligentiam

144 3073 395 3147 appellat,
430 3089 624 3146 quam
677 3072 1033 3127 excutientes
1085 3089 1118 3127 a
1170 3073 1462 3143 cordibus,
1496 3075 1783 3128 bonorum

144 3179 367 3234 operum
433 3160 794 3217 instantiam
860 3161 1029 3216 nobis
1094 3162 1361 3216 convenit
1417 3163 1785 3232 frequentare

146 3253 331 3323 (1496).
361 3295 372 3307 .
404 3296 415 3307 .
471 3250 748 3307 studiose
804 3250 1103 3321 acquirere
1160 3250 1364 3321 (1497).
1394 3289 1445 3306 ..
1501 3251 1697 3321 digna.
1729 3294 1739 3306 .
1768 3293 1782 3307 .

148 3340 351 3413 aliquid
385 3338 763 3413 negligenter
783 3339 1057 3395 oii'ender.
1087 3379 1100 3392 .
1124 3376 1138 3393 .
1175 3338 1320 3408 ipsis
1346 3355 1480 3394 eum
1512 3339 1785 3411 placaret.

148 3428 276 3485 Ecce
307 3446 526 3501 nempe
559 3426 857 3482 caelorum.
885 3468 897 3480 .
929 3468 941 3480 .
993 3426 1321 3497 specialiter
1352 3429 1786 3498 quodammodo

149 3518 211 3572 ad
242 3520 612 3574 visitandum
646 3515 818 3570 venit.
848 3516 1025 3586 Cujus
1058 3516 1371 3570 adventum
1405 3517 1574 3572 nobis
1605 3517 1789 3573 multo

148 3609 318 3679 magis
372 3606 679 3677 [salutari]
736 3604 999 3660 convenit
1046 3605 1407 3675 providentia
1435 3611 1786 3677 exspectare,

136 3695 388 3765 jejuniis,
422 3693 678 3767 vigiliis,
706 3693 1091 3761 orationibus,
1118 3693 1511 3761 continentiis,
1541 3694 1787 3750 eleemo-

145 3786 314 3856 synis,
349 3783 710 3853 exterisque
738 3782 1057 3836 virtutibus
1090 3782 1390 3853 praeterita;
1436 3783 1621 3854 culpae
1668 3801 1789 3839 ma-

144 3874 291 3929 culas
340 3892 372 3929 a
422 3876 649 3929 nostrae
701 3871 912 3925 mentis
964 3871 1136 3925 domo
1196 3870 1398 3925 sedule
1455 3871 1789 3939 abluamus,

146 3977 240 4016 nec
293 3963 363 4017 ad
416 3961 665 4017 easdem
717 3960 928 4013 iterum
988 3959 1175 4013 redire
1232 3958 1628 4015 intendamus.
1682 3962 1793 4014 Mi-

154 4051 299 4105 nime
345 4052 598 4122 quidem
650 4046 888 4115 sufficit,
922 4046 1119 4117 aliqua
1164 4047 1583 4103 interveniente
1633 4048 1793 4104 festi-

153 4139 335 4206 vitate,
362 4144 636 4195 nostram
669 4136 953 4207 deponere
982 4134 1373 4206 iniquitatem,
1408 4137 1478 4205 si,
1508 4154 1574 4192 ea
1604 4143 1793 4193 trans-

157 4231 293 4294 acta,
324 4245 534 4283 rursus
587 4225 660 4279 ad
709 4226 974 4279 eamdem
1007 4241 1302 4280 recurrere
1333 4226 1793 4282 consideremus.

1814 2281 1859 2345 Β
1891 2275 2058 2345 (Psal.
2092 2266 2275 2343 (έχων,
2312 2276 2419 2345 18).
2455 2276 2597 2331 Cum
2632 2278 2787 2332 enim
2821 2279 3035 2349 ubique
3080 2298 3207 2337 esse
3258 2284 3537 2354 probetur

1891 2363 2199 2429 Dominus,
2230 2363 2348 2419 illis
2377 2368 2573 2419 tamen
2619 2368 2819 2437 procul
2852 2369 3027 2423 dubio
3060 2371 3361 2440 proximus
3393 2372 3538 2427 dici-

1890 2457 2007 2520 tur,
2042 2452 2256 2523 quibus
2311 2454 2597 2524 propitius
2647 2472 2774 2511 esse
2823 2458 3117 2529 dignatur,
3170 2459 3392 2515 scilicet
3442 2464 3539 2534 qui

1892 2544 2147 2596 invocant
2171 2558 2293 2595 eum
2324 2544 2384 2595 in
2415 2545 2663 2597 veritate.
2690 2544 2776 2598 Illi
2802 2546 3039 2616 quidem
3062 2549 3123 2601 in
3153 2551 3380 2604 veritate
3409 2567 3536 2605 eum

1894 2633 2165 2700 invocant,
2200 2632 2299 2701 qui
2331 2647 2398 2686 ea
2429 2648 2555 2702 quae
2588 2634 2904 2703 expediunt
2938 2635 3113 2706 digne
3143 2642 3349 2708 rogant
3378 2656 3390 2692 :
3432 2640 3534 2709 qui

1894 2736 2025 2774 vero
2058 2736 2415 2790 supervacua
2447 2720 2631 2791 (1499)
2662 2721 2732 2776 ab
2764 2738 2829 2777 eo
2860 2740 3117 2793 quaerere
3151 2732 3537 2798 praesumunt,

1893 2808 1980 2863 vel
2029 2810 2128 2879 qui
2181 2824 2248 2863 ea
2295 2825 2423 2878 quae
2472 2809 2773 2879 postulant
2822 2828 2935 2866 non
2984 2813 3209 2870 intimis
3241 2816 3537 2872 mentibus

1895 2902 2102 2967 rogant
2130 2914 2144 2963 ;
2188 2897 2295 2968 ipsi
2330 2898 2581 2967 profecto
2614 2901 2673 2953 in
2704 2900 2931 2954 veritate
2957 2918 3083 2956 eum
3114 2919 3227 2957 non
3260 2904 3537 2975 invocant,

1897 3002 1998 3040 nec
2047 3002 2223 3056 prope
2276 2985 2489 3040 habere
2528 2992 2845 3057 merentur,
2880 2994 2944 3043 ut
2991 2989 3134 3045 illud
3170 3010 3183 3047 :
3235 2996 3419 3063 Longe
3464 3003 3543 3049 est

1896 3092 1929 3129 a
1973 3074 2343 3145 peccatoribus
2386 3075 2539 3130 salus
2592 3077 2761 3146 (Psal.
2811 3094 3005 3133 cxvm.
3062 3081 3203 3150 155).
3238 3086 3384 3137 Nam
3439 3084 3540 3154 qui

1898 3164 2029 3217 ﬁcte
2060 3164 2242 3217 Deum
2295 3164 2525 3234 quaerit,
2558 3181 2862 3235 nunquam
2910 3183 3045 3221 eum
3094 3168 3355 3224 invenire
3397 3170 3540 3240 [cod.

1896 3251 2164 3319 inveniri]
2215 3251 2549 3307 merebitur.
2593 3252 2735 3308 Hinc
2782 3254 3065 3325 scriptum
3115 3262 3251 3312 est:
3303 3257 3541 3327 Spiritus

1898 3344 2117 3394 sanctus
2164 3340 2383 3409 effugiet
2413 3340 2599 3407 ﬁctum
2629 3339 2781 3411 (Sap.
2832 3357 2871 3407 ι,
2914 3341 2991 3411 5).
3026 3342 3188 3405 Quod
3220 3344 3365 3399 bene
3397 3361 3544 3415 quo-

1900 3445 2012 3499 que
2044 3444 2145 3498 per
2174 3427 2411 3499 angelos
2431 3427 2796 3482 Dominicam
2820 3428 3180 3485 nativitatem
3209 3432 3544 3502 pastoribus

1901 3516 2241 3571 nuntiantes
2271 3515 2629 3570 declaratum
2675 3521 2763 3571 est
2811 3518 3069 3574 dicentes
3118 3520 3253 3590 [cod.
3302 3521 3545 3576 dicenti-

1902 3607 2032 3675 bus]
2072 3624 2083 3660 :
2136 3605 2317 3660 Gloria
2361 3608 2419 3659 in
2452 3606 2679 3660 excelsis
2711 3611 2839 3675 Deo,
2872 3616 2925 3663 et
2956 3610 3015 3663 in
3044 3613 3193 3665 terra
3216 3627 3335 3681 pax
3363 3612 3546 3666 homi-

1900 3697 2066 3749 nibus
2107 3696 2263 3750 bonae
2308 3694 2603 3748 voluntatis
2633 3696 2781 3766 (Luc.
2834 3713 2895 3763 ιι,
2949 3698 3056 3768 14).
3090 3702 3247 3754 Bona
3275 3698 3547 3756 voluntas

1899 3788 1987 3839 est
2036 3800 2151 3838 non
2202 3782 2391 3838 solum
2444 3782 2598 3837 mala
2655 3801 2769 3839 non
2821 3801 3011 3857 agere,
3067 3788 3167 3843 sed
3219 3789 3395 3844 etiam
3444 3806 3550 3846 nec

1898 3872 2062 3927 velle.
2092 3874 2235 3927 Jure
2275 3889 2411 3944 ergo
2443 3873 2659 3928 talibus
2690 3874 2903 3929 Christi
2939 3892 3046 3947 pax
3078 3878 3407 3935 nuntiatur.
3440 3878 3551 3942 Qui

1901 3977 2034 4016 vero
2082 3961 2419 4029 homicidia,
2452 3961 2604 4028 odia,
2639 3963 2925 4017 adulteria
2957 3966 3160 4034 (1500),
3214 3968 3387 4035 furta,
3423 3983 3552 4038 per-

1894 4050 2074 4121 juria,
2113 4068 2212 4105 seu
2246 4055 2449 4104 caetera
2476 4050 2615 4105 vitia
2645 4051 2727 4105 sic
2761 4053 2831 4106 ad
2865 4058 3099 4123 tempus
3130 4056 3416 4109 simulant
3444 4056 3551 4110 de-

1904 4138 2141 4202 clinare,
2168 4143 2231 4192 ut
2260 4139 2330 4191 ad
2364 4138 2484 4191 haec
2516 4138 2718 4191 eadem
2749 4138 2954 4192 iterum
2991 4143 3198 4195 reverti
3222 4144 3348 4213 jam
3381 4144 3553 4199 corde

1905 4228 2293 4297 conceperint,
2326 4226 2364 4278 ii
2412 4227 2666 4296 profecto
2698 4226 2859 4280 bonae
2890 4226 3208 4284 voluntatis
3239 4247 3354 4285 non
3387 4237 3550 4300 sunt,

157 4314 367 4386 Hospes
423 4330 690 4385 namque
743 4317 1026 4368 venturus
1080 4314 1163 4367 sic
1220 4314 1290 4367 de
1347 4315 1560 4369 futuris
1613 4316 1798 4385 (1498)
1906 4332 2011 4370 nec
2062 4313 2274 4369 Christi
2323 4314 2407 4367 eis
2438 4314 2619 4380 (1501)
2660 4314 2995 4369 conceditur
3026 4333 3154 4387 pax.
3187 4317 3334 4373 Nam
3385 4318 3554 4375 miles

156 4406 652 4472 quemadmodum
702 4402 772 4457 de
831 4402 1241 4474 praesentibus,
1293 4401 1375 4457 sic
1430 4404 1501 4458 de
1556 4404 1798 4458 occultis
1907 4420 2070 4460 arma
2119 4401 2377 4473 deponit,
2414 4418 2625 4472 corpus
2675 4402 2877 4470 reficit,
2914 4406 3178 4461 membra
3220 4406 3455 4476 refovet,
3492 4411 3556 4462 ut

159 4495 656 4562 quemadmodum
707 4496 762 4546 et
818 4492 888 4547 de
935 4490 1262 4545 manifestis
1312 4492 1580 4562 judicare
1627 4493 1796 4548 volet.

1906 4500 2167 4563 tempore
2189 4496 2515 4562 opportuno
2547 4492 2863 4563 resumptis
2885 4492 3105 4547 viribus
3130 4494 3349 4549 eisdem
3373 4494 3555 4549 armis

156 4578 411 4653 Denique
444 4580 761 4637 Psalmista
792 4580 873 4635 ait
902 4597 916 4635 :
949 4585 1125 4651 Prope
1153 4584 1228 4635 est
1256 4582 1519 4636 Dominus
1550 4583 1801 4636 omnibus
1910 4598 2116 4638 rursus
2145 4580 2333 4636 valeat
2362 4580 2662 4635 dimicare.
2698 4580 2823 4635 Non
2855 4582 2939 4637 sic
2970 4620 3004 4639 ..
3048 4583 3291 4639 induere
3324 4598 3552 4639 more...

155 4668 531 4725 invocantibus
592 4686 734 4739 eum,
794 4670 890 4741 qui
947 4669 1203 4723 invocant
1261 4685 1387 4724 eum
1452 4673 1513 4723 in
1579 4672 1805 4725 veritate
1912 4672 2239 4744 pertingere
2270 4670 2452 4741 (1502)
2495 4670 2879 4741 gaudeamus.

227 4845 413 4918 (1493)
446 4848 611 4903 Hunc
658 4864 1008 4918 sermonem,
1058 4865 1193 4922 cum
1247 4849 1375 4904 aliis
1427 4855 1702 4922 quatuor,
1733 4851 1804 4905 de

155 4916 514 4993 Pentecoste,
548 4921 617 4993 de
649 4922 707 4976 S.
742 4916 1011 4983 Eusebio,
1040 4920 1111 4974 de
1141 4916 1554 4993 Assumptione
1588 4923 1650 4993 B.
1676 4922 1803 4975 Vir-

2014 4848 2169 4916 1495)
2204 4847 2484 4914 Mansius,
2519 4862 2605 4901 ex.

2014 4849 2169 4916 1495)
2204 4849 2484 4914 Mansius,
2519 4862 2605 4901 ex.

1986 4849 2168 4990 (1496)
2200 4921 2444 4975 Summa
2475 4918 2692 4973 codicis
2740 4936 2842 4974 ora
2888 4919 3239 4975 humiditate
3270 4918 3556 4986 extabuit,

194 4990 325 5070 inis,
362 4993 433 5071 de
465 4992 780 5083 Nativitate
817 4992 1214 5083 Praecursopis,
1247 4990 1658 5083 ediditiyhd.
1697 4997 1800 5083 προ.
1837 5019 1883 5083 D
1919 4993 2332 5083 perieruntque
2357 4993 2413 5045 in
2438 4990 2688 5083 singulis
2711 4992 3167 5083 paginis‘versus
3188 4992 3369 5083 fejrme
3399 4991 3553 5083 d‘u‘o;

203 5063 495 5116 ominicus
529 5065 787 5117 Mansius
820 5063 876 5116 in
909 5063 1226 5134 appendice
1258 5064 1399 5117 tomi
1434 5064 1479 5118 II
1514 5064 1802 5118 Miscella-

158 5147 396 5187 neorum
453 5133 679 5187 Baluzii
736 5136 914 5199 Lucae,
950 5133 1043 5187 an.
1105 5134 1263 5200 1761,
1320 5151 1388 5188 ex
1440 5135 1548 5189 hoc
1604 5137 1805 5189 eodem

156 5211 341 5276 vetere
372 5209 430 5259 et
465 5221 703 5276 perraro
736 5205 930 5259 codice
959 5204 1237 5259 Vaticano
1264 5222 1277 5271 ;
1311 5206 1409 5259 sed
1458 5206 1611 5260 enim
1648 5207 1806 5260 festi-

160 5275 390 5329 natione
441 5277 846 5346 perturbatus,
880 5278 965 5329 vir
1013 5276 1361 5346 caeteroquin
1408 5277 1808 5344 doctissimus,

161 5346 480 5417 permultos
516 5353 840 5417 turpesque
868 5362 1092 5400 errores
1122 5352 1323 5402 contra
1369 5348 1584 5402 codicis
1638 5348 1809 5403 ﬁdem

161 5416 390 5490 scripsit
419 5422 479 5473 et
510 5416 917 5472 incautissime
947 5418 1147 5484 edidit,
1181 5434 1329 5488 quos
1360 5434 1463 5490 ego
1498 5436 1651 5474 nunc
1682 5435 1806 5475 cor-

164 5500 415 5639 militiai)
447 5533 720 5617 Mansius
752 5558 1029 5632 pervertit
1056 5558 1176 5615 haec
1208 5558 1351 5617 cola.

1916 5059 1982 5117 ex
2015 5079 2131 5132 qua
2164 5059 2362 5134 regula
2384 5059 2573 5117 metiri
2608 5059 2918 5134 sequentes
2946 5062 3188 5118 lacunas
3220 5059 3448 5115 discant
3478 5059 3560 5113 le-

1917 5139 2126 5188 ctores.

1989 5203 2173 5276 (1497)
2205 5204 2281 5276 Μ.
2318 5202 2467 5276 male
2498 5214 2661 5276 atque
2688 5208 2826 5276 fere.

1990 5274 2173 5412 (1498)
2206 5275 2280 5328 M.
2319 5273 2461 5326 falso
2488 5273 2802 5344 priwter'ztis.

2018 5346 2175 5412 1499)
2208 5345 2283 5399 M.
2314 5360 2742 5412 supervacanea.

2018 5346 2175 5413 1499)
2208 5345 2283 5399 M.
2314 5360 2742 5413 supervacanea.

1992 5416 2175 5482 (1500)
2209 5416 2283 5469 Μ.
2318 5414 2519 5468 omisit
2549 5417 2656 5473 hoc
2696 5421 3063 5478 vocabulum.

1993 5486 2178 5634 (150.1;
2207 5486 2283 5540 M.
2315 5500 2622 5612 perperam
2652 5493 2723 5575 ei.

2020 5556 2156 5613 1502
2210 5557 2288 5615 M.
2321 5572 2418 5614 ma
2444 5573 2474 5613 e
2502 5567 2723 5632 perstru

2020 5556 2178 5634 1502)
2210 5557 2288 5615 M.
2321 5556 2474 5614 male
2502 5561 2895 5637 perstringere.
