3966 6210
381 229 502 293 835

1033 353 1269 410 SERMO
1304 353 1373 408 II.

899 461 958 500 IN
996 460 1196 499 NA'I‘ALI
1226 459 1503 498 EJUSDEM.

456 537 826 594 Gaudeamus
844 547 1067 597 omnes,
1089 533 1295 586 fratres
1318 531 1664 600 charissimi,
1686 533 1951 587 lmtentur
1969 535 2026 586 et

384 626 672 684 exsultent
701 639 902 678 omnes
931 625 1152 693 gentes.
1189 625 1371 674 Istum
1421 621 1575 675 diem
1628 639 1741 676 non
1792 626 2023 675 tantum

384 714 634 771 visibilis
666 710 773 781 sol,
798 711 897 765 sed
925 710 1050 780 ejus
1083 709 1392 763 invisibilis
1415 710 1646 764 Crealor
1672 709 1865 780 potius
1895 708 2024 762 illu-

386 803 647 858 minavit.
667 805 727 854 ln
754 800 858 854 hac
881 798 1171 868 siquidem
1196 798 1308 866 die,
1328 798 1480 852 Deus
1504 798 1676 852 homo
1701 801 1886 852 factus
1910 802 2018 861 est,

385 891 640 947 cmlestia
686 887 930 943 terrenis
982 887 1360 952 famulantur,
1409 886 1596 958 angeli
1649 892 1705 940 et
1754 887 2021 940 homines

383 982 454 1037 ad
488 978 854 1036 concordiam
889 981 1250 1032 revocantur.
1279 975 1423 1030 Cum
1456 977 1611 1030 enim
1644 975 1703 1029 in
1736 975 2020 1046 principio

379 1075 532 1124 esset
581 1068 755 1129 Deus,
796 1068 952 1120 sicut
995 1064 1327 1135 evangelica
1377 1064 1536 1119 vobis
1583 1064 1752 1118 lectio
1804 1067 2020 1126 narrat,

384 1157 584 1212 Omnia
615 1172 711 1227 per
743 1156 926 1227 ipsum
953 1157 1104 1224 facta
1131 1156 1258 1208 sunt
1296 1155 1474 1218 (Joan.
1526 1170 1562 1220 ι,
1613 1153 1668 1224 3)
1702 1171 1714 1208 :
1765 1153 1864 1207 sed
1910 1151 2021 1205 ini-

381 1246 571 1301 micus
609 1244 853 1299 humani
902 1243 1126 1311 generis
1173 1243 1452 1296 adversus
1483 1241 1811 1296 Creatorem
1844 1257 2020 1296 suum

381 1335 686 1406 insurgere
715 1330 958 1386 tentavit
989 1330 1187 1385 dicens
1220 1347 1232 1383 :
1281 1337 1490 1385 Ponam
1535 1329 1713 1384 sedem
1748 1346 1924 1384 meam
1953 1330 2022 1384 ad

381 1424 717 1496 aquilonem,
747 1428 800 1476 et
846 1435 938 1474 ero
990 1419 1194 1474 similis
1242 1420 1514 1474 Altissimo
1545 1419 1693 1490 (Isai.
1743 1435 1858 1481 xw,
1910 1419 2018 1486 14).

383 1512 468 1567 Ob
509 1527 683 1583 quam
725 1507 1059 1580 superbiam
1108 1513 1227 1562 tam
1276 1506 1403 1579 ipse
1453 1523 1629 1578 quam
1679 1524 1882 1562 omnes
1934 1524 2022 1562 se-

384 1615 600 1672 quaces
648 1599 796 1668 ejus,
839 1595 936 1668 qui
985 1596 1352 1651 incommode
1402 1600 1774 1650 tentaverunt
1821 1612 2022 1650 ascen-

384 1690 541 1754 dere,
569 1687 762 1742 divino
785 1685 1007 1756 judicio
1040 1689 1178 1739 sunt
1198 1684 1426 1754 dejecti.
1455 1685 1538 1738 Ad
1572 1702 1822 1756 quorum
1851 1700 2024 1739 casus
2061 1723 2106 1787 Β

382 1776 808 1848 reparationem
837 1774 1114 1829 Dominus
1140 1773 1407 1827 homines
1431 1774 1486 1826 in
1521 1773 1790 1843 paradiso
1813 1775 2027 1828 consti-

381 1867 514 1922 tuit.
537 1863 740 1936 Angeli
772 1878 1024 1934 quoque,
1060 1862 1544 1917 restaurationem
1577 1861 1668 1917 sui
1702 1862 1922 1917 ordinis
1955 1863 2026 1916 ab

382 1954 529 2026 ipsis
559 1956 980 2025 exspectantes,
1016 1949 1074 2004 in
1115 1966 1328 2022 magno
1353 1966 1452 2005 eos
1483 1951 1694 2021 gaudio
1727 1950 2029 2020 multoque

381 2045 724 2114 receperunt
761 2056 976 2094 amore.
1009 2041 1080 2093 At
1127 2055 1280 2104 vero,
1318 2043 1448 2110 post
1495 2039 2026 2107 prmvaricationem

377 2131 512 2186 Adai
567 2129 743 2202 primi
790 2127 1070 2192 hominis,
1103 2127 1161 2181 in
1215 2132 1446 2182 tantum
1493 2127 1798 2183 discordias
1827 2127 2025 2182 odium

378 2219 574 2285 crevit,
601 2224 665 2273 ut
693 2217 855 2273 nulla
887 2234 1029 2289 pene
1061 2216 1321 2287 pristinae
1339 2215 1672 2271 dilectionis
1707 2217 1867 2271 radix
1898 2234 2024 2288 per-

381 2313 662 2363 maneret.
697 2307 811 2362 Nec
855 2308 979 2376 jam
1014 2305 1180 2360 nobis
1232 2322 1294 2360 se
1345 2310 1644 2362 consortes
1675 2321 1802 2360 esse
1835 2305 2024 2374 angeli

381 2397 770 2460 aestimabant,
803 2395 942 2465 quia
973 2394 1088 2449 Deo
1138 2393 1257 2449 ullo
1306 2395 1528 2464 absque
1576 2394 1785 2449 delicto
1816 2395 2024 2448 servie-

381 2485 543 2540 bant.
560 2483 796 2549 Quoties
814 2483 1028 2555 quippe
1047 2483 1385 2537 hominibus
1403 2484 1780 2553 apparebant,
1797 2483 2024 2538 adorari

381 2589 444 2629 se
464 2572 632 2644 quasi
663 2589 696 2626 a
727 2572 987 2642 subjecta
1009 2576 1276 2626 creatura
1297 2571 1734 2641 permittebant.
1759 2572 2026 2628 Christus

380 2662 576 2733 itaque
594 2663 740 2716 Deus
758 2665 894 2714 ante
914 2666 1196 2730 tempora.
1215 2659 1387 2714 homo
1407 2665 1469 2713 ut
1493 2676 1598 2714 nos
1623 2661 1929 2715 redimeret
1952 2662 2026 2716 fa-

380 2754 512 2804 ctus
543 2750 602 2804 in
631 2754 914 2819 tempore,
941 2749 1188 2803 formam
1214 2749 1361 2802 servi
1393 2747 1739 2819 suscipiens,
1764 2748 1938 2804 caelos
1969 2755 2027 2805 et

379 2844 617 2905 terram,
650 2836 888 2909 angelos
929 2841 986 2892 et
1016 2835 1285 2892 homines
1315 2837 1656 2908 paciﬁcavit.
1693 2839 1826 2893 Post
1855 2841 2027 2910 cujus

378 2926 865 2993 incarnationem,
881 2923 1125 2996 angelus
1147 2941 1209 2981 se
1231 2926 1302 2981 ab
1326 2926 1562 2982 homine
1583 2927 1812 2982 adorari
1837 2928 2026 2999 prohi-

385 3015 514 3072 buit
533 3014 733 3071 dicens
759 3031 772 3070 :
807 3015 930 3070 Vide
950 3030 1018 3069 ne
1034 3017 1249 3085 feceris,
1272 3030 1559 3070 conservus
1580 3017 1727 3071 enim
1743 3019 1873 3072 tuus
1901 3034 2025 3072 sum

1401 223 1743 284 ATTONIS
1788 222 2372 285 VERCELLENSIS
2418 222 2769 282 EPISCOPI

2055 356 2108 421 Α
2139 353 2444 409 observare
2477 371 2490 408 :
2525 353 2624 424 qui
2654 352 2830 408 etiam
2862 352 3005 407 adeo
3035 369 3067 408 a
3098 367 3160 409 se
3190 351 3492 408 charitatis
3542 354 3802 425 gratiam

3680 220 3804 284 836

2140 441 2459 512 expellunt,
2513 446 2576 496 ut
2626 441 2918 496 neminem
2969 458 3137 496 suam
3182 441 3424 496 domum
3454 441 3666 496 eodem
3708 444 3804 499 die

2143 530 2399 599 primum
2432 529 2656 601 ingredi
2686 529 2884 595 velint,
2914 529 3024 584 nisi
3050 529 3148 600 qui
3182 529 3520 585 cumulatus
3554 531 3803 586 oblatio-

2143 618 2318 672 nibus
2348 619 2645 673 advenerit
2680 636 2692 674 :
2722 618 2978 689 aliquem
3009 625 3203 674 autem
3236 619 3494 690 hospitio
3550 636 3614 674 se
3669 637 3802 676 sus-

2142 708 2332 776 cipere
2362 708 2670 776 abnegant,
2689 713 2743 762 et
2773 706 2918 761 nihil
2954 707 3186 778 penitus
3217 709 3288 762 de
3319 724 3429 762 sua
3458 707 3640 762 domo
3663 710 3807 764 dare

2142 800 2242 848 aut
2289 798 2658 850 commodare
2709 797 3042 850 desiderant
3089 797 3294 866 (1504).
3342 795 3385 851 Ο
3433 796 3697 852 inﬁdelis
3749 806 3808 853 et

2143 887 2406 938 erroneel
2463 885 2670 938 Melius
2718 885 2821 939 tibi
2866 891 3020 938 esset
3051 885 3108 938 in
3142 886 3314 939 domo
3344 891 3446 940 tua
3489 885 3803 941 Christum

2141 971 2198 1025 in
2217 972 2504 1043 hospitem
2520 973 2812 1043 suscipere
2842 973 2927 1028 vel
2960 991 3450 1045 pauperes,quam
3485 976 3752 1032 rusticos
3773 994 3809 1031 a

2141 1065 2196 1114 te
2230 1063 2464 1132 tuisque
2493 1079 2803 1133 oppressos
2833 1067 3009 1133 atque
3041 1063 3123 1116 sic
3153 1062 3494 1129 instructos,
3529 1065 3808 1136 apopho-

2138 1155 2260 1206 reta
2279 1150 2364 1205 vel
2387 1151 2702 1222 oenophora
2723 1150 3068 1222 bajulantes.
3086 1151 3244 1206 Idem
3268 1152 3486 1224 quippe
3511 1155 3808 1208 Dominus

2142 1239 2223 1292 ait
2257 1256 2268 1293 :
2303 1239 2561 1306 Quandiu
2589 1239 2794 1307 fecistis
2824 1241 2928 1293 uni
2956 1255 3024 1293 ea:
3051 1241 3300 1294 minimis
3348 1242 3487 1308 istis,
3521 1241 3668 1295 mihi
3711 1245 3805 1314 fe-

2139 1329 2286 1382 cistis
2334 1329 2542 1398 (Matth.
2583 1345 2716 1393 xxv,
2744 1329 2852 1397 40).
2883 1329 2952 1382 Et
2982 1328 3118 1381 item
3155 1343 3166 1382 :
3201 1332 3340 1382 Date
3366 1330 3805 1402 elcemosynam,

2137 1425 2190 1471 et
2217 1418 2403 1471 omnia
2432 1417 2638 1471 munda
2666 1420 2794 1470 sunt
2833 1415 2984 1470 vobis
3036 1418 3185 1487 (Luc.
3240 1434 3302 1483 ιι,
3355 1418 3465 1486 41).
3513 1418 3810 1475 Similiter

2139 1505 2313 1560 etiam
2350 1505 2622 1560 Kalendis
2654 1505 2873 1560 Martiis
2904 1505 3246 1574 hujusmodi
3279 1506 3552 1562 homines
3594 1508 3808 1563 multis

2139 1595 2329 1650 solent
2360 1594 2716 1649 debacchare
2739 1595 2841 1666 (ita
2868 1595 3009 1664 cod.)
3043 1595 3388 1666 prestigiis;
3423 1612 3539 1667 prs:
3563 1599 3804 1653 cunctis

2140 1690 2333 1739 autem
2387 1684 2520 1738 anni
2578 1683 2806 1749 diebus,
2841 1683 2896 1737 in
2947 1683 3041 1738 his
3091 1683 3363 1739 diabolus
3394 1684 3587 1739 adhuc
3621 1702 3802 1740 suam

2138 1778 2364 1827 exercet
2395 1772 2873 1835 coloniam.Quod
2907 1773 3060 1827 unde
3093 1772 3446 1844 processisse
3469 1774 3802 1842 credimus,

2137 1863 2302 1916 vobis
2336 1862 2593 1916 indicare
2644 1878 2940 1916 curamus.
2993 1861 3147 1916 Mars
3194 1878 3448 1932 namque
3495 1868 3553 1917 et
3601 1863 3808 1918 Janus

2139 1951 2410 2005 homines
2443 1950 2693 2022 perversi
2727 1955 2784 2004 et
2813 1949 3072 2005 infelices
3094 1950 3603 2022 fuerunt,quorum
3630 1969 3806 2007 unus

2141 2039 2433 2094 homicida
2463 2044 2520 2094 et
2549 2038 2796 2105 adulter,
2839 2037 2983 2094 alter
3013 2040 3071 2093 in
3103 2044 3328 2093 tantum
3372 2040 3477 2093 fuit
3504 2057 3698 2095 vanus
3735 2046 3810 2096 et

2137 2129 2470 2196 demens,ut
2503 2128 2677 2182 etiam
2710 2144 2772 2182 se
2798 2127 2992 2198 ipsum
3025 2127 3281 2182 ﬂammis
3311 2133 3615 2184 cremaret.
3649 2133 3808 2185 Post

2137 2232 2388 2285 quorum
2416 2215 3120 2287 interitum,paganorum
3154 2214 3271 2271 illis
3305 2233 3462 2271 more
3491 2217 3802 2274 fabricatas

2137 2309 2274 2358 sunt
2303 2305 2594 2366 statuas,in
2629 2304 2845 2375 quibus
2863 2305 2936 2359 ob
2955 2321 3157 2360 eorum
3191 2304 3478 2360 scelerum
3512 2306 3798 2362 immani-

2136 2398 2315 2448 tatem
2364 2393 2728 2448 daamonibus
2779 2393 2997 2464 placuit
3048 2393 3343 2461 habitare;
3377 2400 3435 2448 et
3464 2400 3529 2449 ut
3561 2394 3798 2451 facilius

2136 2481 2402 2536 homines
2464 2481 2818 2553 deciperent,
2891 2483 3298 2554 praedictorum
3365 2482 3480 2537 sibi
3549 2485 3798 2539 nomina

2136 2570 2356 2640 placuit
2385 2571 2622 2638 ﬁngere,
2642 2571 2841 2642 sicque
2874 2588 2935 2626 se
2965 2572 3170 2641 vivere,
3199 2576 3256 2626 et
3283 2572 3424 2627 deos
3455 2574 3795 2643 essejacta-

2135 2659 2302 2724 bant;
2360 2661 2728 2730 duorumque
2780 2660 3070 2715 mensium
3124 2661 3227 2730 (ita
3267 2661 3383 2715 cod.
3419 2661 3510 2717 hic
3539 2666 3590 2716 et
3619 2663 3798 2731 alibi)

2136 2747 2419 2819 principia
2451 2748 2561 2803 sibi
2594 2751 2880 2804 sacranda
2909 2750 3389 2822 dicebant,atque
3419 2767 3528 2805 suo
3551 2752 3799 2808 nomine

2135 2837 2369 2891 eosdem
2401 2853 2652 2906 menses,
2686 2838 2908 2893 scilicet
2941 2839 3214 2894 Martium
3247 2843 3303 2894 et
3344 2840 3722 2908 Januarium,
3757 2859 3798 2897 ι

2135 2925 2318 2980 Marte
2350 2930 2406 2981 et
2433 2926 2582 2980 Jano
2615 2927 2894 2998 appellari
2940 2928 3253 2996 jubebant;
3295 2935 3352 2984 et
3383 2929 3637 3000 qualiter
3688 2948 3800 3002 per

2135 3015 2400 3085 singulas
2427 3016 2586 3087 ipsas
2617 3016 2908 3071 Kalendas
2939 3016 3228 3072 solemnia
3257 3017 3534 3090 colerent,
3551 3018 3793 3091 quales-

382 3111 432 3159 et
449 3103 692 3174 fratrum
715 3107 928 3158 tuorum
955 3104 1138 3174 (Apoc.
1162 3104 1547 3172 x1x,lO).Hasc
1571 3111 1658 3160 est
1679 3105 1804 3160 dies
1824 3105 2021 3172 illa,in
2055 3085 2098 3152 C
2137 3120 2248 3174 que
2281 3085 2476 3160 cultus
2508 3110 2849 3176 peragerent
2878 3106 3332 3170 edocebant.Qui
3372 3085 3534 3162 error
3565 3085 3622 3163 in
3653 3114 3793 3164 tan-

381 3209 498 3268 qua
527 3197 749 3248 naturas
771 3193 910 3263 jura
941 3196 1242 3247 mutantur
1277 3209 1290 3246 :
1339 3193 1500 3263 virgo
1548 3194 1830 3265 concepit,
1864 3195 2022 3266 virgo

380 3281 622 3354 peperit,
657 3285 708 3336 et
745 3283 936 3336 Verum
965 3295 1092 3336 caro
1120 3283 1329 3350 factum
1357 3289 1434 3336 est
1455 3282 1633 3351 (Joan.
1670 3299 1708 3347 ι,
1745 3284 1850 3353 14).
1876 3284 2020 3338 Nam

380 3385 554 3441 quem
586 3369 957 3424 immensitas
985 3365 1108 3422 cmli
1134 3384 1337 3438 capere
1368 3385 1480 3422 non
1514 3374 1724 3438 potest,
1750 3369 2023 3440 przesepis

379 3458 651 3530 angustia
681 3457 1014 3512 collocatur.
1049 3455 1229 3511 Hodie
1260 3455 1451 3526 angeli
1487 3457 1820 3526 pastoribus
1850 3475 2025 3529 appa-

377 3551 645 3613 ruerunt,
667 3562 884 3616 eosque
913 3547 982 3601 de
1005 3545 1236 3600 Domini
1265 3545 1564 3600 nativitate
1597 3546 2021 3613 instruxerunt,

376 3639 434 3690 et
481 3652 552 3690 ne
611 3635 888 3690 timerent
935 3634 1430 3699 confortaverunt,
1483 3633 1684 3705 eisque
1741 3636 2021 3706 gaudium

379 3738 659 3796 magnum
695 3721 1128 3787 nuntiaverunt,
1170 3725 1228 3777 et
1279 3719 1462 3792 gloria
1509 3721 1567 3776 in
1617 3723 1858 3778 excelsis
1908 3723 2022 3779 Deo

377 3809 634 3882 primum
668 3810 1124 3866 decantaverunt
1148 3810 1301 3877 (Luc.
1335 3826 1392 3872 ιι,
1428 3811 1603 3879 8-15).
1639 3812 1861 3874 Quibus
1894 3812 2020 3867 ideo

378 3897 740 3954 nativitatem
778 3898 1003 3954 Domini
1055 3897 1246 3969 angeli
1295 3897 1551 3969 primurn
1585 3901 2019 3967 nuntiaverunt,

378 3988 518 4060 quia
540 3993 802 4060 pastores
824 4004 938 4059 prie
957 3987 1177 4042 caeteris
1195 3987 1390 4042 videre
1408 3986 1684 4042 sublimia
1704 3995 2017 4059 merentur,

376 4077 476 4154 qui
505 4076 776 4133 ﬁdelibus
796 4076 1074 4148 gregibus
1098 4092 1342 4146 praeesse
1362 4075 1608 4131 sollicite
1629 4077 1843 4132 sciunt.
1867 4081 2019 4132 Gau—

377 4167 623 4222 deamus
653 4182 789 4239 ergo
820 4165 1011 4232 hodie,
1045 4165 1254 4220 fratres
1295 4164 1648 4221 charissimi.
1679 4207 1690 4221 .
1720 4207 1734 4220 .

1008 4271 1248 4326 SERMO
1290 4273 1384 4325 Ill.

806 4361 865 4398 IN
906 4360 1076 4399 FESTO
1105 4358 1334 4398 OCTAVA:
1364 4359 1590 4396 DOMINI.

2134 3197 2258 3247 tum
2295 3193 2716 3264 frequentando
2745 3194 2938 3261 crevit,
2976 3200 3041 3248 ut
3070 3212 3213 3266 pene
3264 3197 3337 3249 ab
3388 3197 3668 3253 omnibus
3698 3214 3795 3252 co—

2135 3281 2352 3337 leretur
2381 3283 2698 3337 subversis.
2732 3283 2795 3337 Et
2825 3283 2958 3338 inde
2987 3300 3116 3339 esse
3147 3285 3418 3340 existimo
3472 3287 3628 3356 quod
3682 3287 3790 3342 ho-

2133 3372 2342 3442 dieque
2373 3372 2542 3425 durat
2574 3371 2632 3425 in
2666 3372 3224 3428 rusticis.Mensium
3251 3380 3446 3429 autem
3471 3375 3786 3431 nomina...

2134 3458 2329 3515 solu...
2378 3476 2609 3530 quoque
2659 3461 2960 3533 signorum
3012 3462 3164 3516 sicut
3220 3464 3292 3518 ab
3339 3463 3788 3535 antiquissimis

2132 3554 2190 3603 et
2219 3551 2462 3620 paganis
2491 3549 2736 3605 diversis
2765 3550 3088 3621 composita
3107 3557 3246 3606 sunt
3267 3553 3568 3623 ﬁgmentis
3593 3555 3793 3611 adhuc

2133 3653 2472 3709 permanere
2516 3639 2575 3693 in
2623 3639 2977 3709 quibusdam
3027 3631 3428 3712 cognOvimus,
3481 3647 3549 3696 ut
3597 3644 3794 3712 Aries,

2133 3726 2386 3786 Taurus.
2433 3732 2490 3781 et
2538 3732 2760 3782 caatera.
2795 3728 3050 3790 Quorum
3098 3729 3356 3798 nomina,
3390 3728 3440 3784 si
3471 3729 3798 3801 diligenter

2131 3814 2525 3885 inquirantur,
2549 3816 2696 3872 falsa
2725 3833 2852 3871 esse
2884 3823 3227 3883 noscuntur,
3262 3819 3401 3889 quia
3433 3819 3788 3876 animalium

2131 3903 2354 3973 species
2386 3920 2687 3974 nunquam
2717 3905 2774 3958 in
2807 3905 3098 3960 sideribus
3127 3907 3420 3971 videntur,
3454 3908 3557 3962 sed
3602 3909 3793 3964 curio-

2130 3992 2176 4046 si
2188 3997 2275 4046 tas
2289 4009 2644 4064 paganorum
2659 3993 3163 4050 hmcdeliramenta
3175 3996 3502 4050 secundum
3518 3997 3784 4053 volunta-

2129 4085 2246 4135 tem
2279 4080 2367 4134 vel
2400 4081 2633 4136 laudem
2658 4083 2967 4136 numinum
2990 4088 3046 4138 et
3066 4084 3260 4155 potius
3283 4084 3626 4140 daemonum
3653 4103 3784 4142 suo-

2131 4185 2260 4222 rum
2301 4170 2524 4224 curavit
2557 4175 2926 4240 pertractare.
2952 4171 3112 4234 Quod
3137 4188 3204 4226 ex
3231 4171 3431 4243 paucis
3459 4189 3784 4244 possumus

2132 4257 2474 4327 approbare;
2496 4276 2704 4328 nempe
2726 4260 2878 4329 quod
2907 4276 3266 4331 paganorum
3290 4260 3635 4334 philosOphi
3658 4265 3791 4318 Arc-

2129 4345 2314 4411 ton,id
2331 4351 2419 4400 est
2433 4345 3505 4419 Ursam,appellaverunt,atqueaJove
3525 4349 3684 4406 inter
3705 4369 3791 4406 as-

449 4434 616 4489 Hunc
645 4434 798 4490 diem
834 4449 1065 4504 semper
1095 4430 1370 4484 Kalendis
1399 4430 1695 4486 Januariis
1737 4432 1870 4500 (cod.
1920 4433 2018 4488 Ja-
2052 4452 2098 4516 Β
2130 4437 2218 4488 tra
2239 4434 2566 4506 depositam
2599 4436 2980 4506 scripserunt;
3011 4436 3118 4490 hoc
3141 4437 3324 4491 nostri
3350 4437 3559 4492 rustici
3590 4439 3787 4510 plaus-

376 4525 742 4592 nuariarum]
761 4521 913 4576 sicut
929 4518 1138 4581 nostis,
1153 4515 1506 4583 charissimi,
1521 4517 1808 4572 celebram
1820 4522 2020 4576 us.8ed

377 4595 549 4666 nobis
578 4611 688 4666 hoc
717 4615 906 4663 tacere
947 4623 1063 4661 non
1107 4605 1397 4670 convenit,
1431 4606 1587 4676 quod
1621 4607 1858 4676 quidam
1893 4609 2023 4665 falsi

377 4698 695 4755 Christiani
729 4695 880 4751 tanti
931 4694 1045 4748 diei
1085 4693 1516 4748 solemnitatem
1549 4695 1830 4769 sacrilega
1861 4715 2022 4754 com-

376 4785 650 4842 mistione
694 4783 1060 4853 perturbant,
1093 4781 1170 4835 ita
1227 4785 1292 4835 ut
1341 4782 1537 4838 divina
1584 4785 1776 4840 ofﬁcia
1823 4787 1880 4841 in
1930 4804 2022 4843 ec-

375 4873 572 4930 clesiis
624 4871 933 4925 videantur
981 4869 1292 4937 celebrare,
1358 4877 1414 4927 et
1486 4874 1662 4928 variis
1721 4876 2024 4931 maleﬁciis

377 4959 538 5017 domi
572 4975 687 5014 non
719 4957 990 5013 desinant
1018 4959 1295 5016 inservire
1329 4960 1532 5035 (1503).
1562 4963 1806 5036 Insuper
1826 4965 2023 5020 Jania-

380 5063 488 5103 nas
518 5045 865 5102 traditiones
915 5046 1341 5121 gentiliumque
1391 5051 1539 5106 ritus
1588 5068 1702 5106 non
1756 5057 2026 5108 metuunt

449 5205 633 5278 (i503)
667 5206 761 5278 De
784 5205 1300 5277 superstitionibus
1348 5207 1425 5278 in
1457 5208 1624 5264 Italia
1669 5210 1859 5264 medio
1909 5227 2026 5265 levo

378 5276 870 5350 preserpentibus
890 5279 1117 5350 legatur
1155 5277 1454 5332 Muratorii
1503 5281 1837 5335 dissertatio
1866 5282 1936 5334 59
1969 5282 2027 5336 in

377 5347 530 5403 Ann.
560 5347 744 5418 medii
775 5349 899 5414 aevi,
934 5347 977 5404 t'.
1009 5349 1102 5415 V.,
1139 5365 1264 5418 qua:
1296 5354 1451 5403 certe
1482 5351 1836 5406 cumulatior
1882 5355 2025 5408 fuis-

376 5423 489 5546 qet,
521 5417 829 5546 sitAttonis
853 5419 948 5477 hic
981 5417 1238 5476 inedit’us
1267 5434 1460 5478 sermo
1489 5421 1810 5480 Muratorio
1856 5423 2025 5482 inno-

408 5505 567 5546 uisse
599 5531 612 5546 .

381 5490 612 5551 tuisset.

2131 4526 2287 4576 trum
2316 4523 2856 4579 denominaverunt.
2889 4525 3050 4589 Quod
3075 4530 3268 4580 autem
3291 4525 3402 4596 ipsi
3430 4532 3615 4598 caput
3633 4527 3790 4582 tauri

2133 4616 2426 4675 asserunt,
2451 4611 2558 4666 hoc
2578 4613 2752 4667 etiam
2784 4612 2880 4666 isti
2917 4612 3197 4682 gallinam
3231 4613 3454 4668 dicunt.
3491 4614 3607 4670 Sed
3633 4615 3785 4688 quod

2133 4699 2389 4753 balteum
2414 4700 2643 4755 Orionis
2665 4701 3001 4769 notant,hoc
3024 4702 3209 4756 nostri
3241 4701 3448 4756 falcem
3473 4704 3788 4759 sectoriam

2133 4786 2530 4843 clamant.Nec
2552 4788 2679 4844 ideo
2693 4790 2996 4845 inferiores
3015 4790 3420 4861 hosdijudicet
3442 4791 3789 4864 quisquam,

2134 4875 2300 4946 quasi
2325 4877 2490 4946 pejus
2513 4877 2967 4933 assimilaverint
2989 4879 3444 4950 nefas.l)enique
3465 4898 3573 4937 nec
3595 4881 3794 4955 ἄρκτος

2136 4961 2274 5034 (cod.
2305 4963 2540 5034 Arcton]
2570 4963 2779 5018 melius
2802 4964 3006 5020 Ursam
3033 4982 3208 5036 quam
3233 4966 3569 5038 plaustrum
3593 4976 3793 5025 osten-

2136 5055 2250 5117 tat;
2285 5067 2388 5106 nec
2413 5051 2554 5107 illud
2574 5051 2730 5108 aliud
2750 5054 2985 5125 signum
3016 5056 3210 5126 potius
3227 5060 3403 5126 caput
3425 5058 3792 5130 tauri,quam

2206 5213 2389 5287 (1501i)
2422 5213 2819 5287 Memorantur
2850 5213 3072 5270 similes
3114 5216 3208 5271 his
3247 5217 3703 5287 superstitiones
3735 5220 3794 5274 in

2136 5283 2424 5361 opusculo
2442 5285 2674 5361 Martini
2711 5283 3405 5361 Bracaren_sis,quodge'go
3431 5305 3624 5361 nuper
3651 5291 3800 5345 mul-

2136 5358 2194 5432 _to
2221 5355 2584 5432 emendatius
2618 5361 2676 5411 et
2707 5374 2839 5432 cum
2872 5357 3090 5414 inedito
3121 5355 3362 5432 exordio
3387 5355 3658 5432 intortio
3697 5377 3798 5418 vo-

2134 5423 2356 5481 lumine
2384 5425 2757 5485 classicorum
2787 5431 3104 5486 Auctorum
3136 5447 3194 5504 p.
3223 5431 3350 5499 379,
3383 5431 3568 5491 edidi.
