3966 6210
163 264 273 325 837

1647 257 2091 323 SERMONES.

3452 266 3573 328 838

161 395 441 469 gallinam
491 392 780 463 designat.
820 390 982 455 Quod
1029 394 1223 447 autem
1276 389 1535 447 balteum
1583 390 1812 447 Orionis
1842 394 1896 460 Α
1923 394 2054 463 fecit
2086 394 2147 448 in
2175 394 2303 449 calo
2335 401 2387 449 et
2414 395 2476 448 in
2505 400 2672 461 term,
2704 394 2763 449 in
2786 397 2935 449 mari
2962 400 3016 450 et
3041 397 3104 450 in
3131 397 3381 453 omnibus
3406 398 3570 469 abus-

171 485 398 549 dicitur,
417 480 695 538 omnibus
719 482 875 551 patet
898 480 1037 551 quia
1058 479 1267 535 melius
1290 479 1458 551 quasi
1481 478 1612 535 falci
1635 485 1815 535 secto-

176 576 268 630 riea
289 588 462 644 quam
496 569 690 625 balteo
713 569 1097 625 assimilatur.
1119 568 1234 624 Nos
1266 569 1447 641 igitur
1466 569 1608 624 talia
1627 569 1817 624 dicere

177 663 453 735 cogimur,
485 659 627 731 quia
666 658 883 713 multos
915 674 1185 729 perverso
1229 658 1499 731 dogmate
1546 659 1817 713 seductos

175 752 289 807 haec
308 766 485 821 supra
505 749 747 803 modum
765 749 1073 803 observare
1092 747 1645 817 cognovimus.Nam
1670 752 1817 802 Deus

177 839 541 911 omnipotens
574 837 703 891 ideo
728 838 920 891 sidera
939 837 1239 891 constituit
1269 837 1327 890 in
1353 836 1511 890 caelis
1536 841 1598 890 ut
1628 836 1815 890 homi-

178 928 345 984 nibus
378 927 737 982 deservirent
765 926 822 979 in
857 926 1045 980 terris.
1077 925 1206 979 Haec
1239 926 1475 995 quidem
1508 924 1815 995 caliginem

177 1022 523 1088 temperant,
550 1015 987 1070 distinctionem
1040 1014 1314 1069 horarum
1350 1014 1671 1079 insinuant,
1706 1014 1814 1068 ite-

176 1106 440 1160 rentibus
464 1105 552 1159 vel
586 1103 997 1173 navigantibus
1031 1104 1232 1157 mundi
1263 1107 1455 1173 partes
1487 1102 1811 1173 designant.

174 1195 319 1250 Sunt
336 1192 508 1248 etiam
534 1191 881 1263 quaedamin
903 1190 1117 1261 quibus
1134 1191 1413 1246 imbrium
1430 1190 1820 1261 tranquillita-

175 1288 373 1337 tumve
416 1287 675 1351 tempora
724 1278 1042 1351 aliquando
1093 1280 1422 1351 prospicere
1479 1295 1813 1351 possumus.

179 1375 341 1426 Hanc
370 1369 486 1424 illis
528 1368 709 1441 legem
755 1370 990 1424 Creator
1019 1368 1281 1423 omnium
1316 1369 1373 1423 in
1406 1368 1685 1440 principio
1718 1385 1817 1440 po-

179 1458 314 1525 suit,
349 1474 449 1514 nec
480 1457 635 1513 ultra
662 1456 971 1512 subvenire
1000 1457 1086 1511 vel
1118 1473 1325 1513 nocere
1354 1458 1582 1513 valent:
1610 1474 1817 1529 quam-

178 1549 264 1605 vis
294 1549 412 1603 sint
433 1546 857 1609 mathematici,
876 1545 977 1617 qui
1002 1546 1123 1601 Ι]ωο
1143 1547 1520 1602 nascentibus
1551 1563 1817 1618 praeesse,

179 1637 465 1709 conjugiis
516 1634 819 1690 dominare
867 1635 971 1705 [ita
1014 1636 1180 1704 cod.],
1215 1636 1545 1691 architectis
1576 1636 1822 1690 doceant

181 1728 503 1783 observare.
538 1724 651 1779 Sed
701 1724 856 1794 quod
888 1724 959 1777 de
1011 1724 1313 1779 nativitate
1360 1730 1649 1793 asserunt,
1680 1726 1821 1779 satis

185 1816 239 1870 in
258 1813 721 1886 Epiphaniarum
734 1810 1005 1867 homeliis
1019 1813 1675 1885 destruitur(1505).Nos
1693 1828 1825 1868 vero

180 1904 310 1975 quid
340 1904 411 1959 de
460 1900 756 1973 conjugiis
801 1899 1126 1956 sentiamus
1174 1901 1406 1957 interim
1454 1903 1822 1957 adnotemus.

182 1993 528 2047 Innumeros
556 2005 766 2061 nempe
803 1988 1072 2045 homines
1111 2006 1303 2046 mares
1333 2007 1398 2045 ac
1431 1991 1678 2046 feminas
1711 1995 1824 2046 ste-

183 2080 310 2136 riles
340 2094 605 2152 persaepe
624 2077 899 2145 vidimus,
927 2082 983 2133 et
1005 2077 1142 2134 licet
1164 2078 1341 2134 variis
1370 2082 1702 2151 temporum
1734 2080 1824 2134 in-

182 2167 612 2240 dagationibus,
636 2165 722 2220 vel
772 2165 1225 2222 studiosissimis
1273 2167 1576 2239 signorum
1612 2207 1624 2221 .
1662 2210 1675 2223 .
1714 2210 1725 2222 .
1759 2184 1827 2222 ex

184 2257 417 2312 diversis
439 2255 799 2327 conjugibus
830 2271 1184 2326 procreasse.
1212 2256 1290 2311 De
1318 2256 1579 2311 adiﬁciis
1607 2260 1824 2323 autem,

183 2362 249 2401 ex
277 2344 552 2417 praesenti
582 2343 790 2399 saltem
822 2343 1091 2414 Papiensi
1122 2345 1389 2399 incendio
1411 2346 1593 2416 (1506)
1627 2362 1829 2417 possu-

178 2452 320 2489 mus
351 2433 623 2503 colligere
669 2432 988 2487 veritatem.
1023 2434 1155 2497 Quaa
1195 2434 1353 2489 enim
1400 2433 1601 2489 civitas
1632 2435 1690 2488 in
1725 2433 1829 2489 hoc

190 2539 368 2594 regno
400 2524 609 2587 fuerat,
641 2538 762 2591 qua:
813 2520 1265 2592 pulchrioribus,
1310 2528 1375 2576 ut
1402 2523 1650 2591 vidistis,
1686 2522 1829 2577 ruti-

188 2611 330 2666 laret
357 2609 710 2665 structuris?
757 2624 861 2663 nec
893 2608 1014 2663 ulla
1042 2612 1270 2681 poterat
1319 2611 1389 2665 ab
1440 2610 1697 2683 antiquis
1728 2629 1829 2668 seu

191 2718 222 2756 a
247 2698 548 2754 modernis
588 2698 846 2753 siderum
873 2698 1232 2770 computatio
1279 2700 1541 2770 reperiri,
1576 2700 1685 2755 sub
1716 2718 1834 2773 qua

194 2789 395 2844 domus
428 2786 659 2842 fabrica
687 2785 746 2841 in
786 2801 855 2841 ea
892 2802 1009 2841 non
1040 2787 1309 2855 creverit;
1344 2804 1463 2843 una
1489 2792 1685 2844 tamen
1719 2788 1830 2859 die,

187 2877 363 2933 instar
390 2874 583 2931 divini
623 2874 854 2945 judicii,
888 2875 961 2930 ab
1009 2874 1143 2948 igne
1188 2881 1537 2949 consumpta
1584 2882 1691 2933 est.
1725 2878 1831 2943 Qui

189 2982 315 3039 ergo
364 2964 581 3021 dicunt
624 2963 819 3035 aliqua
854 2964 1113 3019 siderum
1162 2965 1561 3021 observatione
1609 2965 1829 3038 prolem

188 3054 414 3128 suscipi,
448 3052 549 3109 vel
581 3051 937 3124 negligentia
967 3053 1251 3121 fraudari;
1282 3053 1371 3109 vel
1402 3054 1501 3126 qui
1533 3053 1739 3110 domos
1771 3054 1829 3110 in

188 3149 306 3198 ortu
338 3126 759 3213 vquorumdam
810 3141 1069 3197 siderum
1134 3147 1353 3198 erectas
1402 3143 1474 3198 ab
1524 3143 1657 3215 igne
1706 3160 1828 3198 cre-
1859 3126 1902 3193 C

187 3231 342 3301 mari,
373 3232 430 3287 in
461 3230 869 3303 quorumdam
901 3234 1096 3285 autem
1128 3246 1468 3302 permanere
1497 3231 1706 3287 illaasas
1739 3250 1831 3287 as-

187 3325 395 3391 truunt,
429 3330 549 3377 aut
600 3318 701 3389 qui
757 3319 829 3374 ab
886 3319 1148 3390 ipsorum
1205 3320 1573 3376 veneratione
1612 3320 1833 3392 aliquid

188 3411 476 3481 provenire
518 3408 901 3475 contendunt,
936 3408 1028 3462 his
1058 3408 1411 3464 testimoniis
1444 3408 1679 3465 fallaces
1708 3426 1835 3465 esse

191 3501 615 3554 monstrantur.
650 3494 761 3549 Sed
793 3494 1067 3551 inimicus
1111 3496 1355 3551 humani
1385 3496 1612 3568 generis
1642 3497 1834 3552 diver-

191 3602 279 3642 sas
308 3587 582 3642 sentiens
632 3582 1001 3639 inﬁrmitates
1049 3584 1376 3655 hominum,
1411 3586 1654 3642 diversis
1702 3604 1835 3642 nos-

190 3679 299 3730 met
327 3675 549 3731 nititur
580 3671 811 3727 insidiis
858 3688 1186 3744 expugnare
1216 3690 1229 3729 :
1264 3674 1420 3728 sicut
1447 3675 1603 3729 enim
1635 3680 1836 3746 poten-

189 3763 336 3818 tibus
383 3763 689 3835 rapinam,
722 3759 950 3815 callidis
995 3761 1258 3833 suggerit
1299 3761 1585 3830 fraudem,
1611 3763 1841 3819 delicio-

187 3850 262 3907 sis
308 3852 652 3917 libidinem,
692 3849 944 3904 robustis
993 3850 1359 3921 superbiam;
1393 3851 1479 3908 sic
1536 3852 1733 3908 stultis
1783 3862 1840 3909 et

185 3940 408 3995 rusticis
446 3936 887 3995 incredulitatis
916 3938 1127 3993 vulnus
1165 3939 1433 4007 obdurat,
1467 3941 1834 4013 superstitio-

186 4046 322 4084 num
351 4044 589 4085 venena
609 4027 904 4091 diffundit,
927 4044 1071 4083 usus
1102 4028 1378 4096 defendit,
1404 4030 1681 4085 duritiam
1711 4048 1839 4085 mu-

194 4117 290 4172 nit.
314 4119 383 4173 Et
433 4118 578 4173 licet
608 4116 680 4171 de
717 4115 1117 4187 superioribus
1147 4134 1380 4188 quoquo
1413 4120 1584 4174 modo
1633 4137 1695 4175 se
1745 4137 1838 4176 ex-

192 4211 391 4263 cusent
419 4207 609 4273 vitiis,
644 4205 737 4260 his
768 4209 963 4260 tamen
996 4211 1447 4276 prosternuntur
1466 4208 1701 4279 jaculis.
1737 4210 1844 4281 Igi-

188 4297 280 4349 tur
308 4294 700 4366 quaerendum
733 4297 821 4348 est
849 4310 883 4348 a
911 4292 1149 4359 talibus,
1175 4294 1225 4350 si
1264 4295 1627 4352 credulitatis
1659 4299 1842 4369 (1507)

189 4383 524 4455 symbolum
556 4381 648 4437 vel
680 4381 859 4437 semel
890 4388 1259 4454 percantent,
1282 4383 1607 4455 intendant,
1631 4386 1719 4440 vel
1749 4403 1841 4442 co-

190 4472 403 4544 gitent:
432 4471 593 4543 quod
620 4470 669 4526 si
693 4475 996 4542 respuunt,
1021 4488 1055 4527 a
1077 4476 1276 4527 nostro
1299 4471 1541 4544 collegio
1566 4490 1752 4545 usque
1773 4475 1845 4530 ad

193 4560 667 4616 emendationem
695 4565 1155 4631 sequestrentur.
1178 4561 1240 4616 Si
1271 4577 1401 4616 vero
1433 4561 1542 4617 hoc
1574 4579 1633 4617 se
1661 4563 1850 4633 perhi-

190 4648 325 4703 bent
358 4651 754 4721 frequentare,
776 4648 975 4703 dicant
1011 4666 1125 4721 quo
1166 4666 1262 4705 ore
1295 4650 1381 4705 vel
1413 4651 1585 4705 corde
1615 4652 1848 4707 credere

191 4735 381 4790 Deum
405 4737 868 4807 omnipotentem
894 4743 1186 4805 asserunt,
1215 4740 1383 4810 cujus
1404 4738 1683 4793 voluntati
1711 4739 1851 4795 talia

189 4824 485 4895 impedire
534 4826 872 4880 creduntur.
893 4826 973 4880 De
1019 4826 1240 4880 talibus
1275 4844 1527 4898 namque
1566 4828 1850 4884 Dominus

190 4928 296 4983 per
316 4912 667 4984 prophetam
696 4914 807 4968 ait:
827 4914 1068 4985 Populus
1090 4916 1178 4970 hic
1199 4915 1361 4970 labiis
1380 4933 1465 4971 me
1485 4915 1737 4984 honorat,
1762 4933 1853 4972 cor

188 5011 369 5056 autem
400 5018 598 5057 eorum
647 5003 801 5073 longe
830 5011 910 5057 est
937 5020 971 5057 a
998 5019 1084 5057 me
1113 5005 1415 5073 (Isa.xx1x,
1442 5006 1549 5074 13).
1575 5007 1850 5075 Omnipo-

193 5094 319 5143 tens
351 5106 489 5145 vero
522 5106 639 5143 non
691 5096 797 5159 est,
833 5090 945 5144 nisi
990 5090 1089 5161 qui
1133 5091 1330 5145 omnia
1378 5096 1605 5162 potest:
1633 5092 1702 5145 de
1736 5109 1851 5161 quo

192 5177 516 5233 Psalmista
569 5178 695 5233 ait:
743 5178 941 5234 Omnia
988 5194 1328 5251 quaecunque
1376 5180 1547 5235 voluit
1591 5181 1853 5235 Dominus

286 5303 449 5372 1505)
487 5305 636 5373 Puta
667 5303 1004 5373 Augustini.

286 5304 449 5372 1505)
487 5305 636 5356 Puta
667 5304 1004 5373 Augustini.

260 5304 451 5498 K1506)
485 5371 700 5454 Narrat
730 5374 839 5427 hoc
887 5374 1224 5428 incendium
1272 5374 1623 5429 Muratorius
1654 5376 1711 5428 in
1743 5377 1855 5430 An-

260 5472 268 5498 t
294 5446 431 5498 ibus
468 5442 715 5498 Italicis.
741 5460 895 5498 anno
925 5445 1140 5498 Christi
1174 5447 1331 5498 1004.
1352 5476 1420 5486 —
1440 5447 1600 5498 Ouod
1636 5446 1855 5498 Buron-

194 5442 437 5499 nalibus
468 5442 715 5509 Italicis,
741 5460 895 5498 anno
925 5445 1140 5500 Christi
1174 5447 1331 5500 1004.
1352 5476 1420 5486 -
1440 5447 1600 5511 Quod
1636 5446 1857 5501 Buron-

193 5514 311 5571 tius
339 5512 631 5588 intelligit
650 5515 722 5570 de
740 5516 1070 5588 vetustiore
1092 5514 1203 5571 alio
1236 5517 1420 5588 Papiae
1442 5518 1740 5588 incendio,
1767 5534 1862 5573 cu-

188 5587 289 5660 jus
338 5587 416 5644 ad
469 5600 702 5643 annum
730 5584 838 5643 924
869 5586 1226 5644 mentionem
1257 5584 1397 5645 facit
1441 5586 1858 5662 Luitprandus.

1926 484 1999 536 sis
2031 483 2201 553 (Psal.
2226 499 2448 549 cxxxxv,
2471 484 2546 553 6).
2578 483 2643 537 Et
2673 481 2889 539 Paulus
2919 484 3217 555 apostolus
3242 502 3254 539 :
3299 487 3576 542 Voluntati

1926 573 2076 625 enim
2126 573 2243 641 ejus
2289 573 2413 642 quis
2455 574 2661 627 resistit
2691 572 2865 642 (Rom.
2900 590 2976 635 1x,
3012 573 3137 644 19)?
3168 574 3334 645 Ergo,
3367 575 3575 631 fratres

1928 658 2063 726 mei,
2097 659 2320 731 liquido
2370 664 2527 731 patet
2564 660 2703 731 quia
2731 660 2853 715 haec
2883 660 3021 715 talia
3073 661 3324 717 multum
3373 664 3575 719 obesse

1928 748 2051 802 suis
2084 754 2331 819 possunt
2371 748 2694 803 cultoribus
2727 767 2739 804 :
2775 755 2830 803 et
2858 749 2987 804 ideo
3036 751 3120 805 sic
3150 768 3183 805 a
3210 753 3417 807 vestris
3449 769 3575 808 era-

1928 837 2116 892 dicate
2147 838 2538 899 mentibus,ac
2556 838 2602 893 si
2640 855 2940 909 nunquam
2966 840 3179 894 fuerint
3201 841 3258 895 in
3290 842 3571 897 auribus:

1927 928 2027 981 sed
2064 928 2386 981 secundum
2438 928 2673 981 beatum
2724 926 2968 981 Paulum
3018 930 3370 999 apostolum,
3405 930 3574 1002 quid-

1927 1016 2065 1086 quid
2094 1016 2387 1084 agendum
2423 1016 2613 1077 fuerit,
2646 1032 2879 1086 semper
2925 1017 3025 1071 ﬁat
3066 1018 3122 1072 in
3180 1019 3416 1074 nomine
3468 1024 3573 1075 Do-

1929 1103 2070 1157 mini
2122 1103 2257 1172 (Col.
2305 1120 2387 1169 ιιι,
2428 1104 2506 1172 0).
2560 1104 2721 1167 Quod
2778 1104 2825 1157 si
2875 1106 3006 1173 quis
3054 1107 3493 1178 contempserit,
3543 1125 3578 1163 α

1928 1190 2351 1246 catholicorum
2404 1196 2558 1245 sorte
2608 1198 2942 1262 separatum
2995 1194 3140 1264 qui.
3177 1236 3189 1247 .
3229 1236 3242 1249 .
3295 1196 3577 1252 mathesis

1926 1279 2177 1333 vinculis
2205 1278 2412 1334 irretiti
2450 1322 2462 1333 .
2500 1321 2511 1333 .
2549 1320 2561 1333 .
2595 1278 2843 1334 filiorum
2869 1286 3102 1336 tuorum
3127 1284 3429 1355 aggregari
3462 1300 3577 1340 me-

1926 1372 2185 1423 reantur.

2567 1456 2810 1511 SERMO
2846 1456 2935 1512 ιν.

2466 1562 2537 1599 IN
2600 1562 3042 1600 EPIPHANIA.

2001 1634 2337 1706 Epiphaniae
2389 1634 2600 1688 festum
2647 1634 2807 1702 [cod.,
2859 1635 3089 1705 festam]
3146 1636 3579 1697 celebrantibus

1933 1724 2066 1796 quid
2102 1723 2178 1776 sit
2206 1722 2523 1793 Epiphania
2550 1722 2909 1778 innotescere
2932 1741 3231 1780 curamus.
3259 1727 3581 1798 Epiphania

1936 1829 2190 1883 namque
2218 1816 2429 1879 Graece,
2459 1812 2660 1866 Latine
2690 1813 3149 1882 superapparitio
3175 1815 3406 1871 dicitur.
3436 1817 3580 1874 Nate

1932 1902 2148 1957 etenim
2182 1900 2423 1955 Domino
2469 1905 2668 1955 nostro
2715 1900 2855 1956 Jesu
2887 1902 3139 1969 Christo,
3173 1904 3489 1961 diversorio
3520 1907 3579 1963 in

1934 2006 2049 2061 quo
2072 1988 2196 2060 ipse
2215 2004 2347 2043 cum
2366 1993 2551 2043 matre
2568 1989 2906 2043 morabatur
2922 1990 3087 2045 sidus
3106 1994 3579 2064 superapparuit,

1936 2078 2089 2149 quod
2123 2093 2326 2148 magos
2348 2077 2418 2131 de
2444 2075 2683 2131 remotis
2715 2078 2978 2148 partibus
3000 2079 3070 2133 ad
3103 2079 3416 2136 Dominum
3447 2082 3584 2138 ado-

1937 2167 2185 2221 randum
2221 2165 2501 2231 invitavit,
2530 2164 2823 2236 hujusque
2843 2167 2955 2221 diei
2991 2166 3105 2222 tale
3137 2184 3346 2224 nomen
3378 2170 3582 2228 exinde

1935 2255 2316 2310 consecravit.
2349 2252 2606 2325 Denique
2636 2254 2769 2309 licet
2802 2255 3082 2310 Dominus
3113 2255 3269 2312 hunc
3300 2258 3453 2313 diem
3485 2276 3581 2315 ναι

1939 2344 2041 2397 riis
2074 2342 2370 2397 miraculis
2402 2342 2818 2413 perornaverit,
2843 2343 2997 2398 istud
3030 2349 3225 2399 tamen
3256 2346 3314 2400 in
3348 2348 3584 2404 nomine

1940 2432 2293 2504 principuum
2326 2430 2518 2485 locum
2550 2429 2823 2498 obtinuit,
2846 2432 2966 2485 sive
2988 2433 3126 2502 quia
3158 2433 3435 2504 primum,
3464 2436 3583 2491 sive

1939 2522 2079 2593 quia
2108 2520 2372 2574 omnium
2427 2520 2537 2575 fuit
2580 2521 2920 2574 maximum.
2954 2520 3098 2575 Nam
3130 2521 3237 2576 hoc
3268 2522 3434 2578 sidus
3465 2524 3581 2594 pri-

1940 2610 2136 2665 mitias
2166 2609 2425 2681 gentium
2458 2609 2687 2664 Christo
2722 2609 2964 2665 Domino
2994 2611 3280 2677 excitavit,
3304 2617 3479 2684 atque
3508 2613 3582 2669 ad

1939 2699 2289 2756 credendum
2341 2696 2642 2769 compulit,
2687 2698 2759 2752 ad
2803 2698 3167 2753 adorandum
3214 2701 3467 2755 edocuit.
3502 2700 3583 2757 De

1939 2804 2191 2861 quorum
2226 2786 2599 2841 multitudine
2629 2786 2855 2841 diversa
2886 2804 3041 2842 nunc
3060 2788 3188 2858 jam
3217 2804 3319 2859 per
3345 2802 3580 2846 omnem

1940 2895 2085 2950 pene
2134 2876 2421 2931 mundum
2465 2891 2582 2930 una
2608 2880 2851 2930 vocatur
2878 2874 3154 2931 Ecclesia.
3186 2876 3404 2933 Caetera
3448 2894 3581 2933 vero

1941 2965 2244 3035 miracula,
2268 2982 2392 3036 qua:
2416 2964 2697 3018 Dominus
2720 2964 3147 3021 revolveutibus
3167 2966 3340 3021 annis
3362 2982 3465 3038 per
3490 2983 3584 3022 ea-

1939 3058 2072 3112 dem
2121 3052 2519 3111 anniversaria
2563 3068 2801 3123 cperare
2842 3051 2944 3124 [ita
2978 3053 3119 3123 cod.]
3151 3054 3428 3126 dignatus
3472 3060 3581 3123 est,

1941 3145 2137 3201 omnia
2162 3143 2232 3198 ad
2264 3143 2441 3205 istud,
2460 3142 2957 3213 quemadmodum
2978 3142 3050 3196 ad
3074 3142 3583 3213 principium,sive

1939 3239 2117 3306 caput
2145 3231 2484 3303 respiciunt,
2506 3229 2658 3284 sicut
2681 3230 3113 3300 Scripturarum
3136 3248 3365 3302 quoque
3390 3230 3583 3288 declao

1941 3328 2031 3377 rat
2052 3319 2479 3375 series.Eodem
2504 3318 2641 3371 anni
2673 3316 2921 3371 termino
2946 3317 3225 3372 Dominus
3249 3318 3303 3373 in
3329 3319 3584 3376 Jordane

1944 3410 2269 3481 baptizatus
2300 3411 2406 3475 est,
2440 3423 2473 3460 a
2503 3404 2721 3476 Spiritu
2762 3409 2964 3460 sancto
2990 3404 3049 3459 in
3080 3404 3361 3461 columba:
3394 3407 3587 3477 specie

1944 3496 2270 3553 declaratus
2300 3501 2405 3561 est,
2432 3495 2504 3549 ab
2535 3492 2703 3563 aquis
2734 3493 3060 3548 admiratus
3090 3500 3197 3559 est,
3216 3500 3272 3549 et
3301 3512 3333 3549 a
3361 3494 3586 3551 Joanne

1945 3586 2126 3658 digito
2155 3585 2330 3640 etiam
2362 3588 2631 3639 ostensus
2657 3586 2745 3638 est
2770 3608 2783 3639 :
2806 3583 2935 3638 Ecce
2965 3584 3145 3654 Agnus
3186 3584 3306 3653 Dei,
3328 3599 3448 3639 ecce
3489 3586 3590 3655 qui

1947 3677 2089 3732 lollit
2142 3680 2367 3746 peccata
2419 3672 2613 3727 mundi
2642 3673 2826 3744 (Joan.
2876 3687 2915 3737 1,
2958 3673 3065 3744 29).
3100 3672 3318 3728 Deinde
3371 3689 3588 3745 aquam

1944 3766 2146 3821 vinum
2182 3763 2315 3820 fecit
2344 3762 2414 3818 ad
2450 3763 2685 3833 nuptias
2716 3762 2901 3833 (Jaan.
2935 3778 2995 3827 ιι,
3029 3761 3113 3832 8);
3146 3760 3300 3818 sicut
3330 3768 3589 3834 postmo—

1948 3856 2085 3910 dum
2112 3855 2181 3908 de
2204 3854 2460 3925 quinque
2478 3852 2796 3924 panibuset
2814 3852 3043 3906 duobus
3065 3852 3340 3922 pascibus
3358 3852 3595 3907 satiavit

1949 3945 2209 4016 quinque
2238 3940 2423 3997 millia
2452 3941 2757 3996 hominum
2788 3940 3129 4007 (illatth.x1v,
3162 3941 3274 4008 21).
3299 3942 3433 4005 Quae
3465 3957 3597 3995 om-

1950 4035 2047 4089 nia
2078 4032 2216 4104 quid
2249 4030 2405 4086 aliud
2439 4030 2692 4093 fuerunt,
2714 4046 2889 4099 quam
2932 4027 3118 4093 stella,
3140 4046 3263 4098 qua:
3288 4028 3462 4082 corda
3490 4028 3593 4084 ho-

1951 4122 2178 4177 minum
2213 4120 2270 4173 in
2294 4118 2531 4173 remotis
2564 4118 2831 4188 partibus
2856 4115 3119 4170 vacantia
3141 4117 3211 4170 ad
3238 4114 3594 4186 agnitionem

1950 4210 2068 4264 veri
2123 4208 2213 4261 Dei
2266 4205 2497 4261 Domini
2548 4204 2731 4258 nostri
2778 4204 2917 4257 Jesu
2955 4202 3166 4256 Christi
3214 4202 3597 4273 perduceret?

1952 4298 2114 4354 Sicut
2143 4311 2276 4350 vero
2308 4292 2515 4364 praevio
2548 4291 2769 4346 lumine
2809 4308 2910 4362 per
2942 4290 3131 4343 noctis
3167 4291 3437 4345 tenebras
3470 4307 3598 4361 quas

1954 4388 2204 4443 obscura
2226 4385 2842 4459 suntperscrutamur,
2865 4379 2947 4433 sic
2969 4377 3236 4433 homines
3260 4378 3402 4433 visis
3423 4379 3599 4433 mira-

1955 4475 2103 4531 culis
2125 4473 2310 4528 Deum
2341 4469 2400 4523 in
2423 4469 2616 4541 efﬁgie
2649 4467 2905 4523 hominis
2940 4465 3212 4521 latentem
3247 4466 3475 4522 facilius
3505 4467 3600 4521 in-

1956 4563 2317 4635 telligebant.
2340 4559 2521 4631 Igitur
2538 4558 2587 4612 si
2611 4558 2680 4611 de
2698 4555 2989 4627 praedictis
3008 4554 3307 4610 miraculis
3325 4554 3602 4611 subtilius

1960 4652 2354 4715 intendamus,
2380 4648 2500 4702 haec
2531 4646 2727 4703 omnia
2757 4646 2813 4699 in
2843 4645 2987 4717 ipsis
3019 4644 3206 4717 magis
3236 4644 3605 4716 praefigurata

1958 4740 2376 4812 intellegimus,
2400 4754 2527 4808 qua:
2568 4735 2851 4789 Dominus
2883 4735 3257 4806 postmodum
3279 4775 3292 4788 .
3328 4774 3341 4787 .
3378 4776 3390 4789 .
3424 4737 3604 4804 uptus

1962 4873 1976 4887 .
2000 4873 2012 4885 .
2037 4871 2049 4884 .
2069 4831 2209 4885 dum
2233 4826 2483 4883 caelestis
2508 4824 2679 4895 Regis
2701 4822 2909 4877 Filium
2932 4823 3042 4877 sibi
3068 4839 3168 4894 per
3188 4820 3607 4877 incarnationis

1962 4918 2303 4990 mysterium
2329 4916 2471 4969 inibi
2496 4911 2901 4967 intellexerant
2920 4913 3194 4967 sociasse.
3222 4916 3447 4967 Rursus
3472 4925 3607 4965 cum

1963 5026 1996 5063 a
2024 5008 2242 5062 Judzris
2274 5005 2531 5075 quinque
2576 5001 2860 5055 librorum
2894 5001 3075 5071 (1508)
3108 5001 3487 5071 portitoribus
3520 4998 3609 5051 in-

1963 5095 2178 5151 dicium
2211 5093 2444 5163 aliquod
2471 5095 2715 5145 sumunt
2735 5088 3050 5144 Dominicis
3078 5086 3415 5152 nativitatis,
3440 5085 3608 5156 quasi

1965 5184 2225 5255 quinque
2256 5196 2435 5251 panes
2468 5179 2771 5233 inveniunt
2796 5197 2807 5233 :
2836 5178 2936 5232 sed
2969 5176 3108 5230 dum
3134 5175 3191 5229 in
3216 5174 3418 5230 itinere
3449 5173 3611 5228 labo-

1966 5308 2121 5362 Eorr.
2154 5304 2399 5357 PATROL.

2040 5376 2223 5447 (150])
2257 5370 2560 5427 Credulitas
2592 5388 2695 5441 pro
2724 5374 2854 5444 ﬁdes
2883 5371 3055 5445 vulgo
3086 5370 3302 5443 legitur
3332 5368 3485 5445 apud
3518 5384 3615 5426 ve-

1950 5445 2119 5504 teres
2151 5445 2368 5498 Patres.

2039 5514 2224 5588 (1508)
2255 5510 2483 5570 Scilicet
2511 5513 2912 5575 Pentateuchi.

1956 5684 1984 5697 α
