3966 6210
421 260 538 320 839

1435 257 1771 318 ATTONIS
1817 257 2404 320 VERCELLENSIS
2451 258 2802 320 EPISCOPI

3709 259 3830 322 840

419 391 601 447 rando
633 391 702 446 ad
737 406 872 445 eum
923 388 1284 462 perveniunt,
1321 388 1560 458 ejusque
1605 390 1910 459 presentia
1941 406 2066 461 per-
2097 405 2146 466 Α
2182 390 2354 445 traxit
2383 391 2452 445 ad
2487 390 2739 462 culpam,
2768 406 2923 446 nunc
2954 390 3172 445 afflicta
3202 391 3440 446 reducat
3468 391 3542 446 ad
3571 392 3823 450 veniam.

419 483 714 545 fruuntur,
742 478 907 550 quasi
930 478 1189 549 quinque
1217 493 1398 548 panes
1422 478 1743 547 frangendo
1774 484 2062 548 crescunt,

418 587 484 626 ac
515 569 638 626 suis
669 567 803 640 [βοά.
837 567 962 622 suis
994 567 1112 636 eos]
1139 564 1365 620 deliciis
1387 571 1747 621 saturantur.
1774 567 1928 621 Duos
1960 585 2063 620 au-

413 664 530 715 tem
564 655 875 730 pisciculos
919 654 1280 727 psalmorum
1331 659 1387 708 et
1437 655 1851 725 prophetarum
1884 656 2062 710 libros

413 751 704 803 testantur
734 748 1019 808 auctores,
1047 744 1145 814 qui
1177 743 1353 798 etiam
1387 743 1532 797 bene
1565 760 1667 814 per
1696 743 1840 798 istos
1870 759 2059 798 come-

415 838 658 902 duntur,
679 836 814 906 quia
837 833 1101 905 quadam
1126 848 1326 887 eorum
1352 831 1649 886 sententia:
1679 831 1737 885 in
1763 832 1892 887 istis
1923 849 2058 886 con-

411 929 802 982 summantur.
831 923 978 977 Nam
1028 920 1343 976 Psalmista
1371 921 1452 975 ait
1483 937 1496 976 :
1534 921 1702 992 Reges
1748 921 1960 976 Tharsis
2006 927 2060 975 et

410 1015 612 1071 insulae
640 1028 872 1068 munera
897 1012 1142 1082 offerent,
1175 1025 1331 1078 reges
1359 1010 1600 1064 Arabum
1643 1014 1696 1063 et
1739 1010 1885 1064 Saba
1916 1010 2057 1066 dona

407 1105 672 1160 adducent
703 1101 873 1172 (Psal.
905 1117 1052 1164 Lxxl,
1081 1100 1188 1169 10).
1230 1098 1410 1153 Isaias
1443 1115 1672 1168 quoque
1703 1098 1848 1153 dixit
1881 1115 1892 1152 :
1930 1099 2055 1154 0m-

402 1210 498 1250 nes
527 1193 592 1248 de
615 1192 756 1247 Saba
786 1192 1022 1257 venient,
1051 1205 1253 1242 aurum
1281 1191 1331 1243 et
1362 1188 1483 1242 thus
1505 1188 1827 1259 deferentes,
1851 1197 1902 1243 et
1933 1189 2054 1243 lau-

401 1285 530 1338 dem
556 1283 786 1338 Domino
814 1280 1211 1335 annuntiantes
1242 1278 1370 1347 (Isa.
1403 1294 1489 1345 1.x,
1521 1278 1596 1345 6).
1640 1277 1918 1331 Sanctum
1951 1278 2052 1331 de-

407 1371 584 1443 nique
623 1369 982 1441 baptismum
1013 1366 1072 1421 in
1107 1367 1191 1421 eis
1241 1382 1342 1437 per
1391 1365 1499 1420 hoc
1545 1366 1913 1436 designatum
1945 1371 2052 1433 est,

405 1462 560 1533 quod
603 1463 816 1515 sancta;
865 1455 1168 1511 Trinitatis
1199 1454 1625 1509 confessionem
1678 1455 1736 1508 in
1789 1455 1914 1526 ipso
1947 1473 2052 1510 suo

403 1561 765 1618 suorumque
789 1560 1098 1600 munerum
1124 1559 1366 1598 numero
1388 1559 1684 1614 suscipere
1708 1561 2050 1614 priusquam

402 1636 715 1692 Dominum
756 1635 1064 1690 adorarent
1104 1637 1445 1686 meruerunt
1479 1649 1490 1686 :
1527 1632 1645 1686 sive
1676 1631 1815 1703 quia
1845 1633 2050 1699 Deum,

400 1742 620 1798 regem,
651 1723 949 1779 hominem
980 1720 1303 1790 mortalem,
1328 1720 1546 1775 eisdem
1580 1721 1923 1776 muneribus
1955 1723 2053 1777 de-

399 1816 784 1883 claraverunt,
810 1811 962 1883 quod
994 1809 1136 1866 nulli
1183 1809 1352 1864 aliter
1381 1809 1681 1865 confitenti
1729 1810 1915 1882 gratia
1961 1816 2050 1866 est

394 1903 710 1960 tribuenda
747 1899 1070 1972 baptismi:
1109 1915 1211 1954 seu
1255 1897 1406 1968 quod
1461 1903 1594 1968 post
1648 1898 2044 1956 adorationem

393 1991 675 2048 admoniti
735 1992 874 2045 sunt
925 2004 996 2043 ne
1046 1987 1303 2043 redirent
1340 1987 1410 2042 ad
1442 1986 1749 2057 Herodem,
1783 1987 1883 2042 sed
1944 2004 2047 2060 per

392 2080 569 2138 aliam
599 2078 752 2134 viam
780 2079 1207 2133 reverterentur
1233 2075 1291 2129 in
1317 2074 1615 2146 regionem
1641 2091 1806 2129 suam
1832 2075 2040 2146 (Matth.

390 2186 452 2240 ιι,
483 2169 591 2239 12).
613 2167 759 2223 Nam
803 2166 926 2221 haec
958 2164 1216 2220 adoratio
1261 2163 1621 2234 baptismum
1656 2163 1824 2218 nobis
1872 2163 2040 2220 inno-

389 2257 503 2312 tuit
533 2257 636 2328 [ita
663 2255 804 2325 cod.]
826 2253 1279 2326 quodammodo.
1316 2251 1492 2322 Regio
1517 2251 1673 2306 enim
1706 2256 1908 2306 nostra
1936 2269 2036 2322 pa-

390 2345 622 2400 radisus
679 2349 788 2409 est,
839 2359 872 2398 a
930 2359 1046 2412 qua
1105 2358 1207 2412 per
1263 2339 1493 2410 culpam
1554 2340 1726 2411 primi
1783 2340 2038 2394 hominis

387 2434 574 2503 ejecti,
608 2433 709 2486 diu
739 2431 797 2484 in
845 2430 1078 2500 regione
1111 2428 1372 2492 Herodis,
1402 2428 1460 2482 id
1510 2433 1600 2483 est
1648 2429 1702 2482 in
1753 2434 2036 2499 potestate

386 2519 624 2589 diaboli,
670 2519 916 2574 errando
963 2517 1294 2589 deguimus.
1328 2517 1438 2571 Sed
1489 2521 1799 2588 postquam
1849 2518 2032 2572 Deum

387 2607 669 2664 catholica
699 2607 1066 2674 conﬁtemur,
1100 2621 1349 2676 eumque
1381 2606 1451 2658 ad
1485 2607 1845 2660 adorandum
1879 2607 2034 2661 fonte

382 2695 758 2769 baptismatis
800 2699 975 2766 caput
1025 2693 1454 2764 immergimus,
1490 2709 1560 2748 ne
1610 2695 1917 2749 redeamus
1959 2695 2032 2749 ad

382 2784 667 2840 Herodem
699 2783 926 2838 cunctis
949 2786 1164 2836 sanctae
1187 2781 1495 2852 Scriptura:
1527 2781 1899 2853 dogmatibus
1930 2783 2031 2837 ad-

384 2889 713 2928 monemur.
774 2872 1029 2926 Herodes
1083 2886 1336 2941 namque
1384 2871 1663 2926 diabolum
1719 2870 2028 2941 signiticet,

382 2962 537 3018 sicut
565 2963 694 3033 ejus
724 2959 1128 3032 interpretatio
1161 2959 1416 3014 nominis
1448 2959 1746 3015 clariﬁcat.
1781 2959 1942 3014 Unde
1974 2965 2031 3015 et

2175 479 2335 541 Quod
2385 496 2517 533 cum
2567 495 2780 550 magna
2822 478 3127 550 diligentia
3173 478 3569 535 inchoandum
3621 485 3728 550 est,
3764 489 3826 537 ut

2174 567 2300 636 ejus
2333 569 2400 621 ad
2436 569 2608 621 tinem
2641 568 2920 622 inoll‘euse
2961 568 3256 638 pervenire
3291 585 3641 624 mereamur.
3677 571 3820 626 Nam

2174 671 2266 709 res
2297 673 2424 726 quas
2455 657 2598 711 bene
2642 657 2914 711 inchoata
2958 673 3070 712 non
3121 657 3314 722 fuerit,
3350 660 3672 728 perfectum
3704 662 3818 715 exi-

2171 750 2296 798 tum
2328 745 2419 799 vix
2451 745 2704 801 habebit.
2740 749 3119 817 Quapropter,
3143 746 3498 813 charissimi,
3522 751 3821 805 mundana

2171 837 2585 904 postponentes
2617 835 2788 904 seria,
2819 834 3091 890 ecclesias
3133 836 3514 905 frequentare,
3550 845 3818 908 peccato-

2169 938 2300 976 rum
2351 927 2674 978 vestrorum
2724 922 3112 994 lacrymosam
3145 923 3260 979 Deo
3306 929 3364 979 et
3414 926 3818 983 sacerdotibus

2167 1011 2593 1066 confessionem
2648 1012 2855 1077 facere,
2887 1017 2944 1066 et
2987 1029 3089 1082 per
3117 1017 3304 1067 totum
3355 1015 3630 1070 eumdem
3664 1016 3816 1072 diem

2167 1099 2225 1152 in
2257 1100 2358 1154 Dei
2388 1101 2625 1156 servitio
2655 1100 2918 1156 laborare
2941 1101 3209 1172 satagite,
3240 1105 3304 1156 ut
3333 1102 3562 1173 plenius
3593 1105 3818 1161 discere

2166 1188 2425 1259 possitis,
2451 1190 2949 1260 quemadmodum
2983 1196 3238 1261 emptum
3270 1207 3440 1262 opus,
3474 1192 3592 1247 Deo
3622 1195 3815 1264 opitu-

2162 1275 2339 1344 lante,
2372 1279 2685 1333 salubriter
2713 1279 3013 1350 expleatis.
3046 1280 3156 1334 Sed
3188 1279 3325 1350 quia
3374 1297 3492 1335 non
3537 1283 3815 1339 omnibus

2163 1382 2318 1422 unus
2362 1373 2450 1422 est
2498 1368 2850 1438 propositus,
2892 1368 3009 1422 vita
3055 1367 3399 1423 clericorum
3447 1387 3480 1424 a
3527 1369 3812 1428 laicorum

2163 1453 2334 1509 debet
2363 1471 2490 1509 esse
2521 1456 2956 1510 conversatione
2985 1461 3224 1510 remota.
3259 1457 3328 1510 Et
3357 1457 3452 1526 qui
3485 1461 3811 1516 secundum

2163 1542 2395 1597 beatum
2429 1561 2638 1615 papam
2685 1545 3103 1615 Telesphorum
3137 1545 3458 1617 anticipare
3487 1547 3704 1602 debent
3722 1550 3812 1620 je-

2154 1632 2324 1700 junio
2353 1634 2557 1701 (1509),
2592 1650 2698 1688 sua
2727 1650 2958 1704 quoque
2991 1633 3244 1704 primum
3276 1634 3490 1690 delicta
3522 1637 3809 1706 paeniten-

2165 1721 2238 1776 do
2280 1722 2610 1793 abstergere
2659 1739 2773 1778 non
2823 1721 3113 1786 omittant,
3149 1727 3214 1778 ut
3258 1723 3543 1795 populum
3591 1732 3808 1784 statuto

2162 1810 2256 1864 die
2286 1811 2521 1882 dignius
2549 1812 2855 1883 puriﬁcare
2874 1816 3091 1883 queant
3119 1829 3132 1867 :
3160 1811 3401 1883 pollutis
3434 1831 3646 1887 nempe
3677 1818 3808 1888 quis

2157 1900 2468 1971 tangendo,
2503 1900 2879 1972 coinquinare
2927 1899 3121 1973 potius
3165 1918 3344 1972 quam
3375 1905 3691 1961 emendem
3721 1923 3809 1963 so-

2154 1985 2254 2042 let.
2291 1988 2358 2042 Et
2397 1987 2524 2043 ideo
2573 1994 2706 2044 ante
2755 1988 2951 2044 omnia
2982 2005 3173 2045 nanus
3233 1996 3463 2046 nostras
3512 1991 3803 2064 lavemus,

2153 2074 2371 2131 scilicet
2401 2077 2554 2132 facta
2604 2077 2851 2148 reproba
2899 2078 3096 2134 studio
3148 2079 3316 2135 bonae
3343 2083 3800 2140 conversationis

2151 2165 2532 2220 emendemus
2567 2181 2580 2222 :
2612 2171 2670 2222 et
2718 2168 2801 2222 sic
2850 2184 2952 2238 per
2993 2167 3253 2222 divinam
3309 2169 3798 2228 ministrationem

2149 2252 2399 2308 aliorum
2444 2254 2626 2325 culpa
2667 2255 2927 2311 maculas
2981 2256 3200 2312 diluere
3248 2256 3602 2327 laboremus,
3635 2263 3801 2317 auxi-

2147 2337 2324 2394 liante
2383 2344 2628 2397 Domino
2686 2350 2882 2397 nostro
2938 2344 3076 2398 Jesu
3127 2345 3387 2411 Christo,
3436 2347 3610 2416 cuius
3664 2365 3796 2406 san-

2145 2428 2322 2498 guine
2372 2446 2579 2486 sumus
2622 2432 2903 2502 redempti
2951 2438 3007 2486 et
3055 2433 3414 2503 providentia
3460 2436 3798 2506 gubernati.

2143 2519 2348 2573 Amen.

2780 2609 3022 2664 SERMO
3053 2609 3146 2664 Vl.

2590 2714 2724 2752 ITEM
2765 2715 2823 2752 IN
2861 2714 3056 2753 CAPIT!
3092 2715 3331 2755 JEJUNII.

2308 2818 2563 2875 congrue
2593 2809 2683 2859 est
2714 2820 2879 2876 per...
2915 2806 3189 2876 querit...
3230 2823 3367 2862 cu...
3405 2809 3789 2882 quadragesi-

2141 2906 2302 2945 mum
2325 2891 2410 2946 vel
2437 2893 2998 2964 potius...cesimum
3023 2911 3124 2950 seu
3148 2893 3398 2965 alicujus
3419 2896 3666 2954 alterius
3693 2917 3794 2955 nu-

2140 2981 2280 3033 meri
2307 2981 2560 3053 magis...
2580 2983 3056 3054 jejunium,quod
3086 2983 3250 3039 facile
3273 2989 3452 3055 patet,
3478 2985 3528 3041 si
3553 2988 3792 3058 praefata

380 3068 485 3124 per
513 3050 684 3106 aliam
716 3049 867 3105 viam
917 3052 1177 3104 nostram
1212 3049 1488 3118 repedare
1535 3048 1783 3120 patriam
1816 3048 2019 3103 divinis

2185 3085 2397 3140 :mpora
2414 3069 2497 3125 vel
2517 3071 2564 3125 si
2588 3071 3024 3127 consideremus
3047 3075 3675 3139 auctores.Quatuor...
3695 3079 3791 3133 ad-

380 3139 880 3196 admonitionibus
928 3137 1264 3235 suademur,
1301 3140 1363 3191 ut
1391 3136 1491 3208 qui
1534 3136 1701 3238 devia
1749 3137 2022 3192 vitiorum
2054 3129 2096 3196 C
2135 3129 2504 3214 huc‘numeri
2531 3176 2823 3216 summam
2856 3161 3174 3233 attingunt.
3199 3162 3349 3217 Bene
3370 3178 3511 3235 ergo
3535 3164 3788 3238 Moyses,

378 3229 653 3286 sectanda
683 3227 1024 3298 cecidimus,
1058 3242 1158 3298 per
1185 3225 1468 3280 virtutum
1500 3226 1796 3281 tramitem
1830 3242 2025 3282 ascen-

376 3317 513 3375 dere
543 3334 797 3374 summo.
830 3359 843 3372 .
882 3359 895 3372 .
931 3360 945 3372 .

1013 3404 1258 3461 SERMO
1311 3408 1378 3458 ν.

916 3513 974 3550 ΙΝ
1013 3511 1211 3549 CAPITE
1246 3510 1482 3548 JEJUNII.

440 3603 695 3674 Quoties,
729 3603 941 3657 fratres
989 3599 1344 3666 charissimi,
1381 3641 1392 3652 .
1431 3641 1442 3652 .
1481 3641 1493 3652 .
1535 3604 1850 3670 apparatus
1901 3599 2017 3653 fre-

368 3691 606 3762 quentia
635 3691 809 3745 etiam
836 3731 848 3743 .
877 3732 890 3744 .
919 3730 932 3743 .
965 3688 1202 3744 entibus
1229 3729 1240 3741 .
1269 3729 1280 3741 .
1309 3728 1321 3740 .
1356 3688 1690 3758 cognoscit.
1721 3729 1733 3740 .
1762 3728 1774 3740 .
1805 3686 1892 3742 exi
1919 3729 1930 3742 .
1959 3729 1970 3740 .
1999 3729 2012 3742 .

365 3779 465 3850 qui
517 3778 961 3851 pretiosioribus
1007 3776 1392 3843 vestimentis,
1415 3775 1501 3829 vel
1553 3774 2015 3831 deliciosioribus

365 3867 512 3924 cibis
542 3874 598 3923 et
626 3865 962 3940 potionibus
993 3863 1328 3936 opulentius
1360 3864 1656 3918 abundare
1691 3904 1702 3916 .
1741 3905 1753 3918 .
1792 3907 1802 3918 .
1838 3881 2013 3936 appe-

361 3957 506 4013 titus
537 3956 802 4020 miseros,
841 3958 1214 4025 contemptus
1252 3969 1383 4008 vero
1433 3951 1628 4008 felices
1660 3953 1852 4024 potius
1884 3955 2013 4009 red-

362 4047 480 4102 dat.
513 4043 694 4102 Multo
728 4044 915 4116 magis
947 4060 1082 4114 ergo
1115 4058 1289 4112 nunc,
1313 4041 1679 4097 dilectissimi
1707 4085 1719 4098 .
1751 4085 1762 4097 .
1792 4086 1802 4097 .
1828 4047 1884 4098 et
1914 4044 2014 4097 ob-

362 4135 666 4191 servantia;
689 4134 956 4189 imminet
977 4137 1229 4204 tempus,
1252 4147 1510 4203 congrua
1525 4148 1632 4187 nos
1649 4136 1871 4203 oportet
1890 4148 2010 4186 om-

362 4224 617 4280 nimodis
661 4223 960 4279 devotione
993 4221 1323 4294 preparari.
1357 4221 1462 4276 Sed
1508 4221 1643 4292 quia
1683 4221 2006 4276 secundum

359 4313 594 4367 beatum
619 4311 963 4384 Apostolum
991 4328 1002 4366 :
1028 4309 1410 4380 Atiusjudz’cat
1434 4311 1583 4363 inter
1601 4310 1745 4364 diem
1765 4314 1816 4364 et
1840 4309 2004 4375 (item,

355 4399 510 4456 alius
535 4416 658 4456 vero
689 4416 904 4454 omnem
931 4399 1074 4454 diem
1096 4400 1268 4470 (Rom.
1303 4415 1418 4466 x1v,
1449 4399 1535 4468 5);
1571 4399 1666 4468 qui
1719 4397 2007 4453 absolutis

2133 3244 2318 3318 legem
2353 3247 2616 3320 Decalogi
2665 3250 2979 3321 accipiens,
3003 3254 3210 3320 quater
3239 3250 3429 3306 decies
3468 3253 3782 3327 jejunavit,

2132 3339 2196 3388 ut
2226 3351 2325 3405 per
2355 3335 2461 3390 hoc
2483 3339 2833 3403 ostenderet,
2860 3339 2916 3392 in
2942 3338 3221 3411 Decalogo
3249 3339 3474 3395 nullam
3500 3357 3634 3399 esse
3665 3360 3786 3415 per-

2129 3423 2459 3488 fectionem,
2484 3425 2595 3480 nisi
2625 3426 2807 3481 sancti
2831 3427 3123 3498 Evangelii
3150 3428 3337 3499 gratia
3359 3428 3777 3501 illustraretur,

2129 3513 2281 3582 quod
2306 3514 2663 3584 quadrifario
2685 3515 2832 3587 stylo
2853 3517 3222 3572 describitur.
3250 3516 3386 3573 Elize
3409 3535 3649 3590 quoque
3675 3522 3779 3578 hoc

2117 3601 2409 3671 jejunium
2442 3619 2785 3658 concessum
2815 3610 2900 3658 est
2949 3605 3262 3676 prophetae,
3291 3609 3428 3677 quia
3459 3613 3518 3662 et
3547 3609 3774 3667 Veteris

2125 3690 2718 3747 exstititTestamenti
2739 3693 3080 3764 praedicator
3095 3699 3150 3749 et
3169 3694 3416 3759 testis,et
3432 3695 3579 3752 Novi
3597 3699 3774 3755 etiam

2125 3777 2316 3833 adhuc
2347 3785 2676 3836 reservatus
2707 3786 2991 3836 occurret.
3027 3781 3310 3838 Dominus
3349 3790 3550 3840 autem
3587 3794 3782 3845 noster

2121 3870 2293 3922 Jesus
2323 3867 2588 3923 Christus
2636 3869 2744 3925 hoc
2773 3870 2949 3924 etiam
2974 3871 3268 3942 jejunium
3303 3871 3432 3928 ideo
3483 3875 3781 3934 celebrare

2121 3956 2399 4026 dignatus
2428 3961 2534 4023 est,
2557 3959 2741 4029 quia«
2776 3959 2928 4014 sicut
2957 3959 3082 4031 ipse
3113 3961 3214 4029 ait,
3245 3978 3358 4016 non
3393 3965 3521 4018 veni
3557 3967 3781 4024 solvere

2118 4043 2305 4116 legem
2329 4045 2428 4099 sed
2453 4047 2771 4118 adimplere
2791 4048 3182 4120 (Matth.v,7);»
3204 4067 3304 4105 seu
3331 4055 3396 4106 ut
3419 4069 3482 4107 se
3503 4057 3779 4112 ostende-

2119 4137 2205 4187 ret
2235 4134 2504 4188 eumdem
2545 4135 2766 4192 Veteris
2796 4142 2852 4192 et
2881 4137 3023 4192 Novi
3054 4139 3414 4194 Testamenti
3447 4148 3776 4214 auctorem,

2118 4221 2256 4292 quia
2287 4226 2490 4276 sancta
2520 4229 2768 4294 quatuor
2797 4226 3106 4298 Evangelia
3139 4227 3488 4301 Decalogum
3523 4248 3645 4289 non
3679 4236 3776 4291 de-

2117 4315 2371 4376 struunt,
2395 4312 2494 4365 sed
2527 4313 2714 4384 magis
2761 4314 3023 4370 stabilire
3063 4317 3451 4386 contendunt;
3489 4320 3614 4377 sive
3644 4324 3779 4395 quia

2115 4400 2387 4454 eumdem
2420 4400 2771 4473 Decalogum
2805 4404 2967 4474 prius
2999 4406 3152 4476 apud
3198 4405 3432 4462 Judzeos
3466 4409 3774 4481 signatum

357 4488 564 4544 diebus
612 4487 839 4542 avidius
882 4489 1158 4542 fruuntur
1207 4485 1452 4550 deliciis,
1485 4485 1575 4540 his
1624 4485 2003 4556 quadragesi-
2033 4496 2082 4562 Ι)
2114 4492 2170 4542 et
2199 4488 2493 4544 inclusum
2523 4489 2677 4546 idem
2709 4491 2992 4548 Dominus
3023 4495 3263 4559 solvere,
3295 4501 3351 4550 et
3383 4513 3485 4567 per
3518 4507 3776 4569 quatuor

359 4575 613 4632 malibus
673 4576 866 4630 acrius
919 4576 1185 4632 convenit
1241 4574 1551 4629 abstinere.
1585 4573 1728 4627 Nam
1785 4575 2002 4644 anima,

357 4681 484 4736 qua
516 4681 618 4736 pro
650 4665 912 4720 ciborum
945 4667 1191 4721 moritur
1221 4662 1540 4727 afﬂuentia,
1577 4662 1869 4717 interdum
1904 4681 2004 4736 per

349 4753 559 4824 jejunii
611 4755 866 4827 resurgit
907 4753 1360 4810 observantiam.
1393 4749 1569 4805 Cibus
1601 4751 1850 4823 denique
1899 4770 2000 4808 su-

357 4841 606 4898 mendus
635 4848 724 4899 est
761 4843 886 4899 sola
930 4841 1295 4905 necessitate,
1322 4838 1615 4909 jejunium
1648 4841 2000 4912 amplecten-

354 4931 490 4986 dum
537 4937 624 4988 est
671 4949 908 4989 summa
955 4931 1226 4985 utilitate.
1262 4928 1475 4982 Scitote
1521 4945 1656 5001 ergo
1706 4947 1880 4996 nunc,
1913 4933 1998 4986 di-

353 5019 682 5092 lectissimi,
710 5021 850 5091 quia
881 5017 1184 5089 praesentis
1215 5015 1590 5072 hebdomadze
1621 5026 1830 5090 quarta
1861 5023 2000 5078 feria

351 5110 500 5164 sacri
527 5109 740 5180 jejunii
771 5110 968 5176 caput,
997 5110 1291 5161 annuente
1323 5107 1532 5162 Christi
1576 5107 1995 5180 misericordia,

351 5198 554 5254 devote
601 5195 946 5250 celebraturi
979 5211 1208 5267 sumus,
1243 5199 1307 5250 ut
1353 5213 1486 5251 caro
1536 5214 1664 5269 quae
1715 5198 1844 5255 laeta
1893 5219 1997 5257 nos

420 5353 605 5426 (1509)
636 5353 717 5408 Ex
745 5355 930 5411 sancti
967 5354 1310 5426 Telesphori.
1353 5357 1768 5412 constitutione
1815 5359 1998 5414 sumit

348 5426 472 5482 hzec
497 5428 855 5499 numquam
898 5427 1115 5483 videsis
1161 5427 1218 5480 in
1249 5426 1339 5499 ed.
1376 5427 1541 5482 Rom.
1567 5433 1607 5482 t.
1634 5430 1674 5496 Ι,
1699 5430 1870 5499 p.779.
1897 5431 1994 5486 Rei

349 5495 680 5573 mentioest
701 5494 873 5552 etiam
895 5499 1049 5570 apud
1072 5497 1449 5573 Anastasium
1472 5499 1532 5554 in
1550 5494 1827 5573 Vitis—PP.
1852 5501 1992 5573 RR.,

345 5571 402 5629 et
427 5563 587 5644 apud
608 5563 1022 5646 Hieronymum
1045 5573 1184 5643 (non
1210 5568 1552 5639 Eusebium,
1574 5572 1635 5628 in
1657 5571 1827 5645 cujus
1847 5563 1996 5646 pura

2116 4577 2321 4631 mundi
2367 4583 2558 4649 partes
2587 4587 2821 4637 venerat
2870 4582 3202 4654 pradicare.
3237 4583 3480 4641 Talibus
3513 4587 3774 4661 denique

2112 4671 2382 4737 parentes
2431 4670 2711 4740 exemplis
2760 4677 2934 4742 atque
2964 4672 3267 4738 doctrinis,
3295 4673 3503 4730 devota
3549 4685 3771 4748 mente,

2110 4771 2258 4826 puro
2289 4757 2480 4822 corde,
2512 4762 2570 4812 et
2618 4759 2710 4830 pio
2753 4761 2981 4830 affectu,
3015 4761 3423 4832 hujuscemodi
3463 4764 3772 4834 jejunium

2110 4859 2314 4899 omnes
2363 4845 2719 4902 Christianos
2775 4850 3035 4904 venerari
3094 4854 3346 4921 oportet,
3392 4853 3551 4922 quod
3608 4856 3772 4912 nullo

2108 4936 2369 5004 tempore
2419 4937 2834 5008 congruentius
2884 4939 3280 5005 constituitur,
3306 4956 3484 5010 quam
3537 4947 3774 5001 conﬁne

2109 5026 2283 5092 atque
2314 5023 2650 5096 contiguum
2684 5025 2998 5081 Dominicaa
3022 5027 3456 5082 resurrectioni.
3487 5029 3594 5084 Per
3627 5033 3774 5089 istos

2107 5112 2324 5167 etenim
2357 5113 2746 5186 quadraginta
2777 5115 2900 5171 dies
2928 5121 3116 5171 totum
3144 5116 3340 5171 activae
3366 5116 3497 5171 vitae
3530 5122 3771 5194 tempus

2108 5201 2493 5274 significatur,
2519 5204 2611 5258 cui
2642 5220 2788 5274 opus
2831 5211 2923 5261 est
2966 5205 3344 5270 continentia,
3379 5211 3445 5260 ut
3476 5207 3550 5262 ab
3596 5209 3770 5266 istius

2106 5361 2358 5436 editione
2390 5361 2534 5436 nihil
2573 5363 2863 5432 ejusmodi
2905 5365 3141 5436 dicitur)
3172 5367 3228 5418 in
3264 5365 3568 5426 chronico.
3603 5375 3766 5425 Atta-

2107 5447 2242 5514 men
2274 5433 2556 5514 Baron_ius
2585 5436 2658 5514 ad
2690 5451 2784 5514 an:
2821 5437 2940 5503 154,
2975 5433 3268 5514 sapienter
3315 5445 3565 5514 annotat
3605 5443 3761 5514 jeju-

2105 5502 2270 5588 nium
2313 5505 2819 5588 quadragesimale
2867 5523 2982 5588 non
3031 5502 3065 5564 ὁ.
3105 5506 3484 5581 Telesphoro,
3535 5502 3641 5571 sed
3661 5502 3758 5571 ’διὸ

2103 5573 2386 5648 apostolis
2415 5573 2650 5637 initium
2681 5578 3026 5650 sumpsisse.
