3966 6210
119 320 257 379 841

1645 307 2083 370 SERMONES.

3450 318 3567 378 842

123 450 361 505 mundi
385 449 729 520 jejunemus
759 445 1065 509 illecebris,
1100 445 1225 498 sola
1256 460 1381 515 qua)
1406 443 1505 497 Dei
1532 446 1670 497 sunt
1693 457 1808 496 me-
1838 444 1889 508 Α
1924 441 2006 493 vel
2061 442 2261 497 otiosis
2312 444 2501 497 verbis
2555 445 2779 511 remoti,
2814 444 2951 516 quia
3001 461 3128 517 qum
3179 446 3309 502 aliis
3362 450 3569 506 diebus

124 540 406 594 ditantes
438 554 505 592 ac
541 535 741 591 divina
784 534 998 606 pabula
1052 533 1438 597 ruminantes,
1474 535 1537 585 ut
1570 532 1638 585 ad
1674 547 1809 585 con-

124 627 555 699 templativam
573 626 776 693 vitam,
802 640 927 694 quae
962 640 1063 693 per
1098 620 1371 693 paschale
1404 620 1685 690 gaudium
1724 620 1808 672 in-

126 716 459 787 telligitur,
493 712 794 786 pervenire
818 728 1146 767 mereamur
1178 714 1436 765 ovantes.
1461 709 1604 763 Nam
1629 709 1806 763 dena—

128 806 271 859 rius
305 802 727 875 perfectionem
754 800 1155 869 beatitudinis,
1179 798 1590 869 quaternarius
1612 802 1807 851 autem

127 893 579 965 plenitudinem
613 890 890 946 ostendit.
918 892 1098 944 Totus
1125 890 1281 943 enim
1308 888 1564 942 mundus
1597 903 1629 940 a
1666 903 1807 957 qua-

127 989 281 1039 tuor
308 984 504 1038 ventis
536 980 838 1045 delinitur,
858 984 913 1034 et
929 982 1179 1050 quatuor
1208 976 1510 1031 elementis
1533 974 1801 1047 erigitur;

130 1079 408 1144 quatuor
455 1071 631 1126 etiam
683 1068 1045 1140 temporibus
1098 1066 1233 1121 anni
1284 1066 1439 1119 vices
1483 1064 1802 1118 variantur.

129 1163 361 1217 Decem
392 1176 530 1231 ergo
562 1162 770 1230 quater
797 1157 993 1220 ducta,
1021 1152 1408 1226 quadraginta
1430 1170 1805 1223 consequun-

130 1257 266 1305 tur.
294 1252 423 1315 Quo
456 1263 695 1302 numero
728 1244 1057 1301 ostenditur
1083 1245 1154 1298 ab
1186 1243 1342 1297 omni
1366 1240 1674 1312 temporali
1704 1242 1801 1293 de-

129 1340 411 1395 ctatione
425 1338 522 1392 hic
537 1334 948 1391 abstinendum
969 1334 1161 1402 acjeju
1174 1332 1321 1385 nand
1335 1348 1432 1385 um
1449 1331 1669 1400 absque
1688 1348 1717 1382 u
1730 1328 1804 1382 lla

129 1426 545 1483 controversia
590 1441 736 1490 esse,
800 1429 863 1477 ut
916 1422 1180 1476 cltelestes
1228 1419 1467 1474 delicias
1518 1418 1801 1487 consequi

131 1517 451 1572 valeamus
477 1533 491 1582 ;
516 1514 668 1585 quod
690 1512 858 1585 plane
879 1511 1163 1566 Dominus
1184 1510 1240 1563 in
1262 1509 1601 1563 Judzeorum
1626 1506 1803 1577 signi-

133 1605 337 1659 ﬁcavit
354 1602 795 1672 eductione,qui
816 1601 873 1654 in
892 1597 1234 1667 huiusmodi
1254 1614 1437 1650 annos
1456 1594 1682 1649 numeri
1703 1612 1803 1666 per

136 1696 445 1749 desertum
478 1691 671 1745 educti
703 1693 859 1757 sunt,
885 1688 1067 1742 solius
1092 1703 1238 1757 pene
1271 1684 1545 1740 alimonio
1571 1701 1797 1738 manna:

138 1782 481 1847 sustentati,
516 1785 578 1834 ut
608 1780 677 1834 ad
729 1776 1201 1848 repromissionis
1236 1774 1483 1845 patriam
1538 1772 1797 1843 perveni-

141 1878 291 1927 rent.
327 1870 443 1926 Sed
494 1869 595 1940 qui
652 1886 751 1940 pro
803 1865 1086 1921 deserti...
1139 1881 1295 1934 ergo,
1330 1864 1537 1917 fratres
1586 1861 1797 1916 charis-

142 1960 371 2027 simi,...
406 1957 840 2013 studiosissime
875 1954 1175 2009 custodiri.
1212 1954 1344 2016 Quae
1380 1951 1428 2005 si
1474 1954 1637 2006 sexta
1669 1955 1796 2004 tan-

144 2049 450 2104 tummodo
474 2052 608 2101 ante
633 2041 1619 2099 Paschainchoeturhebdomade...
1640 2043 1798 2110 patet

143 2138 278 2209 quia
305 2134 763 2209 quadragesima
788 2150 901 2187 non
924 2132 1070 2198 erit;
1107 2147 1204 2186 sex
1230 2130 1383 2185 enim
1418 2128 1793 2183 hebdomadas

142 2232 279 2281 sunt
310 2226 437 2281 dies
486 2222 882 2295 quadraginta
913 2226 967 2275 et
1016 2221 1151 2274 duo.
1186 2218 1519 2273 Subtractis
1550 2217 1791 2272 totidem

141 2314 465 2371 Dominicis
496 2312 844 2377 diebus,non
876 2310 1129 2381 amplius
1158 2308 1218 2361 in
1242 2306 1595 2362 abstinentia
1617 2322 1790 2377 quam

140 2405 397 2475 triginta
445 2407 499 2456 et
545 2419 641 2456 sex
670 2416 975 2472 superesse
1025 2397 1315 2460 novimus,
1348 2395 1447 2467 qui
1494 2394 1793 2466 quaternis

139 2513 173 2548 a
230 2490 507 2564 praesenti
559 2506 795 2544 numero
848 2487 1140 2543 deficiunt.
1178 2488 1435 2551 Quatuor
1484 2500 1617 2555 ergo
1668 2483 1792 2536 dies

138 2582 327 2652 hujus
377 2579 766 2635 antecedentis
817 2576 1195 2632 hebdomadze
1248 2579 1587 2639 sumuntur,
1624 2577 1687 2626 ut
1718 2572 1789 2625 ad

142 2670 478 2742 praedictam
537 2683 830 2721 summam
881 2680 1160 2718 numerus
1193 2666 1434 2717 crescat.
1470 2663 1569 2716 Est
1614 2660 1792 2732 igitur

141 2760 317 2829 hujus
349 2756 755 2827 caputjejunii
780 2754 973 2817 hodie,
1000 2754 1153 2824 quod
1181 2757 1268 2807 est
1300 2752 1560 2823 septima:
1585 2754 1791 2821 quarta

140 2848 278 2903 feria
306 2845 721 2901 hebdomadas:
752 2862 785 2898 a
814 2860 930 2913 qua
952 2858 1135 2913 usque
1165 2844 1235 2895 ad
1268 2846 1531 2895 sanctam
1563 2839 1786 2893 Domini

142 2936 647 3000 resurrectionem,
666 2933 919 3005 exceptis
940 2931 1345 2986 tantummodo
1369 2930 1575 2983 diebus
1598 2928 1789 2982 Domi-

138 3028 299 3096 nicis,
331 3024 667 3079 districtum
700 3021 966 3076 convenit
988 3036 1089 3091 per
1110 3019 1305 3073 omnia
1328 3018 1783 3086 celebrarejeju-

135 3113 559 3185 nium,quod,si
586 3111 845 3167 solvatur
865 3110 923 3163 in
950 3109 1165 3180 aliquo,
1185 3109 1310 3178 jam
1336 3106 1785 3177 quadragesima

1921 529 2093 584 etiam
2127 530 2323 595 licent,
2360 532 2486 587 istis
2518 550 2619 604 pro
2666 533 2907 589 crimine
2938 534 3243 591 habentur.
3280 538 3570 596 Ecclesiae

1920 618 2160 689 insuper
2191 620 2570 691 frequentate,
2605 622 2869 677 infirmos
2901 628 2957 677 et
2986 622 3047 677 in
3104 642 3393 682 carcerem
3426 626 3566 684 visi-

1918 711 2056 772 tate,
2090 710 2379 765 debitores
2410 709 2636 782 solvite,
2674 718 2911 767 maestos
2956 714 3269 781 consolate,
3302 717 3569 789 pauperi-

1916 796 2028 852 bus
2059 802 2379 870 erogate....

2540 889 2781 945 SERMO
2822 890 2942 946 VII.

2221 1046 2231 1058 ⁸
2440 994 2498 1031 IN
2537 994 2629 1032 DIE
2670 995 3019 1035 PALMARUM.

1991 1064 2381 1119 Promissione
2412 1066 2641 1121 Domini
2682 1070 2865 1122 nostri
2894 1068 3033 1123 Jesu
3084 1069 3320 1142 Christi,
3355 1072 3561 1130 fratres

1916 1152 2809 1227 charissimi,conﬁdimus,quia
2838 1158 2909 1212 de
2939 1158 3193 1229 gloriosa
3223 1162 3350 1231 ejus
3371 1179 3561 1218 resur-

1916 1241 2168 1295 rectione
2199 1241 2395 1297 nullus
2449 1248 2633 1298 terror
2662 1249 2922 1299 vestrum
2960 1263 3059 1302 cor
3107 1251 3419 1320 Oppressit,
3453 1268 3559 1308 nec

1912 1328 2179 1384 dubietas
2230 1332 2412 1385 menti
2454 1332 2726 1403 irrepsit;
2764 1350 2899 1389 nam
2935 1352 3112 1406 pavor
3157 1338 3557 1409 apostolorum

1912 1422 2366 1490 cazterorumque
2390 1421 2517 1490 ejus
2538 1422 2818 1492 temporis
2832 1428 3167 1480 sanctorum
3188 1426 3563 1486 incrudelita-

1914 1506 1989 1561 tis
2018 1506 2263 1579 caligine
2293 1508 2573 1563 alebatur.
2606 1511 2711 1565 Sed
2746 1510 2977 1567 illorum
3011 1513 3322 1571 infirmitas
3348 1522 3557 1574 nostris

1916 1596 2021 1649 fuit
2054 1597 2424 1666 perfectionis
2448 1601 3050 1672 augmentum.lgitur
3081 1604 3379 1673 quae,istis
3402 1610 3557 1661 tran-

1911 1684 2091 1738 sactis
2123 1684 2349 1755 diebus,
2369 1687 2534 1755 quasi
2556 1703 2622 1739 ex
2639 1688 2833 1757 opacis
2854 1689 3156 1744 frondibus
3176 1692 3368 1747 radios
3389 1694 3556 1749 emit-

1911 1772 2127 1840 tebant,
2182 1791 2335 1828 nunc
2379 1775 2501 1841 jam
2552 1774 2707 1829 clara
2758 1792 2890 1831 voce
2946 1778 3357 1848 przedicantur.
3412 1782 3556 1838 Hinc

1912 1878 2163 1932 namque
2178 1862 2446 1933 colligere
2468 1864 2713 1933 potestis
2728 1864 2864 1935 quia
2877 1872 3095 1936 quanto
3120 1869 3305 1940 magis
3322 1870 3557 1927 Domini

1908 1950 2329 2005 annuntiamus
2352 1950 2705 2021 passionem,
2734 1970 2798 2007 eo
2817 1954 2978 2009 ocius
3004 1956 3076 2009 ad
3108 1957 3235 2024 ejus
3257 1958 3553 2016 celebran-

1908 2039 2041 2093 dam
2076 2040 2559 2111 appropinquatis
2607 2043 3111 2098 resurrectionem.
3146 2045 3255 2101 Sex
3303 2048 3555 2119 denique

1906 2127 2029 2181 dies
2071 2143 2258 2198 usque
2307 2129 2376 2182 ad
2410 2128 2571 2184 illius
2622 2130 2751 2185 festi
2782 2132 3065 2202 gaudium
3117 2140 3549 2193 numerantur:

1906 2220 2066 2271 sexta
2116 2216 2290 2271 etiam
2341 2218 2707 2274 hebdomade.
2753 2224 3051 2276 transacta
3098 2227 3207 2290 est,
3240 2229 3552 2297 postquam

1905 2310 2079 2375 caput
2103 2306 2315 2375 jejunii
2345 2305 2686 2362 indiximus.
2720 2306 2820 2362 Vel
2852 2308 2911 2362 in
2944 2308 3037 2365 his
3067 2327 3203 2383 ergo
3234 2328 3333 2368 sex
3364 2314 3549 2377 feriis,

1907 2396 2112 2449 fratres
2142 2395 2528 2462 dilectissimi,
2564 2400 3210 2470 recuperarefsatagite,
3246 2402 3294 2455 si
3326 2402 3549 2475 aliquid

1903 2484 2148 2538 fortasse
2182 2484 2236 2537 in
2270 2500 2370 2539 sex
2401 2484 2707 2556 prazteritis
2734 2486 3201 2544 hebdomadibus
3232 2490 3546 2547 defecistis.

1903 2572 2179 2637 Quamvis
2198 2572 2313 2626 sint
2333 2573 2571 2643 quidam
2592 2573 2690 2643 qui
2716 2573 2945 2644 aliquos
2966 2574 3145 2646 hujus
3170 2577 3549 2635 hebdomadas

1901 2661 2271 2726 dies,seilicet
2294 2662 2554 2732 quintam
2580 2662 2783 2717 feriam
2806 2668 2862 2718 et
2884 2664 3548 2732 Sabbatum,absolutio-

1900 2766 1991 2804 res
2023 2768 2136 2821 praa
2161 2751 2378 2805 caeteris
2410 2751 3018 2821 quadragesimalibus
3038 2769 3165 2809 esse
3196 2755 3543 2825 dijudicent,

1899 2840 2052 2909 quod
2087 2845 2289 2893 contra
2315 2856 2601 2895 canonum
2634 2845 2722 2895 est
2749 2844 2989 2907 statuta,
3025 2858 3129 2897 nec
3158 2843 3335 2899 ullius
3367 2862 3543 2900 sacrae

1899 2929 2208 3000 Scriptura:
2256 2930 2641 2983 confirmatur
2687 2930 3047 2999 auctoritate,
3096 2932 3262 2988 nobis
3311 2950 3544 3006 quoque

1897 3022 2116 3071 rectum
2138 3017 2379 3071 minime
2402 3032 2529 3072 esse
2556 3017 2801 3072 videtur.
2826 3022 3051 3082 Quanto
3073 3021 3285 3076 etenim
3301 3024 3543 3079 vicinio-

1897 3122 1984 3160 res
2000 3106 2256 3177 paschali
2272 3106 2483 3177 gaudio
2497 3106 2664 3161 acced
2676 3106 2687 3158 i
2699 3112 3019 3173 mus,tanto
3034 3109 3297 3179 puriores
3315 3118 3546 3169 nosmet

133 3222 246 3260 non
277 3204 405 3260 erit.
452 3203 511 3257 Si
562 3206 760 3257 autem
792 3216 955 3255 sacra
1005 3197 1307 3269 Scriptura
1337 3196 1465 3250 illos
1496 3195 1776 3265 increpat,
1810 3185 1854 3248 C
1895 3194 2053 3265 ipsos
2084 3210 2408 3265 praeparare
2437 3194 3022 3264 debemus,jejuniis,
3054 3198 3438 3266 orationibus,
3466 3200 3546 3255 vi-

131 3294 228 3368 qui
267 3294 445 3350 etiam
496 3290 931 3363 quodammodo
963 3287 1247 3342 absolutis
1297 3286 1525 3355 diebus,
1559 3284 1780 3340 deliciis

129 3390 183 3439 et
214 3381 619 3454 voluptatibus
645 3380 1133 3447 fruuntur,quam
1168 3376 1355 3429 diram
1379 3373 1463 3427 illi
1498 3374 1779 3445 recipient

129 3473 503 3536 sententiam,
540 3469 639 3541 qui
674 3467 878 3523 saltem
915 3466 1054 3521 istos
1088 3463 1483 3536 neglexerint?
1514 3468 1613 3516 aut
1644 3479 1776 3516 cum

129 3579 243 3633 qua
275 3559 634 3616 conscientia
660 3558 730 3612 ad
764 3553 1287 3624 immaculatiAgni
1319 3569 1483 3607 esum
1516 3551 1774 3621 paschali

126 3649 440 3705 festivitate
472 3646 785 3718 impudens
835 3646 1105 3698 accedere
1140 3640 1495 3713 prmsumet?
1528 3640 1779 3711 qualiter

129 3736 565 3794 communicare
622 3732 915 3788 Dominico
949 3731 1158 3802 poterit
1198 3729 1441 3799 corpori,
1477 3729 1575 3799 qui
1601 3744 1773 3782 suum

128 3826 446 3899 neglexerit
488 3823 660 3878 bonis
710 3821 970 3876 moribus
1019 3819 1103 3873 vel
1155 3819 1223 3873 ad
1265 3823 1495 3888 tempus
1545 3834 1771 3881 ornare,

126 3934 257 3971 cum
286 3914 490 3970 audiat
521 3931 532 3967 :
560 3913 669 3980 Qui
691 3911 915 3981 indigne
935 3909 1225 3963 manducat
1246 3911 1296 3961 et
1325 3907 1483 3975 bibit,
1500 3906 1775 3977 judicium

123 4007 228 4059 sibi
254 4003 561 4059 manducat
588 4008 637 4056 et
669 4000 851 4054 bibit?
882 3999 930 4069 (ι
964 3998 1085 4051 Cor.
1120 4015 1179 4065 ll,
1212 3997 1327 4065 ‘30.)
1359 3996 1774 4049 Abstineamus

125 4111 259 4165 ergo
290 4110 398 4148 nos
433 4110 465 4146 a
489 4089 669 4144 lucris
697 4093 749 4142 et
782 4087 1026 4159 negotiis
1056 4084 1455 4146 sazcularibus,
1491 4084 1776 4138 abstinea-

124 4200 257 4237 mus
288 4199 396 4237 nos
427 4199 459 4235 a
500 4176 837 4233 carnalibus
887 4174 1290 4231 delectationis
1342 4174 1617 4227 adversus
1648 4172 1771 4227 ani-

123 4288 277 4326 mam
331 4266 729 4324 militantibus
757 4267 800 4337 (I
831 4270 979 4320 Petr.
1018 4281 1078 4331 II,
1114 4264 1223 4333 11),
1257 4267 1313 4315 et
1362 4262 1605 4331 dignum
1658 4262 1770 4316 Deo

124 4360 339 4415 nostris
372 4357 693 4413 mentibus
718 4352 1118 4409 habitaculum
1172 4366 1589 4421 praeparemus.
1624 4355 1773 4404 Ante

124 4448 322 4503 omnia
350 4442 743 4513 dilectissimi,
775 4443 845 4497 de
900 4440 1207 4512 praeteritis
1239 4437 1410 4492 malis
1455 4438 1769 4492 confessio-

124 4555 254 4593 nem
305 4554 499 4591 veram
548 4535 665 4589 Deo
710 4537 766 4586 et
818 4529 1223 4586 sacerdotibus
1265 4528 1433 4581 facite
1480 4527 1684 4595 (1510),
1718 4532 1775 4581 et
1805 4551 1851 4613 Ι)

123 4628 363 4699 dignam
396 4622 801 4696 paenitentiam
832 4620 1004 4692 agite,
1039 4618 1176 4689 quia
1207 4615 1457 4671 multum
1488 4616 1652 4670 obest
1682 4614 1765 4669 lu-

123 4715 362 4771 culenta
387 4712 630 4768 tediiicia
660 4708 894 4765 caducis
917 4706 1314 4762 fundamentis
1336 4704 1614 4776 coaptari.
1640 4707 1782 4759 Con-

121 4804 379 4860 siderate
437 4802 609 4856 etiam
672 4797 958 4870 serpentis
1011 4794 1406 4867 prudentiam,
1461 4794 1559 4864 qui
1620 4792 1778 4848 nullo

123 4893 297 4950 modo
316 4890 491 4946 fontis
513 4887 815 4961 lympham
840 4890 1041 4957 potare
1066 4882 1383 4955 prmsumit,
1407 4883 1587 4937 donec
1609 4900 1780 4938 omne

121 4999 409 5038 venenum
436 4979 720 5035 effundat.
739 4974 978 5029 Vulneri
1015 4989 1247 5045 quoque
1267 4989 1379 5026 non
1414 4972 1639 5041 proficit
1660 4988 1779 5025 me-

124 5066 604 5133 dicamentum,si
634 5064 824 5118 adhuc
847 5062 1062 5116 ferrum
1091 5060 1249 5115 insit.
1276 5061 1474 5115 Estote
1495 5076 1651 5130 ergo,
1670 5060 1781 5113 fra-

124 5163 258 5226 tres,
293 5158 351 5211 in
385 5154 601 5211 officiis
632 5150 881 5219 assidui,
917 5150 974 5203 in
1008 5149 1224 5221 vigiliis
1258 5148 1533 5219 prompti,
1568 5148 1626 5201 in
1655 5164 1781 5203 ora-

126 5247 383 5301 tionibus
416 5240 710 5307 continui,
746 5240 804 5293 in
840 5239 968 5293 cibo
1001 5238 1178 5309 parci,
1213 5238 1271 5291 in
1320 5241 1459 5308 potu
1492 5236 1689 5303 sobrii,
1722 5236 1780 5291 in

127 5334 513 5406 eleemosynis
559 5328 735 5402 largi,
786 5327 848 5381 in
904 5328 1169 5381 castitate
1214 5326 1465 5388 honesti,
1529 5326 1602 5380 ab
1654 5326 1782 5397 ipso

126 5425 293 5480 etiam
344 5419 651 5493 conjugali
708 5422 835 5472 toro
870 5416 1164 5487 suspensi,
1199 5416 1269 5470 ab
1325 5414 1598 5469 omnibus
1628 5416 1783 5469 ludis

192 5566 371 5639 (1510)
406 5564 470 5639 in
494 5577 695 5639 marg.
725 5557 1331 5639 faciamusuit‘emque-
1364 5571 1498 5639 mox
1526 5572 1777 5639 agamas.

190 5628 373 5711 (1511)
394 5634 560 5705 Cod.,
584 5628 783 5708 prima
804 5644 1004 5696 manu,
1026 5631 1279 5699 futuram
1296 5630 1518 5700 festam,
1543 5632 1601 5684 et
1630 5628 1783 5683 infra

400 5764 675 5828 PATHOL.
728 5751 1051 5817 CXXXIV.
1141 5848 1156 5861 θ

1890 3283 2065 3353 giliis,
2082 3299 2181 3337 seu
2199 3282 2472 3337 omnibus
2488 3282 3019 3337 misericordiarum
3035 3285 3332 3355 operibus,
3346 3289 3540 3360 etjugi

1891 3373 2129 3442 insuper
2159 3372 2295 3426 ﬂetu
2330 3370 2617 3442 przeterita
2638 3369 2847 3425 delicta
2878 3370 3088 3427 lavare.
3114 3374 3225 3428 Sed
3248 3379 3306 3429 et
3331 3376 3378 3430 si
3403 3377 3540 3447 quis

1889 3478 1997 3516 sua
2028 3460 2221 3514 flenda
2250 3476 2365 3514 non
2385 3464 2579 3529 sperat
2610 3474 2738 3514 esse
2771 3459 3047 3526 facinora,
3067 3460 3272 3517 saltem
3306 3464 3536 3520 Domini

1888 3566 2021 3603 eum
2046 3553 2401 3619 compungat
2425 3548 2515 3603 his
2548 3547 2755 3603 diebus
2787 3547 3187 3619 injuria.Nam
3218 3566 3352 3607 cum
3379 3560 3536 3610 esset

1886 3639 2041 3693 Deus
2071 3642 2202 3693 ante
2234 3636 2465 3703 saacula,
2497 3638 2555 3691 in
2588 3638 2835 3692 formam
2862 3639 3012 3693 servi
3044 3638 3304 3707 veniens,
3337 3647 3529 3714 sputa,

1887 3728 2066 3800 ﬂagra
2094 3728 2165 3782 ab
2198 3726 2395 3799 impiis
2419 3727 2763 3799 suscipiens,
2790 3745 2892 3799 pro
2926 3733 3125 3784 nostra
3148 3730 3528 3807 ipsorumque

1884 3817 2060 3871 etiam
2094 3816 2281 3871 salute
2311 3816 2717 3887 hujuscemodi
2750 3817 2809 3872 in
2841 3822 3100 3889 tempore
3131 3820 3389 3877 animam
3421 3840 3529 3893 po-

1884 3923 2019 3961 nere
2051 3924 2164 3961 non
2201 3906 2482 3977 despexit.
2509 3906 2909 3976 Compatiatur
2938 3924 3072 3979 ergo
3095 3910 3530 3983 unusquisque,

1884 3995 2091 4050 fratres
2125 3995 2257 4059 mei,
2284 4000 2579 4065 portantes
2610 3996 2939 4066 opprobria,
2973 4001 3031 4051 et
3052 3998 3259 4052 deﬂeat
3285 3998 3536 4055 inferen-

1884 4082 2029 4137 tium
2078 4082 2413 4136 caacitatem.
2448 4088 2579 4153 Ipse
2609 4083 2860 4153 denique
2907 4084 3050 4138 dixit
3082 4085 3139 4138 in
3174 4087 3480 4158 Evangelio
3516 4107 3530 4145 :

1884 4174 2041 4225 Beati
2070 4173 2165 4240 qui
2197 4172 2403 4239 lugent,
2429 4171 2687 4239 quoniam
2716 4173 2825 4241 ipsi
2843 4172 3275 4226 consolabuntur
3304 4175 3529 4244 (Matth.

1882 4277 1935 4323 v,
1968 4260 2043 4329 5).
2081 4258 2433 4313 Commodus
2465 4264 2555 4313 est
2583 4259 2740 4313 enim
2790 4275 2945 4314 nunc
2978 4259 3412 4331 aliquantulum
3443 4263 3533 4319 lu-

1882 4352 2034 4415 ctus,
2068 4351 2131 4400 ut
2171 4345 2413 4400 liberius
2445 4346 2503 4400 in
2554 4350 2756 4401 sancta
2786 4349 3210 4404 resurrectione
3239 4348 3528 4408 lastemur.

1885 4435 2194 4491 Psalmista
2233 4451 2464 4505 quoque
2496 4434 2577 4488 ait
2608 4451 2622 4489 :
2660 4435 2797 4501 Quid
2840 4437 3145 4492 retribuam
3176 4439 3405 4496 Domino
3434 4457 3534 4512 pro

1882 4526 2133 4581 omnibus
2164 4539 2287 4595 quae
2316 4524 2575 4578 retribuit
2601 4523 2785 4577 mibi?
2817 4526 3059 4580 Calicem
3087 4528 3359 4583 salutaris
3387 4530 3533 4586 acci-

1886 4618 2065 4686 piam,
2097 4620 2148 4669 et
2176 4629 2373 4668 nomen
2402 4612 2624 4668 Domini
2662 4614 2918 4669 invocabo
2948 4615 3116 4684 (Psal.
3146 4631 3269 4683 cxv,
3302 4617 3387 4689 12,
3422 4619 3535 4689 13).

1891 4704 2050 4758 Calix
2080 4720 2212 4760 vero
2239 4707 2296 4757 et
2346 4706 2547 4775 aperta
2574 4702 2899 4773 persecutio
2946 4708 3005 4758 et
3051 4704 3316 4761 occultus
3347 4711 3539 4779 potest

1891 4793 2135 4865 intelligi
2162 4792 2437 4864 gemitus,
2461 4790 2561 4863 qui
2590 4806 2823 4861 quoque
2846 4792 3018 4847 modo
3049 4793 3120 4848 ab
3152 4795 3313 4851 omni
3338 4799 3535 4853 tamen

1892 4881 2159 4936 convenit
2188 4880 2519 4936 Christiano
2571 4879 2777 4949 potari.
2812 4879 3211 4951 Praeparemus
3259 4900 3396 4957 ergo
3428 4893 3537 4941 nos

1892 4971 1963 5025 ad
1999 4971 2258 5024 futurum
2296 4971 2507 5024 festum
2542 4970 2744 5041 (1511),
2779 4968 3133 5040 charissimi,
3162 4974 3233 5027 ad
3266 4974 3421 5045 quod
3454 4975 3539 5029 di-

1892 5076 1999 5130 gne
2039 5059 2403 5130 pervenire...
2445 5058 2750 5113 Dominus.
2795 5057 3231 5117 Exsultemus...
3263 5078 3367 5117 nec
3392 5062 3535 5117 deli-

1892 5149 2114 5203 ciarum
2142 5145 2276 5214 cibi,
2307 5146 2405 5199 sed
2430 5162 2604 5216 opera
2634 5145 3040 5218 prazmittenda
3060 5150 3457 5219 suntjustitiae
3484 5155 3541 5205 et

1893 5234 2205 5306 aequitatis.
2229 5232 2437 5303 Aptius
2461 5239 2551 5287 est
2569 5235 2725 5291 enim
2749 5240 2882 5291 ut...
2912 5240 3030 5292 tres
3050 5238 3375 5294 mediocres
3396 5255 3541 5309 pras-

1892 5340 2060 5396 pares
2086 5320 2338 5387 tunicas,
2363 5321 2516 5374 unde
2546 5327 2602 5375 et
2629 5329 2684 5379 te
2705 5331 2761 5380 et
2790 5343 3074 5397 pauperes
3094 5326 3311 5383 Christi
3331 5326 3544 5383 vestire

1891 5412 2108 5475 valeas,
2134 5426 2310 5479 quam
2345 5412 2409 5461 ut
2440 5424 2617 5463 unam
2649 5412 2841 5469 solum
2862 5415 2967 5470 tibi
2998 5414 3315 5487 pretiosam
3347 5415 3543 5489 acqui-

1893 5554 2175 5634 ad‘quam,
2233 5550 2359 5634 sine
2407 5549 2837 5634 emendatione.
2878 5557 3086 5615 Recole
3134 5576 3312 5617 serm.
3345 5560 3379 5618 4
3408 5559 3542 5619 init.

1892 5619 2016 5683 itali
2046 5637 2202 5677 nunc
2235 5622 2489 5679 dicimus
2522 5619 2583 5677 ια
2610 5625 2772 5693 festa.

3188 5760 3265 5841 εἷ
