3966 6210
420 347 538 406 843

1448 339 1706 398 ΛΤΤΟΝ
1721 338 1782 397 IS
1829 335 2411 397 VERCELLENSIS
2461 336 2812 398 EPISCOPI

3722 335 3851 394 84“

424 497 538 535 ras.
570 479 638 533 Et
669 475 879 532 melius
909 479 997 530 est
1017 473 1122 527 tibi
1157 470 1483 542 simplicem
1511 471 1810 542 acquirere
1825 470 2068 538 victum,
2092 473 2148 536 οΑ
2187 471 2324 523 runt
2354 468 2700 539 periculum,
2726 467 2840 522 nisi
2873 482 2974 539 per
2998 466 3312 521 transitum
3339 465 3519 522 maris
3545 465 3854 534 Rubri,sic

425 569 579 626 unde
611 566 807 638 plures
837 578 1049 635 egenos
1075 562 1144 616 ad
1177 565 1340 616 tuam
1365 561 1660 631 suscipere
1692 577 1954 614 mensam
1979 575 2077 613 va-

426 659 566 725 leas,
588 670 764 726 quam
792 651 1086 708 deliciosis
1106 651 1250 705 cibis
1267 649 1515 703 multam
1540 649 1886 720 impendens
1910 665 2079 720 pecu-

429 746 606 811 niam,
632 759 765 798 cum
790 741 914 796 sola
934 741 1106 794 domo
1129 742 1230 792 tua
1251 738 1476 793 ebriose
1494 737 1771 806 vescaris,
1787 741 1843 791 et
1864 751 2079 808 paupe-

429 851 520 892 res
551 831 762 888 Christi
796 832 946 884 l'ame
967 829 1054 883 vel
1088 828 1352 882 nuditate
1371 826 1567 880 afﬂicti
1589 830 1830 896 pereant
1861 830 1914 879 te
1939 841 2079 896 pras-

429 927 608 979 sente.
632 920 886 976 Aitenim
905 920 1106 972 beatus
1129 917 1384 971 Joannes
1400 915 1732 986 apostolus:
1757 915 1864 982 Qui
1886 914 2082 969 habue-

430 1015 503 1066 rit
530 1010 895 1066 substantiam
922 1007 1085 1076 hujus
1115 1004 1330 1069 mundi,
1363 1012 1413 1059 et
1438 1004 1635 1059 viderit
1660 1006 1887 1073 fratrem
1921 1019 2080 1056 suum

428 1102 799 1155 necessitatem
849 1097 1068 1161 habere,
1100 1097 1148 1149 et
1199 1095 1458 1148 clauserit
1493 1095 1705 1147 viscera
1752 1108 1853 1145 sua
1901 1092 1966 1145 ab
1996 1107 2078 1156 eo,

428 1187 688 1261 quomodo
720 1187 956 1241 charitas
988 1185 1092 1239 Dei
1119 1190 1306 1236 manet
1336 1183 1399 1236 in
1441 1198 1502 1235 eo
1523 1181 1550 1234 ί]
1584 1182 1623 1250 (Ι
1652 1181 1808 1235 Joan.
1847 1197 1932 1246 III,
1965 1180 2076 1245 l7.)

430 1277 576 1348 Ergo
609 1275 789 1346 fugite
836 1272 1136 1327 avaritiam
1187 1275 1243 1325 et
1280 1268 1504 1340 diligite
1555 1268 1919 1330 charitatem,
1955 1267 2080 1322 sine

431 1383 550 1439 qua
580 1380 750 1419 nemo
804 1364 987 1418 Deum
1019 1359 1212 1414 videre
1265 1358 1582 1412 merebitur
1614 1359 1796 1428 (Hebr.
1831 1374 1933 1418 xu,
1970 1358 2073 1426 14).

429 1454 714 1520 Charitas,
748 1468 858 1523 pax
899 1456 953 1505 et
999 1448 1280 1520 gaudium
1334 1446 1631 1501 vobiscum
1668 1447 1723 1500 in
1775 1451 2075 1500 aeternum.

432 1543 593 1607 Quod
626 1543 748 1613 ipse
779 1544 1051 1612 praestare
1082 1538 1378 1609 dignetur,
1411 1535 1578 1605 cujus
1609 1551 1875 1606 regnum.

1038 1660 1278 1716 SERMO
1317 1659 1464 1714 VIII.

755 1753 811 1790 1N
850 1751 942 1788 DIE
981 1749 1209 1788 SANCT/E
1248 1746 1755 1786 RESURRECTIONIS.

505 1843 916 1910 Hodie,fratres
949 1837 1464 1905 charissimi,diem
1489 1836 1801 1892 Dominicae
1826 1835 2074 1891 colimus
2104 1840 2149 1904 B

433 1929 958 1998 resurrectionis,in
977 1946 1092 2000 qua
1104 1927 1386 1982 Dominus
1407 1924 2075 1995 nosterJesusChristus,

431 2023 728 2078 destructo
753 2017 1215 2089 mortisimperio
1233 2015 1598 2070 resurrexita
1624 2014 2079 2084 mortuis,quam

428 2111 602 2167 etiam
654 2108 876 2164 Pascha
922 2123 1217 2162 vocamus.
1253 2104 1474 2160 Pascha
1518 2104 1696 2173 igitur
1745 2119 1937 2157 sermo
1991 2105 2080 2157 est

428 2199 722 2264 Hebraeus,
746 2197 946 2252 Latine
966 2195 1180 2250 dicitur
1200 2194 1477 2247 transitus
1498 2209 1517 2254 ,ο
1546 2193 1699 2263 quod
1728 2191 1912 2245 multo
1945 2197 2076 2246 ante

427 2285 887 2344 incarnationem
911 2283 1140 2339 Domini
1167 2282 1350 2337 nostri
1371 2283 1511 2336 Jesu
1536 2280 1742 2334 Christi
1769 2280 2076 2351 praesigne-

427 2383 552 2433 tum
584 2380 692 2432 est.
717 2375 886 2441 Nam,
912 2390 1043 2428 cum
1065 2372 1166 2426 lilii
1190 2370 1364 2426 Israel
1386 2370 1720 2442 Egyptiaca
1741 2385 2074 2440 premeren-

432 2470 528 2520 tur
552 2463 849 2529 servitute,
873 2462 1266 2516 clamaverunt
1297 2460 1366 2514 ad
1401 2459 1710 2513 Dominum
1746 2462 1811 2512 ut
1839 2474 1937 2512 eos
1960 2456 2073 2512 eri-

430 2556 593 2625 peret
614 2551 683 2604 de
705 2565 881 2603 manu
914 2546 1254 2612 Pharaonis,
1282 2547 1337 2599 id
1369 2549 1457 2599 est
1479 2545 1629 2616 regis
1649 2544 2068 2615 Egyptiorum.

427 2641 513 2694 Ad
538 2655 712 2710 quem
737 2636 1019 2709 propheta
1033 2636 1261 2707 Moyses
1284 2634 1613 2688 destinatus
1636 2640 1818 2700 est,ex
1845 2632 2072 2687 Domini

430 2744 566 2784 eum
587 2728 910 2783 admonens
931 2724 1221 2780 sententia
1243 2738 1312 2777 ne
1326 2721 1606 2794 populum
1629 2723 1755 2790 ejus
1769 2723 2070 2793 afﬂigeret,

429 2817 530 2872 sed
563 2814 671 2871 soli
693 2815 808 2870 Deo
841 2829 938 2868 eos
961 2813 1175 2868 servire
1207 2811 1546 2877 dimitteret,
1571 2815 1626 2864 et
1648 2827 1762 2880 quo
1786 2809 2072 2881 proficisci

429 2905 642 2960 vellent
671 2920 742 2958 ne
773 2901 1212 2958 contradiceret.
1235 2901 1395 2964 Quod
1420 2900 1556 2970 quia
1584 2899 1792 2966 renuit,
1817 2898 2072 2955 visitavit

427 2995 580 3049 Deus
611 2992 906 3064 Egyptios
939 2991 1126 3063 plagis
1159 2989 1450 3059 maximis,
1476 2989 1532 3042 in
1569 2987 1770 3043 multis
1802 2987 1985 3060 signis
2015 2994 2072 3044 et

425 3083 600 3138 variis
632 3081 933 3152 portentis.
955 3081 1062 3146 Qui
1095 3096 1198 3135 nec
1230 3079 1356 3134 ideo
1386 3095 1584 3133 vocem
1616 3077 1839 3132 Domini
1876 3078 2069 3133 audie-

425 3178 581 3242 runt,
604 3175 660 3226 et
682 3169 964 3243 populum
989 3186 1104 3224 non
1130 3167 1500 3238 dimiserunt,
1517 3168 1615 3222 sed
1645 3165 1900 3237 amplius
1923 3167 2067 3221 afﬂi-

421 3266 650 3316 xerunt.
683 3263 753 3314 At
779 3258 860 3313 illi
881 3259 1068 3331 magis
1099 3257 1404 3330 magisque
1432 3257 1498 3312 ad
1525 3255 1837 3310 Dominum
1858 3255 2067 3311 clama-

423 3351 584 3421 bant,
613 3354 677 3404 ut
701 3366 799 3404 eos
821 3349 891 3404 de
913 3365 1089 3402 manu
1116 3347 1574 3420 Opprimentium
1601 3345 1872 3399 liberaret
1889 3363 1901 3411 ;
1921 3362 2064 3416 quo-

425 3457 555 3494 rum
569 3455 737 3495 voces
750 3439 1137 3493 ascenderunt
1153 3437 1210 3490 in
1225 3440 1539 3507 conspectu
1556 3433 1805 3489 Domini.
1822 3434 2067 3489 Dederat

425 3533 620 3584 autem
643 3527 727 3583 eis
749 3527 1032 3582 Dominus
1057 3527 1112 3580 in
1138 3527 1372 3598 signum
1406 3530 1469 3578 ut
1489 3524 1546 3576 in
1570 3523 1728 3578 omni
1762 3523 1933 3576 domo
1957 3540 2065 3577 sua

425 3633 643 3688 agnum
677 3619 1346 3685 mactarent,omnesque
1378 3618 1568 3682 postes
1599 3629 1738 3667 suos
1770 3613 1897 3682 ejus
1928 3628 2060 3666 san-

416 3707 594 3778 guine
644 3704 1009 3775 assignarent
1041 3720 1054 3758 :
1092 3720 1224 3757 nam
1259 3720 1320 3757 se
1350 3718 1453 3772 per
1505 3702 1762 3755 medium
1796 3701 1894 3772 (ita
1919 3700 2059 3772 cod.)

414 3794 725 3863 [Egyptum
749 3791 1137 3846 transiturum
1169 3790 1516 3862 designavit,
1540 3794 1597 3844 et
1628 3789 1826 3844 omnia
1847 3788 2060 3860 primo-

411 3881 610 3953 genita
629 3881 757 3952 ejus
771 3878 1527 3952 percutiendaannuntiavit
1543 3897 1554 3945 ;
1572 3894 1785 3948 eosque
1807 3895 2057 3949 quorum

409 3974 607 4043 postes
639 3968 834 4024 taliter
884 3969 1214 4042 assignatos
1261 3967 1596 4035 invenisset,
1631 3971 1855 4021 salvare
1901 3967 2057 4022 etab

408 4057 934 4116 hostibusliberare
955 4058 1243 4131 promisit.
1262 4058 1483 4125 Quibus
1501 4057 1676 4112 etiam
1698 4056 1969 4128 praecepit
1993 4060 2057 4110 ut

406 4147 658 4222 singulis
709 4150 879 4204 annis
915 4192 926 4204 .
963 4189 974 4200 .
1015 4191 1025 4201 .
1062 4164 1222 4203 mare
1254 4147 1541 4214 Rubrum,
1578 4148 1633 4200 in
1686 4145 1900 4200 crastin
1939 4186 1951 4199 .
1988 4186 2000 4199 .
2038 4186 2052 4200 .

406 4240 535 4294 has.
569 4280 580 4293 .
619 4280 631 4292 .
666 4237 1086 4311 lEgyptiorum,
1125 4242 1188 4291 ut
1232 4253 1330 4292 eos
1381 4238 1892 4308 persequerentur.
1928 4233 2053 4288 Filii

403 4332 598 4383 autem
623 4327 798 4382 Israel
823 4328 1082 4383 videntes
1099 4327 1552 4392 eos,timuerunt
1570 4323 1750 4378 valde.
1769 4322 2053 4378 Dominus

400 4421 595 4471 tamen
617 4417 845 4488 aperuit
868 4417 982 4472 illis
1014 4431 1193 4481 mare,
1220 4420 1276 4468 et
1301 4413 1572 4484 apparuit
1598 4412 1780 4479 arida,
1804 4416 1860 4466 et
1893 4413 2052 4466 facta

399 4511 536 4560 sunt
567 4521 729 4575 aquae
748 4522 781 4559 a
806 4503 1023 4558 dextris
1041 4518 1244 4557 eorum
1268 4505 1324 4555 et
1346 4501 1600 4556 sinistris
1624 4501 1794 4572 quasi
1820 4518 2047 4566 murus,

2191 561 2248 611 et
2274 574 2378 612 nos
2413 557 2746 612 nullatenus
2779 572 3095 628 possumus
3125 554 3339 610 diaboli
3372 553 3553 610 vitare
3576 553 3850 626 laqueos,

2190 646 2298 700 nisi
2335 663 2434 717 per
2464 648 2756 701 lavacrum
2789 644 3083 716 baptismi.
3112 645 3181 698 Et
3210 643 3362 699 sicut
3385 659 3591 699 omnes
3622 644 3852 700 inimici

2189 751 2390 789 eorum
2424 734 2714 790 submersi
2749 735 3065 806 perierunt,
3099 735 3180 788 ita
3222 732 3422 787 omnia
3451 731 3593 787 vitia
3622 749 3760 804 quas
3792 733 3850 789 in

2191 823 2357 878 nobis
2381 824 2985 894 suntexstinguuntur
3004 822 3062 876 in
3087 820 3852 892 baptismate.Celebremus

2189 929 2345 984 ergo.
2370 912 2965 977 dilectissimi,verum
2988 911 3614 974 Pascha,transeamus
3639 928 3674 966 a
3690 911 3852 967 vitiis

2190 1003 2257 1056 ad
2311 1003 2576 1068 virtutes,
2618 1018 2853 1057 oremus
2903 1001 3219 1056 Dominum
3268 1004 3332 1056 ut
3379 1001 3590 1056 liberet
3618 1018 3731 1057 nos
3783 1002 3855 1057 de

2189 1107 2367 1145 manu
2400 1091 2739 1159 Pharaonis,
2762 1091 2819 1145 id
2852 1096 2938 1145 est
2970 1107 3003 1144 a
3035 1093 3318 1160 potestate
3348 1089 3566 1144 diaboli
3600 1107 3614 1144 :
3653 1107 3856 1146 resur-

2189 1197 2398 1249 gamus
2431 1198 2463 1236 a
2495 1186 2678 1236 morte
2705 1181 2776 1235 ad
2807 1181 3006 1244 vitam,
3031 1178 3252 1234 scilicet
3282 1196 3315 1232 a
3346 1182 3582 1249 peccato
3615 1180 3690 1235 ad
3715 1181 3856 1251 jus-

2188 1268 2378 1324 titiam
2411 1289 2422 1325 :
2457 1271 2801 1326 festinemus
2833 1270 2902 1324 ad
2933 1273 3195 1324 sanctam
3228 1268 3572 1334 Ecclesiam,
3607 1285 3742 1340 qua:
3765 1274 3856 1324 est

2187 1359 2389 1414 civitas
2438 1364 2642 1414 sancta
2690 1357 3075 1426 Hierusalem,
3127 1362 3190 1411 ut
3238 1373 3573 1412 mereamur
3620 1356 3843 1414 habere

2188 1453 2411 1519 partem
2465 1466 2596 1503 cum
2644 1449 2788 1520 ipsis
2820 1449 2916 1519 qui
2968 1450 3409 1502 resurrexerunt
3452 1462 3587 1502 cum
3633 1445 3762 1517 illo,
3797 1453 3852 1502 et

2188 1542 2585 1608 apparuerunt
2618 1538 2677 1592 in
2710 1528 2991 1593 sanctam
3025 1536 3318 1591 civitatem
3371 1535 3578 1592 multis
3611 1537 3848 1607 (Matth.

2186 1643 2360 1692 xxvn,
2388 1628 2500 1698 73).
2539 1629 2597 1681 In
2631 1627 2756 1698 ipso
2791 1643 2926 1698 ergo
2957 1627 3322 1698 gaudeamus
3366 1629 3424 1681 et
3459 1625 3849 1689 exsultemus,

2189 1717 2289 1786 qui
2322 1733 2454 1771 cum
2489 1716 2656 1771 Patre
2687 1721 2743 1772 et
2774 1715 2992 1787 Spiritu
3023 1720 3244 1770 sancto.

2822 1839 3066 1895 SERMO
3106 1839 3191 1894 IX.

2792 1928 2925 1966 ῙΤΕΜ
2963 1927 3018 1965 1N
3055 1927 3233 1966 ΑιΒιε.

2262 2023 2334 2072 La
2343 2018 2500 2074 udate
2517 2019 2830 2086 Dominum,
2845 2034 3031 2074 omnes
3047 2025 3250 2087 gentes,
3278 2023 3326 2073 et
3350 2019 3668 2074 collaudale
3691 2036 3846 2090 eum,

2187 2123 2371 2163 omnes
2397 2106 2593 2179 populi
2620 2108 2789 2178 (Psal.
2816 2125 2958 2177 cxvr,
2977 2108 3037 2178 1).
3062 2106 3312 2179 Dignum
3337 2109 3632 2178 etjustum
3658 2113 3760 2163 est
3783 2113 3852 2164 ut

2191 2196 2468 2251 Dominus
2483 2214 2515 2251 a
2529 2197 2694 2251 nobis
2708 2195 3848 2268 semperlaudetur,PsaImistatestante,

2187 2285 2284 2356 qui
2319 2285 2398 2339 ait
2431 2302 2442 2338 :
2479 2284 2800 2340 Benedicam
2831 2286 3119 2340 Dominum
3140 2286 3197 2339 in
3228 2287 3380 2341 omni
3402 2289 3676 2357 tempore;
3699 2301 3845 2341 sem-

2183 2389 2280 2444 per
2305 2373 2424 2429 laus
2443 2374 2559 2445 ejus
2581 2375 2637 2428 in
2671 2390 2761 2429 ore
2779 2390 2896 2430 meo
2919 2373 3089 2444 (Psal.
3119 2391 3311 2441 xxxm,
3340 2375 3413 2443 1).
3435 2377 3680 2445 Semper
3709 2391 3843 2430 vero

2185 2459 2388 2518 laudes
2432 2461 2660 2516 Domini
2705 2466 2902 2517 nostro
2953 2461 3037 2516 ori
3069 2462 3444 2528 conveniunt,
3479 2462 3581 2517 sed
3634 2462 3696 2517 in
3731 2461 3840 2517 hac

2184 2549 2470 2622 praecipue
2493 2555 2656 2605 tanta
2688 2549 3031 2605 festivitate:
3055 2549 3193 2622 Regi
3222 2549 3379 2605 enim
3411 2549 3510 2622 qui
3533 2549 3835 2605 infernum

2183 2639 2484 2710 confregit,
2519 2638 2776 2710 captivos
2803 2639 3052 2706 reduxit,
3073 2639 3252 2694 vitam
3286 2639 3561 2707 reddidit,
3585 2643 3836 2694 mortem

2182 2727 2569 2798 ademit,jure
2599 2727 2890 2783 canticum
2923 2744 3134 2783 novum
3155 2727 3419 2798 debetur,
3434 2728 3688 2799 ejusque
3708 2728 3837 2783 lau-

2181 2815 2476 2870 dationem
2509 2817 2674 2872 decet
2725 2816 3060 2888 praeclaram
3114 2832 3484 2889 concrepare.
3517 2817 3622 2872 Eia
3655 2834 3836 2883 nunc,

2182 2904 2388 2959 fratres
2439 2904 2794 2975 charissimi,
2829 2921 2963 2960 cum
3011 2903 3302 2977 PrOpheta
3349 2910 3569 2960 cantate
3596 2907 3838 2960 Domi-no

2177 2995 2454 3048 canticum
2469 2995 2816 3059 novum,laus
2831 2994 2948 3065 ejus
2970 2995 3028 3048 in
3049 2995 3276 3049 ecclesia
3295 2998 3623 3049 sanctorum
3647 2996 3665 3065 (
3677 2996 3808 3051 Psal
3820 3037 3830 3051 .

2179 3097 2358 3147 cxux,
2396 3083 2436 3152 ι)
2471 3099 2483 3136 :
2518 3099 2630 3137 non
2667 3083 2829 3138 aereis
2874 3081 3175 3154 cymbalis,
3210 3099 3326 3137 non
3366 3082 3688 3140 canticulis
3723 3084 3839 3157 pla-

2180 3174 2430 3238 tearum,
2463 3189 2578 3226 non
2609 3172 2883 3228 tubarum
2919 3172 3187 3243 strepitu,
3211 3173 3310 3228 sed
3337 3190 3481 3228 novo
3504 3174 3837 3241 cantico,id

2180 3263 2269 3313 est
2298 3258 2435 3313 Novi
2468 3260 2846 3329 Testamenti,
2882 3260 3191 3316 Dominum
3214 3261 3547 3317 collaudare
3578 3269 3836 3336 oportet.

2179 3347 2398 3419 Itaque,
2433 3349 2706 3404 subditur
2742 3366 2754 3404 ε
2790 3350 3164 3406 Exsultahunt
3193 3353 3370 3406 sancti
3397 3351 3585 3423 (lbid.,
3620 3352 3687 3424 5)
3724 3399 3736 3408 .
3774 3395 3786 3407 .
3823 3395 3835 3407 .

2176 3436 2232 3490 in
2265 3438 2496 3492 Domino
2524 3438 2791 3508 glorietur
2821 3440 2894 3510 (II
2924 3442 3043 3495 Cor.
3078 3457 3133 3504 x,
3164 3439 3267 3510 17).
3306 3484 3317 3495 .
3355 3482 3369 3496 .
3403 3440 3648 3511 gaudio,
3679 3443 3834 3513 quia,

2175 3525 2301 3595 ipso
2325 3530 2572 3582 testante
2589 3527 2872 3599 apostolo,
2890 3529 3093 3584 transit
3112 3529 3348 3583 mundus
3370 3537 3420 3584 et
3440 3532 3834 3602 concupiscen-

2170 3616 2250 3668 tia
2279 3616 2393 3684 ejus
2422 3616 2467 3686 (I
2495 3617 2656 3672 Joan.
2691 3633 2750 3682 ιι,
2784 3617 2891 3688 17).
2930 3658 2943 3671 .
2980 3658 2992 3671 .
3034 3617 3092 3671 in
3135 3617 3250 3672 Deo
3291 3616 3534 3684 scilicet,
3568 3621 3834 3690 profecto

2170 3701 2227 3755 in
2253 3702 2547 3759 cubilibus
2569 3703 2692 3758 suis
2715 3703 3089 3775 laetabuntur,
3111 3705 3168 3760 id
3192 3705 3354 3760 estin
3383 3722 3532 3778 pura
3555 3723 3674 3763 sua
3707 3725 3837 3764 con-

2169 3790 2410 3848 scientia
2439 3797 2495 3847 et
2525 3794 2744 3849 mundo
2777 3794 2969 3865 corde,
3003 3811 3117 3865 quo
3150 3794 3331 3849 Deum
3363 3809 3606 3851 cernere
3641 3813 3836 3853 mere-

2168 3879 2406 3935 buntur.
2431 3881 2551 3936 Non
2584 3881 2856 3937 laetantur
2877 3883 2933 3937 in
2966 3883 3304 3949 theatris,ut
3326 3883 3539 3939 scenici
3567 3902 3580 3951 ;
3615 3902 3744 3942 non
3779 3887 3834 3941 in

2166 3969 2561 4040 epithalamiis
2587 3977 2642 4025 et
2669 3971 2996 4039 cantilenis,
3023 3979 3088 4027 ut
3112 3971 3275 4027 mimi
3300 3997 3314 4040 ς
3337 3989 3455 4028 non
3479 3972 3539 4027 in
3565 3973 3836 4031 saltatio-

2167 4057 2338 4113 nibus
2370 4064 2426 4113 et
2455 4060 2628 4126 circo,
2657 4064 2720 4140 ut
2750 4061 3065 4117 histriones
3094 4060 3182 4116 vel
3210 4061 3504 4117 idolorum
3539 4064 3832 4135 cultores,

2166 4163 2339 4217 quos,
2372 4147 2480 4203 heu
2511 4148 2523 4202 ι
2559 4149 2799 4220 quidam
2817 4149 3128 4205 Christiani
3146 4151 3338 4206 adhuc
3362 4150 3420 4205 in
3453 4151 3673 4209 multis
3701 4154 3836 4209 imi-

2172 4237 2547 4302 tantur.Quid
2568 4237 2723 4291 enim
2747 4237 3142 4294 miserabilius
3155 4238 3569 4312 senibus,quid
3589 4244 3835 4315 turpius

2164 4325 2509 4395 juvenibus,
2542 4326 2681 4397 quid
2701 4327 3085 4398 perniciosius
3130 4327 3607 4396 adolescentulis,
3648 4348 3832 4404 quam

2160 4419 2365 4484 stupra
2382 4413 2668 4486 virginum
2690 4419 2746 4470 et
2768 4415 3039 4472 libidines
3063 4419 3432 4473 meretricum
3458 4418 3619 4490 turpi
3653 4426 3832 4492 gestu

2159 4507 2215 4557 et
2248 4503 2460 4558 blanda
2491 4521 2627 4559 voce
2665 4509 2920 4571 cantare,
2952 4511 3015 4560 ut
3045 4511 3401 4578 spectatores
3424 4524 3567 4562 suos
3600 4510 3829 4564 talibus

396 4598 452 4649 et
482 4593 929 4648 ambulaverunt
961 4608 1063 4662 per
1094 4589 1316 4643 siccum
1348 4589 1405 4643 in
1440 4589 1631 4644 medio
1666 4590 1846 4645 maris
1882 4606 1895 4643 :
1930 4590 2044 4643 ini-
2080 4580 2122 4643 Ι)
2154 4591 2620 4648 insidiisadsuas
2643 4595 3412 4666 provocentcorruptiones?
3433 4596 3484 4651 ei
3507 4597 3825 4668 quiadhuc

399 4683 536 4736 mici
568 4686 761 4736 autem
785 4697 989 4735 eorum
1024 4684 1434 4750 persequentes
1457 4679 1744 4734 submersi
1769 4683 1927 4740 sunt.
1949 4695 2048 4734 nec

396 4787 538 4824 unus
567 4770 840 4839 superfuit
886 4784 955 4822 ex
999 4769 1076 4822 eis
1124 4767 1312 4838 (Exod.
1348 4786 1461 4837 xxv,
1507 4770 1615 4839 28).
1670 4768 1798 4822 Haec
1850 4767 2044 4837 itaque

398 4856 786 4927 omniatypus
819 4861 876 4910 et
920 4856 1107 4928 ﬁgura
1158 4863 1341 4922 erant,
1367 4857 1521 4927 quod
1546 4872 1700 4910 nunc
1723 4855 1959 4929 cernitis
1983 4855 2039 4909 in

392 4944 630 4999 veritate
651 4945 922 5014 perfecta.
941 4944 1083 5000 Nam
1111 4944 1250 5000 illud
1277 4945 1584 5014 Pascha,in
1601 4959 1713 5014 quo
1737 4943 1832 4997 ille
1855 4961 2041 5015 agnus

393 5038 682 5088 mactatus
704 5033 980 5102 est,istud
1004 5033 1458 5108 signiﬁcabat,in
1487 5049 1600 5102 quo
1628 5049 1797 5087 verus
1817 5035 2036 5104 Agnus,

386 5121 443 5177 id
467 5125 555 5177 est
576 5122 859 5178 Dominus
885 5131 1082 5180 noster
1100 5124 1274 5178 Jesus
1295 5121 1560 5175 Christus
1587 5120 1813 5175 occisus
1835 5126 1948 5175 est:
1968 5124 2038 5178 de

385 5213 557 5281 cujus
590 5213 872 5284 sanguine
897 5215 1008 5269 nisi
1041 5218 1237 5285 postes
1271 5209 1476 5275 nostri,
1500 5209 1556 5263 id
1587 5214 1674 5264 est
1706 5226 1806 5264 ora
1838 5216 2037 5266 nostra

384 5301 708 5373 signentur,
742 5304 880 5358 salvi
908 5319 1034 5358 esse
1065 5317 1178 5355 non
1208 5315 1545 5371 possumus.
1581 5298 1742 5352 Sicut
1774 5315 1908 5371 ergo
1933 5317 2036 5371 per

383 5388 540 5445 illius
571 5392 704 5465 agni
737 5393 1153 5448 mactationem
1173 5394 1228 5443 et
1259 5389 1602 5459 sanguinem
1626 5387 1728 5441 lilii
1762 5388 1935 5443 Israel
1960 5390 2030 5444 ab

379 5477 712 5551 Egyptiaca
741 5486 880 5536 sunt
902 5479 1178 5534 servitute
1211 5477 1459 5545 liberati,
1486 5478 1565 5531 ita
1600 5492 1704 5529 nos
1738 5492 1838 5544 per
1861 5476 2032 5533 istius

376 5569 494 5622 veri
527 5570 676 5639 Agni
727 5587 760 5622 a
807 5569 1085 5622 servitute
1125 5565 1417 5622 diabolica
1465 5580 1674 5621 sumus
1723 5563 2030 5635 redempti.

376 5657 537 5728 Quod
561 5661 758 5713 autem
780 5655 863 5712 illi
885 5655 1144 5713 hostium
1164 5654 1324 5712 nullo
1347 5653 1518 5710 modo
1552 5649 1801 5709 evadere
1821 5655 2030 5724 potue-

2156 4685 2256 4734 aut
2287 4681 2482 4736 divina
2511 4682 2697 4753 gratia
2726 4683 3004 4738 custoditi
3037 4701 3149 4738 non
3183 4685 3541 4752 ceciderunt,
3569 4692 3679 4741 aut
3712 4685 3821 4742 mi-

2154 4769 2445 4824 seratione
2465 4787 2565 4841 per
2584 4770 2981 4842 paenitentiam
3005 4773 3671 4837 surrexeruntJuxuriie
3697 4792 3822 4848 pos-

2154 4857 2272 4912 sint
2301 4857 2625 4930 impingere
2652 4859 2970 4916 volutabris
2990 4860 3017 4915 ?
3052 4861 3410 4917 Meretricem
3435 4881 3702 4936 namque
3722 4865 3821 4920 Sa-

2152 4944 2350 5001 lomon
2381 4947 2689 5002 insinuans
2718 4947 2800 5003 ait
2824 4966 2835 5004 :
2861 4949 3056 5004 Mulier
3079 4951 3308 5020 garrula
3338 4957 3391 5006 et
3421 4968 3588 5023 vaga,
3613 4952 3822 5023 quietis

2149 5037 2459 5107 impatiens,
2493 5052 2589 5090 nec
2618 5037 2807 5092 valens
2836 5041 2950 5092 suis
2968 5039 3200 5109 pedibus
3229 5041 3288 5093 in
3317 5040 3475 5096 domo
3502 5043 3814 5108 consistere,

2149 5141 2297 5179 nunc
2323 5127 2479 5196 foris,
2515 5141 2662 5179 nunc
2690 5129 2750 5180 in
2795 5127 3013 5197 plateis,
3045 5145 3192 5182 nunc
3213 5129 3381 5199 juxta
3411 5130 3652 5200 angulos
3686 5128 3816 5184 insi-

2145 5214 2308 5268 dians
2340 5214 2518 5283 (Prov.
2552 5231 2649 5279 vn,
2686 5215 2892 5280 10-12),
2917 5219 2973 5268 et
3004 5216 3118 5270 alia
3149 5216 3567 5286 hujuscemodi
3600 5218 3807 5281 multa,

2145 5320 2272 5373 quae
2306 5319 2407 5374 pro
2438 5302 2840 5373 magnitudine
2862 5306 3191 5359 enumerari
3215 5323 3327 5360 non
3363 5314 3635 5378 possunt.
3667 5306 3808 5362 Dina

2145 5407 2374 5463 quoque
2405 5391 2546 5445 tanti
2600 5391 2783 5461 patris
2813 5392 2992 5447 Jacob
3025 5393 3166 5463 lilia,
3200 5396 3339 5449 dum
3375 5396 3446 5450 ad
3479 5396 3804 5451 videndum

2145 5478 2417 5533 mulieres
2451 5479 2704 5550 regionis
2745 5481 3034 5552 graditur,
3070 5487 3339 5554 stuprum
3375 5501 3658 5557 perpessa
3691 5488 3801 5538 est.

2143 5566 2358 5622 Multas
2380 5568 2553 5623 etiam
2574 5567 2717 5623 alias
2736 5569 2916 5623 simili
2941 5571 3110 5625 modo
3129 5571 3410 5628 amissam
3435 5573 3805 5644 irrecupera-

2141 5653 2319 5714 bilem
2335 5654 2724 5730 virginitatem
2748 5655 3000 5733 graviter
3021 5657 3249 5721 ﬂevisse
3266 5665 3326 5719 et
3339 5661 3595 5737 legimus
3613 5664 3672 5719 et
3693 5675 3803 5717 au-
