3966 6210
165 306 306 371 849

1683 302 2129 368 SERMONES.

3498 311 3622 375 850

175 440 303 496 bus
332 435 608 496 convenit
625 434 993 510 aquipedare
1013 436 1288 510 vestigia:
1315 435 1577 509 talesque
1601 442 1851 492 nosmet-
1880 442 1935 506 Α
1965 438 2104 495 tiam
2136 446 2492 514 temperans,
2525 459 2792 500 amarum
2825 447 3026 517 potum
3071 461 3177 502 sua
3207 444 3612 502 incarnatione

173 529 358 602 ipsos
405 544 742 602 praeparare
790 531 1034 598 oportet,
1071 532 1135 582 ut
1191 526 1239 581 si
1295 528 1545 582 necdum
1607 527 1858 598 Spiritus

183 618 384 676 sancti
417 616 671 690 gratiam
703 617 996 687 percipere
1028 615 1372 685 meruimus,
1405 615 1490 670 vel
1524 621 1856 688 perceptam

182 707 492 782 peccando
545 705 894 778 repulimus,
941 705 1012 760 ad
1058 705 1499 777 suspiciendum
1541 706 1723 776 (152.8)
1772 704 1858 760 vel

183 799 375 854 etiam
409 795 815 868 recipiendum
851 795 1182 866 pariterque
1217 795 1664 849 custodiendum
1699 795 1853 848 inve-

183 887 435 942 niamur
463 884 680 940 idonei.
717 885 1032 955 Ipsumque
1059 883 1410 938 Salvatorem
1425 885 1687 939 omnium
1713 901 1858 956 pura

184 979 414 1040 mente,
450 973 656 1028 devoto
703 989 822 1038 ore,
855 971 1048 1043 dignis
1087 973 1360 1044 operibus
1407 973 1655 1043 rogitare
1687 989 1854 1028 cure-

185 1081 329 1120 mus
359 1063 569 1133 (1529),
602 1065 667 1116 ut
700 1060 1007 1117 nobiscum
1039 1062 1426 1132 usque(1530)
1460 1062 1518 1115 in
1549 1067 1852 1126 aeternum,

182 1154 299 1209 etsi
336 1169 454 1208 non
479 1149 878 1222 corporaliter,
897 1150 1288 1222 persuti'ragia
1311 1166 1545 1205 manere
1560 1151 1852 1222 dignetur,

179 1243 319 1316 ipso
353 1243 664 1312 praestante
688 1239 789 1310 qui
820 1255 954 1294 cum
970 1238 1137 1294 Patre
1159 1244 1214 1294 et
1245 1239 1464 1309 Spiritu
1487 1244 1689 1294 sancto
1712 1237 1853 1292 vivit

180 1340 241 1387 et
256 1329 550 1404 gloriatur
565 1335 713 1384 Deus
731 1346 831 1400 per
844 1329 1043 1384 omnia
1055 1328 1266 1384 saacula
1279 1327 1648 1383 saeculorum.
1665 1333 1850 1382 Amen

179 1421 230 1475 X
240 1421 290 1476 II
299 1419 467 1475 .ldem
479 1434 658 1473 sermo
677 1418 1125 1485 abbreviatus,ne
1140 1417 1394 1486 vulgares
1405 1417 1847 1486 fastidiarentur.

256 1509 669 1574 Pentecosten,
723 1507 932 1562 fratres
963 1506 1318 1570 charissimi,
1374 1506 1530 1560 diem
1581 1512 1847 1562 sanctum

193 1597 666 1668 colimus,quem
700 1613 731 1650 a
767 1594 1067 1650 Dominica
1097 1595 1522 1650 resurrectione
1555 1595 1849 1666 quinqua-

188 1686 487 1760 gesimum
512 1701 916 1740 numeramus.
938 1684 1312 1752 Πεντηκοστήν
1339 1684 1495 1738 enim
1515 1683 1727 1749 Graece,
1754 1689 1848 1738 La-

187 1775 312 1831 tine
347 1773 926 1846 quinquagenarium
959 1771 1384 1844 intelligimus;
1420 1789 1557 1826 nam
1588 1773 1850 1843 quinque
1881 1809 1930 1873 Β

194 1864 445 1920 decades
463 1863 624 1917 hunc
652 1878 961 1917 numerum
977 1866 1436 1933 consequuntur:
1455 1862 1554 1933 qui
1578 1862 1702 1917 dies
1723 1861 1852 1918 ideo

202 1952 622 2009 celeberrimus
663 1952 814 2005 inter
844 1951 981 2006 anni
1015 1950 1187 2006 ferias
1231 1951 1498 2016 habetur,
1533 1951 1670 2022 quia
1697 1951 1754 2005 in
1787 1968 1852 2006 eo

201 2042 456 2114 Spiritus
489 2046 748 2106 sanctus,
775 2040 995 2095 scilicet
1023 2039 1354 2096 Paraeletus
1380 2056 1410 2095 e
1440 2039 1582 2095 ccelo
1613 2039 1851 2095 veniens

201 2130 498 2202 apostolos
527 2130 672 2185 adeo
703 2128 1047 2184 conﬁrmare
1079 2129 1353 2201 dignatus
1383 2137 1490 2194 est,
1527 2134 1590 2185 ut
1616 2145 1850 2184 omnem

199 2225 423 2276 metum
451 2236 568 2292 quo
588 2219 750 2292 prius
773 2217 990 2273 clausis
1009 2218 1211 2288 januis
1240 2219 1348 2274 sub
1371 2218 1602 2274 silentio
1637 2218 1852 2273 detine-

199 2308 583 2374 bantur,suis
611 2307 887 2363 cordibus
905 2306 1285 2376 excutientes,
1311 2323 1447 2362 mox
1467 2307 1668 2362 eadem
1701 2306 1852 2362 clau-

195 2403 322 2454 stra
335 2395 881 2468 respuentes,licera
893 2412 1028 2451 voce
1045 2395 1125 2452 Ch
1135 2396 1344 2451 ristum
1359 2395 1552 2467 palam
1575 2396 1850 2451 omnibus

193 2487 484 2559 gentibus
517 2485 923 2557 praedicarent:
974 2485 1074 2556 qui
1106 2484 1279 2540 etiam
1326 2484 1386 2540 in
1425 2485 1616 2541 Veteri
1646 2485 1848 2540 Testa-

193 2579 401 2631 mento
432 2574 614 2629 festus
650 2574 970 2641 colebatur,
1003 2578 1176 2646 atque
1206 2575 1265 2628 in
1306 2589 1372 2629 eo
1405 2575 1659 2646 primum
1694 2575 1847 2646 apud

193 2680 292 2720 eos
307 2679 494 2735 panes
525 2663 594 2718 de
615 2663 777 2718 novis
801 2662 1069 2734 frugibus
1092 2662 1149 2716 in
1181 2663 1398 2735 templo
1434 2662 1847 2718 ministraban-

192 2759 310 2809 tur.
346 2752 589 2824 Mystiee
610 2758 804 2807 autem
827 2751 982 2822 apud
1004 2768 1108 2806 nos
1130 2753 1256 2823 ipso
1283 2752 1374 2806 die
1397 2769 1574 2823 panes
1597 2753 1668 2806 de
1685 2751 1850 2806 novis

158 2827 166 2836 ’
191 2839 490 2912 frugibus,
525 2839 580 2894 id
613 2843 702 2894 est
724 2856 880 2894 novas
902 2837 1146 2894 virtutes
1177 2840 1367 2894 sancti
1398 2839 1651 2912 Spiritus
1674 2855 1776 2910 per
1795 2855 1850 2894 a-

194 2928 458 3002 postolos
488 2928 715 2984 traditas
745 2932 886 2982 sunt
901 2928 1195 3000 gentibus.
1231 2928 1519 2984 Necdeest
1549 2947 1582 2984 a
1602 2929 1846 2998 ratione,

195 3018 350 3090 quod
385 3016 878 3090 quinquagesimo
910 3017 1002 3072 die
1025 3022 1336 3088 postquam
1366 3017 1650 3074 Dominus
1681 3019 1848 3090 (Egy-

195 3111 361 3180 ptum
392 3107 454 3161 in
479 3105 886 3178 primogenitis
916 3106 1222 3177 percussit,
1257 3107 1501 3178 ejusque
1517 3106 1846 3178 principum

1968 530 2102 586 fecit
2131 547 2258 587 esse
2290 533 2625 603 potabilem.
2651 533 2911 606 Denique
2938 535 2992 588 in
3027 535 3216 590 Veteri
3240 536 3611 592 Testamenlo

1969 619 2252 691 scriptum
2275 627 2396 676 est:
2435 625 2629 677 Anima
2672 639 2790 693 qua:
2817 624 3008 695 fecerit
3039 626 3333 696 quidquam
3382 627 3448 680 de
3478 629 3611 680 abo-

1966 712 2362 765 minationibus
2402 714 2542 779 istis,
2570 714 2768 783 peribit
2799 714 2863 767 de
2889 716 3085 785 papula
3117 731 3234 779 suo,
3267 715 3398 769 dicit
3430 717 3608 769 Dom-i-

1966 814 2067 851 nus
2099 800 2239 868 (Leu.
2275 817 2434 870 xvm,
2466 802 2576 871 29).
2613 802 2674 856 In
2734 819 2876 856 novo
2937 803 3298 873 reperimus:
3336 803 3611 858 Gaudium

1963 888 2067 941 erit
2093 889 2151 941 in
2181 888 2318 943 cwto
2342 906 2506 960 super
2534 907 2642 944 uno
2690 900 2965 960 peccatore
2987 894 3248 962 ptenitcnt
3259 895 3366 946 iam
3397 897 3610 963 agente,

1964 992 2129 1045 quam
2149 993 2311 1048 super
2340 981 2646 1046 nonaginta
2676 996 2867 1034 novem
2900 982 3068 1050 justis
3098 998 3206 1035 non
3236 982 3612 1050 indigentibus

1959 1065 2345 1134 pwnitcntiam
2377 1070 2524 1134 (Luc.
2555 1085 2644 1133 xv,
2675 1070 2751 1138 7).
2787 1069 3006 1136 Videte,
3041 1071 3266 1137 fratres,
3301 1088 3370 1125 ne
3403 1072 3607 1141 perda-

1964 1169 2097 1208 mus
2129 1155 2445 1225 poenitendi
2479 1161 2732 1227 tempus,
2758 1159 2911 1227 quod
2943 1163 3104 1212 tanta
3137 1163 3221 1214 est
3244 1159 3611 1230 indulgentia

1962 1257 2326 1297 concessum.
2355 1245 2497 1298 Nam
2524 1245 2875 1315 paenitentiae
2895 1247 3146 1301 fructum
3172 1248 3423 1302 dicimus
3445 1248 3611 1318 quid-

1961 1330 2097 1399 quid
2134 1348 2234 1402 pro
2253 1331 2447 1386 delicti
2473 1333 2867 1388 satisfactione
2886 1335 3021 1389 boni
3045 1336 3234 1406 operis
3257 1337 3328 1391 ad
3352 1337 3605 1391 divinam

1961 1419 2491 1475 reconciliationem
2513 1423 2806 1476 tendendo
2830 1423 3447 1495 peragimus,jejunia,
3472 1425 3611 1496 vigi-

1960 1507 2090 1574 lias,
2124 1509 2536 1577 continentiae,
2588 1511 2902 1577 orationes,
2951 1529 3126 1582 opera
3176 1513 3606 1581 misericordias,

1960 1613 2064 1651 seu
2097 1602 2335 1652 czsteras
2353 1599 2618 1654 virtutes.
2650 1599 2863 1655 Multas
2895 1601 3110 1672 quippe
3141 1601 3309 1656 nobis
3341 1601 3608 1656 Christus

1961 1684 2202 1740 semitas
2227 1686 2517 1757 proponit,
2552 1703 2654 1758 per
2685 1705 2831 1758 quas
2855 1690 3197 1759 perditionis
3222 1690 3416 1745 foveas
3442 1689 3613 1744 decli-

1961 1791 2100 1829 nare
2156 1774 2439 1830 valemus.
2499 1776 2608 1830 Sed
2660 1782 2878 1847 quanto
2917 1777 3085 1848 plura
3134 1783 3272 1833 sunt
3329 1778 3605 1834 evadendi

1963 1863 2226 1932 consilia,
2259 1868 2422 1918 tanto
2453 1864 2904 1920 miserabiliores
2943 1871 3081 1921 sunt
3112 1867 3211 1938 qui
3243 1868 3608 1923 descendunt

1962 1951 2020 2006 in
2069 1951 2284 2006 lacum.
2319 1951 2478 2006 Licet
2523 1952 2701 2022 igitur
2731 1953 2824 2008 his
2855 1955 3168 2009 transactis
3199 1955 3408 2011 diebus
3438 1956 3608 2026 quasi

1961 2039 2184 2112 nuptiis
2216 2057 2318 2112 pro
2351 2041 2628 2095 continua
2659 2041 3026 2097 solemnitate
3060 2044 3116 2097 in
3145 2043 3368 2099 deliciis
3397 2044 3610 2098 vixeri-

1962 2146 2116 2199 mus,
2149 2133 2491 2200 stantesque
2521 2129 2802 2185 orationis
2833 2137 2964 2186 vota
2995 2132 3240 2186 Domino
3272 2132 3610 2204 persolveri-

1963 2235 2116 2288 mus,
2151 2235 2306 2272 nunc
2337 2221 2532 2272 autem
2567 2218 2780 2274 abhinc
2812 2225 2964 2275 terra
3013 2221 3289 2291 prostrati
3320 2220 3610 2293 lacrymas

1960 2307 2301 2372 fundamus,
2326 2307 2569 2378 jejuniis
2601 2312 2657 2362 et
2677 2307 2890 2379 vigiliis
2911 2326 3142 2380 operam
3179 2310 3406 2378 demus,
3429 2309 3609 2382 pumi-

1959 2396 2152 2450 tentias
2202 2383 2493 2450 sarcinam
2543 2396 2842 2468 suscipere
2901 2397 3266 2452 festinemus.
3326 2397 3419 2453 Ait
3449 2399 3602 2453 enim

1958 2483 2242 2539 Dominus
2270 2484 2328 2538 in
2357 2483 2699 2555 Evangelio:
2733 2485 2848 2539 Non
2873 2492 3097 2555 possunt
3124 2486 3236 2553 ﬁlii
3254 2487 3436 2557 sponsi
3453 2488 3608 2558 jeju-

1956 2589 2114 2643 nare,
2145 2574 2317 2628 donec
2345 2589 2471 2627 cum
2501 2573 2616 2627 illis
2647 2577 2723 2627 est
2761 2590 2987 2644 sponsus
3007 2592 3027 2634 ;
3076 2577 3252 2629 veniet
3309 2576 3444 2630 hora
3484 2592 3610 2630 eum

1959 2664 2241 2732 auferetur
2268 2663 2336 2716 ab
2365 2664 2462 2731 eis,
2513 2671 2565 2716 et
2619 2671 2748 2718 tunc
2794 2664 3127 2734 jejunabunt
3158 2665 3216 2718 in
3274 2666 3389 2719 illis
3420 2664 3610 2720 diebus

1960 2750 2181 2822 (Matth.
2211 2769 2288 2817 ix,
2314 2752 2422 2822 15).
2449 2752 2767 2806 Transacto
2785 2770 3017 2823 quoque
3045 2759 3303 2825 tempore
3333 2755 3614 2825 quodam-

1959 2839 2131 2894 modo
2187 2839 2494 2895 nobiscum
2551 2857 2652 2911 per
2711 2835 3396 2912 corporalem'Dominus
3428 2843 3617 2897 adluit

1959 2929 2328 3000 prmsentiam
2358 2945 2370 2983 :
2406 2929 2505 2984 sed
2540 2946 2694 2984 nunc
2717 2931 2844 3000 jam
2878 2932 3052 2986 cmlos
3074 2931 3351 3001 ascendit,
3384 2933 3455 2987 ad
3480 2933 3615 2987 dex-

1958 3021 2142 3072 teram
2175 3018 2338 3072 sedet
2369 3017 2574 3088 patris.
2610 3018 2772 3073 Unde
2823 3037 2969 3090 pura
3017 3025 3230 3087 mente,
3265 3021 3468 3076 devoto
3495 3038 3614 3087 ore,

1960 3105 2154 3177 dignis
2182 3107 2460 3178 operibus
2488 3123 2622 3161 cum
2677 3108 2927 3178 rogitare
2977 3125 3276 3175 curemus,
3320 3114 3385 3162 ut
3414 3110 3615 3164 nobis-

195 3176 548 3268 potestatem
580 3176 889 3262 destruxit,
925 3176 1118 3266 atque
1157 3194 1310 3250 filios
1342 3176 1619 3251 Israel—de
1647 3176 1849 3252 eorum
1882 3176 1924 3244 C
1963 3176 2097 3248 cum
2143 3176 2328 3265 usque
2371 3195 2428 3248 in
2461 3176 2769 3260 internum,
2798 3195 2906 3250 etsi
2937 3212 3052 3250 non
3087 3195 3480 3266 corporaliter,
3515 3214 3617 3267 per

194 3285 475 3342 servitute
506 3289 564 3339 et
592 3283 772 3338 maris
800 3283 977 3338 Rubri
1022 3285 1308 3355 profundo
1346 3283 1632 3350 liberavit,
1666 3284 1853 3356 legem

194 3391 299 3448 per
329 3373 568 3446 Moysen
586 3389 764 3444 quam
783 3372 1016 3445 populis
1045 3373 1402 3444 praedicaret,
1419 3375 1556 3429 dare
1573 3374 1851 3441 decrevit;

196 3467 254 3519 et
285 3460 782 3534 quinquagesimo
817 3460 910 3516 die
969 3465 1283 3533 postquam
1312 3461 1608 3517 infernum
1639 3461 1698 3518 in
1731 3463 1854 3518 suis

197 3550 484 3625 primitiis
517 3549 830 3622 percussit,
863 3551 1108 3622 eiusque
1147 3550 1479 3623 principum
1511 3555 1853 3623 potestatem

198 3640 511 3706 destruxit,
546 3644 603 3694 et
631 3655 836 3694 omnes
868 3639 967 3710 qui
989 3639 1108 3693 illic
1132 3639 1389 3694 indebite
1418 3639 1853 3708 detinebantur,

199 3730 271 3786 de
302 3728 594 3801 profundo
627 3727 832 3784 mortis
871 3727 1089 3795 eduxit,
1125 3745 1227 3800 per
1255 3727 1537 3799 Spiritum
1585 3733 1855 3783 sanctum

200 3817 483 3891 apostolis
499 3816 654 3887 quali
665 3822 750 3872 ter
764 3821 1129 3888 agerent,seu
1147 3817 1291 3872 alios
1304 3818 1662 3873 instruerent
1674 3817 1859 3873 decla-

201 3923 330 3964 rare
351 3907 598 3962 curavit.
622 3905 731 3962 Sed
767 3905 963 3960 divina
981 3906 1345 3977 providentia
1367 3906 1610 3961 alteram
1635 3907 1858 3962 Israeli-

197 3997 313 4052 tico
334 3995 554 4068 populo
595 4011 700 4067 per
731 3994 988 4066 Moysen,
1021 3995 1263 4050 alteram
1292 3995 1464 4050 nobis
1495 4013 1597 4067 per
1625 4002 1858 4050 sanctos

201 4085 502 4158 apostolos
519 4083 708 4157 legem
725 4083 906 4138 voluit
919 4084 1356 4139 commendare:
1383 4084 1482 4139 illa
1505 4084 1860 4140 minaturin-

198 4175 437 4231 teritum
453 4174 578 4229 hazc
591 4172 807 4246 jugiter
820 4171 1219 4244 pcenitentiam
1235 4173 1586 4236 docet.0uod
1605 4173 1860 4228 ostendit

201 4264 430 4335 Moyses
447 4278 584 4318 cum
610 4261 1148 4333 postdatamlegem
1165 4261 1524 4316 descendens
1555 4263 1625 4316 de
1661 4269 1858 4318 monte

201 4354 416 4409 rediret
445 4352 519 4408 ad
550 4349 857 4423 populum.
893 4353 1055 4405 Certe
1077 4366 1211 4404 cum
1242 4349 1558 4404 invenisset
1588 4366 1859 4420 peccasse

201 4441 487 4514 populum
511 4441 571 4496 in
594 4437 760 4493 vituli
792 4437 954 4494 aurei
985 4438 1343 4504 adoratione,
1369 4437 1547 4492 dixit:
1583 4440 1706 4495 Haec
1723 4439 1858 4494 dicit

1965 3282 2821 3355 suifragiamanere,dignetur,
2843 3284 2967 3354 ipso
3000 3289 3330 3354 praestante,
3354 3285 3454 3353 qui
3479 3301 3613 3340 cum

1967 3373 2132 3427 Patre
2170 3377 2227 3427 et
2257 3372 2477 3443 Spiritu
2511 3375 2713 3426 sancto
2743 3371 2882 3426 vivit
2911 3376 2968 3427 et
2997 3371 3279 3443 gloriatur
3307 3371 3481 3442 Deus,
3515 3389 3618 3442 per

1966 3459 2164 3516 omnia
2195 3459 2406 3515 saecula
2437 3459 2784 3514 seculorum
2817 3465 3023 3515 Amen.

2568 3565 2811 3621 SERMO
2851 3566 2999 3622 XIII.

1968 3672 2027 3709 ΙΝ
2066 3670 2531 3709 ΑΝΝυΝΤΙΑΤΙΟΝΕ
2573 3671 2731 3708 BEATI
2773 3670 3186 3708 PRH-JCURSORIS
3225 3669 3293 3707 ET
3331 3669 3618 3709 MARTYRIS

2050 3742 2256 3780 DOMINI
2300 3742 2501 3781 NOSTRI
2541 3743 2675 3780 JESU
2717 3743 2919 3794 Cl-IISTI,
2959 3742 3198 3781 JOANNIS
3238 3741 3538 3782 ΒΑΡἸΊΒΤΛΕ.

2039 3815 2178 3871 Post
2195 3816 2380 3886 (1531)
2403 3815 2794 3886 evangelicam
2817 3815 3149 3881 lectionem,
3174 3815 3382 3870 fratres
3404 3813 3622 3870 charis-

1969 3905 2126 3965 simi.
2163 3904 2490 3960 beatissimi
2516 3905 2764 3960 Joannis
2785 3905 3162 3976 praecursoria
3182 3903 3414 3959 Domini
3438 3904 3618 3959 nostri

1965 3995 2105 4050 Jesu
2138 3993 2351 4048 Christi
2376 3993 2542 4048 nobis
2566 3997 2654 4048 est
2676 3993 3018 4048 denuntiata
3037 3992 3329 4060 nativitas,
3353 3993 3423 4046 de
3449 3993 3620 4060 cujus

1968 4082 2392 4154 praeparatione
2422 4080 2644 4152 aliquid
2670 4098 2825 4135 nunc
2851 4082 2976 4150 jam
3004 4080 3362 4135 edocendum
3386 4094 3513 4133 esse
3536 4080 3617 4133 vi-

1967 4172 2158 4229 detur.
2192 4169 2332 4240 quia
2380 4168 2737 4222 omnimodis
2790 4169 3110 4222 cavendum
3154 4171 3243 4221 est
3293 4183 3363 4220 ne
3408 4166 3618 4237 vulgus

1969 4257 2195 4329 polluat
2234 4256 2585 4327 ignorantia,
2630 4256 2786 4326 quod
2834 4271 3066 4308 summa
3113 4255 3420 4308 observare
3466 4254 3620 4325 cogit

1968 4344 2329 4411 obedientia;
2364 4342 2408 4398 si
2444 4347 2635 4397 autem
2671 4342 2996 4398 nescientes
3013 4341 3367 4413 deliquerint
3396 4343 3453 4396 in
3487 4342 3616 4397 tali-

1969 4435 2101 4501 bus,
2135 4450 2251 4487 una
2281 4449 2388 4488 nos
2419 4449 2552 4486 cum
2589 4430 2701 4486 illis
2734 4430 2984 4486 involvet
3037 4430 3359 4486 sententia:
3405 4431 3453 4485 si
3485 4447 3618 4486 vero

202 4533 471 4587 Dominus
516 4530 660 4584 Deus
689 4525 903 4583 Israel:
955 4528 1152 4583 Ponite
1192 4529 1568 4598 unusquisque
1612 4527 1860 4597 gladium
1891 4547 1936 4612 Β
1969 4541 2097 4597 qua:
2129 4522 2504 4578 docuerimus
2535 4519 3017 4592 contempserint,
3051 4519 3134 4574 sic
3164 4519 3418 4574 alienum
3450 4518 3621 4574 deﬂe-

200 4637 366 4675 suum
397 4634 562 4689 super
591 4619 776 4686 femur
801 4632 986 4680 suum,
1016 4621 1070 4671 et
1099 4615 1306 4671 occidat
1337 4616 1696 4686 ucusquisq-uc
1739 4618 1856 4684 fra-

199 4717 348 4763 trem
379 4723 558 4771 suum,
590 4709 641 4762 et
682 4707 1062 4776 unusquisque
1105 4707 1423 4776 proximum
1452 4721 1614 4760 suum
1654 4706 1855 4772 (Exod.

201 4812 389 4866 xxxii,
421 4798 532 4858 27).
564 4796 780 4851 Beatus
794 4811 928 4850 vero
949 4797 1154 4849 Petrus
1172 4795 1443 4866 princeps
1460 4793 1859 4866 apostolorum

201 4902 342 4942 cum
378 4883 618 4956 reliquis
668 4887 802 4954 post
858 4883 1173 4937 adventum
1232 4883 1416 4938 sancti
1445 4883 1712 4954 Spiritus,
1744 4881 1861 4936 illis

202 4975 380 5030 etiam
405 4971 510 5044 qui
537 4973 733 5044 ipsum
762 4970 1071 5026 Dominum
1094 4971 1864 5036 crucifixerant,eonstanter

200 5065 320 5120 ait:
366 5062 770 5118 Paenitentiam
817 5060 980 5128 agite,
1032 5068 1085 5113 et
1135 5061 1444 5130 baptizetur
1488 5060 1864 5130 unusquisque

198 5161 444 5210 uestrum
493 5157 556 5205 in
582 5149 812 5204 nomine
855 5149 984 5202 Jesu
1032 5147 1229 5204 Christi
1261 5151 1321 5203 in
1347 5149 1722 5202 remissionem
1745 5162 1866 5217 pec-

197 5248 480 5305 catorum,
511 5242 565 5294 et
618 5236 909 5306 accipietis
937 5235 1157 5291 domum
1188 5237 1436 5305 Spiritus
1455 5237 1633 5291 sancti
1663 5236 1861 5306 (Actu,

197 5331 316 5399 38).
360 5327 732 5398 Redemptor
776 5339 1030 5394 namque
1060 5329 1257 5380 noster
1283 5327 1494 5380 veteris
1525 5324 1670 5395 legis
1700 5323 1863 5377 duri-

203 5491 397 5564 (1528)
419 5483 701 5564 Mansius
749 5481 1148 5564 suscipiendam
1187 5485 1389 5539 contra
1421 5482 1634 5538 codicis
1667 5481 1862 5536 fidem.

307 5551 465 5628 1529)
496 5559 575 5614 Μ.
611 5551 897 5610 mendose
919 5552 1194 5609 instemus.

279 5563 467 5704 E1530)
496 5629 577 5687 M.
607 5625 745 5683 sine
770 5636 956 5691 usque.

309 5625 467 5704 1530)
496 5629 577 5687 Μ.
607 5625 745 5683 sine
770 5636 956 5691 usque.

1969 4613 2185 4681 bimus,
2202 4615 2266 4665 ut
2283 4616 2551 4665 nostrum
2575 4609 2782 4663 exinde
2804 4625 2918 4664 non
2938 4609 3252 4663 timeamus
3269 4606 3616 4678 periculum.

1968 4703 2290 4773 Cognoscat
2338 4699 2519 4772 igitur
2567 4697 2878 4770 prudentia
2927 4701 3119 4752 vestra
3150 4695 3364 4750 malam
3399 4695 3470 4750 de
3498 4699 3618 4750 tam

1969 4790 2223 4863 gloriosa
2244 4787 2612 4845 solemnitate
2641 4786 2858 4840 crebris
2881 4786 2939 4840 in
2972 4785 3114 4842 locis
3145 4785 3450 4840 inolevisse
3483 4801 3616 4839 con-

1971 4879 2409 4944 suetitudinem,
2444 4881 2508 4931 ut
2535 4875 2801 4946 quaedam
2835 4873 3214 4929 meretricula:
3246 4873 3522 4929 ecclesias
3563 4877 3620 4928 et

1973 4968 2170 5022 divina
2199 4967 2391 5022 ofﬁcia
2422 4964 2850 5034 derelinquant,
2911 4967 2968 5016 et
3025 4963 3246 5032 passim
3304 4963 3486 5034 (1532)
3519 4978 3620 5034 per

1973 5056 2194 5129 plateas
2224 5060 2281 5110 et
2312 5055 2585 5126 compita,
2611 5054 2800 5107 fontes
2824 5050 3000 5106 etiam
3032 5056 3088 5104 et
3118 5068 3254 5105 rura
3280 5055 3620 5121 pernoctan-

1971 5150 2079 5214 tes,
2133 5144 2339 5199 choros
2380 5147 2660 5212 statuant,
2702 5137 2990 5196 canticula
3029 5139 3214 5207 (1533)
3247 5140 3616 5208 componant,

1973 5238 2159 5288 sortes
2189 5233 2501 5297 deducant,
2537 5237 2594 5285 et
2641 5228 2925 5301 quidquid
2953 5225 3124 5282 alicui
3157 5227 3383 5280 evenire
3413 5225 3622 5280 debeat

1973 5322 2032 5376 in
2065 5319 2280 5374 talibus
2329 5319 2608 5374 simulent
2655 5316 2951 5389 augurari.
2988 5315 3245 5377 Quarum
3279 5313 3619 5386 superstitio

2045 5478 2228 5548 (1531)
2263 5475 2525 5532 Munsius
2555 5493 2670 5545 per.

2045 5549 2229 5618 (1532)
2265 5549 2340 5603 M.
2369 5549 2599 5618 partim.

2045 5553 2207 5616 (15:52
2265 5553 2340 5603 M.
2369 5553 2599 5618 partim.

2045 5553 2232 5690 (1533)
2261 5623 2334 5676 Μ.
2365 5619 2772 5676 cantiuncutas.
