3966 6210
378 351 491 415 851

1397 351 1736 416 ATTONIS
1781 336 2367 415 VERCELLENSIS
2410 349 2768 413 EPISCOPI

3675 336 3792 415 sse

382 489 526 547 adeo
555 486 743 562 gignit
768 485 1083 553 insaniam,
1115 488 1179 542 ut
1211 486 1422 542 herbas
1451 487 1539 542 vel
1571 486 1806 543 frondes
1835 486 2024 557 bapti-
2054 488 2103 553 Α
2138 484 2394 539 claustra
2423 484 2827 540 descendendo
2851 498 2864 539 :
2885 481 2984 555 qui
3005 481 3179 539 etiam
3205 480 3347 538 adeo
3368 479 3441 537 ab
3469 497 3539 539 eo
3563 485 3787 557 magni.

380 595 511 635 zare
541 579 917 651 praesumant,
951 580 1005 631 et
1037 574 1243 631 exinde
1292 580 1618 647 eompatres
1648 575 1735 630 vel
1767 591 2025 630 comma-

380 673 499 725 tres
530 668 784 723 audeant
811 665 1085 730 vocitare,
1132 664 1373 735 suisque
1403 665 1676 719 domibus
1707 680 2026 735 suspensas

381 756 483 813 diu
532 756 590 810 in
617 754 991 827 postmodum
1022 754 1191 824 quasi
1238 753 1534 825 religionis
1557 770 1733 809 causa
1753 754 2029 808 studeant

380 860 740 903 conservare.
773 842 919 898 Nam
949 842 1154 897 beatus
1185 842 1440 897 Joannes
1471 843 1598 896 ideo
1633 842 1888 914 Baptista
1916 842 2029 895 dic-

375 938 475 991 tus
506 938 616 1005 est,
648 932 783 1005 quia
805 932 930 1004 ipse
969 930 1227 1002 primum
1258 932 1620 1002 baptismum
1665 929 2028 985 remissionis

378 1022 719 1079 hominibus
743 1020 1168 1093 praedicaverat,
1192 1024 1248 1075 et
1270 1020 1601 1091 baptizandi
1632 1018 2025 1074 ministerium

378 1113 729 1182 sumpserat.
752 1112 1179 1181 Auctoremque
1197 1109 1461 1164 omnium
1479 1126 1584 1164 suo
1609 1107 1823 1163 meruit
1840 1110 2029 1164 lavare

375 1199 746 1273 baptismate.
799 1198 1219 1255 Caeterarum...
1255 1198 1586 1253 Beatissimi
1612 1214 1843 1270 quoque
1876 1197 2028 1252 Petri

376 1288 661 1361 principis
688 1288 1084 1359 apostolorum
1130 1287 1499 1343 festivitatem
1553 1286 1894 1358 hujusmodi
1936 1304 2027 1341 so-

376 1377 502 1434 lent
531 1377 740 1433 neniis
772 1375 1199 1432 commaculare
1226 1393 1239 1431 :
1285 1392 1533 1447 quarum
1566 1375 1689 1430 aliae
1721 1375 2029 1430 maleﬁcio-

380 1483 536 1538 rum,
582 1465 712 1521 aliaa
758 1464 947 1536 stupri
979 1481 1176 1534 causa,
1208 1464 1426 1519 talibus
1455 1464 1810 1519 vanitatibus
1840 1464 2029 1519 inser-

380 1554 550 1611 viunt
579 1552 782 1625 (1532).
815 1553 1190 1608 Considerate
1221 1568 1377 1625 ergo,
1426 1552 1632 1608 fratres
1676 1552 2028 1619 cbarissimi,

384 1647 673 1717 quantum
687 1642 944 1698 dedecus
957 1642 1103 1698 tales
1124 1642 1291 1697 nobis
1306 1641 1848 1712 prioribus,quantu
1859 1658 2033 1712 mque

382 1733 496 1789 sibi
527 1731 780 1788 inferant
800 1730 1250 1799 detrimentum,
1282 1736 1338 1785 et
1366 1730 1450 1785 sic
1482 1730 1892 1801 unusquisque
1924 1729 2034 1785 sal—

2136 573 2346 627 ﬁcatus
2378 577 2485 642 est,
2519 578 2582 627 ut
2612 572 2800 644 ipsius
2829 571 3165 628 testimonio
3195 570 3498 628 clariﬁcari
3533 575 3597 628 et
3626 572 3787 646 plus-

2136 677 2311 734 quam
2334 662 2673 733 prophetam
2699 661 3431 734 appellari,mereretur.Ad
3450 662 3629 733 cujus
3652 680 3789 735 quo-

2137 767 2248 822 que
2294 752 2757 823 exaggerandam
2790 750 3036 823 gloriam
3070 750 3310 822 insuper
3339 750 3630 822 adjiciens
3660 752 3780 808 ait:

2138 842 2177 894 Α
2209 839 2398 894 diebus
2441 841 2665 895 Joannis
2693 857 2863 912 usque
2907 855 3054 894 nunc
3096 856 3334 911 regnum
3383 841 3650 895 cwlorum
3680 844 3786 897 vim

2135 931 2364 999 patitur,
2398 937 2449 984 et
2498 930 2726 984 violenti
2750 931 2976 1000 rapiunt
3002 928 3141 984 illud
3185 928 3394 999 (Matth.
3425 946 3505 996 χι,
3543 931 3655 1001 12).
3689 934 3783 987 Re-

2135 1034 2306 1087 gnum
2335 1018 2595 1073 uelorum
2621 1021 2731 1072 vim
2755 1018 2970 1089 patitur
2997 1024 3045 1072 et
3091 1017 3326 1072 violenti
3353 1020 3583 1089 rapiunt
3626 1020 3776 1083 illud,

2138 1124 2270 1162 cum
2305 1107 2436 1178 quis
2469 1124 2680 1179 pravus
2712 1123 2979 1178 perversa
3018 1106 3191 1179 longo
3220 1112 3556 1179 tempore...
3592 1126 3787 1180 pcenas

2140 1213 2287 1269 quas
2311 1195 2459 1251 male
2472 1194 2715 1250 vivendo
2730 1196 3069 1268 promeruit,
3093 1196 3551 1252 misericorditer
3581 1198 3784 1265 evadit,

2140 1288 2380 1355 atque...
2434 1284 2754 1340 sublimn...
2809 1284 3085 1340 cmlorum
3134 1301 3265 1340 mox
3295 1284 3476 1341 intrat
3538 1291 3784 1342 ovanter.

2140 1375 2291 1429 Bene
2324 1378 2516 1429 autem
2559 1392 2590 1429 a
2620 1375 2826 1429 diebus
2866 1373 3132 1441 Joannis,
3181 1374 3319 1445 quia
3360 1375 3486 1446 ipse
3535 1374 3779 1447 primum

2140 1463 2498 1534 baptismum
2532 1462 2864 1535 praedicavit
2886 1479 2989 1535 per
3018 1478 3191 1534 quem
3217 1467 3452 1535 peccata
3484 1464 3783 1519 dimittun-

2141 1556 2255 1622 tur,
2290 1557 2345 1607 et
2384 1553 2578 1621 januse
2612 1552 2774 1624 regni
2828 1551 3078 1607 caelestis
3136 1552 3512 1623 pandantur:
3556 1542 3653 1607 ubi
3684 1571 3779 1610 nos

2142 1641 2274 1712 pius
2322 1640 2605 1696 Dominus
2663 1640 2889 1695 meritis
2941 1645 2999 1695 et
3054 1639 3576 1697 intercessionibus
3604 1641 3780 1712 ipsius

2143 1729 2464 1785 beatissimi
2498 1729 2873 1801 praecursoria
2899 1732 2956 1783 et
2987 1729 3266 1800 martyris
3288 1728 3382 1785 sui
3415 1728 3669 1802 recipere
3698 1729 3780 1784 di-

381 1827 501 1878 tem
533 1821 716 1893 (1535)
740 1821 982 1877 domum
1006 1836 1173 1875 suam
1198 1836 1229 1874 a
1249 1818 1467 1874 talibus
1489 1823 1697 1890 purget
1713 1819 2028 1874 erroribus.
2066 1853 2114 1918 B
2144 1823 2381 1890 gnetur;
2416 1818 2588 1888 cujus
2618 1833 2865 1889 regnum
2897 1820 2953 1871 et
2986 1816 3322 1889 imperium.

386 1910 717 1968 Partiamur
744 1926 895 1966 onus
924 1909 1131 1981 (1536),
1188 1908 1515 1981 partiamur
1575 1912 1632 1962 et
1685 1908 1867 1979 (1537)
1898 1925 2039 1979 prte-

386 1999 613 2056 mium:
660 1999 831 2054 debet
880 1997 1040 2053 enim
1092 1997 1501 2068 unusquisque
1550 1999 1811 2051 vestrum
1855 1996 2036 2068 (1538)

385 2087 584 2145 domui
618 2104 736 2143 sum
767 2102 1015 2160 praeesse
1045 2085 1379 2157 episcopus,
1432 2083 1570 2157 quia
1600 2084 1909 2156 episcopus
1937 2102 2038 2139 su-

384 2177 784 2251 perinspector
804 2175 1021 2231 dicitur
1044 2192 1058 2230 :
1086 2176 1157 2230 ab
1181 2190 1533 2245 unoquoque
1563 2174 1718 2229 enim
1753 2180 2037 2245 quantum

392 2265 671 2336 creditur,
703 2267 930 2319 tantum
979 2263 1241 2335 exigetur
1270 2264 1476 2335 (1539).
1506 2261 1708 2317 Videte
1740 2262 1877 2334 quia
1909 2261 2039 2316 nul-

392 2353 488 2410 lus
518 2358 629 2421 est,
668 2352 762 2408 cui
795 2351 1018 2423 aliquid
1055 2369 1169 2405 non
1201 2352 1493 2417 credatur,
1528 2356 1585 2406 et
1615 2368 1650 2405 a
1672 2367 1788 2422 quo
1821 2350 2038 2421 aliquid

394 2459 509 2498 non
542 2442 827 2513 exigatur.
864 2440 950 2494 Ad
984 2439 1209 2494 cultum
1243 2455 1378 2511 ergo
1406 2443 1578 2493 tantas
1597 2439 1929 2494 festivitatis
1958 2440 2041 2493 vi-

394 2530 596 2587 cissim
628 2546 736 2585 nos
766 2528 1011 2584 invitare
1040 2545 1334 2596 curemus,
1359 2528 1767 2600 abstergamus
1797 2544 2040 2595 errores,

393 2622 635 2675 cunctas
662 2616 909 2672 haereses
939 2615 1323 2688 repellamus;
1351 2617 1616 2687 jejuniis,
1651 2616 1884 2688 vigiliis,
1917 2633 2043 2671 ora-

393 2705 654 2764 tionibus
676 2721 865 2777 precu
876 2721 1132 2773 rramus,
1149 2709 1214 2759 ut
1233 2705 1434 2760 devote
1455 2710 1572 2759 tam
1593 2704 1849 2777 praeclari
1897 2721 2040 2759 mare

392 2794 539 2870 tyris
569 2795 786 2851 festum
819 2794 1006 2866 (1540)
1036 2792 1328 2849 celebrare
1360 2809 1712 2858 mereamur,
1736 2797 2046 2864 praestante

396 2882 643 2939 Domino
673 2885 875 2939 nostro
902 2882 1041 2938 Jesu
1072 2881 1327 2937 Christo.

1013 2970 1253 3026 SERMO
1293 2971 1419 3027 XIV
1433 3012 1446 3025 .

854 3060 913 3098 IN
951 3059 1282 3099 NATIVITATE
1319 3059 1596 3098 EJUSDEM.

468 3133 637 3191 Illius
664 3131 837 3190 hodie
868 3131 1163 3198 nativitas,
1188 3132 1395 3187 fratres
1417 3130 1771 3198 cbarissimi,
1799 3129 2049 3186 celebra-

2774 1923 3009 1980 SERMO
3048 1922 3164 1978 XV.

2218 2014 2277 2051 ΙΝ
2318 2010 2672 2051 ΡεετινιτΑτε
2710 2012 3053 2051 SANCTORUM
3093 2011 3506 2053 APOSTOLORUM
3543 2012 3705 2053 PETRI

2821 2083 2889 2121 ET
2928 2083 3118 2122 PAULI.

2218 2156 2509 2211 Hodierna
2536 2155 2896 2223 solemnitas,
2932 2156 3140 2210 fratres
3168 2154 3514 2222 cbarissimi,
3546 2173 3650 2212 nos
3680 2158 3781 2213 ad-

2150 2250 2348 2300 monet
2395 2243 2867 2300 beatissimorum
2914 2243 3309 2315 apostolorum
3360 2244 3511 2299 Petri
3541 2249 3597 2300 et
3623 2244 3784 2300 Pauli

2153 2336 2423 2390 ardenter
2453 2333 2724 2405 amplecti
2758 2333 3022 2404 vestigia,
3071 2333 3169 2405 qui
3199 2336 3388 2389 semet
3418 2335 3778 2407 abnegantes,

2152 2425 2557 2494 mundumque
2574 2438 2785 2477 omnen
2809 2426 3033 2477 contem
3044 2422 3647 2492 nentes,judiciariam
3665 2425 3782 2495 ejus

2152 2512 2343 2583 adepti
2369 2517 2507 2567 sunt
2528 2516 2873 2583 potestatem
2896 2511 3025 2583 :qui
3050 2511 3246 2579 etiam,
3265 2511 3407 2583 quia
3429 2514 3647 2569 mundo
3666 2529 3782 2568 suc-

2153 2602 2427 2657 cumbere
2449 2600 2781 2669 noluerunt,
2811 2599 2953 2655 coelo
2977 2599 3197 2673 praelati
3215 2604 3377 2670 sunt,
3403 2602 3577 2674 cujus
3594 2603 3783 2658 Petrus

2152 2689 2421 2761 claviger,
2457 2687 2669 2744 Paulus
2702 2688 2890 2745 factus
2910 2693 2999 2744 est
3027 2689 3412 2746 introductor.
3432 2691 3479 2748 Ο
3508 2708 3676 2765 quam
3705 2690 3782 2746 di-

2153 2795 2335 2853 gnum
2361 2784 2418 2833 et
2446 2793 2748 2849 magnum,
2782 2782 2848 2833 ut
2877 2777 3081 2834 Petrus
3109 2777 3362 2851 claviger
3390 2779 3476 2836 sit
3502 2779 3781 2846 cmlorum,

2154 2872 2209 2925 et
2236 2868 2462 2923 Lucifer
2481 2883 2771 2923 carcerem
2795 2867 3007 2922 sentiat
3023 2867 3362 2924 inferorum!
3396 2868 3584 2926 Homo
3612 2885 3784 2925 surre-

2154 2958 2238 3013 xit
2258 2958 2329 3013 ad
2361 2960 2631 3012 aeternam
2665 2956 2931 3029 gloriam,
2969 2955 3213 3029 angelus
3239 2957 3456 3015 cecidit
3474 2959 3546 3015 ad
3577 2974 3786 3030 poenam

2158 3049 2530 3119 perpetuam:
2563 3046 2673 3101 iste
2700 3045 2760 3101 in
2793 3062 2855 3101 se
2886 3044 3137 3101 multum
3170 3044 3453 3118 praelatus
3479 3051 3537 3103 et
3567 3051 3786 3117 erectus,

2157 3134 2444 3191 ommium
2476 3151 2510 3189 a
2539 3134 2655 3189 Deo
2700 3138 3031 3191 creaturam
3075 3135 3264 3191 factus
3290 3140 3382 3191 est
3409 3136 3677 3203 inﬁmus;
3704 3134 3791 3190 ille

401 3228 518 3292 tur,
550 3224 622 3278 de
653 3238 768 3295 quo
799 3221 1081 3278 Dominus
1113 3220 1194 3276 ait
1224 3222 1283 3276 in
1334 3218 1644 3292 Evangelio
1670 3236 1682 3274 :
1716 3222 1865 3276 Inter
1893 3222 2049 3275 natos
2078 3212 2121 3279 C
2159 3222 2405 3279 humilis
2446 3227 2503 3277 et
2531 3223 2816 3294 abjectus,
2865 3223 3040 3278 etiam
3073 3223 3477 3295 apostolorum
3510 3225 3690 3280 factus
3716 3225 3792 3279 est

406 3313 715 3370 mulierum
736 3327 847 3368 non
880 3312 1126 3366 surrexit
1152 3311 1332 3382 major
1358 3309 1584 3365 Joanne
1614 3309 1874 3381 Baptista
1898 3312 2050 3376 (Luc.

402 3419 503 3470 v11,
537 3402 653 3472 28).
684 3403 849 3457 Natos
876 3401 1375 3466 mulierum,natos
1407 3415 1476 3455 ex
1504 3397 1752 3454 mollitia
1773 3398 2050 3470 concupi-

405 3491 637 3548 scentia
658 3487 1155 3562 appellat;mulier
1172 3505 1427 3561 namque
1442 3505 1473 3544 e
1494 3487 1740 3543 mollitia
1759 3488 1912 3543 dicta
1941 3492 2051 3558 est,

401 3596 468 3636 eo
498 3579 653 3650 quod
684 3577 781 3632 hic
817 3592 991 3633 sexus
1041 3576 1208 3632 facile
1239 3576 1520 3633 moliatur
1549 3576 1619 3630 ad
1652 3576 1904 3648 culpam.
1938 3576 2052 3631 No-

399 3669 647 3724 tandum
678 3682 817 3722 sane
866 3665 1006 3736 quia
1035 3682 1204 3721 suam
1237 3665 1522 3723 Dominus
1555 3665 1914 3721 nativitatem
1946 3665 2054 3721 hoc

400 3753 738 3810 testimonio
750 3769 865 3808 non
877 3753 1438 3825 comprehendit,cuj
1448 3770 1516 3808 us
1530 3754 1713 3809 Mater
1724 3754 1832 3809 etsi
1846 3758 2055 3809 natura

401 3841 561 3898 dicta
590 3839 667 3896 sit
713 3840 944 3907 mulier,
974 3840 1162 3895 virilis
1212 3844 1409 3901 tamen
1442 3841 1552 3896 fuit
1580 3841 1639 3896 in
1672 3842 2051 3910 continentia,

404 3946 532 4004 quae
563 3928 689 3985 sine
721 3929 981 3985 humana
1024 3930 1497 4001 concupiscentia
1521 3930 1723 4002 genuit
1751 3930 1973 4003 prolem
1997 3936 2056 3986 et

404 4019 627 4076 mundo
656 4018 841 4074 edidit
868 4017 1245 4074 Salvatorem.
1267 4019 1499 4075 Ceteris
1529 4023 1724 4075 autem
1751 4019 2054 4076 sanctissi-

404 4108 518 4165 mis
546 4112 605 4165 et
633 4108 885 4164 summis
900 4106 1416 4174 hominibus,virili
1439 4107 1659 4164 scilicet
1677 4109 1902 4165 semine
1924 4125 2053 4179 pro-

404 4197 638 4265 creatis,
669 4196 870 4253 nullus
902 4198 1139 4254 beatum
1166 4197 1451 4253 Joannem
1485 4215 1585 4269 per
1613 4198 1812 4254 omnia
1832 4197 2058 4254 dubitet

405 4287 828 4360 coaequandum
854 4286 1216 4353 catholicus;
1252 4288 1422 4357 cujus
1453 4287 1725 4342 nativitas
1753 4287 1809 4340 in
1841 4287 2058 4357 templo

404 4376 477 4432 ab
507 4375 714 4449 angelo
747 4374 1036 4443 nuntiata,
1063 4392 1180 4446 qua
1211 4381 1396 4430 mater
1426 4376 1642 4431 sterilis
1673 4380 1731 4429 et
1753 4376 1876 4445 jam
1911 4392 2060 4430 anus

404 4464 733 4531 fecundata,
762 4464 819 4519 in
854 4480 970 4536 qua
991 4469 1047 4518 et
1068 4469 1233 4519 muta
1260 4464 1440 4535 patris
1465 4464 1665 4534 lingua
1685 4463 1952 4518 absoluta
1972 4469 2062 4518 est

2161 3312 2388 3384 primus
2416 3328 2429 3366 :
2464 3311 2631 3367 illum
2665 3311 2976 3382 prostravit
2999 3312 3478 3384 superbia,hunc
3507 3312 3789 3369 humilitas

2162 3399 2518 3457 sublimavit.
2542 3401 2729 3464 Quam
2771 3401 2918 3456 bene
2945 3401 3147 3456 Simon
3181 3402 3377 3456 dictus
3409 3408 3522 3474 est,
3557 3403 3687 3474 quia
3712 3400 3788 3455 Si-

2163 3506 2297 3545 mon
2325 3490 2742 3561 interpretatur
2773 3489 3089 3545 obediens!
3122 3490 3309 3561 (quem
3339 3491 3565 3548 sodalis
3593 3488 3787 3546 Paulus

2162 3595 2278 3633 non
2306 3578 2477 3649 longe
2507 3594 2614 3633 suo
2673 3594 2906 3649 quoque
2967 3582 3203 3634 secutus
3235 3583 3324 3634 est
3353 3579 3595 3635 nomine
3627 3597 3640 3635 :
3670 3591 3790 3632 nam

2165 3667 2411 3722 Paulum
2444 3683 2651 3738 parum
2680 3665 2933 3722 dicimus
2958 3683 2971 3720 :
3002 3666 3232 3722 videtur
3262 3668 3422 3724 enim
3456 3668 3649 3725 multa).
3675 3666 3791 3721 obe-

2163 3756 2393 3811 dientiae
2420 3771 2545 3812 esse
2591 3771 2846 3823 nomem,
2880 3772 3009 3810 cum
3035 3756 3125 3810 vir
3152 3760 3315 3812 tanta
3347 3756 3650 3813 divinitate
3677 3769 3793 3827 per-

2162 3844 2772 3915 lustratus,tantisque
2787 3842 3122 3899 cmlestibus
3141 3845 3792 3918 dogmatibusimbutus,

2165 3940 2230 3989 ut
2258 3935 2331 3989 ab
2356 3934 2485 4005 ipso
2518 3933 2760 3989 Domino
2791 3949 2895 3987 vas
2918 3931 3219 3989 electionis
3249 3934 3321 3989 ad
3338 3935 3687 4007 portandum
3706 3944 3794 3986 no-

2166 4039 2300 4079 men
2332 4038 2508 4077 suum
2565 4020 2756 4076 vocari
2813 4025 3141 4077 mereretur
3170 4023 3311 4095 (Act.
3345 4040 3426 4090 1x,
3458 4024 3570 4097 15),
3600 4022 3717 4095 ipse
3743 4031 3796 4072 se

2166 4109 2474 4182 parvulum
2507 4110 2821 4165 aestimaret
2849 4109 3298 4167 nominandum.
3329 4115 3581 4185 Magnus
3620 4111 3797 4179 itaque

2166 4199 2280 4253 dici
2339 4197 2548 4270 potuit,
2582 4214 2756 4269 quem
2805 4197 3090 4263 Dominus
3123 4203 3271 4271 post,
3309 4201 3697 4257 ascensionem
3733 4192 3794 4249 ad

2166 4287 2343 4343 cmlos
2366 4303 2468 4359 per
2498 4287 2883 4359 semetipsum
2912 4288 3139 4343 vocavit
3166 4292 3225 4343 et
3252 4290 3471 4358 docuit,
3503 4304 3669 4360 quem
3698 4281 3795 4339 sibi

2168 4376 2500 4448 apostolum
2564 4377 2925 4431 consecravit
2964 4376 3102 4446 (Gal.
3139 4394 3178 4443 ι,
3239 4380 3313 4447 1).
3373 4379 3475 4451 qui
3532 4370 3794 4448 usquead

2169 4466 2405 4521 tertium
2435 4470 2635 4536 raptus
2656 4469 2745 4520 est
2765 4465 3001 4529 coelum,
3019 4464 3120 4538 qui
3141 4467 3315 4522 etiam
3331 4466 3591 4522 divinum
3610 4458 3798 4520 meruit

405 4570 439 4609 a
465 4570 585 4626 quo
631 4553 885 4608 necdum
938 4556 1074 4607 nato
1122 4553 1350 4607 Domini
1382 4557 1566 4606 mater
1598 4551 1814 4620 agnita,
1846 4551 2060 4606 Christi
2095 4577 2137 4639 ι)
2171 4555 2371 4610 audire
2403 4556 2687 4607 secretum
2717 4554 2787 4622 (ΙΙ
2812 4554 2931 4607 Cor.
2965 4570 3063 4622 xu,
3095 4555 3173 4621 3).
3198 4554 3453 4627 Uterque
3482 4554 3654 4627 igitur
3681 4563 3795 4639 pos-

407 4645 762 4719 quoqueest
790 4641 1100 4712 praesentia
1129 4641 1435 4706 delectata,
1467 4639 1566 4708 qui
1597 4638 1771 4692 etiam
1808 4655 1908 4709 per
1937 4657 2064 4710 pro-

409 4730 647 4802 phetam
678 4729 852 4801 longo
883 4734 1019 4786 ante
1058 4735 1320 4801 tempore
1352 4726 1567 4781 meruit
1595 4725 1963 4796 proclainari,
1994 4729 2065 4784 de

414 4830 531 4889 quo
561 4817 779 4872 dictum
813 4822 902 4874 est
927 4835 940 4873 :
973 4821 1115 4872 Ecue
1143 4818 1299 4870 mitto
1327 4814 1585 4883 angelum
1613 4830 1794 4869 meum
1823 4824 1951 4872 ante
1976 4820 2063 4888 fa-

415 4908 553 4962 ciem
581 4911 756 4979 tuam,
789 4909 888 4978 qui
911 4905 1260 4978 praeparabit
1290 4903 1437 4956 viam
1465 4910 1619 4957 tuam
1648 4908 1776 4958 ante
1820 4913 1870 4959 te
1898 4907 2063 4974 (Mal.

421 4994 596 5067 111,1).
621 4994 997 5053 Considerate
1018 5006 1176 5061 ergo,
1198 4989 1584 5061 dilectissimi,
1610 4997 1829 5063 quanto
1852 4993 2069 5050 honore

418 5082 632 5157 dignus
661 5085 760 5154 sit,
786 5083 886 5153 qui
920 5079 1141 5134 missus
1158 5094 1190 5132 a
1213 5077 1329 5133 Deo
1351 5078 1672 5148 Patre,Filii
1698 5083 1911 5137 meruit
1932 5099 2071 5154 pree-

419 5187 649 5228 currere
670 5173 985 5228 adventum
1007 5183 1021 5221 :
1044 5182 1112 5221 ex
1132 5182 1248 5238 quo
1269 5167 1441 5224 etiam
1467 5171 1544 5224 mi
1555 5171 2069 5242 nisterio,przecur-

418 5259 569 5314 soris
599 5255 857 5328 sumpsit
878 5252 1227 5309 vocabulum
1249 5272 1262 5311 :
1282 5260 1556 5327 praevenit
1573 5258 1730 5313 enim
1755 5257 2069 5314 Dominum

419 5344 734 5411 nascendo,
773 5340 1162 5416 praedicando,
1209 5344 1530 5411 moriendo,
1564 5351 1736 5418 atque
1757 5347 1825 5401 ad
1858 5346 2070 5400 interni

492 5446 678 5516 (1534)
710 5449 785 5504 M.
812 5450 1110 5503 intersunt.

522 5518 678 5590 1535)
708 5523 781 5575 M.
817 5519 1106 5590 ﬂagitiose
1133 5534 1347 5575 omnes."

524 5586 679 5655 1530)
708 5595 778 5644 M.
814 5586 943 5644 sine
972 5592 1043 5642 et.

526 5653 679 5731 1537)
706 5666 780 5718 Μ.
808 5660 1021 5715 statim.

2126 4667 2131 4671 ’
2172 4643 2364 4697 sident
2392 4640 2636 4713 gloriam
2671 4640 2973 4709 claritatis,
3027 4643 3167 4714 quia
3205 4643 3470 4716 utrisque
3498 4640 3679 4698 adfuit
3702 4638 3795 4692 hu-

2175 4729 2393 4784 militas
2452 4729 2777 4784 charitatis.
2841 4729 3091 4802 Uterque
3146 4730 3349 4787 vivunt
3391 4748 3527 4787 cum
3569 4726 3790 4788 Christo.

2174 4818 2313 4890 quia
2344 4818 2493 4873 mori
2526 4834 2642 4873 non
2672 4817 3000 4873 timuerunt
3033 4836 3135 4891 pro
3164 4819 3314 4891 ipso.
3347 4820 3554 4876 Petrus
3574 4832 3680 4874 non
3702 4814 3796 4866 du-

2176 4906 2380 4962 bitavit
2410 4921 2641 4961 crucem
2667 4910 2954 4977 gyratam,
2992 4907 3209 4962 Paulus
3233 4925 3474 4963 manum
3508 4924 3617 4963 non
3646 4915 3795 4973 expa-

2174 4995 2257 5049 vit
2306 4998 2617 5048 armatam.
2670 4996 2773 5049 llle
2830 5000 3007 5066 caput
3036 4995 3351 5052 declinavit
3379 4997 3451 5053 ad
3490 5000 3714 5061 terram,
3744 4990 3798 5041 ut

2176 5083 2248 5137 ad
2281 5081 2489 5138 cmlum
2519 5084 2791 5153 erigeret;
2825 5081 2918 5136 hic
2935 5082 3122 5153 capite
3151 5088 3460 5138 truncatus
3484 5087 3593 5152 est,
3626 5084 3685 5135 ut
3710 5088 3796 5148 po-

2176 5173 2293 5226 tius
2321 5170 2660 5225 cresceret..l
2668 5187 2768 5225 ure
2784 5174 2949 5225 tanta
2973 5172 3267 5226 consecuti
3292 5176 3435 5227 sunt
3462 5158 3796 5244 premis,qu

2176 5259 2323 5314 talia
2353 5257 2718 5330 pertulerunt
2740 5262 3279 5314 tormenta.Horum
3312 5260 3667 5329 acta,fratres
3681 5252 3796 5309 cba-

2179 5346 2422 5415 rissimi,
2474 5345 2800 5417 saepissime
2845 5350 3291 5418 pertractemus,
3351 5352 3406 5403 et
3450 5348 3509 5403 in
3539 5346 3794 5418 quantum

2252 5452 2435 5521 (1538)
2464 5452 2541 5506 M.
2564 5456 2831 5509 nostrum.

2255 5524 2439 5663 (1530)
2468 5523 2544 5576 Μ.
2578 5526 2841 5593 exigitur.

2255 5593 2419 5660 (1540
2465 5593 2581 5650 Cod
2609 5598 2828 5663 festam,

2253 5593 2439 5663 (1540)
2465 5593 2581 5650 Cod
2609 5598 2828 5664 festam,
2859 5599 2925 5651 ut
2954 5610 3068 5651 non
3092 5593 3271 5650 semel
3294 5593 3454 5651 alibi.
