3966 6210
145 332 271 397 853
1652 334 1800 397 SER

1923 334 2093 396 NES.
3457 337 3575 400 854

140 484 485 543 possumus
516 465 736 523 imitari
768 482 1061 525 curemus.
1108 466 1478 540 Respuamus
1509 472 1737 523 terrena
1762 473 1820 523 et
1848 469 1902 535 Α
1933 472 2079 523 tum.
2110 472 2184 523 At
2214 474 2411 540 pastor
2440 468 2709 542 egregius
2756 467 2923 542 signo
2974 468 3162 529 crucis
3210 470 3407 528 omnia
3438 488 3572 528 con-

136 560 406 623 caduca,
438 556 874 629 amplectamur
922 555 1181 612 coelestia
1234 562 1291 612 et
1346 574 1644 624 mansura,
1681 557 1821 629 quia
1928 558 2935 629 fregit,quiadsanctamTrinitatem
2955 561 3573 634 prcedicandum(15-19)

136 648 308 703 nihil
343 648 584 719 prodest
612 646 836 700 homini
870 646 919 700 si
950 651 1136 700 totum
1171 646 1446 715 lucretur,
1470 646 1677 700 animis
1701 663 1817 701 suae
1927 645 2110 701 libera
2132 664 2266 702 voce
2288 648 2485 713 venit;
2524 654 2579 702 ct
2600 649 2698 719 qui
2742 648 2950 703 Filium
2976 650 3073 704 Dei
3115 651 3395 721 aequalem
3423 650 3571 705 Patri

132 738 582 792 detrimentum
615 735 878 807 patiatur
915 736 1122 804 (Matth.
1174 752 1287 798 xvx.
1335 737 1446 805 26).
1480 734 1817 789 Humilitate
1928 736 2225 790 testificari
2253 753 2364 790 non
2395 736 2622 802 metuit,
2646 738 2771 807 ejus
2806 737 3009 792 Matris
3032 741 3247 809 januas
3280 757 3405 795 sese
3441 758 3575 811 pan-

129 826 549 898 gaudeamus,
578 823 916 895 superbiam
941 823 1419 895 fugiamus,quia
1440 826 1617 879 omnis
1639 826 1735 894 qui
1759 840 1817 878 se
1927 824 2129 878 dentes
2159 827 2341 894 (1554))
2377 826 2593 881 intrare
2638 827 2865 880 meruit.
2914 828 3138 882 Cedunt
3184 829 3379 882 Ariani
3413 834 3572 884 tanto

127 916 375 969 exultat
423 913 837 980 humilialntur,
886 920 935 967 et
983 915 1076 983 qui
1120 930 1175 968 se
1198 914 1461 968 humilz’ut
1486 913 1818 968 excitabitur
1927 928 2133 983 pavore
2158 913 2429 984 perculsi,
2456 921 2627 985 atque
2660 916 2729 969 ad
2760 915 3235 971 crudelissimum
3261 924 3573 989 properant

128 1004 307 1073 (Luc.
333 1020 500 1068 xvm,
526 1004 682 1071 14)...
725 1006 833 1070 est,
877 1001 974 1071 qui
1006 1006 1229 1056 amat...
1262 1002 1348 1056 cio
1372 1002 1427 1056 in
1453 1002 1628 1056 vitam
1653 1006 1813 1055 teter-
1926 1000 2333 1071 imperatorem
2351 1002 2599 1057 confusi.
2622 1004 2763 1057 Nam
2785 1005 3330 1060 Constantiusillius
3351 1014 3570 1077 tempo-

1926 1090 2006 1143 ris
2040 1092 2355 1161 imperator
2388 1092 2768 1161 perniciosius
2798 1100 2921 1147 erat
2951 1094 3245 1148 catholicas
3280 1096 3568 1166 ﬁdeisup-

1926 1177 2238 1247 plantator,
2264 1186 2321 1233 et
2343 1180 2480 1249 quia
2495 1180 2753 1234 sciebant
2773 1182 3128 1247 haareticum,
3156 1183 3330 1238 libere
3344 1201 3572 1239 accusa-

129 1110 292 1148 nam
326 1092 569 1163 recipiet
590 1107 740 1147 eam.
778 1090 938 1145 Unde
976 1090 1136 1167 omni
1176 1091 1309 1145 nisu
1334 1091 1680 1161 omnique...
1715 1106 1815 1144 vos

128 1183 316 1236 viros
334 1188 677 1253 satagamus
698 1195 1041 1252 exposcere;
1069 1180 1306 1250 utquod
1329 1185 1529 1234 nostra
1548 1196 1661 1233 non
1682 1196 1814 1249 sup.

130 1271 302 1343 petit
329 1270 636 1341 fragilitas,
665 1285 866 1323 eorum
893 1285 993 1337 pro
1022 1269 1189 1323 nobis
1229 1270 1481 1323 obtineat
1508 1269 1809 1333 sanctitas,

132 1364 338 1431 atque
360 1358 499 1413 illuc
519 1359 640 1412 suis
658 1357 1022 1413 orationibus
1039 1358 1431 1423 introducant,
1454 1375 1566 1427 quo
1590 1357 1812 1411 meritis

135 1452 603 1520 praecesserunt,
684 1451 998 1516 prmstante
1075 1446 1320 1502 Domino
1399 1454 1596 1501 nostro
1670 1446 1807 1500 Jesu

136 1537 409 1593 Christo.

774 1624 1010 1680 SERMO
1054 1624 1194 1678 XVI.

178 1732 241 1770 IN
283 1729 669 1769 DEPOSITIONE
718 1730 1038 1768 BEATISSIMI
1088 1730 1313 1768 EUSBBII
1361 1729 1771 1769 VERCELLENSIS

736 1802 989 1839 EPISCOPI
1023 1786 1227 1855 (1541).

213 1899 291 1948 De
324 1890 659 1964 praecipuis,
703 1892 907 1946 fratres
940 1890 1296 1957 charissimi,
1331 1891 1803 1945 solemnitatibus

145 1999 384 2053 semper
414 1981 589 2035 nobis
618 1980 834 2049 aliquid
867 1980 1181 2035 dicendum
1224 1986 1312 2034 est
1356 1979 1713 2048 vulgaribus,
1743 1985 1806 2034 ut

145 2076 346 2127 nostro
370 2070 601 2124 discere
624 2068 855 2123 valeant
882 2085 1152 2124 sermone
1174 2069 1327 2139 quod
1352 2068 1645 2123 celebrare
1665 2085 1801 2121 con-

141 2161 400 2214 tendunt
425 2174 495 2212 ex
522 2174 684 2213 more
718 2176 734 2209 :
758 2158 858 2211 sed
886 2158 941 2211 in
968 2156 1075 2211 hac
1115 2158 1426 2211 festivitate
1464 2156 1543 2211 nil
1568 2158 1651 2211 eis
1675 2174 1802 2227 pro-

146 2248 427 2303 nuntiare
461 2262 777 2318 possumus
809 2245 1023 2316 aptius,
1059 2262 1232 2315 quam
1280 2246 1327 2299 si
1361 2245 1541 2301 nostri
1578 2246 1804 2315 patroni

145 2345 317 2410 gesta
352 2337 716 2392 disseramus
750 2337 933 2390 artius
982 2336 1164 2405 (1542)
1216 2336 1365 2403 [cod.
1411 2337 1461 2403 1,
1492 2352 1662 2388 manu
1693 2336 1804 2388 fes-

146 2428 325 2494 tam).
363 2425 549 2496 Igitur
580 2424 953 2479 beatissimus
985 2424 1289 2490 Eusebius,
1314 2424 1482 2491 cujus
1505 2423 1675 2479 hodie
1699 2424 1805 2477 fes-

143 2520 283 2571 tum
307 2514 577 2579 colimus,
596 2513 868 2568 Sardiniae
888 2513 1183 2584 provincia
1201 2521 1390 2568 ortum
1406 2516 1419 2582 (
1436 2514 1807 2584 1543)cogno—

143 2605 350 2659 vimus
378 2621 391 2659 :
420 2603 611 2658 Roma:
642 2608 832 2657 tamen
872 2602 1029 2657 unda
1062 2601 1435 2673 baptismatis
1454 2601 1632 2666 ablui,
1656 2606 1712 2656 et
1733 2602 1803 2656 ab

145 2694 277 2765 ipso
299 2708 538 2748 summo
559 2690 831 2763 pontiﬁce
848 2707 1014 2746 sacro
1032 2691 1101 2746 de
1120 2691 1277 2746 fonte
1298 2690 1535 2759 suscipi,
1561 2691 1805 2759 ejusque

146 2797 369 2838 nomen
402 2781 621 2836 meruit
651 2780 918 2851 adipisci.
963 2780 1122 2843 Quod
1174 2795 1384 2834 nomen
1435 2780 1579 2834 bene
1606 2778 1806 2834 allusit

148 2871 220 2925 ad
250 2869 508 2941 gratiam
538 2886 552 2936 ;
588 2884 725 2923 nam
759 2868 891 2939 pius
922 2868 1031 2923 fuit
1060 2868 1131 2923 ab
1163 2868 1289 2938 ipsa
1315 2868 1596 2923 infantia:
1627 2869 1802 2922 Euse-

148 2959 285 3014 bius
306 2958 469 3014 enim
495 2958 620 3029 pius
640 2956 1076 3028 interpretatur,
1110 2957 1263 3012 sicut
1301 2974 1333 3011 a
1373 2956 1584 3011 Graecis
1626 2957 1803 3011 inter-

148 3048 419 3120 pretibus
449 3045 804 3102 declaratur.
858 3046 965 3101 Sed
1015 3044 1115 3116 qui
1156 3050 1535 3116 regeneratus
1582 3050 1671 3100 est
1704 3060 1806 3115 per

147 3136 393 3192 beatum
419 3150 634 3207 papam
658 3134 997 3203 Eusebium,
1021 3134 1265 3190 antistes
1282 3134 1688 3189 ordinatusest
1705 3150 1805 3204 per

1926 1266 2451 1322 bantcatholicum.
2470 1270 2551 1322 Ad
2568 1272 2745 1340 synod
2760 1288 2854 1324 uni
2873 1289 3001 1325 mox
3018 1277 3255 1327 cunctos
3270 1274 3571 1343 episcopos

1924 1354 2319 1409 Mediolanum
2382 1363 2658 1410 convocat
2719 1359 3138 1425 fraudulenter,
3204 1366 3265 1414 ut
3304 1368 3568 1416 sanctam

1922 1442 2097 1496 tidem
2131 1445 2213 1498 sic
2244 1445 2576 1515 exstinguat
2610 1446 2855 1501 latenter
2883 1448 3083 1517 (1551).
3120 1449 3201 1501 Ad
3236 1466 3409 1518 quam
3438 1450 3569 1504 bea-

1918 1536 2015 1585 tus
2076 1533 2361 1588 Eusebius
2423 1535 2502 1588 ire
2559 1537 2741 1605 (1552)
2804 1536 3132 1599 distulerat,
3195 1554 3367 1607 quem
3429 1538 3563 1606 quid

1920 1622 2211 1691 agendum
2228 1623 2603 1677 eratminime
2620 1623 2885 1681 latuerat.
2903 1626 3367 1697 Chirographum
3390 1627 3446 1681 in
3462 1644 3569 1681 sua

1920 1709 2030 1763 ﬁde
2059 1711 2129 1763 ab
2154 1710 2441 1765 haereticis
2470 1714 2686 1766 factum
2736 1713 3051 1784 imperator
3092 1714 3389 1779 laudabat,
3414 1716 3565 1786 quod

1922 1798 2133 1853 Filium
2158 1800 2441 1854 minorem
2468 1801 2621 1854 Patri
2643 1802 2825 1871 (1553)
2851 1820 2950 1873 per
2972 1803 3169 1858 omnia
3191 1804 3562 1873 praedicabat.

1917 1889 2128 1941 Contra
2188 1890 2341 1959 quod
2400 1889 2669 1943 catholici
2743 1891 2931 1961 prima
3007 1894 3192 1946 fronte
3250 1894 3563 1948 contende-

1917 1982 2052 2030 runt
2083 1978 2287 2047 (1554),
2324 1978 2635 2033 novissime
2666 1985 2859 2033 autem
2908 1980 3197 2050 perterriti
3230 1998 3432 2035 omnes
3464 1983 3561 2052 qui

1916 2064 2736 2137 adfuerantsubscripserunt.
2760 2069 2918 2133 Quod
2936 2085 3065 2121 cum
3083 2070 3563 2124 audissetbcatus

1917 2154 2227 2218 Eusebius,
2249 2155 2666 2210 inenarrabiles
2685 2158 2856 2210 corde
2878 2158 3129 2227 profudit
3148 2159 3421 2227 gemitus.
3442 2159 3557 2213 Nec

1916 2260 1976 2297 se
2029 2245 2154 2313 jam
2216 2245 2403 2314 potuit
2461 2246 2779 2311 continere,
2838 2247 2976 2315 quin
3036 2247 3105 2300 ad
3168 2253 3555 2303 memoratum

1915 2331 2229 2403 iret(1555)
2274 2333 2582 2388 concilium
2646 2351 2747 2403 pro
2812 2336 2921 2388 fide
2974 2336 3319 2390 contendere
3355 2338 3552 2406 (1556).

1915 2421 2107 2475 Sancti
2142 2422 2423 2491 evangelii
2476 2424 2660 2492 (1557)
2712 2423 2887 2477 chara
2935 2426 3245 2493 depmtans
3295 2425 3557 2495 pignora,

1916 2511 2165 2565 festinus
2197 2512 2265 2564 ad
2298 2512 2513 2566 flumen
2560 2529 2691 2565 mox
2733 2513 2991 2582 pervenit
3030 2514 3312 2567 Siccidam
3338 2514 3557 2583 (1558):

1916 2599 2080 2653 navis
2106 2600 2311 2669 (1559),
2342 2615 2442 2671 per
2478 2616 2653 2669 quam
2678 2600 2912 2654 transiri
2955 2602 3135 2669 (1560)
3160 2608 3559 2668 consueverat,

1916 2689 1986 2743 ad
2012 2688 2197 2759 ripam
2217 2694 2354 2742 tunc
2374 2690 2712 2744 morabatur
2733 2689 2972 2744 alteram
2999 2714 3011 2755 ς
3032 2707 3207 2760 quam
3234 2695 3295 2744 ut
3316 2690 3559 2755 vocavit,

1916 2776 2038 2832 sola
2070 2778 2139 2831 ad
2170 2793 2303 2831 eum
2334 2783 2587 2841 venerat,
2637 2784 2974 2848 susceptum
3031 2779 3249 2833 undam
3283 2783 3339 2833 et
3367 2784 3560 2834 trans-

1912 2865 2063 2920 vexit
2082 2864 2354 2921 validam.
2376 2866 2510 2919 Inde
2525 2882 2869 2937 progressus
2885 2868 2953 2921 ad
2971 2867 3170 2921 urbem
3190 2866 3561 2939 metropolim

1914 2955 2207 3026 ingentem
2258 2954 2480 3009 luctum
2533 2954 2754 3026 planxit
2804 2972 2937 3010 cum
2995 2955 3313 3011 catholicis.
3363 2957 3560 3013 Exter-

1914 3043 2512 3115 gens(1561)luctum,
2528 3043 2758 3099 locutus
2773 3044 3265 3114 estprudentiam,
3282 3045 3560 3102 fratribus

1914 3134 2139 3188 cunctis
2173 3133 2332 3187 dedit
2364 3132 2812 3203 indulgentiam,
2856 3133 2904 3187 si
2955 3135 3083 3202 ejus
3115 3133 3323 3189 deinde
3353 3150 3559 3205 seque-

147 3226 706 3296 ejussuccessorum
725 3222 946 3278 Julium
966 3224 1254 3293 (1544).Eo
1277 3227 1804 3294 quoquetempore,
1838 3208 1879 3273 C
1918 3226 2122 3276 rentur
2146 3221 2407 3292 vestigia.
2436 3223 2754 3291 Imperator
2778 3237 2910 3275 eum
2934 3221 3260 3291 suscipiens
3284 3238 3558 3293 magnam

148 3312 545 3369 Vercellensis
575 3311 777 3367 civitas
810 3327 1026 3383 magna
1072 3311 1253 3367 totius
1301 3311 1478 3367 Italiae
1506 3328 1653 3383 pene
1682 3316 1804 3367 erat

149 3402 551 3458 heresiarcha
571 3401 777 3471 (1545).
804 3401 886 3454 Ad
928 3400 1076 3455 hanc
1110 3400 1349 3471 quidem
1373 3400 1699 3456 destinatus
1720 3403 1808 3454 est

149 3491 468 3556 Eusebius,
501 3489 601 3561 qui
636 3490 769 3559 fide,
817 3489 1011 3556 verbo,
1044 3494 1101 3544 et
1147 3505 1319 3560 opere
1362 3488 1588 3543 cunctis
1619 3488 1808 3542 fuerat

149 3579 459 3652 praeditus.
492 3578 659 3633 Hunc
698 3578 972 3632 frendens
1021 3577 1211 3632 contio
1244 3578 1425 3648 (1546)
1460 3576 1804 3631 Arianorum

150 3670 302 3725 adeo
335 3667 680 3739 spernebat,
713 3681 885 3737 quem
938 3682 1083 3721 verae
1133 3666 1265 3721 ﬁdei
1300 3670 1648 3721 assertorem
1680 3681 1808 3719 esse

148 3757 455 3813 cernebat.
518 3757 588 3810 Et
642 3754 781 3825 quia
837 3770 952 3809 non
1013 3755 1340 3810 timuerunt
1404 3754 1808 3825 blasphemare

149 3846 635 3917 Redemptorem,
700 3843 827 3899 ausi
878 3847 1019 3898 sunt
1082 3844 1259 3900 etiam
1311 3845 1562 3900 refutare
1612 3847 1807 3914 pasto-

148 3952 276 3992 rem
309 3934 523 4005 (1547).
548 3931 918 3988 Concludunt
937 3948 1000 3987 se
1038 3932 1217 3988 beata:
1258 3932 1353 3988 Dei
1392 3931 1693 4004 genitricis
1715 3947 1807 3985 ec-

146 4024 347 4079 clesiae
388 4020 616 4094 januis,
667 4037 843 4092 quam
892 4021 997 4093 piis
1042 4022 1337 4077 memoria
1389 4020 1807 4077 Constantinus

144 4114 421 4168 erexerat
442 4127 477 4164 a
496 4109 924 4165 fundamentis:
945 4109 1206 4165 vectibus
1227 4115 1285 4165 et
1305 4110 1450 4165 seris
1468 4110 1809 4165 munierunt

145 4201 411 4270 aditum,
439 4202 507 4254 ut
523 4198 614 4254 vel
638 4197 724 4253 sic
744 4198 994 4267 pastoris
1022 4197 1366 4270 repellerent
1385 4198 1566 4267 (1548)
1591 4198 1771 4254 adven
1787 4227 1807 4237 -

224 4378 418 4450 (1541)
448 4377 616 4433 Hunc
661 4392 993 4450 sermonem
1042 4375 1245 4450 edidit_._
1272 4375 1534 4450 Mansius
1583 4392 1651 4429 ex
1677 4376 1803 4430 cod.

147 4445 445 4526 Vat.,_an.
479 4449 639 4526 1761,
657 4449 1055 4526 eamdemque
1072 4451 1137 4502 ut
1156 4445 1806 4526 adhucineditumpro-

148 4522 293 4579 tulit
318 4520 632 4576 Burontius
654 4519 713 4574 in
735 4536 839 4574 sua
858 4517 1109 4574 editione
1127 4518 1260 4571 anni
1290 4517 1443 4571 1768.
1466 4517 1807 4571 Burontium

1916 3310 2082 3364 finxit
2103 3309 2517 3375 humilitatem,
2544 3313 2605 3362 ut
2631 3309 2758 3377 ejus
2778 3308 2848 3363 ad
2869 3308 3238 3378 sacrilegium
3263 3309 3453 3365 taliter
3470 3327 3557 3365 se-

1916 3397 2532 3453 duceretsanctitalem
2564 3395 3561 3469 (1562),dicens:Subscribe(1563),

1917 3486 2114 3550 frater,
2141 3488 2293 3557 quod
2319 3485 2818 3556 subscripsimus;
2857 3485 3137 3539 confirma
3160 3489 3243 3552 tu,
3267 3486 3420 3556 quod
3455 3504 3562 3543 nos

1916 3574 2290 3645 omnesjamd
2303 3574 2480 3627 udum
2498 3572 2957 3627 tirmavimusAt
2972 3576 3561 3646 prudensPater(156-’i

1918 3680 1980 3718 se
2010 3663 2117 3717 hoc
2143 3663 2326 3718 facere
2364 3664 2725 3717 detestabat:
2768 3664 2979 3734 quippe
3008 3662 3261 3734 priorem
3287 3664 3562 3721 omnibus

1917 3752 2289 3824 chirographi
2322 3752 2702 3824 inscriptione
2736 3769 2796 3807 se
2840 3770 3167 3824 supponere
3198 3754 3559 3825 denegabat:

1916 3841 2061 3896 illud
2122 3842 2439 3908 destruere,
2496 3848 2552 3897 et
2604 3841 2760 3897 aliud
2826 3843 2944 3895 fieri
3004 3842 3560 3915 proclamat(1565),

1917 3930 1975 3986 in
2011 3946 2126 4001 quo
2159 3947 2218 3984 se
2246 3930 2403 4002 prior
2434 3930 2800 3985 subscribere
2838 3932 2962 3999 jam
2996 3930 3200 3986 valeat.
3238 3932 3333 3985 Sic
3365 3933 3561 3989 divino

1917 4025 2065 4075 nutu
2089 4025 2401 4092 tyrannum
2426 4020 2696 4074 deludere
2717 4020 2924 4090 potuit,
2949 4036 3121 4089 quem
3146 4018 3351 4074 callide
3374 4023 3563 4090 tyran-

1917 4124 2031 4163 nus
2061 4108 2325 4178 decipere
2355 4106 2554 4161 voluit.
2588 4106 2701 4160 Nec
2756 4122 2951 4160 mora:
2989 4108 3181 4177 ipsum
3215 4122 3558 4163 concessum

1916 4202 2005 4251 est
2026 4194 2294 4261 cremari,
2319 4200 2376 4249 et
2414 4194 2570 4248 aliud
2610 4195 2847 4263 jussum
2872 4200 2959 4248 est
2993 4196 3176 4264 (1566)
3200 4192 3391 4248 simile
3413 4212 3561 4265 pra:-

2016 4372 2169 4440 1552)
2202 4375 2270 4424 M.
2304 4372 2380 4423 sic
2412 4386 2513 4440 pro
2546 4371 2643 4424 ire.

2020 4442 2171 4511 1553)
2206 4441 2297 4497 Sic
2329 4439 2465 4494 alibi
2499 4439 2757 4511 loquitur
2784 4442 2915 4493 Atto
2940 4444 3031 4495 At.
3066 4444 3137 4493 M.
3171 4441 3355 4494 Patre.

1990 4511 2173 4585 (1554)
2206 4511 2521 4583 Sequentia
2542 4511 2763 4581 aliquot
2786 4512 2977 4585 verba,
2995 4529 3130 4585 qua:
3156 4511 3211 4564 in
3236 4512 3443 4566 lacuna
3463 4529 3557 4585 co-

150 4575 301 4665 sane
321 4575 632 4665 ignorasse
646 4589 862 4665 AMansii
889 4606 1059 4665 cu_r_as
1084 4590 1151 4665 ad
1176 4592 1467 4665 Attenes),
1496 4593 1721 4665 constat
1744 4605 1809 4641 ex
1840 4575 1885 4639 D
1917 4575 2061 4641 dicis
2082 4575 2623 4665 vat.pcrierant,ex
2644 4575 3368 4665 Burontiieditionesuuio,
3390 4584 3560 4665 cujus

148 4662 323 4720 illius
348 4659 618 4729 editiOne,
643 4662 701 4717 in
726 4678 842 4732 qua
863 4677 931 4715 ex
956 4660 1176 4732 Mansio
1200 4660 1344 4713 nihil
1377 4659 1615 4732 protulit
1643 4675 1653 4711 :
1684 4666 1805 4732 tum

145 4752 297 4790 vero
329 4733 460 4804 ipsc
486 4730 793 4788 Burontius
848 4750 902 4803 p.
955 4748 1085 4804 xxv,
1138 4731 1294 4786 hunc
1343 4732 1413 4804 de
1463 4733 1519 4804 S.
1564 4730 1809 4804 Eusebio

148 4801 498 4865 sermonem
547 4801 891 4859 nominatim
935 4803 1079 4857 dicit
1126 4803 1254 4873 (etsi
1306 4801 1807 4871 falso)ineditum.

227 4876 421 4949 (1542)
452 4876 712 4931 Mansius
753 4875 954 4949 vitiose
985 4876 1205 4928 rectius.

225 4946 417 5016 (1543)
455 4950 539 5001 lta
568 4948 694 5001 cod.
732 4951 789 4999 at
819 4946 893 4999 M.
922 4954 1134 4998 natum.

226 5016 414 5092 (1544)
448 5019 523 5092 Μ.
558 5016 876 5092 infideliter
904 5021 1160 5070 sanctum
1188 5016 1415 5092 Iulium.

224 5084 414 5157 (1545)
448 5090 527 5144 Μ.
551 5090 755 5145 Ιιςῑνεδὶ
772 5090 940 5153 victa,
971 5093 1172 5141 contra
1193 5086 1407 5141 codicis
1435 5084 1807 5154 scripturam.

249 5162 410 5242 iss
556 5175 862 5242 posueram
892 5162 1075 5212 εωειιε-

249 5164 410 5235 1546)
442 5164 519 5217 Μ.
556 5175 862 5242 perperam
892 5164 1075 5212 cattus.

247 5236 386 5291 1547
441 5233 522 5289 M.
556 5230 873 5286 infideliter
897 5244 1223 5300 praeconem.

218 5164 409 5379 (1548)
438 5303 709 5359 Mansius
758 5316 1027 5372 perverso
1080 5299 1223 5354 ordii

247 5244 385 5291 1547
441 5244 522 5289 Μ.
556 5244 873 5286 inlideuter
897 5244 1223 5300 praeconem.

244 5244 409 5379 1548)
438 5303 709 5359 Mansius
758 5316 1027 5372 perverso
1080 5299 1283 5354 ordine
1332 5298 1658 5369 repellerent
1706 5312 1811 5367 pa-

150 5383 321 5436 storis.

243 5451 405 5518 1549)
438 5448 522 5522 Μ.
548 5448 993 5522 praedicandam.
1086 5510 1098 5522 _
1180 5512 1217 5522 Η

248 5510 406 5581 1550⁷)
439 5510 645 5575 Codex
675 5528 810 5567 cum
845 5512 921 5565 M.
954 5510 1336 5581 pandentibui.

248 5525 384 5578 15.30
439 5524 645 5575 Codex
675 5528 810 5567 cum
846 5524 921 5565 M.
954 5524 1336 5581 panuentzoui.

242 5524 406 5668 15513
436 5590 621 5651 Fcede
654 5585 729 5640 Μ.
766 5590 825 5636 ut
854 5584 1040 5637 sancti
1066 5584 1250 5636 Patris
1278 5583 1359 5635 sic
1388 5582 1702 5651 exstinguat
1733 5579 1812 5632 la-

150 5672 321 5728 tentis.

596 5440 993 5499 raedicandam.

217 5454 235 5671 ἑ

1917 4664 2110 4712 tamen
2138 4652 2323 4727 egoin
2365 4654 2766 4727 hocsermonc
2788 4653 3095 4727 varietates
3135 4652 3389 4725 neglige,
3424 4652 3559 4723 quia

1917 4723 2341 4784 Vercellensem
2372 4726 2628 4779 codicem
2660 4723 2859 4794 procul
2892 4724 3094 4777 habeo.

1989 4802 2173 4870 (1555)
2209 4800 2281 4853 M.
2321 4797 2605 4870 flagitiose
2635 4796 2703 4849 ait
2734 4798 3057 4850 memoriam
3100 4803 3387 4851 revocaret.

1989 4868 2170 4940 (1556)
2206 4872 2280 4925 M.
2313 4868 2677 4924 contenderet.

1990 4934 2171 5011 (1557)
2203 4942 2467 5011 lntellige
2515 4941 2803 5011 famosum
2864 4934 3307 5005 Evangeliorum
3367 4935 3560 4990 adhuc

1919 5008 2321 5069 conservatum
2354 5008 2629 5065 Vérccllis
2661 5008 2935 5063 codicem.

1990 5085 2173 5155 (1558)
2206 5084 2280 5137 M.
2315 5084 2569 5155 Sicidem,
2603 5086 2659 5136 et
2688 5080 2839 5135 male
2868 5083 3002 5133 ante
3035 5074 3419 5147 interpungit.

2020 5156 2173 5221 1559)
2203 5155 2279 5208 M.
2321 5154 2601 5221 navisque.

2018 5226 2176 5279 1560)
2210 5229 2281 5277 M.
2314 5225 2571 5277 transire.

2100 5295 2175 5359 31)
2203 5295 2276 5349 M.
2312 5295 2686 5359 exstinguens.

2122 5366 2173 5419 2)
2206 5366 2281 5419 Μ.
2316 5367 2679 5418 securitatem.

2020 5436 2173 5501 1563)
2203 5438 2277 5489 M.
2308 5434 2499 5489 scribe.

1993 5507 2174 5575 (1564)
2208 5508 2281 5561 Μ.
2316 5520 2617 5575 perperam
2648 5507 2843 5571 /'rater.

1994 5574 2177 5643 (1565)
2214 5574 2475 5631 Mansius
2518 5574 2933 5641 pra’clamabat.

1996 5580 2156 5643 (1565
2214 5580 2475 5631 Mansius
2518 5580 2933 5641 pra’clamabat.

1996 5580 2177 5716 (1566;
2212 5648 2287 5703 M.
2324 5646 2577 5719 pessime
2604 5662 2713 5701 non
2741 5646 2860 5715 ejus
2892 5658 2997 5714 pro
3018 5643 3240 5711 jussum
3268 5648 3365 5696 est.
