3966 6210
395 350 517 415 855

402 484 619 561 parari,
655 484 807 557 quod
832 482 1028 541 taliter
1057 484 1448 558 compositum
1479 486 1663 557 (1567)
1692 489 1781 541 est
1810 484 2045 557 penitus
2074 485 2129 550 Α

404 575 902 650 quemadmodum
932 574 1139 630 beatus
1170 575 1488 631 dictaverat
1518 575 1822 630 Eusebius.
1857 575 1919 629 In
1941 573 2051 629 hoc

404 662 677 722 catholici
698 668 1119 719 consenserunt
1142 681 1155 719 :
1187 680 1303 719 una
1326 680 1529 719 omnes
1552 664 1746 719 animo
1767 667 1896 735 post
1917 680 2050 718 eum

405 751 1065 826 subscripserunt.Hanc
1081 752 1253 807 fidem
1269 753 1594 824 pramiseru
1605 756 1669 807 nt
1682 752 2052 819 contendere,

403 844 555 900 hanc
584 859 687 914 pro
718 841 851 914 ipsa
880 840 1086 896 mortis
1118 841 1336 911 injuria
1365 841 1607 913 polliciti
1636 846 1775 897 sunt
1805 858 1920 896 non
1951 858 2050 895 ne-

404 948 561 1006 gare.
594 918 811 986 Videns
841 930 1158 1001 imperator
1206 930 1417 985 horum
1462 948 1576 986 non
1612 947 1781 1002 posse
1812 929 2053 984 dissolvi

406 1019 822 1087 constantiam,
847 1035 1081 1075 omnem
1106 1019 1222 1075 fere
1245 1019 1304 1074 in
1329 1019 1562 1075 beatum
1585 1019 1900 1075 Eusebium
1923 1035 2054 1073 con-

401 1108 573 1166 torsit
602 1109 785 1180 (1568)
817 1108 1130 1165 insaniam.
1185 1109 1351 1164 Tunc
1398 1109 1558 1165 vario
1610 1110 1794 1181 (1569)
1827 1108 2055 1163 censuit

404 1213 541 1255 eum
572 1196 754 1270 efﬂigi
803 1196 1062 1270 periculo
1108 1197 1291 1268 (1570)
1340 1197 1582 1269 insuper
1623 1198 1859 1252 tandem
1885 1197 2054 1269 jubet

403 1286 580 1360 longo
602 1286 895 1358 deportari
921 1286 1124 1343 exsilia
1150 1304 1162 1342 :
1192 1302 1453 1342 carceres
1475 1291 1531 1341 et
1563 1287 1873 1358 compedes
1895 1303 2051 1342 acer-

403 1376 511 1433 bas
531 1376 720 1447 (1571)
744 1374 1006 1446 pertulit,
1030 1375 1182 1431 fame
1220 1379 1278 1431 et
1299 1375 1394 1431 siti
1421 1375 1594 1447 longo
1618 1379 1877 1447 tempore
1897 1374 2054 1431 labo-

405 1463 597 1529 ravit;
632 1463 819 1536 signis
850 1468 908 1519 et
934 1463 1253 1520 virtutibus
1299 1463 1514 1520 ibidem
1569 1463 1893 1520 declaratus
1925 1469 2049 1532 est;

408 1551 689 1626 angelicis
718 1552 1217 1609 consolationibus
1248 1568 1400 1624 saepe
1423 1553 1786 1608 confortatus
1807 1558 1913 1609 est.
1938 1553 2053 1610 Nec

408 1640 468 1697 in
492 1640 673 1697 tantis
694 1641 868 1697 etiam
888 1641 1072 1712 (1572)
1095 1640 1416 1697 contitutus
1438 1640 1731 1713 periculis,
1756 1641 1846 1696 sui
1867 1642 2053 1697 bonus

408 1732 610 1803 pastor
632 1729 942 1785 immemor
962 1729 1150 1785 factus
1171 1734 1262 1785 est
1281 1729 1473 1802 gregis
1497 1750 1511 1801 ς
1532 1747 1668 1785 nam
1689 1730 1896 1786 litteris
1917 1748 2051 1786 eum

409 1819 482 1874 de
507 1817 846 1889 longinquis
878 1818 1147 1891 partibus
1168 1818 1458 1874 instanter
1477 1818 1770 1889 visitabat,
1790 1824 1845 1873 et
1865 1819 1936 1875 de
1957 1836 2052 1875 ca-

407 1906 635 1963 tholica
653 1906 787 1962 fidei
809 1908 1237 1979 perseverantia
1245 1908 1374 1980 jugi
1384 1913 1470 1962 ter
1485 1907 1915 1965 corroborebat.
1941 1908 2052 1965 Sed

401 1996 655 2069 jamjem
684 2011 834 2067 pene
862 1996 1143 2052 cedebant
1171 1995 1441 2052 catholici
1467 2014 1480 2063 ;
1517 2013 1653 2052 nam
1684 1997 1783 2051 diu
1808 2014 1907 2053 eos
1926 2014 2051 2069 per-

410 2084 810 2158 sequebantur
863 2084 1137 2141 heretici.
1196 2085 1457 2141 Tandem
1537 2086 1813 2143 misertus
1870 2087 2053 2159 (1573)

413 2173 701 2231 Dominus
726 2180 1040 2247 tyrannum
1061 2174 1340 2231 exstinxit
1361 2175 1720 2247 improbum,
1745 2179 1802 2231 et
1816 2175 2053 2231 beatum

410 2262 732 2319 Eusebium
790 2262 982 2320 solum
1039 2262 1271 2319 reduxit
1326 2265 1398 2319 ad
1461 2264 1782 2336 proprium.
1842 2265 1904 2320 In
1937 2281 2052 2336 quo

409 2351 497 2407 illi
522 2351 710 2424 (1574)
730 2350 940 2408 itinere
962 2353 1219 2408 ostendit
1252 2352 1565 2421 visionem,
1607 2354 1762 2410 unde
1801 2353 1891 2410 sui
1926 2370 2051 2409 cor-

308 2470 315 2481 -
408 2439 568 2512 paris
599 2446 975 2513 cognosceret
1012 2440 1455 2498 resolutionem.
1502 2444 1564 2498 In
1594 2442 1805 2498 vertice
1835 2442 2052 2498 mantis

405 2543 512 2600 per
540 2528 733 2584 visum
777 2543 840 2584 se
869 2532 1024 2585 stare
1053 2531 1318 2602 putabat,
1359 2534 1415 2587 et
1443 2530 1619 2586 altius
1650 2532 1722 2586 ad
1755 2532 2050 2603 quoddam

403 2616 690 2689 palatium
720 2616 840 2673 sole
867 2616 1202 2689 praeclarius
1247 2619 1456 2691 pennis
1502 2620 1728 2675 evolare
1758 2621 2046 2676 credebat.

402 2704 693 2762 Intellexit
746 2704 902 2761 illico
959 2722 1021 2761 se
1072 2708 1143 2785 de
1196 2709 1501 2779 praesentis
1559 2708 1741 2780 (1575)
1779 2709 1905 2764 vitae
1934 2709 2051 2766 alta

404 2793 846 2851 conversatione
868 2797 941 2850 ad
973 2798 1196 2851 aeternae
1217 2795 1414 2868 glorias
1444 2813 1823 2854 escensurum
1848 2815 2046 2855 remu-

401 2883 786 2940 nerationem.
804 2885 1031 2940 Interea
1040 2883 1330 2941 Vercellas
1343 2886 1594 2956 rediens,
1610 2903 1821 2960 magno
1834 2888 2047 2960 gaudio

401 2988 437 3029 a
465 2970 590 3027 suis
619 2976 677 3028 et
709 2988 945 3029 summa
974 2976 1241 3047 receptus
1272 2979 1363 3031 est
1389 2974 1628 3046 honore,
1651 2976 1853 3048 eisque
1871 2977 2045 3032 fidem

402 3059 619 3116 Christi
644 3062 936 3118 constanti
966 3063 1323 3135 praedicabat
1346 3080 1650 3121 sermone:
1684 3081 1746 3121 se
1770 3082 1902 3121 mox
1927 3066 2045 3121 mi-

400 3152 710 3223 graturum
741 3151 812 3207 de
843 3151 1056 3207 saeculo
1085 3152 1400 3220 asserebat,
1446 3152 1577 3209 illos
1610 3153 1793 3210 multa
1822 3159 1951 3227 post
1982 3173 2043 3211 se

401 3254 683 3311 passuros
707 3243 764 3296 et
782 3239 971 3312 (1576)
989 3240 1337 3313 praedicebat
1364 3258 1376 3297 :
1402 3243 1691 3314 patienter
1707 3248 1904 3299 tamen
1923 3243 2046 3301 haec

401 3326 707 3384 toleranda
722 3330 1018 3397 monebat,
1046 3346 1286 3401 suezque
1307 3331 1646 3387 constantiae
1669 3337 1727 3387 et
1751 3334 2044 3405 passionis

397 3415 661 3489 exempla
691 3418 1072 3490 proponebat,
1105 3423 1161 3474 et
1190 3420 1433 3492 insuper
1452 3424 1678 3476 aeternae
1701 3436 2045 3478 remunera-

394 3504 576 3562 tionis
597 3505 810 3578 gaudie
831 3506 1227 3578 promittebat.
1252 3508 1366 3564 Nec
1396 3509 1583 3564 defuit
1604 3510 1810 3566 seditio
1832 3511 2046 3567 Ariana

1423 353 1763 416 ATTONIS
1806 347 2387 414 VERCELLENSIS
2430 350 2783 415 EPISCOPI

3692 346 3814 413 856

2754 483 2998 540 SERMO
3038 481 3210 540 XVII.

2161 590 2217 627 ΙΝ
2253 587 2655 629 ASSUMPTIONE
2694 591 2886 629 REATE
2924 590 3011 629 DEI
3059 588 3378 629 GENITBICIS
3416 588 3655 629 SEMPER
3692 591 3815 630 VIR-

2781 662 2936 701 GINIS
2975 662 3184 701 lARIE.

2230 752 2708 824 Assumptionem
2749 751 3013 824 gloriose;
3056 751 3246 807 Mariae
3296 768 3529 823 semper
3556 751 3819 826 Virginis

2161 840 2333 896 hodie
2362 842 2745 909 celebramus,
2779 857 2956 912 quem
2988 842 3048 896 in
3080 840 3297 896 caelesti
3326 841 3539 897 throno
3572 842 3821 899 colloca-

2162 934 2282 984 tam
2314 931 2536 985 devotis
2569 930 2867 986 mentibus
2902 930 3085 1003 (1578)
3135 931 3468 986 adoramus.
3501 931 3655 988 Nam
3691 932 3817 1004 ipsa

2162 1018 2317 1073 Deus
2350 1022 2406 1073 et
2436 1019 2743 1086 Dominus,
2766 1020 2940 1089 cujus
2960 1036 3090 1075 eam
3114 1020 3300 1091 (1579)
3338 1019 3697 1075 Genitricem
3725 1038 3822 1077 co-

2160 1105 2340 1162 limus
2364 1108 2444 1162 ait
2465 1108 2523 1162 in
2548 1107 2855 1179 Evangelia
2881 1124 2893 1161 :
2918 1109 2981 1163 Si
2999 1109 3123 1180 quis
3142 1109 3285 1164 mihi
3303 1110 3590 1165 ministrat
3611 1110 3822 1181 (1580),

2160 1212 2247 1250 me
2274 1205 2536 1267 sequatur
2558 1216 2581 1261 ;
2608 1199 2658 1251 et
2682 1196 2781 1251 ubi
2808 1212 2930 1250 sum
2971 1213 3085 1267 ego,
3120 1198 3244 1252 illic
3273 1202 3323 1253 et
3372 1198 3643 1254 minister
3668 1217 3825 1255 meus

2168 1287 2273 1339 erit
2302 1286 2478 1355 (Joan.
2510 1303 2612 1355 χιι,
2670 1288 2784 1353 26).
2848 1284 2963 1340 Prae
3022 1285 3250 1341 cunctis
3279 1286 3436 1341 enim
3469 1288 3826 1346 mortalibus

2172 1378 2377 1429 sancte
2406 1374 2507 1429 Dei
2538 1374 2801 1430 Genitrix
2847 1375 3074 1430 Christo
3126 1375 3370 1432 Domino
3419 1377 3819 1447 ministravit;

2161 1479 2335 1533 quem
2369 1464 2510 1519 adeo
2542 1468 2630 1519 est
2659 1467 2879 1530 secuta,
2907 1468 2973 1519 ut
3004 1480 3139 1523 cum
3159 1463 3433 1522 tristente
3456 1465 3821 1538 tristaretur,

2162 1567 2294 1606 cum
2325 1553 2584 1622 patiente
2610 1556 2938 1624 pateretur:
2966 1553 3035 1608 de
3061 1554 3227 1624 cujus
3250 1559 3445 1609 tamen
3469 1555 3747 1628 passione
3766 1558 3819 1613 ei

2161 1640 2502 1711 praedictum
2544 1646 2631 1696 est
2656 1659 2669 1697 :
2702 1643 2768 1695 Et
2797 1649 2947 1696 tuam
2977 1643 3152 1713 ipsius
3180 1644 3430 1698 animam
3453 1646 3823 1716 pertransibil

2159 1730 2384 1799 gladius
2436 1731 2582 1800 (Luc.
2618 1747 2680 1797 ιι,
2711 1730 2824 1801 25).
2846 1729 2993 1786 Vere
3023 1747 3160 1804 ergo
3199 1748 3335 1786 cum
3367 1733 3497 1805 ipso
3527 1738 3731 1790 manet
3759 1735 3821 1790 in

2085 1851 2132 1916 Β
2167 1816 2349 1886 caelis,
2385 1819 2479 1873 cui
2512 1819 2716 1875 sedulo
2751 1818 2985 1874 servivit
3015 1818 3075 1874 in
3106 1819 3301 1876 terris.
3334 1821 3478 1877 Item
3509 1822 3825 1895 discipulis

2171 1906 2296 1962 suis
2326 1906 2453 1979 ipse
2487 1907 2623 1963 alibi
2658 1909 2780 1965 ait:
2830 1911 2893 1964 In
2923 1909 3020 1964 illo
3068 1908 3157 1964 die
3199 1912 3525 1981 cognoscetis
3555 1914 3694 1983 quia
3722 1929 3823 1982 ego

2162 2011 2286 2050 sum
2316 1998 2378 2050 in
2407 2002 2573 2051 Patre
2596 2013 2735 2063 meo,
2766 2001 2819 2052 et
2840 2014 2930 2053 vos
2960 1999 3021 2052 in
3048 2014 3159 2065 me,
3190 2006 3243 2053 et
3259 2015 3352 2069 ego
3372 2001 3429 2054 in
3447 2000 3598 2055 vobis
3618 2001 3821 2070 (Joan.

2160 2101 2281 2151 x1v,
2309 2085 2423 2153 20).
2479 2087 2655 2141 Item:
2719 2086 2872 2143 Sicut
2930 2102 3033 2160 ego
3088 2093 3141 2143 et
3196 2089 3357 2144 Pater
3410 2104 3582 2143 unum
3611 2105 3830 2145 sumus

2163 2175 2341 2241 (Joan.
2373 2191 2429 2244 x,
2462 2176 2578 2243 30),
2608 2176 2692 2232 sic
2720 2193 2823 2232 vos
2853 2176 3040 2248 (1581)
3086 2180 3145 2232 et
3191 2193 3296 2248 ego
3325 2193 3506 2232 unum
3535 2179 3825 2235 manebi-

2162 2277 2334 2329 mus;
2369 2262 2525 2333 quod
2558 2263 2713 2318 enim
2746 2262 2828 2318 ait
2858 2262 3161 2335 apostolis,
3196 2263 3306 2319 hoc
3329 2263 3708 2320 sentiendum
3729 2272 3825 2322 est

2160 2354 2218 2405 et
2246 2350 2317 2406 de
2348 2351 2570 2406 caeteris
2594 2351 2797 2423 justis.
2832 2350 2980 2417 Quid
3010 2367 3146 2424 ergo
3176 2351 3395 2407 mirum
3422 2352 3525 2423 qui
3546 2352 3736 2424 (1882)
3758 2354 3823 2409 in

2159 2453 2225 2493 eo
2248 2442 2407 2506 sunt,
2442 2438 2492 2494 si
2512 2438 2573 2494 in
2596 2439 2757 2495 ccelis
2781 2438 3162 2496 consistunt?
3182 2442 3300 2495 Aut
3318 2440 3458 2512 quid
3481 2439 3665 2497 etiam
3686 2457 3823 2497 ma-

2159 2543 2365 2599 gnum,
2400 2527 2449 2583 si
2480 2528 2652 2583 beata
2681 2529 2865 2584 Maria
2921 2528 3170 2585 caelestis
3226 2545 3357 2585 esse
3404 2529 3646 2596 meruit,
3678 2547 3819 2587 cum

2158 2616 2364 2671 beatus
2396 2617 2710 2688 Apostolus
2742 2619 2814 2673 de
2834 2618 3110 2673 omnibus
3127 2618 3313 2689 justis
3334 2617 3549 2674 dixerit
3574 2635 3588 2674 :
3620 2621 3823 2692 Qualis

2155 2703 2394 2761 caelestis
2424 2706 2625 2777 (1583),
2680 2705 2822 2763 tales
2873 2715 2924 2762 et
2976 2707 3266 2763 caelestes?
3316 2707 3362 2780 (ι
3392 2706 3517 2764 Cor.
3566 2724 3664 2777 xv,
3695 2709 3815 2781 48.)

2155 2792 2419 2849 Caelestis
2450 2795 2606 2849 enim
2641 2795 2909 2851 Christus
2958 2801 3067 2862 est,
3119 2795 3221 2868 qui
3270 2796 3343 2851 de
3383 2795 3528 2852 ccela
3560 2797 3812 2853 descen-

2156 2881 2261 2951 dit,
2321 2898 2495 2954 quem
2553 2884 2730 2939 etiam
2788 2883 3071 2939 imitando
3133 2884 3318 2956 (1584)
3373 2886 3507 2957 ejus
3564 2886 3813 2958 partici-

2155 2970 2391 3042 patione
2432 2972 2621 3027 caeteri
2653 2988 2885 3044 quoque
2912 2973 3054 3044 justi
3106 2972 3370 3030 caelestes
3420 2991 3550 3032 esse
3582 2992 3814 3032 meren-

2154 3062 2252 3115 tur
2277 3059 2483 3132 (1585).
2506 3060 2621 3115 Nec
2644 3061 2911 3117 videatur
2946 3061 3305 3118 contrarium
3332 3063 3488 3134 quod
3519 3064 3813 3120 Dominus

2158 3149 2240 3203 ait
2269 3148 2327 3203 in
2358 3149 2703 3221 Evangelia:
2736 3155 2913 3207 Nemo
2943 3150 3188 3206 ascendit
3215 3152 3277 3205 in
3320 3152 3539 3220 malum,
3570 3154 3689 3208 nisi
3714 3154 3816 3224 qui

2078 3214 2121 3282 (ἶ
2158 3237 2223 3293 de
2252 3239 2383 3293 ccelo
2412 3214 2690 3302 descendit
2721 3238 2878 3309 ﬁlius
2906 3240 3145 3296 hominis
3175 3241 3351 3311 (Joan.
3387 3257 3474 3311 III,
3510 3214 3622 3314 13).
3652 3214 3814 3299 Deus

2157 3326 2313 3381 enim
2338 3326 2604 3382 Christus
2625 3332 2715 3383 est
2735 3328 2834 3382 Dei
2860 3327 3042 3384 Filius
3063 3334 3121 3384 et
3140 3328 3421 3400 hominis,
3441 3331 3543 3401 qui
3560 3330 3813 3387 solusde

2157 3415 2300 3470 coelo
2355 3416 2679 3484 descendit,
2738 3416 2856 3472 imo
2913 3418 3015 3489 qui
3073 3423 3131 3473 et
3159 3417 3320 3474 solus
3367 3419 3655 3476 ascendit.
3689 3420 3810 3476 Ca:-

2154 3503 2261 3558 teri
2293 3503 2477 3574 (1586)
2505 3508 2700 3558 autem
2733 3503 2832 3575 qui
2863 3502 2921 3558 in
2953 3503 3083 3575 ipsa
3132 3508 3298 3576 sunt,
3345 3521 3529 3560 unum
3562 3510 3727 3575 sunt,
3753 3512 3817 3563 et

395 3593 540 3665 quin
557 3597 872 3666 martyrem
900 3594 1273 3667 compelleret
1293 3597 1364 3652 ed
1392 3614 1686 3668 coronam,
1711 3600 1967 3656 fustibus
1989 3606 2045 3657 et
2146 3592 2271 3663 jam
2304 3590 2518 3647 diVGI‘Si
2550 3608 2665 3646 n011
2721 3596 2879 3663 Sunt,
2937 3592 3039 3647 86d
3069 3593 3199 3663 ejus
3248 3594 3518 3650 membra
3546 3600 3711 3651 sunt.
3744 3599 3818 3650 Et

394 3678 609 3754 gladiis
639 3697 816 3754 super
844 3697 979 3737 cum
1031 3682 1357 3755 insurgere,
1411 3691 1469 3741 et
1497 3686 1793 3760 lapidibus
1824 3707 1939 3744 non
1970 3688 2041 3746 ti-

395 3760 676 3824 muerunt
711 3768 975 3826 obruere.
1032 3771 1246 3827 Ictibus
1302 3772 1537 3831 illorum
1597 3778 1779 3833 fracto
1810 3779 2042 3837 cerebro

396 3856 692 3926 occubuit,
725 3861 785 3914 et
812 3863 1077 3914 sanctam
1109 3865 1221 3917 Deo
1251 3861 1446 3918 taliter
1484 3864 1741 3921 animam
1769 3868 2039 3925 reddidit.

395 3949 461 4002 In
490 3961 559 4001 ea
587 3949 782 4003 autem
814 3964 849 4003 a
876 3947 1001 4004 suis
1031 3949 1338 4022 discipulis
1367 3951 1613 4009 ecclesia
1642 3959 1730 4011 est
1750 3957 2041 4028 sepultus,

394 4049 574 4106 quam
588 4033 713 4107 ipse
724 4034 864 4091 olim
879 4035 938 4092 in
954 4036 1231 4094 honorem
1246 4041 1518 4114 martyris
1531 4042 1840 4100 Tbeonesti
1856 4046 2039 4119 (1577)

394 4126 801 4181 construxerat
828 4124 1024 4183 divino
1073 4144 1269 4185 amore
1317 4130 1682 4204 compulsus,
1727 4133 1825 4188 ubi
1856 4134 2042 4192 multa

393 4210 675 4269 beneﬁcia
687 4219 1147 4286 preastenturom
1157 4218 1352 4287 nibus,
1367 4221 1466 4292 qui
1481 4220 2035 4280 beetumEusebium

392 4299 557 4371 puris
581 4307 822 4358 exorant
841 4304 1136 4377 precibus.
1154 4306 1270 4363 Nos
1294 4324 1529 4380 quoque
1541 4310 1664 4365 suis
1677 4311 2040 4368 orationibus

392 4389 464 4445 ab
487 4392 699 4449 aterno
716 4391 924 4449 liberet
943 4395 1254 4467 supplicio,
1277 4396 1378 4466 qui
1398 4395 1593 4466 hodie,
1627 4399 1779 4470 quod
1804 4405 1893 4455 est
1914 4400 2035 4456 Kal.

388 4482 565 4551 Aug.,
596 4478 668 4536 de
691 4481 886 4538 carnis
930 4486 1165 4554 ereptus
1196 4487 1286 4538 est
1312 4483 1628 4555 ergastulo.

461 4919 646 4992 (1567)
675 4925 750 4979 Μ.
776 4923 1131 4992 compertum.

462 4991 645 5060 (1568)
673 4996 748 5048 Μ.
780 4991 1065 5049 εοηὺενείι.

486 5062 642 5136 1569)
673 5065 751 5121 Μ.
784 5063 1072 5136 ﬂagitiose
1097 5068 1263 5124 ratio.

483 5134 642 5212 1570)
673 5137 784 5212 _S_ex
811 5134 987 5212 verba
1014 5139 1320 5212 sequentia
1348 5140 1550 5197 omisit
1579 5141 1862 5198 Mansius.

483 5207 642 5266 1671)
670 5209 746 5265 M.
780 5210 1016 5266 acerbos.

481 5278 642 5338 1572)
673 5280 750 5336 M.
789 5282 997 5338 tamen.

482 5348 638 5419 1573)
672 5351 750 5408 M.
782 5353 1075 5409 miserans.

482 5420 638 5480 1574)
667 5423 744 5480 Μ.
777 5425 898 5480 Ille.

482 5423 614 5476 1574
667 5423 744 5480 M.
777 5425 898 5480 Ille.

478 5423 638 5566 1575)
665 5494 978 5576 Complura
1005 5493 1183 5576 vetlba
1226 5495 1549 5576 sequentia,
1596 5497 1838 5576 propter
1868 5494 2026 5550 Iecu-

379 5571 515 5617 nem
550 5567 766 5621 ('(HJICIS
796 5566 951 5631 Vet.,
983 5580 1050 5619 ex
1082 5566 1360 5622 Burontio
1392 5566 1691 5623 accersivi.

451 5634 633 5707 (1576)
665 5642 754 5690 Ita
783 5634 912 5707 cad.
946 5632 1073 5707 Vat.

476 5704 635 5774 1577)
665 5704 927 5760 Mensius
962 5705 1261 5761 Theonecti.

477 5775 634 5849 1578)
666 5776 736 5832 Μ.
766 5774 1099 5848 infideliter,
1122 5776 1402 5849 precibus.

2142 5132 2145 5135 η
2216 5079 2402 5149 (1581)

2151 3677 2281 3733 ideo
2312 3677 2473 3734 solue
2506 3680 2785 3746 ascendit,
2831 3680 2971 3735 dum
3030 3697 3098 3736 ea
3151 3697 3278 3751 quae
3335 3681 3396 3736 in
3427 3698 3491 3737 se
3523 3687 3686 3749 sunt,
3718 3683 3813 3739 vel

2152 3783 2301 3837 quae.
2338 3809 2350 3822 .
2386 3808 2399 3823 .
2431 3767 2699 3824 habitare
2752 3768 2811 3823 in
2872 3768 3035 3825 coelo.
3082 3769 3230 3825 Nam
3280 3774 3559 3842 apostatea
3590 3772 3808 3845 angeli,

2153 3855 2253 3927 qui
2286 3855 2344 3910 in
2369 3855 2509 3912 coelo
2530 3857 2785 3925 fuerunt,
2823 3857 2924 3929 qui
2965 3874 2998 3911 a
3021 3859 3132 3914 Dea
3155 3850 3523 3916 recesserunt
3542 3860 3702 3917 inde.
3740 3904 3753 3916 .
3791 3903 3808 3918 .

2153 3943 2422 3999 homines
2480 3944 2529 4000 si
2587 3945 2771 4015 (1587)
2828 3945 2943 4001 Deo
3002 3945 3355 4002 adhaeserint
3380 3948 3572 4019 (1588)
3601 3948 3663 4004 in
3696 3966 3813 4007 cte-

2152 4031 2276 4087 lum
2298 4032 2503 4105 (1589),
2518 4032 3029 4103 sublimebuntur;
3046 4035 3201 4106 quod
3216 4034 3335 4092 ima
3348 4036 3609 4093 debeata
3620 4038 3811 4096 Maria

2152 4121 2464 4176 dicendum
2497 4126 2606 4187 est,
2648 4123 2805 4193 quod
2838 4139 2955 4195 pres
3003 4124 3232 4179 cunctis
3263 4124 3617 4182 mortalibus
3647 4127 3708 4183 in
3739 4143 3812 4184 ea

2151 4208 2370 4265 mansit
2394 4209 2701 4265 Dominus.
2725 4211 2796 4266 Et
2827 4210 2956 4267 ideo
2977 4211 3039 4266 in
3060 4211 3189 4283 ipsa
3224 4228 3353 4268 eam
3375 4229 3619 4270 manere
3640 4215 3808 4273 nullo

2150 4299 2322 4354 modo
2353 4298 2678 4354 diffidimus
2707 4317 2720 4367 ;
2784 4301 2856 4356 de
2914 4301 3085 4371 cujus
3137 4300 3311 4356 etiam
3343 4302 3529 4374 (1590)
3562 4319 3807 4377 corpore

2148 4403 2360 4459 corpus
2390 4403 2691 4444 assumere
2721 4388 2999 4461 dignatus
3026 4394 3135 4457 est,
3166 4406 3297 4445 eam
3328 4390 3439 4446 sibi
3465 4393 3805 4449 membrum

2149 4480 2453 4548 coeptasse
2483 4493 2599 4532 non
2630 4475 2875 4531 dubium
2906 4481 3033 4546 est;
3065 4480 3121 4533 et
3144 4477 3235 4533 cui
3258 4494 3375 4550 pre:
3398 4480 3683 4539 omnibus
3704 4482 3806 4538 ed-

2066 4563 2115 4650 D
2147 4564 2395 4620 haesitin
2418 4565 2611 4633 terris,
2634 4565 2825 4637 ipsam
2867 4565 2978 4622 sibi
3000 4582 3116 4638 prae
3157 4566 3384 4623 cunctis
3406 4569 3727 4641 applicavit
3746 4571 3803 4626 in

2146 4652 2326 4709 caelis.
2360 4653 2627 4726 Corporis
2656 4670 2789 4710 vero
2819 4655 2948 4726 ejus
2977 4654 3160 4727 (1591)
3194 4656 3323 4731 jam
3372 4657 3588 4714 factam
3618 4676 3806 4717 resur-

2146 4742 2462 4798 rectionem
2493 4742 2789 4799 afﬂrmare
2830 4743 3075 4800 minime
3123 4744 3433 4814 audemus,
3465 4747 3611 4818 quia
3639 4766 3749 4806 nec
3772 4767 3806 4806 a

2145 4829 2362 4885 sanctis
2421 4829 2690 4886 Patribus
2749 4831 2858 4886 hoc
2913 4830 3270 4888 declaratum
3328 4850 3460 4891 esse
3496 4838 3804 4910 cognosci-

2240 4935 2399 5008 1579)
2431 4941 2504 4993 Μ.
2535 4952 2718 4993 omnes
2749 4954 2853 5008 pro
2883 4953 3024 4994 eam.

2242 5008 2400 5066 1580)
2426 5012 2500 5063 Μ.
2526 5008 2943 5066 ministraverit.

2435 5080 2507 5136 M.
2538 5096 2659 5135 nos.

2215 5151 2399 5219 (1582)
2430 5151 2507 5206 Μ.
2541 5151 2704 5222 quod.
2836 5190 2840 5195 ρ

2216 5222 2401 5293 (1583)
2435 5223 2512 5277 Μ.
2546 5222 2711 5278 addit
2738 5229 2836 5293 est.

2213 5290 2396 5365 (1584)
2429 5294 2506 5349 Μ.
2539 5295 2600 5349 in
2628 5292 2808 5349 dando
2846 5290 3153 5365 ﬂagitiose.

2242 5322 2396 5364 lCJO-l)
2429 5322 2506 5349 LVI.
2539 5322 2600 5349 ιη
2628 5322 2808 5349 ωιιιιιυ
2846 5322 2877 5348 ιι

2210 5322 2395 5501 (1585)
2428 5364 2502 5419 M.
2535 5373 2877 5446 meruerunt.

2239 5434 2397 5501 1586)
2429 5436 2691 5491 Mansxus
2722 5434 2877 5490 lacu:

2239 5434 2397 5505 1586)
2429 5436 2691 5491 Mensius
2722 5434 2994 5490 lacunam
3024 5432 3120 5489 hic
3148 5434 3375 5491 frustra
3406 5436 3569 5495 facit.

2213 5506 2398 5578 (1587)
2428 5507 2689 5578 Mansius
2720 5508 2782 5561 in
2810 5523 2913 5578 pro
2943 5507 3010 5560 si.

2212 5575 2395 5644 (1588)
2427 5577 2504 5632 M.
2538 5575 2906 5634 adhaeserant.

2236 5645 2393 5703 1589)
2423 5648 2497 5703 M.
2531 5651 2588 5703 in
2612 5650 2766 5703 caelo.

2236 5716 2395 5776 1590)
2426 5718 2504 5774 M.
2537 5723 2772 5776 tantum.

2209 5786 2394 5856 (1591)
2423 5791 2498 5846 Ms
2519 5791 2630 5846 sui.
