3966 6210
202 344 335 407 857

1700 344 2141 410 SERMONES.

3504 347 3626 414 858

208 475 568 550 mus(1592).
590 476 847 549 Denique
867 476 924 532 in
939 476 1086 534 valle
1107 478 1386 551 Josephat
1405 479 1530 549 ejus
1554 478 1864 551 sepulturas
1895 481 1948 547 Α
1980 482 2107 535 novi
2134 485 2185 537 te
2204 498 2223 543 ;
2244 490 2297 537 et
2326 490 2617 554 antequam
2647 484 2827 539 exire:
2854 481 2920 539 de
2946 489 3147 549 ventre,
3178 480 3522 551 sanctiﬁcavi
3548 486 3620 555 te,

214 571 415 623 manet
440 566 627 633 locus,
663 567 762 621 ubi
795 571 991 621 tamen
1021 570 1149 637 ejus
1181 586 1292 623 non
1321 572 1607 640 reperitur
1635 587 1867 641 corpus.

213 658 323 712 Sed
375 655 473 727 qui
538 656 607 709 de
667 672 735 709 ea
785 654 1153 710 ineﬂ‘abiliter
1208 673 1438 711 carnem
1497 658 1715 721 eduxit,
1746 658 1870 729 ipse

214 746 357 817 quid
387 746 572 815 (1593)
605 745 676 799 de
704 746 830 814 ejus
854 745 930 799 sit
952 761 1189 815 corpore
1212 748 1387 799 novit.
1419 748 1637 801 Tamen
1670 748 1789 801 sive
1810 747 1868 801 in

216 852 483 905 corpore,
508 834 626 887 sive
648 840 807 887 extra
832 851 1062 904 corpus,
1088 851 1262 904 super
1292 835 1497 889 choros
1529 835 1868 905 angelorum

210 924 276 979 in
310 922 475 979 caelis
522 923 831 977 exaltatum
864 923 1242 977 conﬁtemur:
1304 926 1351 978 si
1411 925 1563 978 enirn
1597 925 1872 978 veraciter

210 1011 637 1079 omnesjustos
662 1016 1235 1065 resurrecturoscum
1261 1012 1508 1082 propriis
1532 1013 1870 1082 corporibus

213 1100 579 1171 quandoque
608 1098 924 1163 credimus,
975 1116 1190 1170 eosque
1248 1100 1305 1153 in
1364 1116 1494 1155 aera
1526 1117 1871 1156 occursuros

208 1188 357 1255 Deo,
393 1192 450 1242 et
480 1187 564 1241 sic
596 1202 828 1257 semper
858 1188 1231 1257 postmodum
1263 1206 1393 1243 cum
1415 1190 1539 1259 ipso
1564 1207 1871 1245 mansuros

209 1276 927 1341 conﬁdimus,secundum
944 1277 1095 1347 quod
1114 1278 1318 1335 beatus
1332 1278 1544 1332 Paulus
1556 1278 1873 1349 aitaposto-

208 1364 315 1420 lus
344 1364 393 1433 (I
425 1365 593 1418 Thess.
619 1382 695 1429 1v,
722 1365 807 1434 16)
840 1382 852 1429 ;
878 1365 1017 1434 quid
1037 1366 1249 1419 mirum
1276 1366 1323 1420 si
1355 1366 1520 1421 Matri
1545 1383 1646 1437 per
1666 1384 1862 1437 quem-

209 1455 354 1509 dam
375 1453 764 1508 miserationis
778 1454 1332 1508 effectumDominus
1348 1455 1718 1526 anticipando
1734 1472 1871 1526 prce-

209 1542 389 1612 stitit,
424 1542 581 1613 quod
614 1542 886 1596 omnibus
916 1542 972 1596 in
1006 1543 1119 1596 fine
1150 1542 1343 1597 saeculi
1368 1543 1585 1597 sanctis
1608 1544 1869 1602 donabit.

214 1648 355 1686 cum
378 1630 653 1686 mortalia
673 1647 914 1702 corpora
933 1630 1369 1686 immortalitate
1390 1631 1682 1686 induerit?
1702 1633 1868 1687 Deni-

213 1738 333 1794 que
352 1720 643 1791 scriptum
667 1724 757 1774 est
780 1737 791 1774 :
826 1720 955 1775 Alia
976 1721 1208 1775 claritas
1228 1723 1381 1789 solis,
1414 1722 1526 1775 alia
1558 1723 1728 1787 lunw,
1757 1722 1873 1776 alia

208 1812 513 1866 stellarum
540 1810 589 1879 (I
617 1808 736 1863 Cor.
761 1826 853 1873 xv,
912 1810 1038 1879 l11):
1103 1826 1202 1880 per
1261 1810 1581 1864 claritatem
1616 1827 1869 1881 namque

212 1898 361 1954 solis
386 1897 872 1953 resurrectionem
896 1897 1207 1969 Apostolus
1232 1899 1429 1953 docuit
1452 1898 1787 1965 Salvatoris,
1806 1901 1873 1954 de

212 2005 335 2060 quo
358 1987 652 2058 scriptum
676 1991 765 2041 est
790 2004 802 2040 :
822 1988 988 2041 Vobis
1010 1989 1105 2056 qui
1128 1990 1332 2041 timetis
1357 1990 1765 2053 Deum,orielur
1787 1989 1875 2041 Sol

202 2078 454 2149 justitiae
476 2075 730 2145 (Malae/1.
748 2092 818 2139 iv,
842 2077 919 2138 '2).
946 2075 1546 2147 Perlunazintelligere
1560 2094 1875 2148 possumus

211 2163 609 2221 etiamMatris
626 2180 742 2218 sua:
764 2181 921 2218 :nam
938 2164 1087 2219 sicut
1102 2165 1241 2219 luna
1254 2182 1286 2219 a
1299 2164 1416 2219 sole
1430 2166 1715 2237 praecipue
1729 2167 1877 2220 inter

213 2254 419 2311 sidera
442 2252 828 2319 illuminatur,
854 2252 935 2307 sic
958 2257 1014 2308 et
1043 2253 1173 2324 ipsa
1194 2271 1227 2307 a
1257 2253 1503 2309 Domino
1526 2254 1676 2309 inter
1706 2260 1874 2309 caete-

216 2360 325 2399 ros
352 2344 549 2413 justos
579 2341 769 2397 divino
801 2342 1001 2412 procul
1034 2342 1209 2397 dubio
1241 2342 1464 2398 lumine
1521 2346 1713 2415 potius
1744 2344 1875 2400 illu-

219 2435 477 2488 stratur.
510 2429 649 2485 Cum
678 2446 811 2485 vero
844 2429 1141 2486 stellarum
1174 2431 1492 2501 subjunxit,
1536 2437 1874 2488 caaterorum

222 2524 573 2576 sanctorum
590 2518 1065 2574 resurrectionem
1083 2520 1337 2575 innotuit
1351 2522 1553 2591 (1594).
1578 2521 1872 2592 Sequitur:

217 2609 385 2665 Sicut
409 2609 568 2663 stella
598 2625 631 2661 a
660 2609 815 2663 stella
847 2608 1040 2679 (li/fert
1090 2614 1149 2663 in
1197 2611 1470 2677 claritate,
1502 2614 1580 2665 sic
1608 2615 1659 2665 et
1690 2627 1875 2665 resur-

209 2699 393 2754 rectio
424 2701 771 2751 mortuorum
800 2698 846 2767 (I
876 2696 995 2751 Cor.
1030 2714 1119 2765 xv,
1152 2699 1241 2764 41,
1293 2699 1418 2767 42);
1468 2700 1612 2754 Nam
1656 2700 1875 2755 discre-

209 2788 301 2842 tio
335 2786 463 2840 vita}
495 2786 832 2840 varietatem
892 2786 1079 2856 gignit
1136 2788 1598 2842 resurrectionis.
1650 2789 1878 2844 Poterat

210 2876 369 2932 forte
400 2874 749 2929 resurrectio
781 2874 879 2928 Dei
912 2874 1217 2929 Genitricis
1278 2878 1597 2947 praecedere
1628 2877 1873 2932 aliorum

209 2963 623 3035 anticipando,
658 2979 803 3035 quos
838 2980 938 3033 per
968 2962 1094 3017 vitae
1128 2964 1401 3019 meritum
1434 2965 1491 3019 in
1526 2966 1699 3019 terris
1732 2983 1874 3036 pra:-

211 3056 479 3110 cesserat
510 3052 775 3107 vivendo.
814 3056 890 3106 De
922 3056 1105 3107 morte
1137 3069 1369 3123 quoque
1428 3054 1612 3126 ipsius
1654 3055 1873 3109 nullam

212 3145 519 3213 fingamus
551 3141 931 3206 dubietatem,
967 3158 1141 3211 quam
1175 3146 1230 3195 et
1261 3142 1316 3195 in
1349 3144 1435 3197 sui
1473 3143 1573 3197 filii
1606 3144 1871 3215 cognovi-

215 3248 356 3286 mus
378 3230 770 3285 humanitate.
791 3230 955 3284 Morti
979 3234 1173 3284 tamen
1200 3232 1578 3286 succumbere
1626 3233 1723 3286 diu
1758 3249 1870 3287 non
1904 3216 1946 3282 C

210 3320 459 3386 meruit,
484 3335 686 3390 quam,
717 3334 785 3372 ex
808 3334 874 3372 ea
896 3324 1137 3389 sumpta
1167 3336 1297 3373 caro
1322 3320 1503 3390 (1595)
1528 3322 1653 3390 jam
1683 3338 1875 3377 resur-

212 3410 412 3483 gendo
446 3406 696 3462 devicit:
733 3423 941 3479 nempe
985 3408 1153 3477 cujus
1205 3408 1361 3462 filius
1410 3408 1585 3464 oculos
1618 3411 1879 3466 ascendit

210 3515 322 3571 per
355 3497 747 3566 majestatem,
783 3499 1027 3549 matrem
1055 3496 1189 3551 illuc
1213 3498 1395 3569 (1596)
1446 3515 1745 3554 assumere
1778 3518 1875 3571 po-

208 3590 367 3641 terat
390 3602 493 3656 per
518 3584 815 3655 pietatem.
851 3584 965 3638 Nec
996 3584 1241 3639 dubium
1274 3591 1363 3641 est
1391 3586 1441 3641 ei
1499 3588 1680 3657 (1597)
1708 3605 1873 3643 suam

205 3674 555 3747 impertisse
568 3672 835 3745 gloriam,
852 3689 1096 3743 eamque
1131 3674 1305 3729 totius
1321 3676 1523 3729 mundi
1540 3678 1874 3733 constituis-

210 3782 277 3822 se
310 3763 640 3819 dominam.
671 3762 815 3816 Nam
849 3762 948 3833 qui
995 3767 1216 3833 patrem
1275 3769 1330 3819 et
1360 3768 1630 3818 matrem.
1669 3807 1681 3819 .
1720 3807 1732 3819 .
1765 3765 1875 3819 im-

211 3854 378 3927 plere
413 3894 427 3907 .
468 3895 480 3907 .
522 3894 533 3905 .
568 3850 1003 3922 Scripturarum
1037 3851 1315 3922 exemplis
1347 3869 1662 3923 possumus
1694 3856 1876 3926 (1598)

212 3942 547 4016 approbare
582 3984 595 3995 .
634 3981 645 3993 .
684 3982 695 3994 .
732 3939 913 4011 igitur
938 3945 1141 3996 sancta
1182 3940 1355 4012 Virgo
1414 3942 1623 4013 adepta
1670 3948 1759 3999 est
1788 3945 1874 3998 di-

214 4032 530 4105 gnitatem,
566 4029 709 4083 dum
740 4027 841 4082 Dei
873 4029 1086 4083 meruit
1130 4029 1280 4083 efﬁci
1341 4030 1539 4086 Mater.
1574 4030 1747 4103 Virgo
1779 4049 1875 4103 pe-

214 4121 371 4194 perit
402 4134 676 4191 puerum,
702 4116 912 4173 mulier
941 4118 1146 4189 genuit
1179 4119 1380 4185 Deum,
1428 4120 1643 4191 Spiritu
1673 4127 1874 4179 sancto

214 4209 523 4283 gravidata
554 4210 663 4277 est,
706 4211 939 4261 auctore
997 4205 1202 4260 mundi
1260 4207 1507 4262 fecunda
1554 4210 1732 4280 (1599)
1765 4216 1872 4277 est,

216 4316 399 4370 super
418 4298 632 4353 choros
675 4295 1009 4365 angelorum
1045 4296 1101 4349 in
1135 4293 1465 4350 ccelestibus
1514 4297 1695 4369 (1600)
1722 4299 1875 4354 exal-

214 4392 339 4443 tata
361 4391 474 4453 est,
508 4400 624 4456 quo
660 4400 767 4438 nos
789 4383 923 4455 pius
945 4384 1128 4454 (1601)
1154 4383 1722 4454 Dominus,ejusdem
1748 4388 1874 4441 Vir-

214 4477 373 4549 ginis
404 4475 757 4539 interventu,
790 4472 1106 4544 perducere
1137 4472 1427 4541 dignetur,
1462 4474 1629 4543 cujus
1658 4480 1765 4531 etc.

822 4579 1060 4635 SERMO
1090 4578 1283 4633 XVIII.

216 4688 281 4727 IN
344 4685 760 4725 DECOLLATIONB
818 4684 1141 4723 BEATISSIMI
1194 4682 1604 4723 PRECURSORIS
1655 4685 1877 4726 CHRISTI

926 4756 1182 4795 JOANNIS.

297 4828 677 4901 Magnificum
708 4828 995 4884 Joannem
1027 4844 1443 4899 praecursorem
1475 4832 1531 4883 et
1562 4833 1876 4902 martyrem

218 4919 457 4977 Domini
482 4918 667 4974 nostri
696 4921 835 4973 Jesu
857 4915 1096 4983 Christi,
1127 4919 1296 4987 cujus
1321 4916 1572 4972 natalem
1597 4918 1749 4973 diem
1774 4919 1876 4974 ho-

215 5010 312 5065 die
342 5007 599 5064 celebrat
625 5004 806 5071 orbis,
838 5009 1106 5060 sanctum
1139 5005 1343 5060 effudit
1374 5010 1573 5061 uterus
1633 5007 1835 5062 matris
1862 5026 1874 5073 ;

216 5098 376 5153 sicut
396 5096 687 5167 scriptum
715 5097 805 5148 est
830 5110 842 5147 :
869 5094 1205 5164 Priusquam
1236 5098 1284 5148 te
1302 5098 1599 5163 formarem
1620 5094 1678 5148 in
1700 5104 1873 5162 utero,

289 5221 477 5292 (1592)
510 5217 777 5292 Intellige
792 5216 1083 5292 _antiqu_os
1113 5218 1349 5292 liatres;
1393 5236 1527 5292 nam
1556 5218 1733 5292 paulo
1786 5237 1873 5275 re-

289 5235 477 5292 (1:392)
510 5235 777 5289 intellige
808 5235 1083 5289 antiquos
1113 5235 1349 5285 ratres;
1393 5236 1527 5274 nam
1552 5235 1733 5343 Ipaulo
1786 5237 1873 5275 re-

218 5294 531 5355 centiores,
568 5288 745 5345 veluti
782 5288 1096 5359 Gregorius
1127 5290 1508 5356 Turonensis,
1577 5289 1876 5347 delfonsus

213 5364 557 5426 Toletanus,
584 5359 1128 5424 Fulbertus,Petrus
1152 5360 1489 5425 Damianus,
1520 5362 1725 5416 Petrus
1749 5363 1876 5418 Ble-

218 5436 434 5503 sensis,
458 5430 725 5503 Andreas
758 5430 1070 5503 Cretensis,
1102 5432 1356 5486 Joannes
1386 5433 1783 5487 Damascenus
1816 5434 1873 5488 id

216 5501 614 5569 affirmarunt,
644 5502 730 5557 uti
752 5501 1018 5554 observat
1038 5502 1382 5557 Benedictus
1403 5503 1520 5557 XIV
1542 5503 1600 5557 in
1626 5508 1872 5559 tractatu

215 5579 287 5633 de
319 5578 466 5633 festo
498 5569 941 5643 Assumptionis
966 5572 1029 5643 Β.
1064 5572 1141 5627 Μ.
1173 5574 1262 5640 V.,
1313 5591 1438 5643 cap.
1500 5578 1552 5637 8,
1611 5576 1695 5628 15.
1734 5581 1874 5629 Per—

258 5650 302 5703 it
327 5649 545 5704 ibidem
570 5641 927 5702 Benedictus
949 5641 1113 5698 docte
1134 5660 1293 5700 more
1316 5641 1421 5699 sub
1446 5659 1566 5699 rem
1582 5644 1711 5699 aliis
1736 5646 1877 5701 locis

213 5714 563 5775 theologicis
594 5714 968 5772 confirmare.

288 5784 476 5866 (1593)
504 5790 585 5850 M.
616 5784 789 5861 quod.

1908 4586 1955 4649 D

1978 574 2029 623 el
2050 571 2365 641 pr0phe1am
2400 576 2455 626 in
2504 573 2754 642 gentibus
2801 572 2925 627 dedi
2979 577 3028 627 te
3086 572 3215 642 (Jer.
3252 590 3290 637 ι,
3333 573 3409 643 5).
3436 574 3620 637 Quam

1980 660 2498 715 sanctificationem
2532 665 2695 715 tanta
2744 660 3101 715 custodierat
3150 660 3519 726 abstinentia,
3560 666 3623 716 ut

1981 746 2140 800 nulla
2171 764 2313 819 pene
2363 749 2495 803 vitze
2542 751 2670 819 ejus
2722 750 3039 804 adhzereret
3089 750 3305 820 peccati
3352 750 3617 805 macula:

1981 861 2113 897 nam
2129 845 2327 900 vinum
2343 851 2397 901 et
2412 847 2653 901 siceram
2678 865 2790 901 non
2812 848 3225 909 bibit,etomne
3245 846 3618 903 immundum

1980 950 2096 987 non
2131 936 2519 990 manducavit.
2557 936 2817 1007 Elegerat
2845 937 3082 1007 insuper
3132 936 3395 992 habitare
3426 938 3619 991 deser-

1984 1026 2128 1086 tum,
2156 1040 2225 1076 ne
2250 1025 2376 1092 ejus
2406 1026 2581 1079 vitam
2615 1025 2811 1096 populi
2841 1026 3042 1079 saltem
3070 1025 3352 1097 pollueret
3377 1044 3634 1082 conven-

1981 1116 2095 1165 tus.
2123 1112 2375 1167 Verbum
2406 1114 2631 1168 Domini
2656 1115 3103 1169 advenientibus
3132 1116 3407 1170 continue
3433 1117 3633 1187 praedi-

1982 1201 2167 1270 cabat,
2198 1203 2414 1272 quibus
2447 1204 2849 1258 recedentibus
2876 1204 3003 1275 jugi
3051 1206 3299 1260 orationi
3350 1207 3627 1263 vacabat:

1982 1301 2150 1369 cujus
2173 1300 2365 1355 cultus
2388 1299 2781 1367 humillimus,
2801 1302 3048 1357 vestitus
3069 1304 3632 1373 asperrimus,cibus

1979 1388 2301 1443 vilissimus
2327 1388 2674 1443 declaratur.
2710 1389 2975 1459 Legimus
3010 1391 3164 1444 enim
3211 1391 3269 1445 in
3320 1391 3630 1463 Evangelio

1980 1478 2133 1549 quod
2170 1478 2419 1531 habebat
2448 1478 2860 1532 vestimentum
2895 1478 2963 1532 de
2996 1478 3131 1549 pilis
3162 1478 3540 1547 camelorum,
3576 1486 3631 1535 et

1980 1583 2184 1620 zonam
2220 1564 2520 1637 pelliceam
2555 1567 2707 1620 circa
2738 1566 2971 1621 lumbos
3027 1584 3198 1621 suos:
3254 1584 3385 1621 esca
3433 1573 3628 1623 autem

1981 1655 2108 1724 ejus
2140 1659 2304 1708 erant
2336 1654 2573 1708 locustae
2606 1660 2660 1708 et
2692 1654 2803 1709 mel
2836 1654 3119 1719 silvestre,
3153 1660 3209 1709 et
3259 1660 3381 1710 erat
3438 1656 3494 1710 in
3526 1657 3629 1712 de-

1982 1748 2134 1797 serto
2161 1744 2480 1813 prtedicans
2504 1743 2863 1814 baptismum
2894 1744 3243 1815 paenitentiae
3267 1746 3451 1813 (Marc.
3484 1746 3627 1813 1,6):

1905 1849 1952 1912 B
1984 1839 2081 1911 qui
2116 1857 2233 1895 suae
2268 1840 2698 1911 praedicationis
2730 1840 2937 1911 gratia,
2975 1841 3123 1896 mira
3153 1858 3296 1896 usus
3318 1846 3406 1896 est
3436 1842 3629 1897 obser-

1986 1930 2217 1983 vantia:
2254 1934 2316 1983 ut
2347 1930 2498 1999 quod
2528 1930 2879 2000 praedicabat
2902 1928 3024 1999 ipse
3048 1946 3287 2000 prorsus
3331 1935 3543 2001 ageret,
3576 1934 3633 1986 et

1989 2018 2141 2087 quod
2158 2018 2400 2086 jubebat
2417 2016 2703 2088 impleret.
2726 2017 3083 2087 Baptismum
3100 2017 3470 2087 praedicabat,
3486 2022 3541 2071 et
3559 2019 3629 2072 ad

1989 2122 2050 2160 se
2082 2106 2373 2160 venientes
2393 2106 2743 2177 baptizabat.
2765 2105 3165 2160 Paenitentiam
3192 2105 3631 2175 docebat,cujus

1988 2193 2045 2248 in
2080 2210 2139 2248 se
2173 2211 2437 2249 normam
2470 2194 2828 2249 ostendebat.
2866 2194 2907 2248 Ο
2957 2199 3209 2263 quantus
3239 2194 3325 2248 vir
3363 2195 3493 2259 iste,
3529 2194 3629 2265 qui

1988 2282 2191 2354 angelo
2223 2284 2530 2338 nuntiante
2562 2287 2871 2353 conceptus
2903 2288 3010 2351 est,
3045 2287 3103 2337 et
3145 2282 3215 2338 ab
3265 2282 3393 2352 ipso
3424 2282 3631 2337 matris

1987 2379 2153 2427 utero
2186 2372 2585 2427 sanctiﬁcatus
2617 2372 2739 2427 esti
2777 2372 2875 2441 qui
2908 2388 3140 2443 semper
3168 2370 3365 2441 deguit
3412 2371 3469 2425 in
3503 2372 3633 2425 abs-

1986 2461 2252 2528 tinentia,
2285 2465 2341 2515 et
2372 2460 2615 2515 aliorum
2669 2460 2833 2532 quasi
2887 2460 3119 2531 propria
3169 2460 3343 2514 flebat
3374 2459 3626 2525 scelera;

1988 2560 2086 2631 qui
2119 2558 2270 2614 viam
2304 2559 2549 2614 Domino
2580 2558 2946 2630 praedicando
2976 2575 3089 2613 non
3124 2561 3446 2613 cessaverat
3487 2574 3628 2628 prae-

1988 2664 2213 2721 parare,
2264 2654 2321 2703 et
2370 2665 2471 2718 pro
2518 2648 2779 2703 veritatis
2830 2647 3116 2718 praeconio
3165 2650 3340 2717 caput
3389 2662 3502 2700 non
3543 2651 3633 2700 est

1988 2742 2293 2793 cunctatus
2313 2738 2578 2791 amittere
2602 2755 2615 2803 ;
2640 2737 2810 2808 cujus
2832 2736 3006 2791 etiam
3027 2736 3084 2789 in
3101 2740 3329 2790 tantum
3350 2735 3629 2790 sanctitas

1987 2826 2183 2892 crevit,
2219 2832 2283 2880 ut
2312 2844 2344 2881 a
2375 2824 2774 2897 compluribus
2803 2824 3069 2879 Christus
3099 2840 3227 2878 esse
3260 2824 3625 2879 crederetur:

1988 2926 2141 2997 quod
2166 2924 2520 2978 humilitatis
2543 2928 2739 2977 custos
2764 2923 2905 2977 adeo
2928 2922 3163 2993 refugit,
3186 2920 3361 2977 veluti
3395 2922 3441 2975 si
3468 2921 3517 2975 ei
3537 2938 3631 2975 ve-

1985 3030 2203 3069 nenum
2230 3012 2636 3085 prOpinaretur
2656 3012 2878 3067 mortis.
2914 3012 2987 3065 Se
3007 3027 3203 3065 vocem
3219 3010 3523 3065 confessus
3545 3015 3635 3064 est

1986 3102 2295 3157 clamantis
2321 3120 2332 3155 :
2366 3100 2660 3156 Christum
2697 3105 2825 3170 post
2857 3117 2915 3155 se
2942 3104 3251 3154 venturum
3275 3116 3401 3154 esse
3426 3099 3631 3170 praedi-

1986 3192 2157 3255 cavit,
2188 3207 2361 3262 quem
2412 3194 2587 3243 tantm
2636 3188 2979 3259 przedixerat
3028 3188 3411 3263 auctoritatis,
3464 3188 3633 3257 cujus

1989 3279 2363 3335 calceamenti
2381 3277 2688 3348 corrigiam
2704 3293 2765 3330 se
2788 3277 2858 3330 ad
2879 3274 3220 3330 solvendum
3243 3292 3357 3329 non
3381 3275 3633 3329 aestima-

1990 3374 2077 3424 ret
2114 3369 2388 3423 idoneum
2440 3367 2623 3436 (Marc.
2670 3381 2706 3430 ι,
2737 3365 2814 3433 7).
2848 3369 3120 3419 Assertor
3148 3364 3288 3432 veri,
3318 3380 3490 3435 quem
3526 3379 3632 3417 nec

1988 3463 2467 3522 humanmlaudis
2490 3461 2773 3533 jactantia
2802 3460 3163 3532 compulerat
3194 3460 3446 3532 proferre
3469 3476 3632 3515 men-

1988 3555 2241 3618 dacium,
2277 3568 2381 3607 nec
2412 3550 2748 3624 tyrannicus
2773 3566 2947 3620 pavor
2970 3549 3274 3604 averitatis
3299 3552 3524 3620 poterat
3545 3565 3632 3603 re-

1988 3648 2255 3713 torquere
2306 3639 2659 3703 testimonio,
2710 3654 2815 3693 nec
2862 3637 3071 3709 reginas
3122 3635 3376 3691 adulatio
3422 3636 3635 3692 fecerat

1988 3740 2223 3813 palpare
2247 3738 2551 3810 flagitium.
2582 3736 2865 3792 Herodem
2882 3734 3196 3789 afraternis
3210 3733 3484 3789 thalamis
3507 3751 3634 3806 pro-

1987 3830 2262 3895 hibendo,
2296 3828 2377 3882 ita
2426 3826 2612 3899 ipsius
2648 3870 2659 3881 .
2698 3868 2709 3880 .
2747 3867 2759 3879 .
2795 3823 3023 3879 adulter
3056 3866 3067 3878 .
3105 3865 3118 3878 .
3157 3866 3169 3879 .
3202 3841 3315 3879 non
3366 3823 3497 3879 licet
3526 3823 3633 3878 tibi

1986 3924 2051 3975 ut
2079 3919 2295 3974 habeas
2319 3934 2556 3972 uxorem
2580 3915 2779 3970 fratris
2832 3914 2917 3968 tui
2961 3912 3285 3968 adulteram
3336 3914 3518 3983 (Marc.
3554 3931 3632 3981 γι,

1988 4009 2095 4079 18).
2122 4007 2263 4061 Hinc
2296 4006 2421 4060 diro
2466 4010 2731 4059 retrusus
2773 4007 2861 4057 est
2907 4018 3133 4057 carcere
3166 4042 3178 4055 .
3214 4043 3226 4055 .
3263 4043 3276 4056 .
3314 4001 3445 4055 talis
3476 4001 3632 4056 fama

1986 4109 2258 4161 cessaret.
2281 4102 2492 4158 Christi
2513 4106 2709 4156 tamen
2727 4099 3005 4154 athletam
3031 4104 3249 4169 quanto
3274 4097 3461 4169 magis
3481 4097 3631 4151 afﬂi-

1986 4193 2201 4265 gebant
2222 4190 2472 4257 vincula,
2505 4194 2666 4243 tanto
2700 4187 2887 4257 magis
2920 4186 3244 4241 detestabat
3268 4184 3491 4239 illicita.
3517 4185 3627 4240 No-

1984 4280 2222 4337 vissime
2239 4278 2474 4333 tandem
2498 4277 2683 4347 capite
2699 4278 3030 4339 truncatus,
3054 4274 3325 4345 migravit
3341 4274 3411 4328 ad
3436 4274 3628 4327 Domi-

1987 4386 2151 4433 num,
2186 4366 2283 4438 qui
2311 4364 2565 4419 veritatis
2597 4380 2711 4417 non
2762 4379 2971 4433 passus
3015 4370 3098 4416 est
3146 4361 3332 4416 celare
3364 4362 3627 4415 testimo-

1987 4459 2173 4513 nium.
2206 4454 2431 4509 Veritas
2462 4453 2617 4507 enim
2652 4457 2800 4505 Deus
2830 4455 2939 4515 est,
2968 4449 3464 4522 quemadmodum
3504 4450 3629 4521 ipse

1988 4557 2065 4611 ait
2087 4556 2143 4610 in
2168 4551 2476 4624 Evangelio
2501 4570 2513 4618 ;
2547 4552 2653 4621 Ego
2681 4566 2805 4603 sum
2829 4550 2937 4614 via,
2972 4550 3168 4603 veritas
3198 4555 3248 4601 et
3278 4548 3392 4601 vita
3436 4545 3626 4615 (Joan.

1987 4664 2103 4711 xw,
2158 4645 2234 4716 6).
2282 4641 2389 4707 Qui
2439 4639 2594 4695 enim
2644 4636 2947 4693 veritatem
2994 4653 3106 4690 non
3167 4634 3374 4689 metuit
3422 4633 3627 4704 celare,

1987 4736 2171 4791 Deum
2204 4729 2634 4804 quodammodo
2668 4725 2871 4780 nititur
2913 4724 3240 4789 occultare;
3292 4728 3348 4777 et
3395 4722 3494 4793 qui
3525 4740 3628 4793 pro

1988 4826 2115 4895 ejus
2136 4820 2470 4878 testimonio
2493 4818 2587 4873 hic
2610 4814 2909 4887 affligitur,
2943 4813 3012 4867 ab
3045 4812 3172 4883 ipsa
3191 4812 3345 4882 quod
3371 4811 3525 4866 Deus
3542 4815 3631 4866 est

1985 4912 2046 4966 in
2078 4917 2357 4967 aeternum
2391 4904 2782 4963 coronabitur.
2823 4902 3136 4973 Fugiamus
3159 4901 3374 4971 itaque,
3407 4898 3628 4954 charis-

1988 5001 2144 5068 simi,
2169 4998 2563 5063 mendacium,
2588 4996 2833 5065 ejusque
2857 4988 3032 5046 simul
3057 4993 3275 5059 patrem
3306 4987 3626 5042 diabolum.

1987 5098 2301 5153 Veritatem
2334 5097 2651 5157 imitemur,
2685 5107 2861 5164 quam
2890 5107 2922 5143 a
2951 5087 3064 5141 Deo
3090 5085 3441 5155 processisse
3459 5084 3633 5138 conti-

2060 5221 2242 5291 (1594)
2271 5220 2365 5274 Sic
2400 5236 2455 5291 p.
2488 5218 2573 5284 17,
2606 5234 2659 5269 v.
2695 5215 2799 5271 ult.

2058 5288 2241 5358 (1595)
2275 5288 2535 5344 Mansius
2560 5303 2741 5341 carne.

2086 5358 2241 5414 1590)
2275 5361 2349 5414 M.
2384 5358 2558 5412 illius.

2084 5427 2241 5484 1597)
2272 5431 2345 5484 M.
2381 5428 2506 5481 sine
2537 5427 2607 5480 ei.

2060 5365 2073 5430 (

2058 5437 2241 5499 (1597)
2273 5437 2345 5484 M.
2381 5437 2506 5481 sine
2537 5437 2607 5480 ei.

2084 5503 2237 5565 1598)
2270 5502 2345 5554 M.
2375 5513 2612 5569 possum.

2056 5504 2239 5643 (1599)
2273 5572 2349 5643 tu.
2378 5567 2610 5643 fecunda

2057 5648 2070 5712 (

2226 5292 2241 5499 l

2087 5572 2239 5641 1599)
2273 5572 2349 5625 M.
2376 5567 2687 5641 fecundata.

2081 5637 2239 5709 1600)
2270 5642 2347 5696 Μ.
2379 5637 2579 5694 emisit
2605 5637 2667 5691 in
2694 5637 3013 5709 caelestibus.

2057 5707 2239 5783 (1601)
2270 5712 2441 5769 Deest
2466 5710 2593 5783 pius
2624 5708 2774 5779 apud
2803 5707 2880 5765 M.
