3966 6210
443 312 558 379 863

1457 323 1793 386 ATTONIS
1840 318 2428 387 VERCELLENSIS
2474 316 2830 382 EPISCOPI

3743 317 3849 382 864

443 450 642 507 saevire
673 467 777 525 per
806 469 990 519 arma,
1023 454 1288 510 subsidia
1311 457 1606 528 oppressis
1636 457 2088 528 denegent,nam
2120 457 2171 521 Α
2204 458 2268 507 ut
2299 452 2375 506 sit
2406 451 2664 508 incursio
2713 468 2925 524 nequa,
2957 454 3171 508 terreat
3197 466 3326 522 qua
3374 447 3560 522 ipsos,
3593 451 3696 506 sed
3737 469 3845 509 me-

443 541 681 596 saavient
731 542 864 612 ipsi.
899 543 1204 614 Specimen
1254 551 1531 616 praeterea
1579 550 1755 600 restat
1804 545 1943 612 doli,
1980 559 2094 615 quo

443 628 740 684 eliduntur
785 631 954 685 affusi
989 632 1046 686 in
1096 632 1213 687 imo
1261 633 1480 688 tribuni
1507 636 1571 688 ³⁸.
1607 635 1823 689 Horum
1877 633 2095 688 milites

445 735 619 774 auras
650 736 779 774 cum
814 720 1004 791 regias
1035 727 1266 792 captant
1302 723 1836 794 blandas,indeque
1867 722 2095 777 onustis

445 808 517 862 ad
553 807 782 879 propria
814 811 1060 865 redeunt
1091 811 1373 877 humeris,
1409 814 1765 868 muniatores
1799 811 1996 866 dictati
2027 811 2093 879 ³⁷,

443 897 696 953 arbitros
731 898 991 969 ipsorum
1019 901 1309 970 dominos,
1343 918 1446 956 nec
1479 902 1651 956 etiam
1686 903 1743 956 in
1794 899 2093 971 largiendo

438 985 624 1060 ferent
674 987 951 1042 beneﬁcia
1000 989 1187 1060 primo
1238 996 1394 1046 sarta
1443 991 1580 1055 sint,
1615 991 1662 1046 si
1707 1008 1766 1046 se
1811 991 1988 1045 duces
2020 1005 2093 1042 an

435 1057 600 1144 1arga
633 1082 990 1146 praeponent.
1018 1079 1316 1134 Faenerant
1342 1080 1614 1134 inmunes
1639 1088 1694 1134 et
1725 1097 1758 1135 a
1790 1080 2021 1151 proprio
2052 1080 2093 1112 ³⁸

435 1161 676 1218 alterius
725 1164 956 1236 sibique
1006 1166 1152 1222 fidos
1202 1169 1556 1224 detrimento
1601 1169 1944 1240 provehunt.
1988 1167 2095 1231 Qui

435 1258 680 1307 sumunt
711 1270 811 1325 per
859 1271 1008 1325 quos
1040 1256 1376 1325 praeferunt,
1409 1258 1509 1312 sed
1565 1275 1679 1312 non
1716 1276 1747 1311 a
1779 1257 1996 1328 quibus
2028 1259 2090 1311 3°.

435 1341 550 1396 Hos
582 1348 815 1412 separat
861 1343 908 1398 si
942 1345 1080 1409 fors,
1113 1349 1214 1399 aut
1244 1346 1302 1399 in
1337 1363 1519 1400 unum
1555 1347 1664 1418 ipsi
1696 1347 1766 1400 ab
1815 1345 2094 1400 alterutro

436 1431 672 1500 melius,
707 1449 831 1503 quin
881 1433 1065 1487 donec
1097 1433 1155 1488 in
1187 1434 1534 1489 alterutrum
1583 1435 1802 1504 prolata
1833 1435 2091 1491 silerent.

437 1521 594 1585 Quos
623 1520 921 1591 explorare
953 1523 1191 1592 quidem
1227 1529 1494 1578 statuunt
1536 1529 1592 1578 et
1623 1525 1912 1579 instruere
1945 1541 2091 1580 sese.

435 1607 713 1680 Singulas
737 1625 766 1663 e
790 1609 1007 1680 quibus
1029 1627 1132 1681 per
1158 1611 1360 1667 domos
1382 1612 1539 1667 velut
1561 1613 1781 1667 semina
1809 1617 2096 1684 spargunt

439 1713 652 1767 nugas,
685 1699 836 1752 unde
868 1715 1019 1770 saepe
1052 1705 1299 1766 metunt,
1331 1701 1815 1773 expedientiaque
1855 1702 2094 1773 praesci-

437 1790 626 1840 scunt.
667 1785 805 1840 Hinc
840 1786 1053 1842 milites
1088 1787 1335 1858 primam
1367 1789 1603 1844 diluunt
1634 1789 1677 1824 ‘0
1707 1791 2093 1855 dominis,fir-

437 1878 602 1929 mant
631 1875 756 1944 jam
806 1891 1036 1930 servare
1066 1877 1405 1941 secundam,
1458 1895 1583 1949 que
1634 1879 1815 1934 deerit
1868 1880 2088 1949 princi-

438 1963 609 2033 pibus
641 1962 835 2018 ﬁdem.
889 1965 1037 2019 Tum
1070 1982 1133 2020 se
1165 1965 1408 2021 infamia
1450 1971 1673 2035 notant,
1708 1967 2090 2039 supplantant

435 2051 836 2118 dominos,nec
868 2054 1127 2122 dejerare
1157 2072 1477 2126 supernum
1505 2056 1909 2127 respuunt.Sic
1940 2057 2090 2112 foeda

435 2139 708 2210 cupidine
761 2140 976 2209 inlecti,
1009 2141 1157 2196 levia
1187 2145 1225 2177 ⁴¹
1262 2150 1532 2214 praastare
1574 2145 1798 2199 mmstis
1830 2146 1874 2178 "
1905 2162 2089 2216 quan-

435 2228 626 2300 doque
676 2235 1006 2300 sperantur,
1043 2230 1279 2302 periculi
1310 2233 1629 2304 quicquam
1661 2235 1778 2289 fors
1834 2239 1897 2288 ut
1926 2250 2086 2288 cum-

435 2332 547 2388 que
578 2317 625 2372 si
659 2317 852 2374 differt
881 2318 1156 2390 ingerunt
1184 2336 1253 2375 ex
1282 2323 1536 2392 proprio,
1569 2327 1626 2378 et
1658 2322 2015 2378 cumulando
2047 2324 2090 2356 ‘3

434 2409 833 2475 prosternunt.

506 2494 560 2546 3.
595 2493 880 2549 Scabrosa
909 2512 1012 2565 par
1038 2512 1275 2552 exesum
1306 2499 1533 2554 addunt
1563 2500 1744 2572 igitur
1773 2500 2086 2572 principes,

431 2581 766 2651 vadosaque
796 2584 1024 2638 munire
1055 2589 1265 2640 cuncta
1293 2587 1502 2656 (1620),
1526 2592 1589 2642 ut
1618 2593 1792 2660 queat
1821 2590 2088 2660 ignotum

436 2669 572 2739 quis
626 2668 708 2723 nil
745 2671 1049 2726 traducere
1092 2673 1224 2728 sibi.
1276 2674 1703 2747 Praevalidaque
1751 2677 1841 2731 cui
1896 2677 2086 2732 muni-

436 2758 600 2814 mina
647 2762 864 2827 extant,
895 2761 1201 2817 obsidibus
1232 2769 1334 2818 ant
1380 2770 1672 2835 premunt,
1707 2775 1802 2820 aut
1841 2765 2090 2822 eximere

437 2847 918 2903 nituntur.lnﬁde
936 2849 984 2903 si
1004 2850 1147 2906 forte
1163 2869 1413 2922 quorum
1446 2854 1690 2908 fundum
1713 2855 1914 2911 credas
1937 2872 2090 2910 com-

439 2935 669 2992 mittere
699 2941 889 3008 tuum,
915 2942 980 2992 ut
1009 2944 1236 2995 servent
1266 2941 1504 3008 tibi,aut
1526 2942 1832 2997 hominum
1868 2943 1918 2998 si
1951 2944 2090 2998 titu-

439 3023 563 3078 lum
596 3025 856 3096 ipsorum
879 3043 1048 3082 cures
1069 3029 1364 3101 imponere
1384 3031 1568 3086 ullum
1593 3032 2092 3099 heredibus,hunc

438 3114 692 3186 propriis
724 3113 979 3187 elogium
1011 3118 1195 3189 (1621)
1225 3124 1426 3176 tenent
1457 3120 1648 3176 metiri
1671 3122 1798 3192 jam
1831 3121 1965 3177 inde
1987 3122 2088 3177 do-

2205 542 2389 596 ditata
2420 541 2733 612 tranquille
2765 542 3003 596 reddere
3028 540 3268 596 cuilibet
3295 538 3529 595 valeant
3558 539 3845 596 inibi.Au-

2205 631 2384 684 matia
2432 632 2615 700 (1622)
2664 630 2721 684 in
2770 648 2885 702 qua
2933 634 3202 684 statuunt
3248 633 3306 684 et
3353 629 3602 702 tristega
3648 647 3842 702 conpo-

2205 722 2448 773 nunt.At
2482 725 2790 790 postquam
2822 719 3082 774 labentes
3115 716 3450 790 perfixerint
3481 717 3673 773 solide
3703 721 3842 789 plan-

2205 813 2314 877 tas,
2349 808 2548 879 jurgia
2604 813 2728 862 tum
2790 824 3089 880 percerum
3143 807 3371 862 animos
3426 805 3584 860 inter
3641 807 3842 880 digesta

2206 902 2514 968 reponunt,
2547 896 2977 952 adversantium
3029 912 3208 967 seque
3239 900 3505 949 utrorum
3548 895 3842 951 adfirmant

2205 1003 2330 1040 esse
2380 985 2588 1042 socios.
2619 986 2779 1050 Quod
2831 1002 3062 1057 quoque
3101 1000 3366 1056 perverse
3414 984 3735 1056 fungantur
3763 985 3840 1040 in-

2205 1075 2351 1129 ﬁdos
2399 1076 2470 1140 ei,
2505 1081 2561 1130 et
2607 1074 2833 1129 aemulis
2886 1074 3149 1144 aemulos,
3181 1077 3460 1128 accusant
3514 1072 3840 1145 plagiatores

2206 1165 2388 1233 (1623)
2441 1169 2695 1218 semotos
2746 1167 3001 1234 arguunt
3061 1162 3304 1217 crimine
3354 1166 3542 1228 tanto,
3596 1162 3839 1233 pharetra

2206 1253 2387 1324 (1624)
2421 1270 2491 1308 ne
2545 1253 2833 1324 pandatur
2863 1252 3084 1323 iniqua,
3119 1251 3382 1306 mordeat
3411 1254 3468 1305 et
3507 1251 3839 1322 quemquam

2206 1344 2326 1397 fore
2356 1342 2753 1397 indifferenter
2783 1341 3079 1412 ingratum
3113 1341 3174 1394 “.
3209 1339 3441 1394 Acoitos
3471 1344 3688 1394 canunt
3714 1357 3840 1411 pre-

2206 1431 2828 1501 clues,discidiumque
2860 1431 3180 1501 perdurant
3209 1428 3592 1483 contestando
3615 1429 3839 1497 sacris“,

2207 1539 2278 1576 ne
2308 1519 2484 1576 simul
2539 1521 2608 1574 ad
2645 1518 2955 1591 pristinum
3010 1519 3199 1588 (1625)
3243 1517 3485 1572 redeant
3515 1533 3646 1572 cum
3694 1517 3836 1589 ipsis,

2204 1611 2386 1665 donec
2421 1609 2478 1664 in
2513 1608 2629 1663 imo
2680 1612 3001 1663 versentur.
3034 1607 3158 1662 Non
3191 1609 3638 1677 sequestrantur
3664 1612 3710 1660 et
3741 1606 3835 1677 ipsi

2203 1699 2424 1754 indices
2474 1700 2537 1764 ιδ,
2590 1697 2744 1752 haud
2799 1713 2966 1752 secus
2997 1695 3196 1751 ethos
3247 1693 3538 1750 revolvere
3584 1694 3830 1750 nitentes.

2203 1789 2365 1843 Tunc
2397 1787 2657 1842 crinibus
2688 1787 2729 1819 ⁸⁷
2763 1784 2988 1856 plaudit
3015 1782 3231 1839 Alecto.

2273 1878 2322 1930 4.
2343 1877 2620 1931 Versutas
2652 1880 2711 1929 at
2725 1874 2884 1928 vafer
2907 1873 3012 1927 bas
3044 1873 3090 1927 si
3111 1873 3244 1944 quis
3275 1871 3640 1943 praesenserit
3658 1886 3828 1934 curas,

2199 1969 2463 2020 susurret
2508 1965 2736 2018 deserta
2771 1962 2984 2018 fuerint
3013 1961 3136 2017 haec
3185 1961 3233 2017 si
3268 1966 3325 2016 et
3353 1961 3562 2016 infecta
3607 1959 3825 2024 valebit,

2199 2072 2314 2110 non
2364 2053 2624 2108 insontes
2677 2051 2862 2117 luant,
2899 2068 3047 2122 quos
3098 2066 3202 2105 nec
3251 2066 3493 2106 censura
3520 2049 3560 2091 ⁸⁸
3611 2047 3822 2117 fatigat.

2199 2143 2492 2198 Premitur
2521 2147 2645 2196 tum
2678 2141 2917 2196 horrore
2948 2140 3243 2195 bronchus
3275 2141 3337 2207 ‘9,
3366 2144 3421 2194 et
3448 2136 3608 2192 exilis
3636 2137 3704 2190 ad
3734 2151 3826 2189 au-

2199 2249 2292 2288 ras
2327 2230 2710 2286 stridentibus
2753 2229 2946 2285 evadit
2971 2245 3080 2284 vox
3128 2229 3397 2300 postibus
3442 2228 3506 2294 ⁸ο,
3534 2225 3826 2294 lividisque

2199 2320 2456 2393 pupillis,
2479 2318 2788 2392 praestigiis
2819 2334 3076 2391 urguens
3109 2316 3308 2390 politis
3337 2317 3380 2352 ⁸¹
3416 2315 3600 2371 edicta
3623 2312 3821 2368 fulcire.

2199 2411 2484 2482 Stigmate
2514 2407 2608 2462 hic
2656 2407 2775 2463 veri
2806 2407 3008 2462 rabido
3039 2411 3277 2462 notatur
3324 2405 3609 2470 adsertor,
3639 2408 3699 2458 ut
3725 2401 3824 2456 dis-

2199 2499 2488 2571 cerpenda
2535 2497 2884 2568 quantocius
2915 2497 3130 2568 praeda.
3172 2495 3522 2566 Mastrugati
3553 2492 3722 2565 (1626)
3752 2491 3822 2544 in-

2197 2592 2427 2644 tentant
2456 2603 2591 2642 cum
2639 2585 2885 2657 scorpiis
2917 2584 3290 2658 tragelaphos
3320 2585 3535 2655 (1627),
3564 2578 3824 2654 quomodo

2199 2676 2418 2745 Parthi,
2451 2675 2697 2748 praavius
2757 2679 2813 2730 et
2839 2674 3114 2747 gradiens
3164 2673 3262 2728 leti
3298 2671 3614 2744 captaverit
3657 2684 3824 2732 auras,

2199 2767 2438 2838 agmina
2469 2781 2530 2820 se
2550 2765 2698 2818 duce
2715 2774 2855 2818 tunc
2877 2763 3169 2833 pecudum
3194 2766 3588 2833 contorquens
3609 2775 3702 2831 per
3717 2772 3826 2811 aera

2200 2857 2388 2926 fugat,
2422 2857 2676 2924 imputat
2705 2852 3054 2916 arcitenens,
3079 2852 3230 2923 quod
3267 2851 3359 2906 cui
3395 2849 3668 2922 prostrati
3696 2845 3829 2918 quis-

2201 2961 2314 3016 que
2345 2942 2596 2998 fuissent
2625 2958 2739 2996 non
2771 2939 3374 3012 omnes,blasphemat
3404 2939 3725 3012 imprecans
3750 2950 3824 2989 so-

2199 3033 2320 3088 lum
2357 3047 2528 3104 quem
2581 3034 2639 3086 et
2668 3045 3013 3102 conpescere
3064 3029 3290 3100 fatigat,
3343 3028 3506 3085 valet
3553 3028 3600 3083 si
3646 3027 3826 3081 ducum

2201 3121 2286 3177 sic
2317 3121 2417 3192 qui
2465 3135 2815 3192 cognoscere
2846 3118 3080 3174 fraudes
3135 3117 3450 3190 protulerit
3477 3117 3537 3173 in
3585 3114 3825 3176 medium,

438 3206 668 3270 tatum;
702 3221 732 3259 e
764 3205 990 3260 cunctis
1023 3206 1163 3262 utile
1193 3207 1302 3262 sibi
1335 3208 1654 3278 vindicant,
1679 3210 1957 3282 quicquid
1991 3215 2097 3275 est,
2133 3195 2176 3262 C
2212 3209 2561 3264 Abscidibus
2609 3212 2666 3264 et
2697 3207 2952 3263 camuris
2991 3223 3280 3264 consonos
3330 3207 3619 3262 mandant
3663 3199 3829 3274 plastis

441 3308 630 3363 neque
678 3293 1010 3366 dispergere
1055 3303 1284 3368 ponunt
1312 3304 1537 3370 partem
1588 3299 1645 3354 in
1680 3316 1797 3368 eos,
1835 3300 1935 3372 qui
1984 3299 2099 3354 sal-

439 3381 546 3436 tim
597 3389 943 3454 paraverant
973 3383 1136 3440 olim.
1171 3387 1409 3442 Concilii
1461 3389 1602 3458 quin
1637 3406 1799 3446 arces
1842 3392 2098 3455 struunt,

2211 3297 2412 3353 caelare
2457 3297 2736 3367 coruscis,
2769 3295 3050 3352 martisiis
3080 3295 3262 3366 (1628)
3293 3295 3636 3366 intritisque
3677 3287 3828 3362 (1629)

2211 3386 2563 3458 frequenter,
2595 3391 2652 3441 et
2698 3384 3051 3442 hemistibus
3081 3385 3264 3456 (1630)
3306 3384 3615 3449 advocant,
3647 3384 3705 3436 ut
3729 3391 3828 3434 sese

1995 3521 2306 3578 GLOSS/E.

514 3633 558 3667 ³⁸
588 3632 800 3687 Defecti
835 3635 1107 3704 majores.
1186 3636 1230 3670 ³⁷
1256 3636 1428 3760 Regis
1477 3638 1795 3693 consiliarii
1845 3640 2179 3710 frequenter
2224 3636 2432 3692 vocati.
2507 3636 2552 3669 ⁸⁸
2584 3636 2886 3689 Immunes
2917 3651 2951 3689 a
2979 3633 3236 3760 prolprio.
3268 3631 3322 3687 id
3375 3635 3477 3689 est
3504 3651 3536 3689 a
3573 3647 3691 3700 suo,
3719 3624 3831 3699 quia

514 3702 788 3758 :alterius
819 3705 1171 3760 detrimento
1223 3723 1322 3760 eos
1376 3715 1636 3760 enerant.
1671 3711 1726 3760 id
1776 3718 1864 3760 est
1913 3712 2242 3760 munerant.
2321 3709 2366 3742 3°
2397 3708 2554 3760 ldest
2583 3724 2616 3760 a
2646 3705 2921 3760 dominis.
3001 3707 3044 3740 ιο
3128 3704 3375 3760 issinant
3431 3705 3516 3760 vel
3563 3703 3825 3759 evacuant.

447 3704 518 3776 de
549 3702 788 3758 alterius
819 3702 1171 3762 detrimento
1223 3723 1322 3762 eos
1341 3702 1636 3776 ‘fenerant,
1671 3711 1726 3764 id
1776 3718 1864 3765 est
1913 3702 2242 3764 munerant.
2321 3709 2366 3742 3°
2397 3708 2554 3762 ldest
2583 3724 2616 3761 a
2646 3705 2921 3762 dominis.
2979 3702 3044 3740 "0

3128 3704 3375 3760 issinant
3431 3705 3516 3760 vel
3563 3703 3825 3759 evacuant.

519 3778 820 3852 Prospera.
861 3777 906 3810 ⁴²
932 3777 1585 3852 _Tr_istibus_dominis.n
1626 3775 1678 3814 "3
1710 3781 2009 3852 lmplendo
2059 3779 2282 3852 scilicet
2311 3779 2656 3852 periculum.
2736 3778 2780 3811 “
2803 3777 3076 3852 Exosum.
3154 3775 3624 3852 “(Jurandqper
3670 3784 3824 3852 egera-

444 3847 489 3881 ιδ
546 3843 848 3901 Αιιοὶοιυθε.
909 3849 967 3920 γ⁴⁷
1017 3848 1379 3920 Serpentinis
1427 3850 1706 3906 crinibus.
1775 3843 1820 3892 ‘5
1867 3853 1997 3908 Lex.
2079 3852 2123 3885 ‘9
2172 3843 2473 3908 Bronchus
2537 3849 2886 3904 eminentior
2932 3865 3069 3920 pars
3119 3847 3398 3920 gutturis.
3475 3843 3541 3883 5°-
3563 3843 3824 3902 Dentibus.

445 3921 642 3972 Postes
671 3932 805 3972 vero
835 3919 974 3985 oris,
1009 3919 1212 3975 dentes
1243 3925 1400 3975 sunt.
1478 3923 1520 3958 δι
1552 3922 1865 3980 Atfectatis.

1806 4047 2107 4104 SCHOLIA
2145 4047 2236 4104 ET
2273 4047 2498 4102 NOT/E.

517 4160 702 4236 (1626)
734 4160 1273 4236 Statuuntiquidem
1301 4166 1496 4236 castra
1524 4163 1582 4218 in
1608 4164 1915 4236 praeruptis
1939 4181 2104 4219 mon-

449 4231 746 4298 tium,sive
779 4231 1126 4288 transitibus
1149 4233 1460 4290 fluminum
1483 4231 1756 4292 custodes
1775 4231 1950 4292 etiam
1973 4253 2105 4290 con-

447 4303 723 4371 stituunt,
759 4308 824 4358 ut
854 4304 1097 4371 nulli,se
1128 4305 1442 4377 incognito,
1477 4307 1876 4364 transmeandi
1911 4310 2106 4380 pateat

447 4391 718 4430 80088808
727 4417 740 4429 .

520 4448 702 4520 (1621)
738 4445 935 4520 Elogia
984 4446 1260 4520 dicuntur
1285 4449 1616 4520 ignominiaa
1647 4450 1765 4506 sive
1815 4455 1961 4505 notes
1993 4447 2103 4503 cri-

450 4517 701 4590 minum.
734 4517 940 4590 elogia
969 4534 1101 4573 vero
1134 4517 1408 4576 dicuntur
1437 4520 1698 4575 convivia
1727 4546 1740 4586 ;
1773 4522 1940 4581 bene.
1966 4520 2104 4590 quia

448 4589 673 4664 antiqui
708 4588 949 4664 silentes
979 4593 1034 4642 et
1065 4590 1240 4660 quieti
1275 4593 1658 4664 prandebant.
1679 4592 1940 4664 Moderni
1971 4588 2103 4646 vino

448 4659 508 4735 in
553 4659 834 4735 conviviis
884 4659 1131 4730 utentes,
1164 4659 1296 4718 cum
1348 4680 1462 4735 quo
1494 4680 1608 4735 non
1657 4669 1745 4717 est
1777 4663 2102 4735 fasqcusto-

2215 4164 2468 4218 ferarum
2501 4160 2769 4216 habitum
2802 4159 3208 4216 transformari
3236 4159 3568 4216 videantur.
3588 4161 3730 4231 Apta
3753 4167 3827 4231 ve_-_

2214 4233 2537 4314 natoribus,
2589 4237 2644 4287 et
2693 4231 2943 4314 maxime
2976 4231 3312 4314 sagittariis
3349 4247 3542 4314 {nam
3590 4221 3710 4314 fere
3750 4221 3829 4278 tali

2213 4306 2406 4378 specie
2436 4306 2710 4375 deceptae,
2744 4303 2911 4358 facile
2941 4303 3014 4358 ab
3046 4304 3192 4373 ipsis
3220 4303 3699 4428 propinqluantur.

2283 4378 2477 4448 (1627)
2518 4374 2920 4448 Tragelaphus
2966 4375 3124 4448 idem
3165 4380 3273 4448 est,
3325 4390 3444 4448 quo
3515 4370 3828 4448 et__platace-

2283 4379 2468 4448 (1627)
2518 4379 2920 4456 Tragelaphus
2966 4379 3124 4457 idem
3165 4380 3273 4441 est,
3325 4379 3486 4458 quod
3515 4379 3828 4454 etplatace-

2213 4465 2318 4503 ron
2358 4448 2418 4502 in
2467 4447 2953 4515 Deuteronomio;
2987 4446 3203 4501 animal
3256 4446 3392 4502 latis
3440 4444 3723 4515 cornibus,
3752 4451 3830 4515 ea:

2214 4521 2346 4575 dem
2395 4535 2556 4592 paene
2603 4519 2793 4589 specie
2844 4522 2911 4592 u_t_
2940 4507 3125 4592 'cervi,
3157 4516 3403 4592 villosos
3436 4519 3640 4592 tamen
3685 4507 3831 4592 habet

2213 4580 2429 4660 armos,
2473 4580 2734 4644 mentum
2768 4589 3081 4661 prolixum,
3109 4580 3356 4661 barbam
3391 4587 3692 4661 hirsutam.
3723 4580 3827 4661 ῌξεο

2213 4652 2427 4718 etenim
2461 4661 2738 4716 animalia
2768 4652 2946 4731 'juxta
2973 4652 3281 4716 Phasidem
3321 4663 3483 4716 sunt.
3518 4655 3706 4714 Latine
3731 4652 3826 4706 hir-

449 4731 572 4785 dire
603 4722 1207 4804 silentium,quasrunt
1235 4722 1387 4788 inter
1421 4733 1625 4804 pocula
1656 4735 1806 4804 quod
1843 4733 1938 4790 dia
1970 4751 2101 4806 poe-
2133 4722 2179 4786 D
2212 4750 2504 4790 cocervus.

449 4807 608 4856 mata
639 4808 894 4860 narrent.
917 4807 1060 4860 Ante
1090 4806 1482 4860 inventionem
1516 4807 1730 4861 etenim
1763 4805 1881 4860 vini
1915 4805 2098 4861 nemi-

452 4872 863 4948 nem‘legimus
894 4875 955 4948 in
983 4877 1242 4948 prandiis
1275 4876 1454 4930 fuisse
1487 4875 1771 4948 locutum.

525 4946 706 5020 (1622)
728 4946 1001 5020 Aumatia
1031 4947 1156 5001 loca
1196 4951 1340 5020 sunt
1359 4952 1580 5020 secreta
1611 4948 1668 5000 in
1702 4947 1948 5003 theatro.
1983 4950 2102 5020 (ln-

448 5015 699 5074 ﬁdeliter
728 5019 991 5074 Mansius
1022 5019 1292 5088 humatia.
1323 5017 1484 5088 MAI.)

524 5090 705 5159 (1623)
737 5091 1104 5159 Deceptores.
1159 5084 1688 5159 Plagiator'autem
1742 5090 1955 5146 dicitur
2000 5084 2104 5142 ἀπό

448 5163 546 5214 τοῦ
572 5158 830 5236 aia-(tm,
955 5163 1067 5236 es_t__
1092 5159 1163 5214 ab
1194 5158 1451 5236 obliquo,
1485 5163 1639 5234 quod
1675 5179 1790 5216 non
1821 5169 1978 5218 certa
2016 5166 2108 5217 via

449 5229 902 5305 gradiatur,_sed
937 5229 1257 5300 pellicendo
1288 5229 1458 5288 dolis.

519 5306 713 5376 (1624)
739 5302 1076 5376 Pharetram
1099 5320 1256 5376 nunc
1280 5305 1420 5360 dicit
1440 5304 1702 5361 dolosam
1729 5309 1986 5360 mentem
2008 5322 2104 5359 va-

448 5374 671 5430 riarum
705 5374 962 5445 bajulam
997 5375 1364 5432 insidiarum.

522 5445 706 5586 (1625)
734 5447 815 5499 Ad
849 5445 1101 5516 priorem
1133 5448 1450 5503 amicitiam
1487 5453 1868 5503 revertantur.

547 5518 707 5586 1626)
763 5516 1078 5586 Mastrugis
1135 5519 1348 5574 vestiti.
1383 5524 1680 5586 Mastruga
1728 5536 1862 5574 nam

547 5518 707 5588 1626)
763 5516 1078 5588 Mastrugis
1135 5519 1348 5574 vestiti.
1383 5524 1680 5588 Mastruga
1728 5533 1983 5588 namque
2012 5534 2106 5573 ve-

453 5587 562 5640 stis
611 5589 702 5642 est
750 5602 816 5640 ex
864 5588 1115 5657 pellibus
1168 5590 1460 5657 ferarum;
1503 5595 1560 5645 et

455 5658 622 5727 quasi
676 5663 1071 5731 monstruosa,
1101 5677 1168 5716 eo
1215 5661 1372 5732 quod
1420 5661 1521 5730 qui
1567 5677 1696 5718 eam
1745 5659 2017 5730 induunt,
2044 5658 2108 5715 in

1650 5592 1764 5670 icta
1810 5593 2112 5670 mastruga

2282 4805 2464 4876 (1628)
2494 4803 2813 4859 Martisium
2865 4806 2953 4859 est
2981 4802 3148 4876 cibus
3195 4803 3256 4858 in
3299 4801 3575 4858 mortario
3622 4798 3824 4853 factum.

2214 4873 2370 4931 unde
2402 4873 2458 4930 et
2488 4891 2699 4930 nomen
2731 4873 3083 4945 adsumpsit.

2285 4948 2471 5018 (1629)
2503 4947 2796 5022 Intritum_
2821 4939 3110 5018 siqu-idem
3145 4944 3418 5022 similiter
3439 4942 3629 5022 cibus
3650 4939 3746 5022 est,
3773 4945 3827 5022 ξξ

2215 5011 2364 5091 pane
2396 5011 2517 5091 arte
2548 5011 3276 5091 cocinariapirmparatum.
3310 5015 3512 5091 Panis
3538 5011 3822 5091 quidem?)

2216 5079 2370 5161 aqua
2419 5090 2694 5156 mittitur,
2729 5095 2785 5144 et
2829 5079 2949 5142 illic
2986 5079 3435 5161 aliquantulum
3480 5079 3656 5140 donec
3701 5079 3826 5161 totlls

2216 5159 2449 5237 inlusus
2479 5163 2575 5228 sit,
2609 5160 2981 5237 relinquitur.
3014 5160 3232 5237 Postea
3246 5175 3380 5237 vero
3411 5173 3482 5237 ea
3527 5159 3825 5237 aqua‘sunl:

2217 5213 2987 5306 ﬁih“s','in“'i{a§££ai_it"'piiq
3016 5213 3334 5286 resolvitur
3360 5246 3378 5306 _:
3413 5232 3472 5306 et
3514 5213 3597 5306 sit}
3637 5213 3825 5306 Ole?

2215 5287 2664 5376 modicoiimelle
2700 5287 3143 5376 (pigm‘entisque
3189 5301 3533 5376 permixtus,
3573 5297 3637 5376 in_
3674 5287 3825 5376 lebgte

2216 5321 2444 5360 moaico
2492 5321 2664 5360 meus
2751 5321 3143 5376 igmenusque
3189 5321 3533 5374 perunst,
3573 5321 3630 5351 ιιι
3674 5321 3821 5346 acum

2216 5375 2337 5446 igni
2369 5321 2890 5447 adponiturﬁonec
2910 5373 3173 5447 debitum
3206 5374 3559 5447 perducatur
3572 5366 3640 5423 ad
3660 5371 3821 5418 usum-

2218 5443 2662 5502 D'icitur—autem
2696 5447 2963 5502 intritum
2995 5445 3164 5517 quasi
3194 5443 3534 5500 contritum.
3592 5512 3600 5517 Α
3741 5495 3798 5517 ὦ,

2288 5518 2469 5585 (1630)
2501 5518 2790 5575 Hemistes
2819 5535 2960 5575 vasa
2989 5512 3149 5584 sunt,
3180 5533 3304 5587 qua
3336 5530 3454 5570 uno
3484 5512 3702 5568 tantum
3727 5512 3824 5570 δρι-

2219 5587 2337 5642 ritu
2367 5588 2668 5645 bibuntur.
