3966 6210
486 322 603 379 875

1513 314 1848 375 ATTONIS
1891 312 2474 374 VERCELLENSIS
2520 314 2870 375 EPISCOPI

3779 317 3889 379 876

486 452 652 524 ipsis.
686 451 832 517 Quid
867 450 1027 505 taciti
1059 462 1268 519 respuo
1303 447 1798 517 nictent,quorum
1833 450 1888 500 et
1919 446 2122 516 frigul-
2153 450 2206 514 Α
2240 451 2443 516 potens
2475 445 2653 516 igitur
2685 462 2856 516 quem
2893 444 3016 500 suis
3047 443 3170 498 vult
3189 447 3484 500 ostentare
3512 445 3878 518 dignum,vel

490 543 597 594 tire
628 547 955 607 contemno,
981 536 1316 608 garrireque
1349 534 1516 589 nauci
1541 535 1842 604 pono.Nou
1866 533 2129 588 diobola-

489 629 568 683 ris
601 630 670 682 ad
696 627 910 682 naenias
936 625 1134 696 lingua
1158 629 1245 678 est
1268 623 1408 677 mihi
1433 624 1695 677 defluens
1721 640 1951 693 quaque
1977 624 2128 691 inju-

488 719 634 772 riam
670 717 801 771 stilo
833 721 1024 768 vestra
1055 729 1206 777 meo,
1239 715 1338 766 sed
1373 712 1420 767 si
1453 712 1807 783 syngraphia
1840 716 2126 776 moveant,

489 807 559 861 ad
593 805 856 860 semuion
891 805 955 837 “3°
979 802 1200 873 paginae
1224 807 1341 856 stat
1363 806 1425 854 ut
1456 806 1662 855 nostra:
1687 799 2130 854 ducantur.Mea

490 910 666 965 quam
701 909 801 947 nec
830 891 1030 947 obelus
1062 890 1337 962 signabit,
1368 889 1686 944 merebitur
1717 889 1969 959 (1665}...
2001 904 2132 942 cera

491 999 644 1036 unus
675 998 801 1036 esse
823 980 1026 1035 sedula
1047 979 1232 1034 turrix
1255 981 1319 1014 ¹⁶¹
1350 977 1612 1050 cuspidis
1634 994 1705 1032 ne
1726 977 2004 1031 inhaereat
2027 993 2127 1031 no-

489 1087 665 1124 cuum
697 1069 892 1140 sigim.

561 1159 645 1213 14.
685 1158 934 1214 Dedistis
964 1158 1139 1212 etiam
1167 1157 1400 1229 populis
1445 1155 1782 1211 blaterando
1816 1154 1951 1210 licet
1984 1171 2129 1225 quos

488 1264 642 1302 nunc
673 1247 875 1302 sedare
902 1262 1188 1300 rumores.
1218 1245 1504 1300 Futilibus
1536 1244 1584 1299 si
1607 1244 1814 1298 deinde
1841 1242 2133 1315 pullulent

486 1336 587 1390 sed
607 1335 1068 1406 harpagantibus
1088 1335 1154 1368 ¹⁶²
1174 1333 1332 1400 ullis,
1358 1334 1649 1387 urbanum
1666 1333 1722 1386 in
1738 1332 1884 1404 ipsis
1907 1333 2129 1386 dudum

479 1425 606 1494 jam
639 1423 748 1478 erit
778 1428 917 1477 tunc
942 1423 1230 1494 promissa
1251 1422 1420 1477 tueri.
1455 1425 1608 1476 Num
1629 1421 2015 1476 lusciniorum
2044 1420 2128 1489 ’53,

487 1517 544 1568 et
573 1511 725 1567 acies
747 1511 1054 1566 ﬂosculum
1080 1512 1126 1565 si
1151 1511 1226 1566 sit
1249 1510 1648 1583 perpendiculi
1673 1516 1946 1582 praetores
1969 1514 2130 1581 pote-

488 1606 629 1656 runt
645 1601 973 1672 prospicere
992 1602 1137 1655 sudo
1160 1601 1186 1652 ‘?
1204 1601 1397 1654 Erucee
1417 1603 1684 1670 quaerunt
1706 1600 1803 1654 sed
1830 1599 2131 1655 amrodere

491 1706 668 1753 more,
704 1706 817 1743 non
850 1690 1002 1760 quod
1036 1690 1091 1743 in
1122 1706 1218 1743 ore
1251 1707 1422 1760 sapor
1445 1689 1542 1753 sit,
1574 1689 1673 1742 sed
1709 1694 1772 1741 ut
1804 1689 2130 1742 devorando

492 1795 729 1849 pessum
761 1779 920 1843 dent,
952 1777 1231 1832 borticola
1264 1777 1556 1849 repagulis
1587 1793 1690 1847 ego
1722 1793 1866 1846 quos
1892 1777 2131 1830 obstans

490 1866 794 1921 excludere
823 1883 982 1920 curo.
1038 1865 1392 1936 Myropolam
1443 1866 1674 1928 adeant,
1707 1864 1944 1935 collyria
1973 1863 2132 1919 dele-

489 1958 723 2026 gant,et
753 1953 1073 2008 alucinaria
1113 1955 1175 1987 ¹⁶³
1195 1957 1447 2012 comant.
1471 1957 1534 2006 ut
1563 1952 1823 2006 lucidum
1842 1957 1970 2023 post
2001 1969 2134 2022 opa-

489 2058 740 2112 cumque
771 2046 1097 2097 secernant.
1122 2041 1244 2095 Non
1270 2057 1373 2111 ego
1397 2040 1684 2111 letargum
1708 2057 1918 2110 passus
1943 2040 2134 2094 officia

489 2131 801 2202 praesidum
835 2129 1046 2201 pellere
1070 2146 1380 2200 praesumo,
1407 2130 1505 2183 sed
1534 2146 1643 2183 non
1672 2129 2010 2184 temeranda
2033 2145 2134 2182 ca-

487 2218 658 2290 stigo.
693 2219 888 2290 Inepte
918 2219 1072 2288 quod
1099 2217 1414 2286 retulijam
1439 2217 1579 2286 quia
1599 2233 1768 2286 grave
1792 2222 1878 2272 est
1901 2216 2130 2270 comicii

485 2308 762 2362 scandere
793 2323 1117 2373 summum,
1152 2305 1435 2376 captivam
1472 2311 1528 2359 ct
1560 2306 1828 2376 subigere
1860 2305 2130 2374 patriam,

490 2396 856 2465 alterumque
887 2395 1125 2450 frustari
1157 2395 1322 2448 solio.
1348 2394 1560 2448 Pornia
1595 2395 1658 2428 ¹⁶⁵
1689 2399 1746 2447 et
1776 2394 1970 2464 praeda
2000 2393 2132 2463 quis

488 2485 596 2538 hoc
627 2483 733 2538 etsi
768 2484 1010 2554 deneget
1032 2483 1142 2536 erit
1169 2500 1180 2548 ;
1207 2482 1417 2553 pellere
1440 2483 1756 2553 primatum
1785 2482 1976 2552 potius
2008 2498 2132 2536 am-

489 2571 722 2643 plexum
748 2576 836 2626 est
857 2587 1034 2641 quam
1059 2570 1563 2641 auferrejugalem
1583 2571 1792 2625 ducere
1839 2570 2130 2641 inelegum

488 2665 574 2714 An
607 2660 788 2715 levius
819 2677 852 2715 a
885 2659 1116 2730 proprio
1151 2675 1263 2713 non
1291 2660 1398 2713 fert
1427 2658 1622 2714 exulat
1654 2660 1752 2728 qui
1786 2659 1985 2713 limine
2014 2667 2128 2713 tra-

489 2747 932 2818 ctus,premitur
953 2746 1013 2800 in
1037 2747 1255 2817 ipso,ut
1279 2746 1439 2802 labor
1457 2748 1539 2814 ⁸⁸⁸³,
1557 2764 1732 2817 quam
1754 2749 1848 2818 qui
1877 2749 2132 2804 rusticus

490 2836 730 2890 alterius
762 2835 906 2890 inibi
938 2835 1295 2890 condensare
1343 2851 1577 2906 promos
1612 2837 1694 2902 ηπ,
1730 2853 1875 2906 quos
1904 2842 2126 2892 struxe-

490 2928 580 2978 rat
609 2925 717 2978 sibi
756 2940 824 2978 ne
847 2923 1110 2978 mordeat
1138 2922 1270 2977 inde
1293 2924 1461 2994 cujus
1493 2925 1713 2994 absque
1736 2926 1870 2994 jure
1892 2942 2129 2996 parum-

490 3012 638 3083 per?
670 3012 996 3067 Vadatusve
1038 3011 1375 3066 nummellis
1419 3013 1505 3078 "59,
1551 3019 1608 3067 et
1639 3014 1980 3083 abstemius,
2015 3014 2130 3068 sint

489 3102 629 3156 dum
653 3101 847 3155 diruta
868 3105 1097 3155 cuncta.
1123 3100 1309 3155 Saviis
1332 3100 1431 3172 qui
1457 3102 1749 3172 propriam
1772 3102 1955 3156 cernit
1979 3102 2128 3156 mul-

2242 550 2542 602 procerum
2581 551 2696 587 una
2726 533 2933 604 quaerit
2963 532 3227 588 omnium
3265 549 3606 604 promovere
3637 551 3879 593 conven-

2239 630 2354 686 tus,
2381 624 2546 691 juvat
2579 628 2633 676 et
2663 639 2838 693 quem
2864 622 3091 694 patrius
3114 638 3278 677 amor
3309 623 3380 677 ad
3407 622 3463 677 id
3487 624 3760 691 decorus,
3791 643 3880 680 va-

2239 715 2462 764 cantem
2481 711 2566 765 fas
2589 717 2677 765 cst
2699 711 3011 766 ascendere
3034 711 3472 776 thronum,cum
3500 715 3876 769 antestat.Sed

2239 804 2434 854 caveat
2465 801 2616 870 quod
2653 800 2864 871 populo
2912 817 2981 855 ne
3032 799 3258 854 dividite
3308 805 3600 869 crescant,
3631 803 3756 872 ejus
3785 805 3874 859 sed

2239 903 2538 956 ascensus,
2563 887 2867 958 justitium
2903 893 2959 942 et
2981 888 3029 943 si
3053 889 3128 943 sit
3152 894 3448 944 removeat
3469 905 3666 945 omne.
3694 891 3775 945 Ad
3798 909 3873 946 re-

2239 992 2420 1048 gnum
2451 977 2742 1031 evaserint
2772 975 2872 1046 qui
2923 975 3024 1030 tali
3072 976 3317 1047 satione,
3354 976 3582 1033 felicem
3616 983 3873 1050 poterunt

2245 1065 2469 1120 beando
2501 1065 2653 1119 diem
2688 1066 2929 1120 forsitan
2953 1065 3202 1136 patriam
3225 1065 3485 1121 obtinere
3517 1083 3868 1137 supremum.

2242 1153 2587 1226 Tyrannidis
2613 1154 2770 1209 exuti
2799 1153 2961 1209 luent
2989 1171 3221 1225 poenam
3244 1155 3641 1227 caeteri,quam
3673 1160 3727 1211 et
3753 1173 3870 1228 pro-

2238 1248 2541 1297 traxerunt
2591 1243 2861 1312 tenendo,
2913 1244 3237 1314 pandecten
3265 1244 3328 1277 ¹⁷⁰
3361 1259 3625 1299 reserare
3653 1247 3867 1316 poterit,

2240 1335 2502 1386 ramenta
2533 1333 2593 1366 ¹τ¹
2632 1332 2745 1385 haec
2776 1331 2835 1386 in
2857 1333 3165 1404 gymnasia
3187 1332 3352 1388 vobis
3381 1351 3393 1398 ;
3422 1331 3695 1388 millenas
3723 1337 3774 1390 et
3794 1334 3865 1388 fa-

2241 1420 2355 1474 cies
2391 1421 2457 1454 ¹⁷²
2491 1422 2658 1489 cujus
2685 1421 2732 1474 si
2766 1419 3050 1476 revolvere
3082 1420 3287 1492 placet,
3314 1437 3428 1476 non
3451 1421 3676 1477 obicem
3705 1438 3864 1493 oppo-

2242 1512 2338 1562 net
2367 1509 2513 1564 meis
2544 1509 2813 1576 testibus,
2845 1509 2944 1564 sed
2979 1509 3214 1581 scriptis
3247 1509 3372 1580 ipse
3403 1514 3722 1566 succurret.

2313 1599 2395 1650 15.
2434 1603 2506 1652 At
2537 1603 2600 1652 ut
2629 1599 2698 1653 ad
2725 1599 2884 1670 ipsos
2905 1600 3121 1667 redeat,
3147 1615 3294 1671 quos
3317 1605 3638 1672 prmnotare
3659 1602 3856 1656 curatis

2241 1685 2298 1738 in
2335 1685 2536 1739 faciem
2572 1688 2638 1720 ¹⁷³
2671 1686 3042 1753 stilus,lsai,o
3069 1686 3342 1757 pelingna
3367 1690 3433 1722 ‘7"
3458 1689 3862 1760 cohors,proles

2243 1791 2311 1828 an
2348 1776 2782 1846 prmspiravcrat
2816 1792 3002 1846 usque
3025 1776 3082 1829 in
3107 1775 3426 1846 scipionem
3453 1779 3635 1848 (1666)
3657 1784 3858 1832 mutare

2243 1863 2734 1934 pedum,videntis
2757 1865 2896 1918 dum
2929 1865 3188 1920 oratione
3214 1867 3444 1936 mystici
3467 1867 3702 1938 quaesita
3722 1867 3858 1922 chri-

2244 1953 2449 2006 smatis
2480 1952 2536 2006 in
2572 1953 2782 2008 vertice
2807 1953 2882 2008 sit
2904 1954 3114 2008 virtute
3144 1953 3382 2026 praelata
3401 1955 3428 2009 ‘I
3448 1955 3854 2025 Ezechiam,Jo-

2244 2042 2326 2094 sia
2339 2057 2510 2111 mque
2533 2041 2766 2112 genitali
2796 2042 3080 2112 prodiisse
3103 2042 3315 2114 populo
3339 2044 3523 2098 recolo
3547 2045 3755 2098 favente
3775 2061 3856 2098 re-

2243 2146 2381 2200 gum
2414 2148 2447 2184 a
2479 2131 2763 2201 sanguine
2786 2147 2968 2201 reges.
2995 2129 3210 2186 Helena
3242 2150 3352 2186 non
3384 2133 3508 2202 ejus
3531 2131 3768 2203 genitrix
3788 2148 3852 2185 an

2243 2219 2405 2289 regni
2426 2220 2612 2274 fuerat
2630 2219 2853 2290 genitor
2871 2221 3038 2290 cujus
3059 2221 3116 2274 in
3133 2222 3268 2276 sede
3285 2220 3548 2292 sopitus?
3566 2220 3855 2276 consedere

2244 2308 2384 2361 dum
2399 2315 2592 2378 ageret
2607 2309 2713 2363 sibi
2732 2309 2913 2363 voluit
2930 2311 3082 2379 quod
3105 2310 3470 2381 providentia
3486 2313 3677 2365 natum
3692 2309 3853 2380 (1667)

2246 2395 2533 2452 militibus
2564 2397 2852 2469 Hispaniae
2883 2397 3054 2453 claris
3098 2405 3186 2453 est
3216 2404 3271 2453 et
3303 2399 3664 2454 Theodosius
3690 2403 3849 2464 ortus,

2243 2485 2457 2540 auxilio
2481 2489 2675 2540 tutum
2698 2485 2868 2557 primi
2890 2504 2922 2540 a
2946 2487 3208 2541 barbaris
3233 2488 3328 2558 qui
3355 2487 3608 2542 reddidit
3623 2485 3848 2542 numinis

2242 2575 2463 2629 orbem.
2500 2575 2736 2629 Iudiciis
2763 2575 3016 2646 primum
3040 2577 3111 2630 ad
3137 2593 3371 2630 summa
3392 2592 3530 2632 cum
3562 2576 3849 2631 intenderat

2241 2680 2304 2718 se
2335 2679 2567 2734 quoque
2600 2661 2797 2727 levari,
2836 2662 3064 2719 Meletio
3097 2665 3305 2735 (1668),
3349 2664 3616 2736 inquam,
3641 2682 3672 2720 a
3698 2663 3847 2737 probo

2241 2751 2297 2804 in
2329 2756 2586 2806 oramate
2617 2767 2678 2806 se
2708 2769 2950 2807 cernens
2982 2752 3211 2823 imperii
3248 2753 3532 2809 indutum
3562 2752 3842 2821 chlamyde,

2240 2845 2605 2910 stemmaque
2639 2840 2855 2895 ferente
2886 2840 3228 2912 impositum
3255 2859 3268 2907 ;
3295 2842 3556 2898 invisum
3582 2841 3684 2898 sibi
3708 2840 3846 2894 inda-

2239 2928 2372 2998 gine
2404 2929 2590 2999 potuit
2619 2935 2751 2983 ante
2781 2946 2898 3000 qua
2929 2945 3165 2984 noscere
3195 2930 3639 2999 eundem,uullo
3669 2929 3844 2991 indice,

2240 3033 2371 3070 cum
2399 3018 2750 3087 quandoque
2775 3019 2902 3087 ejus
2920 3017 3280 3089 conspiceret
3299 3019 3536 3074 vultum
3561 3017 3746 3090 (1669).
3763 3016 3848 3080 Qui

2241 3121 2372 3158 mox
2405 3111 2704 3176 promotus
2728 3106 2798 3160 ab
2822 3105 3167 3176 imperatore
3191 3106 3429 3162 Gratian
3447 3127 3477 3164 ο
3502 3123 3722 3163 consors
3749 3104 3844 3160 effi-

487 3206 614 3245 cere
648 3197 997 3255 matronam,
1031 3197 1087 3243 et
1117 3207 1233 3244 suae
1261 3194 1528 3260 nepotem
1573 3189 1800 3243 familiae
1835 3190 1885 3243 vi
1916 3193 2132 3247 sentiat
2163 3178 2206 3244 (Ζ
2243 3194 2412 3262 citur,
2437 3193 2580 3248 visio
2607 3195 2760 3264 quod
2782 3194 2908 3266 ipsa
2932 3195 3224 3250 mouebat.
3254 3195 3646 3268 Urguentibus
3668 3195 3843 3249 interea

486 3295 857 3350 corrumpere
887 3279 1276 3350 hymenaeum,
1302 3295 1504 3333 earum
1526 3280 1666 3348 quin
1689 3279 1862 3333 etiam
1889 3284 1944 3333 et
1973 3280 2131 3334 delu-

487 3369 622 3423 dere
655 3385 859 3439 procos
891 3385 991 3438 spe
1015 3367 1291 3422 clientela:
1316 3369 1554 3422 seducta
1575 3374 1796 3439 Arguat
1817 3368 1998 3439 aliqui
2019 3370 2127 3422 dif-

487 3456 657 3524 ficile,
690 3458 737 3511 si
779 3457 900 3510 hic
950 3462 1055 3522 est,
1109 3457 1377 3510 invadere
1432 3472 1697 3526 regnum.
1753 3455 2029 3510 Polenum
2065 3458 2131 3492 ¹⁶⁹

487 3546 642 3616 quod
670 3545 804 3598 hinc
826 3549 931 3614 est,
953 3545 1041 3598 cui
1068 3545 1372 3599 oriendum
1393 3543 1643 3598 delectat
1664 3550 1897 3615 oppetet
1915 3545 2132 3600 interea

488 3635 654 3699 forte,
691 3633 1076 3704 barathroque
1110 3633 1366 3688 decedet.
1398 3632 1588 3686 Inhiat
1617 3633 1940 3705 descriptos
1963 3641 2126 3690 cazte-

488 3722 570 3777 ris
601 3721 701 3776 sed
733 3721 831 3794 qui
863 3739 1065 3792 parare
1097 3738 1386 3786 mmrores,
1418 3723 1708 3776 Avernum
1739 3727 1840 3776 aut
1879 3723 2126 3795 ignorat,

489 3811 820 3882 impavidus
852 3816 954 3866 aut
984 3816 1269 3882 expectat.
1306 3813 1487 3875 Quem
1519 3812 1642 3882 ipse
1672 3812 1940 3866 omnium
1973 3819 2130 3868 sator

485 3901 672 3956 volvet
701 3901 758 3955 iu
785 3901 1232 3968 seutentiam,ut
1259 3900 1330 3954 ab
1356 3900 1462 3954 hoc
1485 3900 1748 3954 discedat
1767 3917 1885 3956 aevo
1908 3901 2129 3972 ignobi-

485 3990 557 4046 lis
589 3991 913 4061 subeatque
936 3989 1114 4044 futuri
1140 3987 1516 4060 supplicium.
1535 3989 1922 4061 Proguosticis
1946 3991 2129 4045 omni-

2245 3281 2572 3354 bellis,quae
2603 3283 2766 3353 isque
2799 3284 3040 3346 sedavit,
3079 3284 3447 3356 aquivocum
3472 3291 3528 3341 et
3551 3285 3674 3340 inde
3702 3296 3839 3338 suum

2241 3378 2505 3442 nepotem
2523 3372 2744 3426 meritis
2758 3372 3205 3443 equipedantem
3225 3374 3541 3445 tranquille
3563 3373 3728 3446 patris
3749 3369 3840 3426 avi-

2240 3477 2351 3530 que
2382 3460 2574 3514 decuit
2604 3460 2918 3515 subsedere
2948 3460 3249 3516 thronum.
3271 3462 3540 3518 Provenit
3570 3461 3726 3517 alicui
3755 3459 3836 3513 hac

2239 3549 2286 3603 si
2310 3549 2369 3602 in
2394 3565 2596 3602 norma
2619 3548 2810 3620 regale
2823 3547 3121 3615 solium,et
3141 3549 3189 3604 si
3209 3551 3430 3620 sedeat,
3452 3551 3723 3622 huncjam
3747 3561 3833 3601 non

2239 3635 2410 3707 culpa
2441 3636 2680 3702 tenebit,
2697 3637 2767 3690 ad
2795 3637 3117 3708 majestatis
3147 3643 3332 3693 semet
3363 3644 3535 3694 tantae
3566 3640 3772 3693 censeat
3794 3631 3831 3686 si

2239 3727 2504 3779 sufficere
2528 3741 2735 3780 nomen
2764 3742 2776 3792 ;
2802 3725 3043 3780 minime
3067 3743 3169 3797 pro
3193 3743 3308 3798 quo
3333 3729 3437 3782 sed
3455 3727 3658 3798 jubilet
3679 3724 3832 3780 adhuc

2239 3830 2300 3868 se
2335 3830 2566 3869 manere
2605 3829 2898 3868 securum.
2959 3815 3237 3886 Auspicia
3283 3815 3560 3888 supplent
3605 3813 3715 3870 solo
3747 3824 3835 3866 non

2238 3904 2490 3973 praebere
2517 3901 2762 3972 felicem,
2811 3903 2910 3958 sed
2954 3903 3315 3959 incrementa
3371 3909 3652 3975 quaarunt,
3695 3901 3837 3970 digna

2238 3991 2373 4047 licet
2397 3991 2672 4046 existant.

2027 4190 2335 4246 GLOSS/E.

476 4343 756 4414 qualitate
789 4344 916 4399 soni
951 4344 1184 4400 dicitur.
1267 4344 1333 4376 ¹⁶⁰
1365 4342 1598 4398 Semnio
1632 4342 1844 4410 Greece,
1879 4342 2080 4400 Latine
2129 4343 2597 4398 conventiculum
2650 4341 3029 4399 honestorum
3064 4343 3295 4400 dicitur.
3377 4346 3443 4382 ¹⁶¹
3478 4341 3759 4414 Herierunt
3783 4333 3827 4414 i9

474 4414 685 4469 lacuna
735 4416 962 4487 glossaa.

1046 4418 1111 4451 ί⁶²
1149 4414 1581 4470 Excolensibus.
1662 4414 1727 4447 “‘3
1760 4408 2015 4470 Lusciuii
2049 4417 2324 4469 dicuntur
2363 4416 2420 4469 in
2455 4416 2547 4470 die
2599 4432 2804 4486 parum
2839 4416 3118 4472 videntes.
3196 4417 3263 4450 ¹⁶⁴
3293 4415 3448 4473 Vasa
3477 4408 3828 4486 somniariapt

475 4477 1050 4556 obscuraicouopeis
1083 4486 1316 4558 similia.
1341 4486 1625 4558 Dicuntur
1645 4489 1839 4558 autem
1874 4486 2195 4542 alucinaria
2226 4487 2393 4556 quasi
2425 4504 2457 4541 a
2482 4477 2615 4540 luce
2633 4486 2830 4558 alia,id
2856 4492 2944 4541 est
2965 4487 3093 4542 luce
3121 4487 3356 4558 privata.
3442 4489 3506 4524 ¹⁶⁸
3527 4477 3823 4558 Fornicatio.

477 4559 542 4592 ¹⁶⁶
574 4558 760 4610 Fortis
795 4557 1208 4610 mercenarius.
1290 4559 1352 4591 ίδτ
1389 4559 1469 4611 [ta
1500 4557 1626 4610 cod.
1657 4558 1727 4608 At
1755 4557 2013 4612 Mansius

472 4631 589 4681 tur.
673 4629 737 4661 1⁵9
771 4627 1012 4680 Bellum.

1100 4558 1208 4610 ius.
1290 4559 1352 4591 ίδτ
1389 4559 1469 4611 [ta
1500 4558 1626 4610 cod.
1657 4558 1727 4608 At
1755 4558 2013 4612 Mansius
2042 4559 2262 4626 primos.
2317 4558 2449 4611 MAI.
2535 4559 2596 4592 ‘03
2630 4558 2874 4612 Vincula
2916 4560 3128 4628 quibus

1095 4629 1158 4661 ‘7‘"
1183 4628 1484 4693 Paudecte,
1511 4626 1653 4678 liber
1675 4627 1852 4681 Vetus
1881 4629 2174 4684 etNovum
2193 4630 2637 4683 Testamentum
2661 4629 2984 4684 continens.
3066 4631 3128 4666 ¹⁷ί

472 4702 606 4752 rant
635 4698 859 4766 antiqui
896 4698 1064 4768 quasi
1097 4701 1391 4770 quoddam
1424 4696 1791 4768 projeticium
1825 4705 2295 4772 purgamentum.

2535 4559 2596 4592 108
2630 4556 2874 4631 Vincula
2916 4551 3133 4628 quibus
3162 4559 3592 4631 quadrupedes
3621 4551 3822 4631 alligaw

3583 4625 3644 4671 ini
3667 4625 3821 4671 volue-

2380 4635 2637 4682 mentum
2661 4629 2984 4684 continens.
3066 4631 3128 4666 ¹⁷ί
3166 4628 3520 4684 Rameutum
3543 4628 3646 4682 dici
3667 4639 3722 4677 v0

2380 4701 2446 4734 “2
2483 4700 2657 4755 Folia.
2737 4699 3096 4770 Specialiter.
3177 4703 3241 4735 ’τι
3271 4702 3479 4757 Stulta.

1810 4898 2110 4954 SCHOLIA
2147 4899 2239 4954 ET
2280 4895 2516 4951 NOTAE.

535 5043 720 5118 (1665)
753 5047 1055 5104 Perierunt
1086 5046 1260 5101 verba
1291 5044 1527 5118 aliquot.
1565 5048 1698 5104 MAI.

530 5115 714 5194 (1666)
745 5115 1506 5194 Scipi0_\'irga_regalis—est.
1542 5121 1782 5194 Romani
1813 5121 2101 5192 siquidem

460 5189 778 5269 scipionem
798 5189 1082 5243 vocabant
1097 5189 1317 5269 virgam
1334 5208 1508 5269 quam
1527 5189 1956 5269 triumphantes
1971 5210 2102 5269 cum

455 5264 776 5382 gceptroju
801 5277 976 5315 manu
1001 5264 1300 5333 gerebant,
1326 5264 1394 5318 ad
1445 5264 1828 5319 imitationem
1855 5264 2103 5318 victoria:

493 5345 764 5384 Cimonis.

657 5349 710 5381 n1
756 5373 764 5382 .

524 5349 1040 5477 (ligabsponstaus
1100 5405 1255 5460 enim
1311 5406 1626 5477 imperator
1680 5404 1865 5459 filium
1927 5421 2100 5461 suum

453 5470 902 5594 Constaptlinum
934 5477 1126 5532 favore
1170 5477 1369 5548 papuli
1397 5470 1579 5531 etiam
1629 5493 1827 5532 secum
1861 5491 2102 5544 regnare

453 5557 666 5594 comuu
701 5560 710 5593 ι
749 5584 760 5594 .

449 5557 1001 5689 (ῗοῖῗὲὁὲςῐίλίείθῐὶυε
1050 5618 1288 5689 quidem
1334 5617 1645 5689 episcOpus
1687 5616 1798 5689 fuit
1828 5615 2099 5689 Sebastes

446 5681 733 5742 Asmenia:
763 5688 1031 5758 civitatis,
1068 5681 1170 5761 qui
1204 5681 1409 5744 merito
1441 5681 1771 5745 sanctitatis
1805 5683 2097 5750 maximus

2142 5058 2186 5122 Ι)
2223 5049 2293 5104 ab
2308 5049 2583 5122 omnibus
2599 5047 2917 5122 dicebatur.
2939 5053 3147 5105 Postea
3167 5049 3343 5105 etiam
3359 5049 3430 5104 ad
3444 5039 3810 5102 Antiochenam

2221 5120 2542 5176 translatus
2575 5124 2663 5174 est
2694 5121 3020 5175 ecclesiam.
3752 5169 3778 5178 -.

2288 5173 2874 5267 {locoyrhe’oacsus‘
2890 5173 3028 5246 ea...
3053 5191 3378 5267 a_Grati_ano
3402 5173 3806 5267 imperatpfﬁd}:

2215 5268 2408 5337 rectus
2441 5254 2643 5337 contra
2689 5263 2977 5337 barbaros
3033 5254 3504 5337 triumphassetf
3528 5254 3805 5337 vidit

2214 5334 2438 5388 somnis
2461 5353 2494 5388 a
2514 5333 2738 5388 Meletio
2761 5334 3032 5405 episc0po
3058 5325 3347 5403 imperiali
3372 5346 3527 5405 more
3547 5325 3804 5405 ornal'lgfgi

2212 5410 2267 5459 et
2301 5421 2413 5458 nou
2449 5405 2618 5476 longe
2649 5411 2780 5475 post
2795 5395 2871 5460 ab
2898 5395 3099 5460 eodem
3127 5395 3396 5459 Gratiano
3420 5402 3490 5457 ad
3514 5395 3807 5476 impeflif’ff

2213 5455 2463 5546 etesias
2477 5455 2583 5546 es?
2598 5455 2867 5530 suae;
2882 5455 3002 5531 sed“
3014 5455 3806 5546 po'ste-aﬁc—um—svynodum992“

2215 5534 2654 5618 stantinopolim
2688 5552 2928 5618 centum
2964 5534 3800 5618 ῃἶλὶηρυεεὶηιαμόρίεοορρξῗῗ

2209 5591 2563 5698 congregare
2591 5617 2844 5698 fecisset,
2877 5591 3037 5698 nullo
3070 5591 3371 5698 prbdeiite,
3404 5591 3799 5698 ἱηῷςιοξιξὲᾖετξι

2209 5668 2675 5747 ἑοὶαυευῗέὸὼῌίἰ
2686 5668 2977 5747 isﬁeri;
2985 5668 3052 5747 Eu
3061 5668 3509 5762 Edéii'édghovit
3525 5668 3794 5736 Meletiumc
