3966 6210
430 323 550 385 879

1457 318 1790 378 ATTONIS
1835 313 2416 378 VERGELLENSIS
2464 313 2816 377 EPISGOPI

3726 311 3854 375 880

431 457 682 510 eundem
714 471 830 510 non
859 468 1030 524 expes
1058 451 1318 521 flagitare
1349 451 1598 514 deserat,
1633 465 1736 504 nec
1765 449 1823 505 in
1847 452 2073 520 egesta-
2102 450 2154 515 Α
2188 447 2403 517 ﬁgulus
2433 447 2558 518 ipse
2592 447 2798 518 plastis
2842 445 3045 518 (1683).
3101 444 3437 501 Formulam
3467 449 3524 501 et
3555 445 3606 501 si
3638 446 3847 518 perﬁci

432 549 488 599 te
514 543 896 613 blasphemet,
930 542 1167 611 ignarus
1190 556 1306 610 qua
1348 539 1425 594 sit
1455 539 1742 593 sententia
1774 543 1965 593 tactus
1985 539 2068 594 ²⁰⁰.

431 631 745 702 Inopinataa
797 633 1092 698 nequeunt
1139 643 1278 682 num
1329 628 1637 682 succedere
1690 627 1844 681 vices
1877 627 1904 679 ‘?
1950 628 2070 680 Prae

429 737 490 776 se
524 721 585 754 ²⁰¹
623 719 952 774 cenodoxus
982 716 1166 770 inhiet
1195 719 1430 786 egratus
1464 717 1551 785 ’0',
1598 732 1733 770 nam
1766 715 1814 769 si
1846 715 2070 769 auctio-

429 808 651 864 nari”3
680 807 856 863 erinis
904 807 974 839 ²⁰⁴
1003 805 1096 859 hic
1142 805 1324 859 elisus
1379 805 1608 876 poterit,
1662 804 1950 874 ereboque
1981 817 2072 856 re—

427 896 605 951 trudi.

499 985 585 1038 18.
644 982 920 1053 Patagine
978 983 1161 1052 (1679)
1219 981 1494 1053 profusus
1547 981 1678 1036 hem
1731 980 1935 1050 (1680),
1969 979 2065 1034 sed

427 1071 563 1143 quid
598 1088 722 1141 ego,
758 1071 1037 1142 praeconis
1071 1071 1257 1125 instar
1287 1070 1623 1142 emphatici,
1657 1069 1938 1140 explicare
1971 1085 2073 1122 saa-

425 1159 540 1214 culi
569 1159 800 1214 diaetam
830 1160 896 1194 "5
927 1158 1225 1229 liquentis,
1272 1159 1489 1213 diserta
1519 1158 1690 1228 cujus
1721 1173 1825 1212 nec
1877 1156 2072 1227 glossa

424 1250 628 1304 suﬂ‘ert
644 1248 906 1302 conicere
927 1248 1160 1302 morbos
1181 1248 1207 1300 ‘2
1230 1248 1337 1302 Sed
1364 1246 1590 1317 languit
1611 1245 1866 1300 deterius
1892 1261 2071 1315 quon-

425 1337 558 1390 dam
585 1337 725 1389 dum
751 1335 997 1390 clinicus
1013 1351 1284 1405 caenoque
1308 1333 2066 1405 depressus,congeminans

420 1425 660 1480 threnos
692 1425 913 1479 defreta
942 1426 1008 1458 ὀδ
1042 1426 1166 1493 jam
1219 1423 1404 1478 salute
1437 1423 1687 1477 tabebat.
1740 1423 1840 1476 Cui
1893 1438 2067 1492 super

422 1514 656 1568 astabat
705 1514 999 1568 morsibus
1053 1513 1227 1566 etiam
1281 1511 1666 1582 protocleptes
1699 1512 1765 1543 207
1798 1510 2064 1563 demoliri

418 1601 654 1656 virosis.
721 1602 953 1656 Interim
998 1602 1209 1656 adtrito
1258 1599 1572 1670 respiciens
1612 1599 1904 1662 subvenit,
1939 1597 2069 1652 vola

415 1690 999 1760 sedquiconlinierat
1034 1689 1251 1760 ipsum,
1286 1688 1541 1743 excussit
1573 1689 1643 1742 ab
1663 1703 1758 1742 ore
1777 1688 2063 1755 ejusdem,

421 1782 477 1833 et
505 1795 636 1834 eum
670 1794 842 1850 quem
887 1779 1059 1833 etiam
1091 1778 1384 1832 edentavit
1424 1778 1489 1810 203
1521 1777 1748 1830 evirans
1789 1777 1875 1841 20",
1905 1775 2062 1829 solu-
2096 1813 2142 1876 Β

422 1872 666 1938 tumque
696 1866 1018 1921 resolidans
1042 1867 1352 1933 mundum,
1385 1869 1510 1919 tum
1544 1871 1600 1919 et
1630 1868 1784 1919 stare
1816 1863 2067 1917 ﬁrmavit

421 1955 733 2010 elumbem.
771 1955 1030 2010 Innotuit
1061 1955 1298 2009 vitanda
1321 1955 1491 2023 cujus
1515 1953 1731 2024 pariter
1761 1957 1816 2006 et
1851 1953 2068 2006 utenda

421 2043 615 2098 saluti.
640 2045 800 2108 Quod
828 2043 966 2113 quia
987 2048 1412 2113 transgressus,
1438 2041 1625 2096 noxiis
1648 2039 2064 2106 communicat,

418 2131 813 2203 salutariaque
837 2137 1084 2196 recusat,
1111 2131 1246 2186 hinc
1266 2131 1580 2186 recidivare
1603 2130 1816 2184 totiens
1839 2129 2067 2199 conspi~

417 2219 585 2274 citur.
619 2221 790 2275 Ponit
820 2221 918 2274 sed
951 2225 1005 2274 et
1057 2219 1182 2290 ipse
1233 2217 1521 2273 medelam
1574 2217 1819 2288 ingratis
1876 2216 2066 2287 opifex

415 2309 681 2363 medicus
704 2307 912 2362 salutis
926 2312 981 2361 et
997 2311 1216 2361 auctor.
1237 2306 1526 2361 Antidotis
1543 2306 1826 2376 impensis
1849 2306 2066 2375 pariter

415 2401 472 2450 et
495 2395 822 2466 lixopyritis
848 2396 918 2429 ²¹⁰
941 2394 1120 2449 tensis
1146 2395 1564 2465 perszspejam.
1591 2395 1752 2447 Nunc
1782 2394 2066 2448 instanter

415 2499 674 2550 oremus,
706 2498 768 2537 se
797 2499 1035 2536 manum
1061 2483 1334 2549 retrahat,
1353 2482 1440 2536 vel
1463 2482 1818 2553 chirurgiam
1838 2486 2064 2553 premat

415 2570 607 2625 adhuc
639 2571 832 2625 furore
855 2574 1068 2635 motus,
1113 2570 1215 2623 sed
1256 2569 1486 2640 delegat
1515 2575 1814 2636 unguenta
1835 2585 1869 2622 a
1898 2585 2062 2622 sum-

417 2658 530 2712 mis
563 2657 915 2729 dynamidiis
948 2659 1129 2728 (1681)
1163 2657 1434 2711 iufundat
1464 2661 1521 2711 et
1547 2657 1728 2722 liniat,
1764 2659 1977 2726 quibus
2007 2661 2064 2711 et

415 2746 658 2817 repellat
692 2745 921 2801 tabiﬁca
949 2789 961 2813 ,
995 2746 1303 2816 chirurgiae
1334 2744 1556 2800 venerit
1587 2745 1741 2799 sacio
1775 2747 1841 2778 ²¹¹
1877 2744 1967 2798 his
2000 2749 2063 2799 ut

416 2851 550 2889 cum
605 2835 903 2890 modicum
961 2834 1142 2888 dilata
1192 2849 1430 2889 exurere
1464 2833 1736 2903 inveniat,
1790 2833 1940 2904 quod
1971 2833 2058 2887 vel

415 2939 613 2979 secare
641 2925 979 2994 praesumat.
1009 2923 1090 2976 Ne
1120 2922 1333 2978 Christi
1363 2921 1554 2976 dicata
1589 2921 1845 2976 thalamo
1875 2922 2057 2991 (1582)

415 3012 624 3066 defleat
652 3011 1039 3082 prasegmina
1059 3011 1153 3077 2‘9,
1190 3011 1434 3082 mystica
1455 3027 1582 3081 quas
1615 3010 1974 3066 mnasiterna
1990 3010 2060 3043 ²¹³

412 3100 570 3156 lavit.
603 3098 799 3162 Quibit
829 3098 1128 3154 medicinas
1178 3116 1358 3170 capax
1390 3098 1586 3154 nullus
1635 3114 1761 3153 esse
1809 3098 2056 3170 peritus,

2183 553 2283 606 per
2312 536 2632 591 humanam
2653 536 2808 607 quod
2828 535 3096 599 fateatur,
3128 533 3396 589 almusin
3413 551 3481 590 ea
3512 539 3719 590 manet
3739 537 3846 606 qui

2181 625 2422 695 spiritus
2453 625 2507 678 id
2542 629 2737 679 tamen
2772 623 3091 692 ministrat,
3127 639 3270 695 pure
3303 623 3352 678 si
3389 623 3484 678 cui
3517 623 3847 680 famulatur

2179 713 2239 768 in
2272 729 2481 780 aevum,
2514 715 2585 768 ab
2617 712 2717 768 illa
2739 713 3044 768 devenient
3065 727 3377 784 prosperes
3399 729 3647 784 quasque
3668 713 3841 770 ﬁant.

2179 800 2509 857 Sceleribus
2542 802 2676 856 inde
2717 801 2868 856 citus
2918 806 2976 856 et
3002 800 3185 872 fugiet
3241 800 3288 855 si
3347 800 3843 874 commulgaverit

2180 891 2254 926 ³1⁸
2284 895 2487 946 semet.
2522 890 2764 946 Actibus
2795 891 3023 945 deserta
3051 894 3192 944 tunc
3223 887 3354 944 ilico
3376 905 3511 944 cum
3544 891 3668 946 suis
3704 907 3841 963 quae

2182 995 2299 1034 una
2329 978 2560 1050 peribit,
2595 979 2653 1033 ni
2686 995 2747 1035 se
2780 981 2850 1034 ab
2881 978 3026 1050 ipsis
3057 979 3343 1045 eruderat,
3372 983 3430 1034 et
3453 982 3516 1036 ut
3541 985 3674 1037 ante
3696 999 3843 1037 con-

2180 1068 2370 1122 sistat.

2252 1157 2337 1211 19.
2374 1156 2531 1211 Hanc
2563 1158 2716 1211 unde
2745 1157 3013 1228 congruit
3043 1157 3294 1228 Augusti
3346 1160 3546 1212 caveat
3594 1158 3693 1229 qui
3729 1176 3842 1230 po-

2180 1245 2274 1300 tiri
2299 1262 2604 1300 censuram
2639 1251 2700 1301 ut
2731 1246 2966 1300 nomine
2999 1254 3179 1317 parat.
3226 1245 3477 1300 Inlatum
3528 1249 3838 1302 communi

2181 1333 2461 1403 suscipiat
2480 1338 2610 1387 voto
2640 1333 2724 1388 sic
2755 1351 2986 1404 quoque
3008 1335 3159 1388 vivat
3181 1334 3391 1405 adepto
3415 1350 3489 1389 ne
3513 1337 3842 1391 temerave-

2181 1421 2255 1474 rit
2277 1421 2491 1491 ipsum.
2512 1421 2834 1476 Nutibusin
2853 1438 2967 1493 quo
2987 1437 3048 1476 se
3079 1421 3230 1476 divis
3261 1427 3419 1493 agat,
3445 1439 3743 1496 suumque
3764 1427 3841 1461 ²ι⁵

2181 1509 2495 1564 frustretur
2515 1511 2716 1579 [1684).
2744 1509 3023 1564 Inlustres
3050 1510 3170 1564 sint
3198 1511 3411 1576 adhuc,
3437 1511 3533 1582 qui
3552 1519 3839 1584 superant

2177 1598 2376 1653 arbitri
2412 1600 2483 1633 “5
2514 1603 2570 1652 et
2599 1599 2698 1669 qui
2724 1600 2848 1669 jam
2883 1605 3299 1669 praecesserant
3334 1600 3495 1666 hinc,
3517 1606 3574 1656 et
3603 1601 3833 1658 diathe-

2176 1704 2301 1741 cam
2338 1688 2401 1719 ²¹⁷
2434 1692 2610 1757 ponat
2658 1687 2959 1758 speculum
3013 1688 3166 1758 quod
3201 1687 3448 1743 callidus
3495 1706 3600 1744 nec
3642 1690 3834 1745 reluat

2175 1776 2284 1829 kau
2295 1792 2364 1846 po
2378 1783 2391 1845 (
2404 1777 2579 1844 1685).
2601 1775 2871 1846 Imploret
2891 1780 3244 1847 quapropter
3261 1777 3828 1851 Dominumjugiter,

2177 1863 2503 1934 adiciatque
2525 1880 2640 1918 non
2672 1864 3185 1936 comperendinare
3204 1866 3462 1921 devotus.
3495 1871 3615 1922 Hoc
3648 1868 3831 1923 etiam

2175 1951 2446 2023 supplere
2472 1953 2543 1987 ²¹⁸
2575 1968 2646 2007 ne
2675 1954 2992 2008 seducatur
3022 1953 3095 1989 9”
3126 1954 3196 2009 ab
3229 1954 3356 2026 ipso
3388 1959 3636 2011 cunctus
3668 1957 3835 2012 debi-

2173 2045 2300 2093 tum
2330 2044 2415 2094 est
2437 2045 2499 2095 ut
2531 2039 2780 2112 populus
2810 2040 3006 2096 instet.
3040 2042 3316 2114 Crtscipui
3337 2042 3609 2114 quoniam
3634 2048 3835 2099 testa-

2176 2128 2353 2182 menti
2386 2129 2504 2182 vim
2536 2128 2766 2184 abolere
2794 2128 3050 2184 luctatur
3069 2146 3171 2201 pro
3201 2145 3306 2202 ope
3327 2129 3422 2202 qui
3451 2129 3542 2185 sui
3564 2130 3834 2188 stolidus

2175 2215 2428 2287 neglegit
2500 2217 2763 2289 ﬂagitare
2819 2219 3070 2289 patroni.
3129 2218 3339 2274 Praesto
3395 2235 3528 2274 sum
3584 2219 3828 2276 indiffe-

2174 2320 2307 2359 rens
2339 2306 2427 2370 "0,
2460 2314 2617 2360 orate
2651 2305 2814 2360 vobis
2864 2310 2927 2360 ut
2958 2307 3077 2361 ﬁat.
3129 2309 3265 2361 Adae
3317 2307 3375 2361 in
3405 2306 3608 2378 lingua
3637 2308 3828 2380 (1686)

2174 2408 2329 2446 nunc
2337 2393 2464 2462 jam
2482 2397 2547 2446 ut
2566 2392 2667 2447 ﬁat
2690 2393 2854 2447 vobis
2873 2393 3255 2464 respondebo,
3269 2393 3381 2449 etsi
3401 2393 3680 2450 mavultis
3693 2412 3829 2450 aus-

2170 2480 2395 2551 spicare
2451 2495 2565 2534 me.
2611 2520 2624 2533 .
2671 2498 2750 2534 .a
2807 2481 3112 2550 majestate
3158 2486 3417 2536 vestrum
3475 2486 3610 2538 ante
3665 2499 3827 2538 sum-

2172 2584 2267 2622 ma
2298 2568 2501 2638 (1687).
2540 2610 2552 2622 .
2592 2610 2602 2621 .
2640 2609 2651 2622 .
2688 2571 2752 2622 ut
2773 2568 2998 2639 placido
3029 2568 3226 2624 deluat
3256 2569 3480 2625 lumine
3509 2579 3721 2626 noxam
3749 2572 3824 2626 de

2171 2673 2283 2724 me,
2317 2657 2499 2728 ﬁngat
2518 2662 2575 2712 et
2605 2673 2778 2728 quem
2810 2657 2913 2712 tibi
2939 2663 3193 2730 gratum,
3227 2675 3546 2731 precesque
3578 2661 3826 2717 funden-

2169 2746 2272 2800 das
2302 2750 2580 2816 acceptet,
2615 2747 2769 2801 inlex
2800 2747 2868 2780 ²²¹
2901 2763 3048 2818 quas
3097 2763 3201 2801 nec
3235 2748 3462 2818 primus
3490 2747 3682 2804 valeat
3708 2750 3822 2804 im-

2169 2834 2328 2904 piare
2359 2833 2665 2904 molestus,
2710 2834 2929 2890 hiantis
2978 2834 3249 2890 mutilare
3297 2835 3584 2908 linguam,
3619 2853 3726 2892 nec
3757 2854 3825 2892 ea

2166 2921 2490 2994 inspirante
2511 2922 2775 2994 politam,
2793 2940 2898 2979 nec
2919 2923 3085 2979 facile
3111 2940 3238 2994 quae
3259 2923 3434 2980 etiam
3466 2941 3668 2981 meum
3683 2925 3826 2980 alibi

2168 3011 2428 3065 subferat
2457 3027 2555 3065 cor
2581 3010 2821 3082 inquam
2844 3010 3045 3081 dilabi,
3061 3013 3160 3068 sed
3181 3012 3444 3068 exaudiri
3464 3013 3560 3084 pio
3593 3029 3832 3070 merear

2166 3115 2200 3153 a
2228 3098 2458 3169 pietatis
2489 3104 2743 3155 auctore.
2797 3099 3020 3156 Auxilio
3071 3117 3187 3172 quo
3244 3100 3450 3172 fretus,
3500 3102 3824 3174 supplices,

411 3188 713 3260 physicam
746 3187 966 3242 intente
999 3205 1068 3242 ne
1101 3187 1384 3243 rationem
1417 3192 1726 3242 scrutetur.
1766 3186 2051 3259 Intellegit
2085 3174 2126 3241 C
2167 3186 2323 3241 oriar
2349 3190 2475 3241 tum
2526 3187 2850 3257 dependere
2907 3205 3098 3245 voces.
3167 3188 3482 3245 Hebraicus
3513 3191 3828 3247 conﬁrmet

308 3320 316 3328 .
410 3277 674 3349 ﬁgmenti
724 3275 930 3346 nequis
980 3280 1054 3341 et,
1099 3281 1163 3330 ut
1194 3276 1292 3346 qui
1353 3276 1600 3331 ﬁnxerat
1649 3275 1863 3346 ipsum.
1913 3275 2054 3338 Quis

409 3382 544 3438 ergo
575 3364 787 3437 poterit
807 3365 1095 3419 mundum
1127 3363 1315 3420 salute
1346 3364 1515 3434 tueri,
1541 3364 1696 3418 haud
1718 3363 1906 3418 dicam
1931 3379 2054 3420 mo-

409 3454 710 3509 narchiam
741 3452 828 3508 vel
859 3453 1295 3524 proportionem
1325 3453 1384 3507 in
1416 3453 1543 3524 ipsa
1582 3453 1710 3523 ejus
1740 3452 1966 3523 prima},
1997 3452 2056 3506 ni

2166 3277 2355 3330 vester
2382 3290 2529 3344 quas
2545 3280 2602 3330 et
2634 3292 2752 3330 una
2765 3275 3016 3331 dictione
3037 3281 3370 3342 succentus,
3393 3278 3523 3348 ejus
3550 3282 3609 3332 et
3634 3284 3822 3335 extre-

2167 3363 2282 3418 mis
2308 3364 2539 3419 coronis
2570 3368 2800 3436 aptetur
2830 3365 2887 3420 in
2922 3364 3059 3420 oris.

1952 3629 2258 3686 GLOSSE.

483 3783 550 3860 30°
579 3780 805 3836 Judicio
835 3781 1122 3860 pulsatus.
1301 3780 1471 3860 Ultra
1490 3782 1754 3860 modum.
1790 3854 1799 3860 _
1834 3780 2254 3860 2°_9_Quigni_‘z_1tes
2276 3797 2390 3860 non
2415 3781 2630 3860 reddit.
2668 3781 2776 3860 _“°3
2801 3783 3202 3860 Augmentari.
3242 3855 3253 3860 _
3283 3783 3352 3860 9°“
3372 3783 3820 3860 Miseriis,quod

413 3853 590 3934 etiam
621 3850 1407 3934 nomnenjfurignes'sedicunt.
1443 3853 1844 3934 Dicnfzfrzgnvzis1
1869 3852 2036 3934 MAI.‘
2065 3850 2512 3934 '205‘Regulam.‘
2563 3852 2632 3934 9f“
2665 3850 2997 3934 Desperata.
3044 3855 3111 3888 ²⁰⁷
3132 3853 3430 3934 Diabolus.
3480 3857 3552 3934 29⁸
3573 3850 3815 3930 Absque

412 3925 690 3979 dedtibus
740 3923 892 3978 fecit.
971 3924 1040 3995 ?°°
1088 3923 1458 3978 Exinaniens.
1537 3924 1604 3957 ²¹⁰
1652 3923 2102 3995 Cataplasmata,
2147 3921 2419 3977 Antidota
2467 3927 2523 3977 et
2571 3921 2902 3995 lixopyrita,
2954 3940 3131 3995 opera
3180 3925 3598 3982 misericordia
3630 3921 3820 3986 vocat.

409 3996 487 4068 9‘"
511 3997 827 4068 Tempus._
867 3995 939 4068 Ψ
973 3994 1357 4068 Prazsegmina
1387 3997 1744 4068 suntpartes
1775 3993 2032 4068 corporis
2064 3995 2280 4048 recisae.
2359 3995 2432 4029 ²¹³
2463 3993 2832 4068 Ατιυιξλυίτὴᾳ.
2911 3993 3500 4068 “fCoinquinaverit.
3581 4001 3656 4035 9"
3680 4001 3818 4057 Pro-

405 4067 620 4138 prium.
657 4064 674 4067 ⁷
699 4064 1033 4141 “ﬁgludices
1055 4064 1402 4141 qui—vivunt.
1480 4064 1812 4141 21"(Librum
1835 4064 2087 4141 duorum
2110 4068 2599 4141 testamentgrum
2619 4065 2847 4141 Veteris
2873 4071 2930 4121 et
2947 4067 3110 4122 Novi.
3168 4064 3253 4103 ’²¹⁸
3277 4067 3546 4141 Implere.
3630 4073 3702 4107 ²¹⁹
3723 4077 3817 4129 Se-

403 4135 656 4209 paretur.
743 4138 813 4172 ²²⁰
843 4135 1089 4193 Paratus
1119 4154 1251 4193 sum
1287 4138 1356 4193 ad
1390 4137 1882 4207 respondendum,
1917 4136 2001 4190 nil
2033 4151 2291 4192 morans.
2323 4136 2392 4171 ²²ί
2423 4135 2720 4207 Deceptor.

1749 4313 2050 4370 SCHOLIA
2087 4313 2175 4367 ET
2212 4311 2444 4368 NOVIE.

467 4468 646 4546 (1679)
681 4468 833 4546 Inter
866 4466 1213 4546 ‘pataginem.
1241 4470 1297 4521 et
1345 4463 1642 4546 pat‘agium
1671 4463 1779 4546 hoc
1811 4463 2025 4546 differt.
2065 4466 2113 4530 D

395 4533 725 4610 Patagoest
755 4533 1286 4610 exulceratiogoris,
1305 4533 1456 4606 quod
1492 4533 1625 4589 cum
1655 4533 2035 4610 intumuerit,

2214 4463 2394 4536 (1683)
2456 4463 2601 4536 Dicit
2648 4463 2878 4520 nullum
2910 4481 3038 4522 esse
3095 4468 3414 4536 medicum,
3475 4470 3596 4526 nisi
3631 4471 3809 4528 fuerit

2152 4533 2451 4615 physicus.
2515 4535 2742 4615 Rursus
2790 4536 3022 4615 nullum
3055 4541 3196 4615 _tarn
3247 4533 3414 4615 plene
3471 4540 3803 4615 intelligam

394 4604 867 4680 pmné’elingnem
902 4607 1072 4686 facit.-
1092 4604 1393 4686 Patagium
1425 4621 1557 4658 vero
1583 4607 1669 4658 est
1698 4604 1937 4674 pallium
1970 4622 2040 4660 ex
2149 4604 2454 4686 physicam
2485 4605 2770 4686 rationem
2795 4604 3267 4686 uniuscujusque
3292 4611 3403 4686 rei,
3454 4627 3637 4682 quam
3667 4604 3800 4686 "qui

393 4677 932 4756 auromp’erp'uraque
957 4677 1264 4756 variatum.
1370 4746 1380 4756 .
1460 4748 1468 4756 ι
1485 4744 1496 4754 .
1733 4745 1765 4756 η
1795 4745 1826 4756 ,ι
1954 4746 1966 4756 .

463 4745 646 4818 (1680)
672 4745 819 4801 Hem
841 4745 1082 4818 quando
1105 4764 1236 4802 cum
1259 4745 1613 4818 aspiratione
1635 4745 1927 4812 scribitur,
1951 4746 2037 4801 in-

389 4888 516 4943 sine
531 4888 907 4959 inspiratione
920 4887 1255 4959 adverbium
1271 4887 1826 4958 ostendentis.quasi
1840 4904 2028 4943 enme.

460 4957 642 5029 (1681)
674 4961 860 5016 Libris
891 4957 1358 5014 medicinalibus.
1383 4959 1660 5031 Dynamis
1677 4957 1898 5031 dicitur
1929 4975 2028 5031 po-

385 5028 565 5086 testas
586 5035 643 5087 et
662 5031 748 5087 vis
789 5032 1099 5085 herbarum
1129 5046 1140 5092 ;
1178 5031 1330 5086 unde
1360 5028 1534 5086 etiam
1575 5028 2029 5100 dynamidiadi-

383 5106 615 5168 cuntur,
641 5103 738 5156 ubi
761 5118 961 5155 earum
986 5100 1278 5156 medicinae
1301 5102 1384 5156 vel
1406 5099 1737 5156 curationes
1760 5099 2025 5154 scribun-

381 5175 497 5228 tu‘r.
527 5174 732 5243 Merito
784 5188 938 5226 nunc
971 5188 1072 5242 pro
1102 5173 1440 5243 dynamidia
1487 5171 1717 5226 divinas
1748 5169 2024 5243 intelligi-

380 5257 516 5297 mus
550 5242 973 5299 miserationes.

446 5314 630 5380 (1682)
661 5313 931 5370 Ecclesia.
966 5314 1130 5370 Fovit
1158 5328 1412 5382 namque
1442 5328 1644 5366 omnes
1669 5309 1818 5366 sacri
1846 5311 2022 5382 fontis

379 5383 537 5435 unda
566 5382 815 5452 ablutos,
850 5401 1062 5454 corpus
1087 5399 1214 5437 esse
1245 5380 1447 5438 sancta
1476 5382 1708 5454 matris
1732 5380 2018 5454 Ecclesiae,

377 5466 602 5511 sponsae
631 5451 867 5511 Christi.
903 5451 970 5508 Et
999 5453 1127 5507 ideo
1156 5458 1281 5507 orat
1322 5457 1387 5508 ut
1433 5453 1634 5508 nullus
1663 5451 2022 5509 Christianus

376 5523 448 5605 ab
469 5523 597 5605 ejus
618 5525 929 5605 divellatur
957 5539 1217 5593 corpore,
1250 5523 1476 5605 ne_ipsa
1502 5525 1562 5579 in
1586 5523 1782 5594 aliquo
1813 5523 2024 5583 mutila
2130 5526 2266 5605 Mai.

375 5593 445 5656 ad
477 5594 701 5650 luctum
731 5595 995 5651 videatur
1024 5595 1368 5665 promoveri.

2146 4676 2403 4755 eandem.
2421 4678 2769 4755 composuit.
2805 4679 3006 4755 Restat
3033 4676 3434 4755 ergo-nullum
3466 4676 3645 4755 posse
3672 4676 3800 4740 tus-

2145 4747 2513 4826 rimundum
2544 4747 2751 4819 salute,
2801 4750 2914 4805 nisi
2963 4747 3216 4823 ipse'qui
3274 4769 3408 4808 eum
3466 4747 3804 4826 plasmave-

391 4816 1284 4898 terje'ctioest-dolentis,‘quasi
1327 4817 1436 4898 heu
1455 4833 1592 4898 ‘me.
1631 4818 1872 4898 Quando
1902 4834 2033 4873 vero
2079 4874 2082 4877 _
2144 4816 2240 4898 rit].

2210 4887 2395 4958 (1684)
2428 4893 2551 4944 Non
2599 4893 2833 4945 tantum
2883 4907 3009 4961 quas
3057 4891 3142 4946 illi
3173 4892 3366 4949 solum
3409 4895 3566 4950 bona
3594 4897 3797 4952 viden-

2139 4961 2240 5038 tur
2295 4975 2462 5038 agere
2522 4964 3396 5038 praesumat,__s_ed_auctoritate
3454 4969 3798 5038 praeceden-

2137 5032 2286 5109 tium
2309 5033 2613 5155 dotctorum
2646 5037 2703 5086 et
2731 5032 2973 5088 consilio
3025 5033 3407 5091 honestorum
3454 5032 3660 5108 potius
3693 5040 3793 5096 ad-

2137 5115 2374 5155 auiesca
2406 5142 2419 5155 .

2137 5115 2419 5170 quiescat.

2206 5172 2390 5249 (1685)
2446 5171 2875 5249 Fraudulentus
2931 5175 3301 5249 tabernarius
3343 5195 3602 5249 _aquam
3663 5182 3795 5237 vino

2135 5243 2388 5320 miscens
2414 5244 2916 5320 Lquod-refertur
2967 5247 3143 5320 etiam
3177 5249 3248 5302 ad
3283 5243 3464 5320 falsos
3495 5251 3790 5320 doctores,

2177 5313 2398 5396 ui‘vera
2437 5313 2602 5369 falsis
2632 5314 2981 5384 inﬁcientes,
3015 5318 3218 5374 noxias
3249 5319 3441 5375 solent
3471 5313 3794 5396 prOpinaré

2132 5329 2233 5437 3m
2264 5330 2398 5368 vera
2437 5329 2448 5367 1

2174 5384 2448 5439 octrinas.

2203 5456 2383 5524 (1687)
2417 5455 2687 5511 Innuitne
2718 5472 2917 5527 preces
2948 5457 3308 5529 psalmorum
3324 5461 3798 5523 Hebraicorum?

2197 5595 2384 5671 (1687)
2410 5595 2633 5656 Desunt
2661 5595 2896 5673 aliquot
2913 5599 3214 5660 vocabula.
3247 5602 3386 5663 MAI.
