3966 6210
114 412 222 477 881

1162 405 1691 468 POLYPTICUM.
1726 436 1804 451 -—
1834 406 2142 468 TEXTUS
2188 406 2471 467 ALTER.

2328 565 2665 573 m

2936 564 3495 573 mA—Wﬁﬂ

2936 580 3495 588 ——————

968 725 1624 819 POLYPTICI
1709 727 2185 822 TEXTUS
2264 731 2672 823 ALTER

511 933 703 987 Editus
732 949 767 987 a
794 933 999 988 Joanne
1026 932 1305 988 Domz'nico
1337 931 1546 999 MANSI,
1580 932 1639 987 iu
1669 932 2031 988 Misceltaneis
2060 936 2230 989 sacris
2263 935 2503 1002 Baluu’i,
2537 936 2674 991 edit.
2708 938 2859 1005 Luc.,
2889 954 2945 1007 ῃ.
2977 938 3103 995 560.

329 1233 693 1326 INCIPIT
740 1232 1367 1324 POLYPTICUM
1415 1232 1667 1329 QUOD
1716 1234 2370 1327 APPELLATUR
2416 1237 3283 1329 PERPENDICULUM.

658 1597 869 1637 INCIPIT
916 1595 1197 1635 EPISTOLA.

176 1670 508 1728 Reverendo
543 1670 601 1724 in
635 1685 727 1723 me
758 1668 979 1723 Fulano
1021 1668 1187 1723 valde
1219 1668 1471 1740 praesuli.

177 1761 433 1817 Fulanus
463 1759 710 1831 cupiens
734 1774 825 1812 me
848 1757 931 1812 sic
954 1757 1189 1812 beatum
1214 1757 1432 1812 exitum
1461 1757 1646 1812 instat
1668 1759 1760 1812 Fe-

109 1845 931 1920 licissimiOpilionisSilvestri
948 1846 1165 1901 summi
1182 1846 1426 1900 mortuis
1440 1845 1757 1918 aliquibus,

117 1941 210 1996 sed
234 1938 374 1994 mihi
397 1953 509 1992 nec
534 1941 839 1991 emortuus
862 1936 1027 1990 vivus
1072 1935 1252 1991 immo
1276 1936 1419 1990 mihi
1443 1934 1667 1990 vividus
1697 1951 1759 1991 es

118 2034 372 2083 mortuus
404 2027 509 2082 sed
534 2025 702 2080 vivus
724 2025 782 2079 in
806 2041 919 2079 me.
958 2024 1145 2095 Hujus
1167 2024 1477 2079 laberinthi
1500 2025 1607 2079 iter
1627 2042 1756 2080 cur-

118 2121 315 2187 rentes,
344 2119 451 2172 aut
478 2131 595 2186 qua
630 2114 948 2168 insistendo
983 2114 1161 2168 vitare
1198 2113 1533 2186 voraginem
1560 2114 1754 2183 edoce,

114 2210 207 2261 aut
225 2222 338 2277 quo
363 2202 640 2259 salubres
663 2201 883 2257 sublati
922 2201 1219 2274 adtingere
1242 2203 1471 2273 possint
1495 2202 1754 2257 delicias.

118 2297 241 2362 Quae
271 2294 465 2349 sentio
498 2292 557 2346 in
590 2292 698 2347 hoc
743 2308 980 2358 cernes;
1044 2292 1143 2346 sed
1204 2291 1285 2346 sic
1317 2308 1422 2362 ego
1453 2309 1577 2363 quae
1610 2296 1665 2346 et
1694 2296 1754 2345 tu

114 2386 549 2453 comparantur.
584 2380 903 2434 Contabres
936 2383 1000 2434 ut
1030 2378 1256 2451 pollini.
1297 2379 1374 2434 En
1408 2396 1535 2451 quae
1566 2396 1671 2451 ego
1692 2384 1753 2434 tu

114 2487 234 2544 quae
269 2468 544 2526 fceliciter
582 2468 773 2523 redde.
806 2471 1009 2523 Amen.

660 2558 908 2629 Explicz't
948 2558 1193 2629 cpistola.

602 2664 811 2701 INCIPIT
848 2662 1267 2701 ARGUMENTUM.

175 2736 295 2791 Non
328 2736 511 2791 chaos
546 2735 838 2806 explicant
866 2733 1162 2806 sophistae,
1195 2733 1537 2789 bombinare
1560 2749 1755 2787 rerum

119 2842 353 2897 exequar
384 2823 698 2880 assiduum
731 2824 873 2878 orbi.
908 2824 1032 2879 Non
1066 2822 1190 2878 ocia
1219 2823 1327 2878 hoc
1362 2821 1583 2877 calamo
1616 2839 1752 2877 con-

118 2931 273 2970 cussa
303 2913 544 2986 pistico,
570 2929 672 2968 nec
695 2911 863 2967 osilla
886 2913 1220 2983 pinsabunt.
1246 2912 1599 2982 Fessusjam
1616 2911 1753 2966 hinc
1786 2947 1834 3012 B

118 3001 591 3075 perpendiculum
627 3017 857 3073 ponam.
912 3000 1092 3071 Cujus
1144 3017 1342 3055 vocem
1402 3017 1515 3055 non
1545 3000 1757 3071 poterit

117 3108 467 3165 compescere
505 3090 720 3157 aciare,
769 3106 873 3145 nec
922 3090 1110 3144 Attica
1159 3088 1340 3144 Rema
1371 3090 1665 3145 inrumine
1697 3090 1757 3143 Ε.

115 3183 172 3235 Α.
202 3181 251 3237 J.
283 3181 343 3237 P.

590 3268 835 3339 Explicit
862 3267 1281 3335 Argumentum.

118 3375 304 3415 INCIPIT
320 3374 692 3415 POLYPTICUM
707 3373 857 3418 QUOD
871 3372 1235 3411 APPELLATUR
1253 3370 1757 3412 PERPENDICULUM.

178 3448 417 3522 Fragilis
436 3463 663 3521 pompa
684 3445 861 3515 hujus
886 3444 987 3499 avi
1010 3442 1259 3516 languor
1280 3450 1369 3499 est
1390 3448 1446 3499 et
1464 3445 1758 3515 quaeritur,

115 3536 299 3607 pestis,
333 3542 421 3593 est
455 3540 515 3592 et
553 3534 909 3589 omnimodis
943 3533 1220 3588 ambitur.
1275 3536 1406 3598 Quae
1457 3533 1673 3589 arridet
1701 3533 1759 3586 in

113 3640 356 3696 accessu,
383 3642 527 3681 cum
567 3624 749 3694 serpit
786 3621 1048 3691 delectat,
1084 3622 1141 3676 in
1170 3622 1341 3690 cujus
1373 3621 1764 3676 adolescentia

113 3718 193 3768 est
212 3714 415 3787 ingens
438 3713 636 3777 labor,
661 3727 793 3766 cum
819 3710 1156 3766 intumescit
1180 3710 1517 3782 prosternit,
1544 3714 1597 3764 et
1628 3727 1760 3763 cum

114 3803 407 3857 recesserit
437 3800 919 3871 blasphematur,
978 3800 1117 3870 quia
1176 3800 1323 3855 solet
1353 3798 1592 3853 clientes
1624 3815 1762 3853 suos

113 3890 337 3946 reddere
368 3886 693 3963 ignobiles,
720 3891 1059 3959 spernentes
1083 3892 1275 3942 autem
1301 3905 1361 3943 se
1384 3887 1624 3941 reddere
1646 3885 1762 3957 glo-

114 3976 304 4036 riosos.

176 4065 293 4122 Non
316 4067 440 4123 haec
464 4065 691 4121 mirum
713 4063 850 4135 quia
867 4080 1001 4119 cum
1022 4064 1307 4119 hactenus
1326 4064 1763 4120 extiteritruina

114 4167 246 4221 pene
268 4156 556 4210 omnibus
576 4168 703 4208 sese
727 4153 1158 4224 appetentibus,
1185 4170 1290 4208 nec
1308 4157 1649 4225 arrOgantes
1666 4153 1761 4207 de-

112 4241 301 4298 ﬁciunt
322 4244 543 4312 adhuc,
578 4258 679 4296 uec
702 4241 989 4296 acerbitas
1022 4258 1081 4296 se
1112 4241 1370 4297 elevandi
1404 4243 1758 4296 moderatur.

1784 1582 1839 1648 Α
1870 1583 2367 1653 repraesentaverit
2389 1584 2729 1655 ipocondria
2751 1582 2907 1638 stilo.
2932 1582 3068 1638 Tale
3095 1584 3247 1655 quod
3280 1581 3515 1637 resolvi-

1869 1688 2003 1726 mus
2033 1671 2375 1727 discrimine
2406 1673 2558 1726 trino
2590 1672 2897 1726 scanditur
2927 1672 3247 1743 fastigium,
3275 1672 3514 1742 quidam

1870 1760 2149 1829 adjiciunt
2174 1777 2363 1815 assem
2390 1767 2489 1814 aut
2531 1778 2661 1815 cum
2690 1778 2903 1832 praeses
2946 1761 3291 1815 nominatim
3322 1761 3517 1832 signat

1869 1865 2041 1921 quem
2077 1848 2248 1904 claris
2282 1850 2525 1904 nutibus
2558 1849 2644 1903 vel
2695 1867 2828 1904 cum
2879 1851 3080 1905 eadem
3112 1867 3217 1904 vox
3251 1850 3512 1904 omnium

1870 1938 2039 1993 calat.
2069 1938 2169 1992 Vel
2192 1955 2325 1993 cum
2350 1939 2553 1993 eadem
2582 1956 2784 2005 unum,
2810 1944 2909 1993 aut
2949 1955 3081 1992 cum
3128 1938 3383 2009 parentis
3413 1956 3516 1992 va-

1867 2027 2133 2097 lidojure
2158 2028 2243 2081 fas
2266 2033 2355 2082 est
2383 2028 2599 2098 perfrui
2626 2029 2855 2082 throno.
2901 2028 3211 2097 Improbus
3235 2033 3333 2081 aut
3356 2027 3519 2081 labor

1869 2120 2077 2170 etcum
2103 2131 2318 2170 vesana
2340 2116 2660 2187 triumphis
2687 2115 2881 2187 praelia
2905 2117 3259 2170 conveniunt
3278 2132 3517 2186 propere

1866 2204 2132 2259 trucibus
2146 2204 2311 2258 alteri
2328 2204 2631 2275 insurgere
2650 2206 2957 2276 quemjam
2979 2208 3313 2259 cantaverat
3332 2222 3517 2276 praeco

1867 2292 2185 2364 prophanis
2204 2310 2318 2347 non
2334 2294 2621 2363 conjurati
2642 2292 2916 2348 manibus
2935 2293 3282 2348 execrabiles
3300 2294 3513 2348 favent.

1867 2382 2012 2447 Quid
2041 2382 2067 2435 ?
2090 2382 2436 2436 Exinanitur
2458 2382 2705 2437 aemulus
2730 2382 2985 2453 penitus,
3029 2383 3197 2452 cujus
3237 2383 3515 2438 beneficio

1868 2470 2129 2525 ditantur
2155 2471 2327 2542 primi
2350 2471 2551 2527 velites
2576 2489 2677 2527 nec
2707 2476 2956 2543 poscunt
2991 2471 3390 2527 intemerabile
3413 2472 3511 2526 fm-

1867 2560 1977 2613 dus
2008 2559 2066 2614 in
2100 2576 2213 2631 quo
2245 2560 2449 2614 herilis
2483 2577 2726 2615 somnus
2758 2560 2948 2630 capiat
2976 2559 3367 2614 dulcedinem.

1938 2648 2047 2703 Sed
2077 2650 2246 2719 juvat
2268 2648 2498 2703 interim
2524 2649 2845 2718 jocundius
2870 2648 3170 2704 traducere
3196 2648 3511 2704 remissum

1866 2742 2099 2809 tempus
2126 2742 2183 2792 et
2222 2737 2435 2808 placito
2482 2738 2650 2809 potiri
2682 2738 2909 2808 adeptis
2934 2742 2997 2792 ut
3028 2738 3199 2792 ambo
3222 2737 3519 2809 principes

1864 2830 2194 2881 terreantur
2216 2841 2318 2897 per
2340 2826 2611 2881 adversas
2654 2824 2783 2880 lites
2824 2843 2927 2879 nec
2972 2827 3224 2881 audeant
3256 2830 3520 2897 potentes

1864 2914 2201 2984 exippitare.
2228 2916 2439 2968 Contra
2466 2914 2682 2969 milites
2722 2914 2807 2969 vel
2835 2930 3045 2986 negare
3086 2915 3407 2985 quidquam
3432 2933 3520 2971 re-

1871 3006 1988 3057 stat
2020 3006 2083 3057 ut
2107 3002 2334 3074 vigeant
2357 3002 2647 3074 principes
2673 3008 2900 3057 tantum
2941 3003 3259 3059 miserabili
3285 3004 3519 3059 nomine

1872 3095 1935 3145 ut
1959 3091 2151 3162 potius
2176 3107 2279 3146 nec
2297 3097 2598 3162 compotes
2622 3091 2740 3145 sint
2772 3090 2955 3145 immo
2982 3092 3213 3163 privatae
3249 3093 3329 3147 rei
3355 3108 3513 3147 com-

1872 3185 2057 3251 potes.
2080 3181 2227 3234 Tum
2252 3180 2455 3235 sedulo
2482 3179 2779 3234 ruminant
2802 3184 2857 3233 et
2899 3185 3123 3234 secreta
3146 3196 3287 3233 cura
3309 3196 3517 3250 repen-

1871 3270 2004 3323 dere
2057 3268 2230 3323 sociis
2280 3269 2386 3322 lias
2436 3267 2729 3339 strophas.
2784 3269 3151 3339 Quapropter
3198 3285 3301 3321 nec
3352 3269 3523 3323 taedet

1870 3356 2137 3411 clanculo
2162 3358 2528 3427 frequentare
2552 3372 2677 3410 sese
2700 3356 2847 3411 divis
2874 3356 3055 3411 ramis
3078 3372 3179 3426 per
3201 3360 3404 3410 cautos
3431 3372 3520 3410 re-

1870 3444 2199 3498 veredarios
2230 3444 2328 3513 qui
2368 3461 2470 3498 nec
2522 3443 2835 3498 nunciasse
2888 3443 3085 3497 frivole
3135 3442 3245 3513 piis
3277 3442 3521 3497 solertes

1870 3550 1973 3605 per
2003 3533 2155 3603 quod
2194 3532 2407 3589 milites
2441 3533 2628 3603 prima
2680 3532 3033 3603 instigentur
3063 3531 3336 3601 indagine
3368 3530 3518 3586 fulti.

1872 3623 2150 3677 Externos
2174 3621 2346 3675 etiam
2372 3622 2550 3676 duces
2571 3626 2627 3676 et
2648 3621 3020 3675 conniventia
3039 3623 3245 3691 rogant
3264 3624 3319 3674 et
3334 3620 3523 3675 xeniis

1871 3710 2173 3765 cumulant
2195 3714 2251 3764 et
2278 3726 2518 3781 propere
2537 3714 2725 3763 macta
2747 3710 3065 3779 deponunt.
3090 3709 3202 3763 Cur
3218 3708 3524 3779 pollicetur

1872 3800 2103 3854 extimis
2130 3800 2363 3853 fortuna
2392 3803 2695 3870 potentum
2742 3799 2987 3853 necdum
3032 3802 3255 3853 extorta
3280 3814 3454 3868 quam
3484 3797 3526 3852 ii

1872 3893 2206 3959 sequestres
2228 3889 2487 3957 gestiunt
2508 3886 2810 3956 praelibare
2829 3886 2913 3941 vel
2934 3887 3205 3951 strictim,
3230 3885 3527 3940 utauxilia

1871 3993 2071 4032 eorum
2092 3976 2346 4031 ferveant
2365 3977 2637 4030 edomare
2656 3976 2941 4045 superbos
2962 3992 3186 4043 secum,
3206 3974 3293 4027 vel
3312 3974 3358 4027 si
3379 3975 3527 4029 desi-

1871 4066 1973 4120 des
1998 4068 2265 4136 torpeant
2291 4069 2428 4117 tunc
2455 4064 2653 4118 saevire
2672 4080 2773 4133 per
2790 4080 2895 4117 sua
2914 4082 3069 4118 arma
3088 4065 3373 4133 denegent
3392 4062 3525 4115 sub-

1873 4153 2023 4208 sulia
2047 4152 2341 4224 oppressis
2367 4168 2498 4205 nam
2522 4150 2631 4220 ipsi
2658 4152 2914 4205 saeviant.
2938 4154 3242 4223 Speeimen
3268 4155 3524 4222 propter-

1873 4261 1940 4298 ea
1964 4246 2140 4295 restat
2163 4240 2279 4293 doli
2322 4257 2436 4309 quo
2488 4238 2671 4293 alfccti
2716 4240 2935 4292 tribuni
2977 4241 3353 4295 elidunturin
3382 4241 3520 4309 imo,

180 4330 461 4387 Pallentes
485 4347 553 4386 se
575 4329 811 4401 quidem
838 4329 1760 4401 prastantioresveteribns,quos
1791 4311 1833 4375 (ἶ
1872 4346 2004 4387 cum
2034 4330 2239 4383 horum
2269 4328 2480 4381 milites
2505 4331 2740 4396 captant
2762 4326 3005 4381 blandas
3031 4330 3218 4397 regias
3239 4346 3411 4384 auras
3434 4347 3446 4395 ;
3468 4333 3526 4383 ct

110 4419 339 4486 provida
360 4436 622 4475 censura
643 4423 879 4474 accusat
899 4419 1217 4489 segniores.
1244 4419 1461 4473 Horum
1486 4418 1663 4487 igitur
1686 4419 1760 4471 fa-

112 4520 230 4560 sces
250 4507 299 4561 si
322 4507 622 4564 enucleati
647 4508 938 4579 gradatim
963 4507 1289 4575 initientur,
1314 4506 1766 4578 dignunijudico

110 4596 518 4662 praenotandos
537 4613 613 4667 qu
624 4613 688 4651 os
710 4596 969 4667 rigentes
985 4601 1137 4651 serto
1155 4595 1429 4651 exhibent
1443 4594 1763 4649 remiditos.

108 4680 254 4737 Num
284 4684 563 4740 Chronici
624 4684 901 4739 fraudant
957 4683 1065 4739 hoc
1119 4684 1217 4755 qui
1252 4683 1570 4756 praesertim
1605 4699 1765 4737 sum-

105 4785 267 4825 mum
301 4787 408 4839 vae,
443 4776 502 4826 et
534 4772 799 4843 ipsorum
832 4788 1002 4828 omne
1032 4776 1384 4844 concrepant
1414 4772 1521 4827 ohe
1544 4772 1570 4825 ?
1601 4770 1764 4825 Haud

103 4863 491 4929 perstrepunt
515 4876 729 4930 agmen
742 4860 1071 4930 eorum,qui
1095 4861 1410 4931 gradiendo
1428 4858 1765 4931 perplexum

103 4944 301 5001 collem
327 4946 698 5002 induxerunt
720 4953 1035 5018 sequentes
1053 4954 1311 5018 perrecta
1324 4948 1552 5002 rubrica
1568 4964 1769 5018 quam-

101 5032 181 5089 vis
210 5035 466 5109 pingant
498 5034 968 5090 inextricabilem
1016 5042 1323 5103 tesseram,
1357 5037 1455 5107 qui
1486 5038 1765 5092 durantes

99 5137 199 5177 nec
222 5124 585 5196 superstites
612 5123 825 5193 vixere,
850 5141 953 5180 nec
986 5125 1629 5196 misellijoeundantur.
1655 5126 1763 5179 Sed

104 5226 206 5265 nec
229 5217 479 5268 autumo
504 5211 809 5267 sincerum
832 5228 984 5268 nunc
1008 5214 1275 5286 privatim
1301 5214 1576 5269 adnotare
1589 5213 1765 5268 facies

97 5303 419 5372 gestorum,
453 5316 567 5355 nec
594 5316 693 5355 eos
719 5299 993 5368 quoniam
1027 5301 1235 5375 pupilli
1276 5308 1471 5357 musta
1492 5305 1658 5355 aetate
1688 5301 1767 5355 vi-

100 5386 236 5443 dent
261 5407 423 5445 nunc
450 5388 640 5444 etiam
664 5387 790 5440 hzec
813 5386 966 5444 clara
996 5396 1051 5445 et
1091 5391 1409 5446 hauserant
1430 5390 1764 5459 frequenter

98 5476 333 5533 recitata
355 5496 393 5532 a
416 5476 555 5532 suis
584 5474 877 5546 patribus,
901 5482 957 5530 et
978 5480 1336 5551 restringunt
1358 5476 1764 5532 certiusincul-

1871 4419 2069 4474 dictali
2096 4418 2453 4472 muniatorcs
2482 4416 2726 4469 redeunt
2757 4415 2890 4468 inde
2914 4416 2982 4467 ad
3028 4415 3261 4485 propria
3288 4418 3515 4471 onustis

1878 4507 2139 4564 humeris
2167 4523 2269 4561 nec
2292 4507 2475 4559 ferent
2498 4504 2675 4557 duces
2699 4503 2967 4557 dominos
3008 4502 3269 4572 ipsorum
3304 4505 3523 4571 primos

1876 4598 2125 4653 arbitros
2148 4596 2321 4650 etiam
2348 4595 2404 4648 in
2428 4592 2725 4663 largiendo
2750 4590 3029 4645 beneﬁcia
3046 4606 3171 4644 sese
3190 4595 3526 4659 pra-ponent

1876 4686 1924 4741 si
1959 4686 2076 4739 sint
2106 4691 2266 4741 arcta
2297 4702 2368 4739 an
2412 4682 2592 4753 larga.

1948 4776 2014 4828 Et
2049 4774 2333 4829 fcenerant
2366 4773 2657 4826 immunes
2703 4787 2734 4823 a
2774 4766 3025 4839 proprio,
3078 4770 3133 4818 et
3163 4764 3382 4819 vehunt
3413 4764 3521 4819 sibi

1876 4864 2023 4917 fidos
2055 4862 2421 4917 detrimendo
2448 4858 2711 4914 alterius.
2758 4855 2863 4919 Qui
2897 4855 3213 4925 praeferunt
3244 4870 3346 4924 per
3377 4871 3523 4925 quos

1876 4955 2139 5016 sumunt,
2164 4953 2264 5005 sed
2295 4968 2408 5005 non
2437 4967 2469 5003 a
2492 4949 2729 5019 quibus.
2772 4946 2827 4999 Si
2874 4946 2990 4998 fors
3031 4946 3229 5013 sparat
3256 4942 3384 5010 hos,
3412 4942 3523 5013 ipsi

1876 5039 2295 5094 ministrabant
2309 5040 2489 5093 donec
2506 5038 2733 5091 discant
2746 5036 2815 5089 ab
2836 5035 3114 5088 alterutro
3129 5029 3420 5101 perlatain
3437 5029 3522 5083 al-

1873 5132 2324 5197 terutrum,quae
2342 5126 2550 5179 melius
2566 5125 2982 5187 silerent.Quos
2999 5124 3267 5175 statuunt
3281 5118 3520 5188 quidem

1875 5214 2195 5286 explorare,
2221 5218 2276 5268 et
2298 5214 2584 5267 instruere
2611 5230 2671 5269 se
2699 5231 2778 5268 se.
2806 5214 2847 5267 E
2878 5210 3092 5283 quibus
3115 5210 3399 5278 spargunt
3422 5222 3524 5277 per

1874 5301 2140 5374 singulas
2168 5304 2373 5355 domos
2395 5300 2549 5353 velut
2567 5302 2812 5371 semina,
2834 5301 2987 5355 unde
3006 5314 3157 5368 smpe
3176 5299 3404 5349 metunt
3422 5311 3525 5349 nu-

1874 5407 1999 5462 gas,
2026 5393 2254 5458 etsanpe
2291 5386 2636 5458 praeciscunt
2676 5388 3058 5458 cxpedientia.
3112 5385 3255 5440 Hinc
3306 5384 3521 5439 milites

1876 5476 2107 5531 diluunt
2132 5476 2379 5545 primam
2408 5474 2577 5527 fidem
2613 5476 2886 5544 dominis,
2924 5478 3162 5529 ﬁrmant
3186 5489 3415 5528 servare
3438 5489 3524 5527 se-

100 5570 237 5620 cata.
262 5567 589 5636 Nuncjam
616 5564 676 5616 in
704 5568 976 5634 promptu
994 5573 1079 5621 est
1095 5583 1334 5621 censere
1353 5568 1616 5620 membra
1630 5583 1765 5635 prac-
1794 5570 1839 5633 Ι)
1873 5564 2125 5620 cundam
2153 5563 2535 5633 principibus,
2556 5564 2816 5631 quaijam
2838 5564 3039 5618 deerit.
3060 5565 3220 5617 Tunc
3238 5567 3522 5616 notantse

96 5649 284 5711 libatas
319 5652 614 5728 nequitiae
657 5651 985 5709 secundum
1030 5657 1184 5727 quod
1230 5672 1367 5710 cura
1396 5652 1765 5725 perlambcns

1876 5648 2137 5718 infamia,
2164 5651 2546 5722 supplantant
2568 5648 2857 5720 dominos,
2893 5667 2995 5705 nec
3026 5655 3311 5722 respuunt
3344 5652 3516 5707 dene-
