3966 6210
407 412 522 472 883

1425 408 1760 470 ATTONIS
1806 406 2391 470 VERCELLENSIS
2435 406 2788 470 EPISCOPI

3698 407 3822 471 884

406 556 546 614 gare
569 555 935 612 supremum.
970 539 1060 594 Sic
1092 538 1270 595 illecti
1303 540 1454 595 fceda
1477 541 1769 612 cupidine,
1795 542 2051 612 quando-
2079 542 2132 608 Α
2163 539 2384 605 derent,
2411 544 2467 594 et
2487 543 2810 610 exposcunt
2851 539 3093 594 attribui
3135 537 3244 595 sibi
3284 538 3417 595 ﬁdis
3457 553 3590 611 quae
3612 556 3822 613 posse-

411 645 524 702 que
557 633 798 701 sperant
826 629 1050 684 mmstis
1100 632 1374 700 praestare
1424 628 1569 684 levia
1620 630 1665 685 si
1718 630 1834 684 fors
1866 630 2056 685 differt

411 717 724 790 quicquam
755 717 1000 790 periculi
1029 721 1352 789 utcumque
1380 717 1593 789 ingerit
1640 735 1708 773 ex
1738 718 1970 790 pr0prio
2002 722 2057 773 et

414 806 847 862 communando
878 810 1274 878 prosternunt.

488 897 669 968 Igitur
685 896 982 972 Principes
1001 896 1222 950 addunt
1241 895 1468 950 munire
1486 895 1759 950 scabrosa
1776 899 1832 950 et
1849 899 2059 949 cuncta

417 985 628 1040 radosa
656 1001 758 1055 per
779 1000 1011 1039 exesum
1036 988 1099 1038 ut
1135 983 1215 1039 nil
1258 987 1432 1054 queat
1470 983 1602 1053 quis
1626 983 1926 1038 traducere
1948 982 2058 1037 sibi

416 1073 704 1146 ignotum.
731 1074 799 1127 Et
821 1073 913 1127 cui
933 1076 1129 1127 extant
1145 1071 1454 1144 praevalida
1471 1071 1799 1126 munimina
1818 1076 1918 1126 aut
1937 1087 2060 1142 pre-

420 1167 592 1218 munt
620 1161 947 1229 obsidibus,
982 1167 1082 1216 aut
1113 1161 1384 1216 nituntur
1412 1161 1682 1215 eximere.
1717 1161 1778 1214 In
1811 1176 2058 1230 quorum

421 1251 554 1318 ﬁde,
582 1250 631 1305 si
659 1251 803 1306 forie
823 1250 1049 1317 credas,
1092 1249 1456 1305 committere
1493 1254 1662 1303 tuum
1694 1249 1964 1316 fundum,
1999 1253 2063 1303 ut

417 1341 641 1396 fervent
661 1340 789 1406 tibi,
832 1344 933 1394 aut
972 1340 1020 1394 si
1063 1356 1230 1394 cures
1277 1339 1574 1409 imponere
1607 1338 1791 1392 ullum
1823 1338 2060 1393 titulum

419 1434 548 1486 tum
580 1429 770 1485 metiri
823 1428 1072 1500 propriis
1121 1427 1449 1482 hazredibus
1489 1427 1742 1499 elogium
1777 1427 2062 1499 quidquid

421 1517 566 1575 utile
583 1521 673 1573 est
689 1517 916 1572 cunctis
936 1517 1045 1572 sibi
1067 1517 1381 1584 vindicant,
1406 1533 1592 1588 neque
1607 1521 1832 1587 ponunt
1847 1517 2066 1586 disper-

422 1623 556 1680 gere
599 1606 806 1661 saltem
849 1610 1071 1677 partem
1118 1606 1174 1660 in
1227 1605 1339 1670 his,
1375 1622 1498 1676 quae
1530 1605 1667 1659 olim
1701 1611 2060 1676 paraverant.

426 1696 566 1760 Quis
590 1699 826 1750 struunt
849 1711 1010 1750 arces
1051 1694 1302 1761 concilii,
1341 1699 1404 1748 ut
1435 1711 1507 1749 ne
1538 1710 1653 1764 qua
1684 1693 1941 1748 incursio
1968 1695 2064 1760 sit,

431 1801 558 1856 quas
582 1788 796 1838 terreat
820 1783 1002 1855 ipsos,
1029 1784 1124 1838 sed
1149 1782 1482 1854 tranquille,
1506 1782 1738 1837 valeant
1771 1782 1914 1837 mihi
1937 1784 2067 1837 red-

2169 629 2302 683 dere
2329 627 2594 693 rebelles,
2637 633 2700 681 ut
2738 633 3013 682 maneant
3051 628 3214 683 dotes
3252 629 3641 699 proditionis;
3686 647 3822 702 spe-

2165 721 2325 771 ctant
2347 716 2616 772 revellere
2641 733 2767 788 quae
2789 720 2932 771 tunc
2954 717 3186 786 cedunt,
3211 720 3269 771 et
3290 717 3484 788 prisca
3505 719 3650 774 dum
3677 721 3822 775 sub-

2167 806 2347 876 pediac
2371 805 2588 860 fuerint
2609 807 2831 860 abrasas
2853 806 3126 860 dimcrsis
3159 805 3440 876 procintis
3464 811 3520 861 et
3540 807 3824 864 dimersis

2167 895 2239 949 iis
2271 894 2369 964 qui
2403 895 2598 965 vigent
2628 894 2900 961 solertia;
2933 900 3060 950 tum
3091 895 3236 950 et-hi
3268 895 3442 950 luunt
3464 896 3826 952 detrimenta

2167 988 2223 1038 et
2254 983 2407 1038 tristi
2437 1000 2711 1038 successu
2738 984 3071 1039 efﬁciuntur
3119 990 3377 1040 extorres
3427 1001 3462 1038 a
3490 987 3825 1041 commodis

2169 1089 2274 1126 nec
2305 1076 2572 1143 vegetant
2601 1073 2671 1126 ab
2705 1072 2843 1127 ullo.
2879 1073 3151 1128 Vicissim
3185 1072 3445 1142 ejulant;
3482 1090 3588 1128 nec
3638 1075 3830 1130 deerit

2167 1160 2375 1215 titulus
2407 1160 2700 1227 facinoris,
2735 1178 2849 1232 quo
2881 1161 3196 1233 instigatur
3226 1178 3529 1226 aarumma,
3566 1167 3630 1217 ut
3655 1169 3827 1218 cate-

2170 1249 2250 1304 ris
2283 1267 2407 1320 quae
2441 1249 2573 1316 heu,
2609 1250 2751 1320 proh
2784 1249 2948 1305 dolor
2981 1250 2992 1304 !
3051 1266 3288 1321 rapaces
3340 1251 3659 1307 ambrones
3692 1269 3828 1324 pro-

2173 1338 2534 1408 palaverunt.

2243 1427 2405 1481 Tunc
2427 1427 2600 1482 etiam
2627 1444 2735 1482 nex
2773 1431 2949 1496 atque
2989 1427 3162 1482 ruina
3183 1431 3521 1483 caaterorum
3546 1428 3832 1498 obiicitur

2173 1515 2288 1581 his,
2313 1519 2369 1570 et
2390 1517 2568 1570 duces
2591 1515 2686 1586 qui
2714 1517 2974 1570 fecerunt
3015 1517 3166 1572 fceda
3189 1533 3291 1587 per
3311 1533 3516 1571 omnes
3539 1523 3832 1573 accusant

2176 1603 2281 1659 hos
2304 1605 2558 1659 fomenta
2581 1603 2888 1659 scelerum.
2924 1604 3109 1660 Pudet
3147 1622 3228 1675 se,
3274 1622 3378 1660 nec
3401 1610 3691 1661 conantur
3712 1611 3831 1662 tra-

2176 1693 2383 1748 ductos
2415 1693 2692 1764 redigere.
2729 1694 2837 1748 Sed
2884 1693 3005 1748 haec
3051 1698 3280 1748 tantum
3333 1698 3397 1748 ut
3426 1695 3663 1766 possint
3691 1696 3832 1766 inji-

2179 1798 2306 1837 cere
2330 1781 2483 1847 odia,
2518 1782 2672 1835 fama
2702 1781 2927 1836 diducit
2973 1783 3289 1853 quamdam
3334 1784 3605 1838 acerbam
3642 1801 3830 1850 avem,

432 1873 566 1928 dere
587 1873 864 1927 meditata
887 1871 1143 1926 cuilibet.
1172 1871 1232 1924 In
1273 1888 1388 1942 qua
1430 1875 1698 1926 statuunt
1721 1871 1984 1926 humatia
2013 1877 2069 1926 et
2099 1905 2146 1969 Β
2180 1886 2305 1940 qum
2330 1871 2468 1924 dum
2505 1869 2710 1940 pipliat
2730 1871 3076 1942 glicescente
3100 1871 3336 1943 genitali
3369 1871 3560 1927 calore
3580 1878 3641 1927 et
3662 1872 3833 1927 blan-

430 1965 788 2033 componunt
811 1960 1067 2032 tristega.
1090 1961 1162 2014 At
1185 1962 1494 2031 postquam
1518 1958 1700 2015 solide
1723 1960 2072 2030 praeﬁxerint

427 2049 690 2106 labentes
722 2049 974 2120 plantas,
1008 2053 1135 2103 tum
1159 2047 1448 2119 diponunt
1469 2048 1694 2119 digesta
1713 2049 1903 2120 jurgia
1926 2050 2075 2104 inter

425 2138 654 2195 animos
684 2154 1012 2209 procerum,
1045 2141 1102 2192 et
1130 2137 1428 2191 afﬁrmant
1455 2153 1516 2191 se
1547 2147 1674 2192 esse
1707 2137 1893 2192 socios
1915 2141 2074 2192 utro-

425 2243 557 2282 rum
580 2225 1037 2294 adversantium,
1070 2229 1127 2279 et
1157 2223 1506 2295 plagiatores
1537 2229 1815 2280 accusant
1843 2225 2073 2281 aemulis

425 2314 668 2371 aamulos
691 2314 924 2382 inﬁdos,
949 2312 1104 2384 quod
1130 2313 1466 2384 fungantur,
1491 2313 1540 2367 ei
1567 2329 1798 2384 quoque
1822 2310 2073 2385 perversi

427 2407 494 2458 ut
512 2403 650 2458 illis.
674 2402 940 2456 Semotos
964 2404 1394 2472 arguunttanto
1413 2401 1676 2472 crimine,
1699 2419 1768 2456 ne
1784 2403 2075 2474 pandatur

428 2489 634 2560 iniqua
663 2489 958 2560 pharetra,
988 2491 1044 2543 et
1075 2505 1145 2543 ne
1177 2489 1441 2544 mordeat
1471 2506 1827 2562 quemquam
1852 2491 2074 2546 indiffe-

430 2581 623 2633 renter
669 2577 789 2632 fore
837 2577 1154 2648 ingratum.
1205 2577 1432 2632 Accitos
1482 2585 1703 2633 canunt
1733 2578 1998 2650 perclues
2020 2585 2076 2634 et

433 2666 756 2738 perdurant
785 2664 1120 2731 dissidium,
1153 2667 1534 2720 contestando
1577 2667 1760 2722 sacris
1793 2684 1864 2722 ne
1895 2668 2071 2722 simul

435 2753 674 2810 redeant
695 2771 828 2809 cum
859 2753 1003 2824 ipsis
1025 2754 1095 2808 ad
1121 2753 1458 2825 pristinum,
1482 2755 1666 2810 donec
1687 2760 1990 2810 versentur
2013 2756 2070 2811 in

432 2843 551 2898 imo
573 2845 631 2898 et
651 2842 762 2914 ipsi
784 2841 1006 2897 indices
1028 2857 1143 2898 non
1169 2846 1614 2912 sequestrantur
1655 2844 2070 2900 nitentes.......

433 2931 543 2987 has
563 2935 828 2986 versutas
851 2947 1022 2986 curas
1043 2935 1098 2986 et
1138 2935 1440 2999 susurret;
1482 2930 1696 2986 valebit
1736 2931 1784 2987 si
1809 2933 1927 2988 haec
1951 2934 2072 2990 fue-

430 3018 551 3074 rint
570 3019 800 3074 deserta
821 3019 1056 3074 infecta.
1099 3019 1224 3074 Non
1265 3017 1461 3074 lavant
1487 3019 1768 3087 insontes,
1794 3039 1942 3093 quos
1968 3039 2072 3078 nec

430 3124 680 3164 censura
702 3107 924 3180 fatigat.
951 3109 1100 3163 Tum
1125 3107 1427 3164 Bronchus
1450 3110 1738 3181 premitur
1762 3111 2000 3166 horrore
2017 3117 2073 3166 et

425 3214 534 3254 vox
576 3213 792 3269 urgens
840 3196 1046 3252 fulcire
1093 3196 1283 3252 edicta
1332 3197 1527 3268 politis
1579 3199 1887 3271 praestigiis
1917 3199 2069 3254 exilii

2182 1959 2339 2014 ditur
2361 1959 2606 2014 remissa
2634 1958 2743 2015 alis
2767 1959 3037 2014 subvenit
3073 1961 3287 2030 conjux
3323 1960 3566 2031 imparis
3595 1961 3834 2032 generis

2184 2065 2298 2102 non
2332 2052 2571 2102 naturae.
2607 2048 2727 2110 Quo
2761 2053 3028 2118 patrante
3066 2047 3185 2104 ales
3232 2048 3594 2120 praesenserit
3627 2065 3691 2103 se
3725 2049 3834 2103 foe-

2183 2141 2300 2190 tam
2357 2136 2709 2206 insequitur,
2743 2135 3004 2207 gaudens
3036 2135 3343 2192 dissolvere
3363 2137 3562 2214 dotata
3598 2135 3837 2192 viscera

2184 2224 2407 2294 sponsi.
2443 2223 2533 2279 Sic
2564 2225 2742 2278 duces
2774 2229 3114 2279 crassantur
3143 2224 3202 2279 in
3233 2224 3472 2288 exuviis,
3506 2225 3751 2280 inhiant
3775 2229 3838 2279 ut

2183 2316 2429 2383 surgant
2451 2312 2508 2366 in
2534 2312 2900 2378 alterutrum,
2922 2329 2992 2368 ne
3014 2330 3162 2368 vana
3179 2313 3360 2368 libido
3383 2313 3748 2384 impediatur
3765 2314 3835 2368 ad

2183 2417 2355 2455 omne
2385 2401 2612 2456 facinus
2638 2402 2789 2472 quod
2837 2403 3073 2473 appetit.
3098 2403 3248 2457 Dum
3269 2400 3543 2472 impacati
3562 2402 3838 2457 custodes

2182 2489 2425 2544 trahunt
2454 2489 2682 2544 diversa
2719 2491 2875 2545 exosi
2928 2491 3078 2546 inter
3130 2507 3212 2562 se,
3265 2507 3371 2545 nec
3416 2489 3541 2545 bini
3575 2489 3839 2546 sentiunt

2184 2594 2391 2641 unum,
2418 2594 2522 2632 nec
2545 2578 2762 2649 singuli
2786 2583 3033 2650 possunt
3055 2579 3326 2635 resistere
3354 2578 3608 2633 vittatim
3634 2596 3834 2650 proce-

2184 2667 2331 2720 dunt
2362 2683 2712 2738 quocunque
2739 2671 2969 2722 tantum
3011 2673 3099 2723 est
3147 2671 3449 2740 expectare
3501 2683 3633 2739 qua:
3663 2669 3837 2723 actiat

2185 2772 2351 2810 urna.

2253 2843 2437 2898 Pudet
2458 2860 2815 2915 quemquam
2839 2845 3067 2914 vibrare
3091 2845 3286 2918 ipsum
3309 2845 3590 2918 spiritum
3614 2861 3726 2917 per
3748 2863 3838 2901 su-

2181 2948 2350 3004 peras
2380 2948 2574 3001 auras,
2607 2949 2850 3004 qumque
2900 2938 3138 2988 manent
3177 2933 3408 3005 ingrata
3450 2934 3667 3005 cuique
3701 2935 3838 2990 dum

2182 3025 2413 3076 tenetur
2439 3021 2756 3076 auferenda
2778 3020 2999 3077 felicior
3022 3023 3150 3093 jam
3175 3022 3459 3094 proditus,
3486 3023 3588 3095 qui
3613 3024 3839 3079 immu-

2182 3112 2274 3165 nis
2302 3114 2583 3166 extasset.
2617 3110 2762 3165 Hinc
2807 3110 2905 3165 alii
2950 3110 3148 3168 exules
3191 3112 3505 3183 repudiant
3531 3112 3715 3168 basia
3743 3127 3840 3166 nec

2181 3204 2454 3254 verentur
2483 3199 2750 3254 frustrari
2783 3204 2972 3255 natos.
3023 3201 3090 3254 Et
3137 3199 3234 3255 alii
3284 3200 3523 3271 quidem
3556 3200 3842 3271 perstrin-

426 3286 620 3343 evadit
639 3287 710 3342 ad
722 3285 888 3342 aulas
910 3285 1294 3342 stridentibus
1310 3287 1576 3358 postibus
1593 3293 1648 3343 et
1668 3270 1864 3344 lividis
1881 3289 2071 3360 pupil-
2105 3270 2147 3336 (ἶ
2187 3293 2333 3360 gunt
2353 3287 2544 3342 lurida
2563 3287 2789 3343 viscera
2805 3287 3206 3359 paschemate.
3233 3270 3460 3344 Etsunt
3474 3270 3710 3344 inertes
3728 3306 3845 3360 spe-

425 3377 520 3433 lis.
554 3375 657 3432 Hic
689 3378 946 3431 assertor
973 3375 1092 3430 veri
1146 3379 1384 3430 notatur
1437 3376 1637 3431 rabido
1687 3376 1980 3448 stigmate,
2014 3383 2080 3432 ut

429 3467 624 3540 praeda
647 3465 998 3537 quantocius
1021 3464 1424 3535 discerpenda.
1456 3467 1756 3530 Quomodo
1787 3482 1919 3520 cum
1954 3484 2079 3520 ma-

431 3554 682 3626 strugati
714 3554 910 3609 Pharti
963 3553 1260 3609 intentant
1308 3554 1700 3625 Tragelaphos
1742 3555 1995 3627 Scorpus
2026 3560 2082 3610 et

435 3643 684 3716 praevius
708 3642 982 3713 gradiens
1001 3643 1499 3712 captaveritauras
1517 3642 1680 3708 lethi,
1703 3648 1828 3698 tum
1853 3661 1914 3699 se
1935 3645 2082 3700 duce

437 3735 839 3800 contorquens
872 3730 1110 3802 agmina
1149 3731 1438 3802 pecudum
1467 3731 1630 3803 fugat
1653 3747 1754 3802 per
1801 3749 1956 3800 aera,
1987 3733 2081 3787 cui

437 3817 953 3890 imputatquisque
966 3818 1475 3890 arcitenens,quod
1491 3837 1604 3874 non
1620 3821 2083 3877 fuissentomnes

436 3906 714 3981 prostrati
742 3925 755 3974 ;
792 3923 966 3979 quem
998 3909 1174 3962 etiam
1207 3906 1396 3962 solum
1449 3909 1778 3981 imprecans
1809 3910 2083 3982 blasphe-

434 4001 576 4063 mat,
606 4001 664 4051 et
687 3995 891 4068 fatigat
912 4011 1296 4066 compescere.
1325 3997 1417 4052 Sic
1441 3997 1540 4069 qui
1562 3998 1713 4053 valet
1737 4015 2084 4070 cognoscere

436 4085 672 4141 fraudes
695 4084 912 4139 ducum
937 4085 985 4139 si
1007 4085 1310 4154 protulerit
1328 4086 1382 4140 in
1409 4086 1688 4141 medium.
1709 4089 1782 4140 At
1798 4104 2086 4142 consonos

435 4173 678 4229 mandat
708 4172 910 4228 cmlare
931 4174 1190 4231 coruscis
1228 4175 1433 4246 plastis
1455 4180 1513 4230 et
1553 4176 1886 4246 frequenter
1906 4176 2076 4231 advo-

435 4267 568 4319 cant
587 4262 870 4318 martisus
894 4267 950 4318 et
973 4263 1031 4318 in
1054 4263 1238 4318 tristis
1259 4268 1315 4317 et
1353 4264 1680 4330 emistibus,
1706 4271 1768 4318 ut
1791 4265 2081 4320 resolvant

437 4369 565 4408 sese
588 4353 819 4407 condito
845 4352 986 4407 dum
1025 4356 1163 4407 sunt
1186 4352 1403 4423 quibus
1443 4358 1499 4406 et
1521 4353 1837 4408 horridulis
1863 4354 2082 4409 oﬁ‘atim

437 4441 680 4513 insuper
710 4442 951 4496 student
977 4439 1302 4494 discludere
1350 4443 1419 4496 de
1461 4458 1684 4495 cruore.
1721 4482 1732 4494 .
1771 4483 1782 4494 .
1821 4484 1832 4495 .
1869 4483 1882 4496 .
1921 4484 1933 4495 .
1970 4484 1982 4496 .
2021 4484 2032 4496 .
2073 4484 2084 4494 .

437 4534 541 4585 aut
559 4546 684 4601 quae
708 4527 1050 4598 relinquunt
1072 4544 1218 4598 quos
1241 4531 1625 4600 pessundant.
1647 4527 1977 4584 Ministrant
1998 4530 2088 4585 bis

2188 3381 2414 3432 ctantes
2447 3377 2666 3432 nodum
2709 3376 3029 3449 pyramidis
3061 3382 3119 3432 et
3148 3377 3380 3449 speleon
3413 3377 3616 3450 yconis
3647 3378 3746 3434 vel
3766 3378 3840 3433 la-

2188 3483 2369 3521 cunm.
2407 3467 2474 3520 Et
2506 3469 2732 3520 restant
2761 3467 2978 3537 quibus
3011 3465 3314 3521 fraudatur
3342 3469 3619 3538 aspectus
3653 3471 3844 3539 tyran-

2191 3554 2282 3609 nis
2321 3554 2409 3610 vel
2466 3571 2613 3625 quos
2665 3555 2968 3624 praecisum
3022 3571 3232 3610 nomen
3284 3554 3565 3626 parentis,
3612 3555 3847 3610 videtur

2190 3659 2420 3698 servare
2451 3642 2740 3714 impubes.

2263 3730 2408 3785 Aliis
2430 3731 2712 3786 adimitur
2727 3748 2862 3803 pars
2882 3747 3010 3803 qua:
3029 3731 3330 3802 experiens
3351 3732 3573 3803 bajulat
3591 3740 3849 3804 quatuor

2192 3835 2403 3875 sensus
2433 3824 2490 3874 et
2519 3820 2747 3876 revulsa
2787 3821 3102 3892 compescit
3131 3819 3336 3876 alium.

2262 3907 2377 3963 Nec
2409 3907 2491 3962 sic
2521 3908 2656 3963 odia
2688 3913 2964 3980 premunt
3012 3909 3221 3980 sopita,
3275 3910 3374 3964 sed
3403 3918 3851 3981 persequuntur

2193 3995 2479 4066 quidquid
2516 4001 2697 4052 restat
2722 3998 2792 4052 de
2836 3998 3122 4068 germine,
3149 3999 3250 4052 sed
3279 3997 3600 4054 furibunda
3634 4001 3848 4072 cupido

2194 4084 2333 4137 dum
2351 4083 2564 4139 fruitur
2577 4085 2864 4150 sontibus,
2882 4101 2953 4139 ne
2967 4101 3092 4156 quae
3118 4086 3296 4140 donat
3317 4086 3669 4156 excipiendu
3682 4105 3742 4142 m
3758 4104 3851 4142 ne-

2199 4173 2284 4227 fas
2303 4173 2534 4228 clfraana
2558 4173 2718 4228 saevit
2740 4174 2796 4228 in
2822 4175 3139 4244 abruptum
3180 4191 3284 4246 per
3324 4174 3484 4245 ipsos
3507 4176 3756 4246 probos.
3791 4177 3854 4231 Et

2199 4266 2511 4334 postquam
2545 4261 2804 4333 insignes
2834 4262 3010 4317 diruti
3036 4263 3380 4334 compendio
3415 4264 3672 4319 tranant
3699 4265 3854 4320 hiare

2197 4367 2397 4405 eorum
2422 4350 2709 4406 derisores
2734 4350 3114 4423 implicantur
3127 4351 3334 4406 taediis.
3351 4351 3530 4422 thui
3545 4355 3852 4422 quondam

2199 4439 2612 4494 abdicaverunt
2634 4441 2791 4510 ipsos
2814 4439 2979 4494 irrita
3000 4441 3113 4495 ﬁde
3133 4445 3256 4495 tum
3281 4445 3556 4511 quaerunt
3573 4441 3852 4497 seductas

2199 4529 2429 4582 dextras
2452 4529 2577 4598 jam
2610 4527 2787 4583 nullis
2820 4528 3050 4599 praediis
3090 4529 3179 4584 vel
3232 4527 3613 4584 facultatibus
3644 4530 3850 4585 dotau-

439 4623 776 4690 provectum
800 4616 1004 4669 donec.
1031 4616 1140 4672 Sed
1183 4618 1254 4672 de
1295 4619 1542 4673 aliorum
1577 4618 1830 4686 jactura.
1857 4618 1936 4672 Ex
1959 4620 2085 4690 qui-
2118 4635 2166 4698 Ι)
2199 4616 2487 4686 das,quas
2529 4616 2806 4686 jucunda:
2858 4616 3021 4688 prius
3068 4617 3504 4671 committerent
3552 4617 3850 4688 praedictis

438 4707 550 4761 bus
572 4707 713 4760 sunt
733 4703 907 4758 etiam
932 4705 1191 4774 quidam,
1217 4707 1317 4776 qui
1337 4707 1478 4759 dum
1497 4703 1775 4758 aemulant
1795 4705 2086 4762 fortunam

439 4793 688 4849 aliorum
713 4790 824 4846 sibi
851 4792 1148 4865 indeptam
1175 4794 1424 4866 fatigant
1449 4809 1547 4847 eos
1579 4810 1807 4848 cassare
1829 4793 1921 4850 his
1945 4813 2085 4866 prae-

437 4879 630 4952 stigiis
661 4881 971 4937 ostendant
992 4883 1198 4938 inlices
1220 4881 1434 4946 luctus,
1467 4885 1524 4934 et
1553 4881 1902 4951 depromunt
1934 4885 2088 4954 quod

437 4969 756 5041 Principes,
783 4972 880 5042 qui
905 4974 1187 5026 auxerant
1208 4970 1367 5037 ipsos
1392 4969 2086 5028 ﬁxissentillisazrumnas

439 5075 587 5130 quos
609 5063 666 5114 et
688 5061 943 5132 produnt
965 5058 1210 5128 dignum
1235 5057 1525 5123 exludere,
1554 5064 1608 5114 et
1634 5061 1936 5132 repulsant
1958 5061 2086 5117 vin-

439 5149 632 5224 dicare
655 5149 798 5215 haec,
824 5152 880 5200 et
903 5145 1204 5214 dissorunt
1233 5145 1512 5202 validum.
1539 5148 1625 5202 Illi
1653 5149 1792 5202 dum
1820 5149 2088 5204 nituntur

438 5237 546 5292 hoc
578 5241 912 5310 perpetrare
943 5234 1257 5306 exquirunt
1289 5236 1494 5292 modos
1528 5237 1743 5308 potius,
1778 5237 2086 5292 utdictant

437 5327 584 5383 tales
609 5323 942 5396 amphifari,
969 5325 1068 5397 qui
1102 5325 1151 5381 si
1184 5330 1483 5397 aspectant
1505 5327 1631 5396 jam
1664 5329 1898 5380 nactum
1929 5327 2083 5382 unde

435 5415 658 5470 valeant
689 5412 896 5469 elidere
919 5416 1264 5478 duces,tuoc
1282 5414 1698 5485 quaeruntinde
1712 5418 2078 5483 proventum.

435 5503 536 5559 Sin
571 5507 798 5573 ponunt
828 5517 956 5556 sese
989 5507 1190 5557 cautos
1221 5503 1436 5574 quibus
1470 5507 1528 5556 et
1565 5505 1862 5571 exponunt
1892 5501 2080 5556 socios

436 5596 494 5646 et
525 5590 822 5645 resolvunt
854 5589 1174 5644 machinas.
1205 5591 1269 5644 Et
1294 5591 1498 5644 docent
1541 5589 1796 5660 primum
1822 5603 1882 5640 se
1913 5604 2078 5643 voca-

437 5683 528 5733 tos
551 5679 609 5731 in
633 5675 725 5730 his
751 5677 820 5730 ab
861 5677 993 5732 aliis
1037 5683 1091 5732 et
1132 5695 1265 5733 mox
1306 5677 1609 5747 rel‘ugiisse
1651 5676 1722 5731 ad
1745 5690 1844 5727 eos
1870 5678 2080 5745 utpro-

2199 4703 2450 4757 dominis
2481 4704 2527 4757 si
2575 4708 2907 4759 servassent
2956 4704 3145 4775 prima
3193 4705 3428 4760 fcedera.
3485 4707 3557 4758 Et
3607 4708 3660 4761 si
3692 4707 3852 4778 origo

2198 4791 2506 4862 protulerit
2535 4792 2642 4847 hos
2669 4797 2931 4865 eugenes'
2956 4793 3153 4847 niortii
3187 4794 3447 4848 continui
3480 4800 3732 4865 pareant
3754 4812 3849 4849 ne-

2199 4881 2416 4950 quitiae.
2451 4881 2586 4935 Post
2615 4887 2830 4952 cogunt
2861 4899 2922 4937 se
2952 4882 3034 4937 ire
3067 4883 3381 4954 naufragos
3412 4883 3565 4936 abiis
3603 4884 3850 4954 pedibus

2197 4973 2254 5024 et
2283 4976 2602 5024 caueantur
2631 4971 2913 5040 dediticii,
2948 4975 3010 5024 ut
3040 4970 3123 5025 vel
3158 4970 3324 5025 inviti
3356 4971 3678 5042 suppleant
3699 4970 3850 5042 quod

2197 5059 2634 5130 spoponderant
2666 5059 2925 5113 fmnerati
2959 5060 3270 5113 munerati.
3325 5059 3545 5113 Arbitri
3577 5061 3678 5131 qui
3712 5059 3850 5113 deli-

2199 5147 2458 5218 gantur?
2489 5164 2634 5218 quos
2667 5164 2770 5202 nec
2795 5148 2967 5218 juvat
3006 5148 3216 5202 referre
3247 5152 3532 5218 spectata,
3567 5149 3853 5218 necjuvat

2195 5241 2456 5306 spectare
2490 5237 2708 5290 inserta
2746 5235 2990 5290 vetustis
3041 5235 3241 5290 tomis.
3296 5236 3598 5290 Intentant
3627 5235 3849 5291 haariles

2194 5329 2374 5379 nutus
2407 5325 2676 5379 inductos
2701 5329 2758 5379 et
2781 5325 2865 5379 sic
2888 5324 3396 5394 concinnantjura
3419 5324 3639 5380 infecta
3662 5323 3850 5379 numi-

2193 5419 2399 5480 smate,
2435 5418 2500 5468 ut
2533 5418 2816 5485 exequata
2845 5412 2979 5467 lanx
3003 5412 3249 5481 justitite
3284 5413 3585 5468 neminem
3610 5413 3850 5467 trutinet

2193 5501 2392 5555 facete.
2425 5502 2536 5556 Nec
2571 5501 2848 5556 omnibus
2878 5500 3173 5554 indicetur
3225 5500 3495 5572 diligant,
3551 5499 3846 5556 indemnis

2189 5587 2337 5641 exict
2368 5588 2510 5660 ipse,
2544 5595 2601 5644 et
2649 5589 2920 5660 quamvis
2949 5593 3188 5642 excuset
3218 5605 3392 5659 quem
3428 5590 3727 5656 exodiunt,
3761 5575 3847 5642 vel

2171 5680 2480 5731 "tenentem
2514 5678 2811 5733 fortunam
2863 5675 3208 5732 succumbet
3257 5681 3358 5732 aut
3405 5677 3629 5734 fractus
3658 5677 3714 5733 vi
3748 5678 3850 5732 aut
