3966 6210
161 391 285 455 885

1223 388 1753 451 POLYPTICUM.
1786 422 1863 433 —
1893 388 2205 451 TEXTUS
2251 388 2531 449 ALTER.

3454 383 3571 442 886

166 525 411 580 abactos
443 519 700 575 insidiis.
727 520 837 577 Nec
870 536 1115 575 censura
1136 521 1357 576 durans
1388 522 1445 575 in
1477 522 1631 577 idem
1665 540 1817 594 stepe
1846 525 1900 589 Α
1932 540 2104 578 suum
2137 522 2325 591 silere,
2360 521 2445 576 vel
2487 519 2729 576 moleste
2760 520 3057 575 obducunt
3104 514 3219 571 luci
3251 519 3307 571 et
3355 519 3573 585 cogunt

168 612 486 684 respondet
535 626 655 663 una
701 609 1011 675 sententia,
1063 626 1186 678 quae
1238 627 1392 665 nunc
1432 612 1640 681 arguit,
1690 628 1821 665 mox

170 704 383 757 iterum
413 699 583 753 inflat
614 697 910 766 laudibus,
944 703 1000 752 et
1032 716 1236 753 rursus
1268 699 1585 771 proclamat
1617 702 1819 754 eadem

168 789 476 863 prophana
506 787 748 857 insuper
780 790 834 840 et
866 786 1171 841 deteriora.

235 881 343 932 Ast
374 876 641 931 conditor
659 875 852 929 ardua:
886 876 1035 930 arcis
1058 875 1198 946 quin
1231 876 1529 931 laureatas
1560 878 1703 931 solio
1728 878 1822 930 ni-

167 984 274 1022 xus
306 965 571 1021 elevatur
623 964 841 1035 opimo,
877 969 934 1017 et
985 965 1217 1019 fcetatur
1246 965 1478 1019 eludere
1524 967 1817 1020 residuam

166 1056 469 1111 cohortem
497 1052 744 1107 rudibus
758 1052 1411 1123 syllogismis,iubilatsi
1440 1071 1586 1125 quos
1607 1056 1821 1109 eximet

170 1161 411 1201 summa
442 1142 567 1197 dies
597 1142 737 1195 dum
772 1142 949 1195 intret
980 1143 1321 1195 eaducarius
1354 1148 1409 1196 et
1439 1143 1650 1208 viduis,
1693 1160 1818 1213 quae

168 1236 511 1305 superstant
541 1232 609 1284 ab
647 1229 810 1299 ipsis,
844 1246 956 1284 non
985 1231 1158 1284 datur
1189 1231 1343 1301 optio
1372 1231 1525 1285 sisic
1550 1237 1821 1285 maneant

170 1328 275 1377 aut
292 1321 514 1392 quibus
537 1323 861 1389 praeparent
875 1336 934 1373 se
957 1318 1165 1373 bivitas
1185 1319 1240 1373 ni
1257 1320 1545 1373 redimunt
1568 1337 1816 1391 quorum

169 1412 371 1481 inepta
415 1408 707 1463 connubia
736 1412 835 1460 aut
883 1412 1216 1461 mercantur
1247 1408 1318 1461 ab
1367 1408 1674 1462 immeritis
1721 1414 1819 1462 aut

170 1500 408 1569 erigunt
458 1503 693 1567 egentes
747 1495 987 1551 clientes
1042 1497 1213 1567 regis,
1246 1498 1345 1567 qui
1396 1514 1497 1551 nec
1549 1498 1819 1552 dubitant

173 1588 461 1643 oli'uscare
486 1586 783 1657 privignos
806 1602 909 1640 nec
938 1585 1242 1640 excludere
1274 1587 1547 1657 prodigas
1580 1592 1817 1640 matres.

240 1681 307 1730 Et
328 1677 449 1730 dux
472 1675 767 1728 interdum
791 1678 985 1728 sumet
1005 1674 1315 1745 insignitas
1343 1676 1546 1745 liguris
1578 1676 1634 1728 in
1662 1676 1820 1745 Lyto-

175 1768 418 1821 stratam
444 1763 641 1819 aulam
666 1763 937 1833 turpibus
970 1762 1193 1817 usibus.
1222 1763 1434 1817 Deinde
1456 1764 1609 1834 cogit
1631 1763 1819 1833 priva-

174 1855 275 1909 tim
307 1855 523 1953 degere
566 1857 801 1953 creteros
851 1852 1165 1922 productos
1197 1852 1501 1923 indigenas
1550 1857 1605 1907 et
1626 1853 1822 1922 jaceat
1851 1890 1897 1953 B

175 1960 381 2015 egenos
404 1943 663 1997 advenas
693 1940 888 1995 electis
919 1940 1204 1995 aurilibus
1229 1941 1369 2012 quia
1398 1941 1666 2012 dapsyles
1690 1958 1818 2011 spe-

176 2036 261 2086 rat
289 2048 388 2087 eos
419 2030 559 2084 sibi.
594 2031 659 2083 Et
693 2029 742 2083 si
773 2030 861 2083 vel
896 2030 1049 2083 cives
1082 2033 1311 2083 tantum
1366 2031 1578 2083 buccos
1612 2046 1811 2100 seque-

178 2126 395 2176 strante
416 2137 590 2175 sacra
622 2135 958 2172 mammona
984 2136 996 2184 ;
1031 2124 1096 2172 ut
1131 2118 1322 2188 potius
1346 2118 1638 2172 celebrent
1659 2119 1822 2172 obse-

178 2211 328 2280 quia,
363 2212 421 2263 et
454 2206 899 2279 pareantjussis
931 2222 1033 2277 per
1061 2223 1252 2261 omne.
1277 2207 1628 2277 Necjactent
1665 2206 1819 2261 :bzec

178 2297 475 2369 magnalia
498 2296 647 2349 fudit
666 2294 831 2349 nobis
853 2294 1107 2365 genuina
1128 2294 1569 2365 prosapia.0uia
1589 2296 1819 2349 attoniti

178 2386 473 2458 plaudunt
503 2385 600 2439 sed
630 2384 815 2455 ignari
848 2383 985 2454 quid
1020 2384 1215 2438 rutilet
1244 2400 1344 2454 per
1401 2385 1680 2458 trabeam,
1717 2400 1820 2439 nec

177 2454 378 2529 docuit
406 2478 693 2544 praetexta.
728 2472 939 2528 Obsius
970 2472 1117 2527 fallit
1146 2473 1253 2527 hos
1282 2476 1338 2527 et
1367 2454 1616 2527 licorem’
1646 2489 1819 2543 quem

176 2579 385 2618 cauma
414 2561 638 2633 expulit
666 2566 851 2631 antro,
869 2561 1059 2615 solent
1082 2562 1349 2631 praeferre
1378 2560 1820 2630 lapillisindicis

178 2656 229 2707 et
257 2649 513 2706 caucasi.
552 2651 619 2704 Et
649 2650 789 2705 dum
832 2648 1047 2704 tollunt
1074 2648 1359 2703 ciliartica
1406 2649 1683 2720 insignia,
1718 2666 1821 2703 nec

180 2744 422 2795 noscunt
455 2740 715 2794 secunde
758 2743 1046 2809 coeptare.
1080 2738 1343 2808 Cumque
1376 2738 1539 2809 plebs
1570 2737 1823 2793 consulit

178 2828 277 2884 hos
300 2829 638 2884 frendentes
657 2832 929 2898 premunt
946 2828 1152 2882 rudere
1176 2827 1508 2881 barbaricas
1532 2826 1818 2896 sequelas.

181 2917 507 2972 Fastidiunt
528 2916 669 2987 quid
695 2916 933 2970 reboent
952 2915 1203 2987 leges,et
1221 2915 1429 2987 frigore
1461 2916 1549 2969 sui
1570 2916 1822 2969 barritus

183 3006 557 3077 perterritant
574 3004 863 3059 subditos.
884 3005 951 3058 Et
971 3005 1227 3075 primum
1242 3006 1498 3076 gaudent
1522 3005 1824 3059 traducere

182 3112 442 3166 pompam
488 3093 709 3165 ignotis
740 3093 1132 3157 successibus,
1167 3097 1230 3147 ut
1260 3111 1393 3148 vero
1425 3093 1702 3164 coeperint
1730 3093 1822 3146 in-

181 3185 387 3255 spicere
414 3198 621 3239 mores
651 3182 888 3236 fortunae
914 3182 1048 3237 licet
1070 3182 1209 3236 foris
1232 3182 1613 3253 perendinent
1632 3199 1822 3249 curas,

1936 612 2193 683 experire
2242 612 2512 665 acerbum
2545 610 2671 673 iter,
2709 614 2765 664 et
2813 609 3061 662 lustrare
3109 606 3301 677 ignota
3337 604 3567 659 szecula.

1934 701 2076 756 Hinc
2098 702 2345 755 effluunt
2378 700 2590 753 animis
2624 700 2761 752 dum
2794 701 3090 767 compotes
3122 693 3412 749 caducarii
3438 709 3572 746 eve-

1932 792 2101 845 niunt
2132 789 2403 860 prostrati
2456 789 2625 857 regis.
2663 788 2822 841 Unde
2866 800 3016 855 smpe
3048 783 3243 837 colunt
3286 781 3570 835 caltudias

1931 880 2285 935 ostendendo
2318 878 2586 947 superba,
2611 883 2665 929 et
2699 876 3031 929 conducunt
3060 889 3120 925 se
3153 870 3357 940 elogiis
3390 870 3570 923 libare

1930 970 2156 1023 nibaria
2186 966 2455 1021 carmesia
2486 970 2541 1019 et
2572 966 2836 1018 tribuunt
2886 963 3081 1017 calbas
3115 962 3183 1014 ad
3238 960 3482 1014 invicem
3516 962 3573 1011 et

1931 1058 2181 1111 reddunt
2215 1056 2401 1109 sabaca
2436 1052 2761 1105 semicintia
2793 1056 3029 1121 gravata
3078 1048 3337 1102 coruscis
3371 1046 3567 1100 bullis.

1931 1146 2153 1199 Rursus
2186 1143 2545 1209 ingeminant
2578 1158 2637 1194 se
2670 1140 2881 1193 vincire
2922 1138 3144 1191 novella
3177 1138 3285 1190 [ide
3319 1135 3571 1189 alternas

1929 1233 2163 1288 sibimet
2187 1236 2386 1285 mutuo
2411 1231 2584 1283 dante
2611 1227 2879 1298 prosapia
2906 1226 3213 1297 nymphas,
3244 1222 3571 1277 etvicissim

1929 1322 2224 1391 excipiunt
2254 1319 2361 1371 sibi
2396 1318 2641 1387 pignora
2676 1315 2983 1369 delubro...
3019 1314 3301 1367 servanda
3336 1312 3571 1365 cliente-

1929 1410 2004 1473 la,
2038 1416 2094 1463 et
2124 1407 2209 1461 vel
2241 1406 2341 1460 tali
2374 1406 2649 1459 atrabone
2680 1402 2993 1473 persistant
3024 1405 3342 1469 compacta.
3369 1400 3569 1453 Cmteri

1921 1499 2175 1568 jurando
2210 1512 2309 1567 per
2335 1495 2643 1550 Dominum
2676 1490 3082 1562 spirituum,et
3115 1506 3215 1559 per
3244 1504 3420 1541 urnas
3444 1489 3571 1556 ejus

1931 1586 2350 1640 ﬁdissimorum
2386 1583 2622 1637 testium
2655 1580 2867 1633 celatas
2901 1578 2958 1631 in
2988 1576 3164 1647 polito
3197 1575 3369 1645 opho.
3391 1575 3573 1643 igitur

1930 1674 2302 1745 distinguunt
2332 1672 2483 1725 inter
2504 1687 2564 1723 se
2596 1672 2827 1738 gentem
2848 1672 2902 1721 et
2934 1665 3205 1736 patriam,
3230 1668 3285 1717 et
3308 1667 3575 1717 evertunt

1933 1764 2153 1833 inopes,
2188 1766 2243 1815 et
2276 1761 2421 1814 haud
2458 1760 2663 1813 odiunt
2694 1754 2981 1809 temerarii
3014 1752 3285 1823 quzelibet
3316 1768 3499 1805 sacra.

2005 1853 2181 1906 Fama
2210 1854 2298 1903 est
2328 1865 2458 1903 cum
2515 1845 2795 1914 AutolOps
2828 1842 3061 1913 cmperit
3089 1841 3301 1895 elidere
3345 1855 3571 1893 comam

1930 1940 2196 1995 hericinzn
2247 1936 2507 2008 implicat
2556 1952 2617 1988 se
2668 1933 2816 1995 neci,
2850 1936 2905 1984 et
2940 1932 3173 1983 tandem
3230 1933 3287 1981 et
3335 1928 3571 1981 tandem

1932 2030 2169 2101 prodere
2202 2044 2262 2081 se
2312 2024 2544 2096 propria
2593 2040 2744 2076 voce.
2780 2020 2871 2073 Sic
2904 2019 3091 2073 evenit
3130 2018 3239 2070 illis
3292 2015 3387 2086 qui
3424 2032 3573 2085 pra)-

1930 2118 2170 2173 sumunl
2201 2114 2411 2169 violare
2460 2129 2644 2167 sacra.
2684 2112 2905 2163 interea
2954 2124 3057 2162 nec
3090 2110 3278 2160 cessat
3322 2102 3570 2175 punitio,

1932 2205 2198 2277 quamvis
2230 2204 2539 2258 credantur
2570 2199 2895 2261 obliterata,
2916 2213 3040 2266 qum
3073 2194 3295 2248 dudum
3320 2191 3573 2245 tulerant

1932 2295 2192 2360 moleste,
2211 2292 2293 2347 vel
2320 2292 2365 2345 si
2394 2308 2507 2345 non
2534 2288 2747 2343 fuerint
2772 2286 3079 2355 impetrata
3101 2299 3227 2353 qua:
3247 2283 3569 2351 jusserant,

1930 2382 2337 2455 opportunitas
2392 2378 2646 2432 vindicat
2677 2377 2732 2429 in
2782 2374 2943 2445 ipsis.
3000 2374 3242 2442 Insuper
3271 2367 3576 2439 tripliciter

1931 2473 2155 2527 addunt
2201 2470 2472 2541 perﬁcere
2504 2483 2681 2520 noxos
2728 2481 2828 2535 pro
2861 2461 3075 2532 quibus
3116 2458 3254 2512 olim
3288 2458 3575 2510 ﬂexerant

1933 2559 2211 2631 repellere
2240 2558 2452 2612 lucem.
2477 2555 2698 2618 Quibus
2723 2552 2916 2623 prreda
2945 2554 3031 2603 est
3062 2545 3341 2617 supellex,
3369 2545 3437 2598 de
3461 2560 3576 2613 qua

1934 2666 2136 2704 rursus
2160 2646 2481 2718 proclamat
2499 2643 2742 2709 curiam,
2774 2656 2905 2694 cum
2934 2653 3101 2691 nemo
3134 2636 3211 2690 sit
3242 2634 3339 2705 qui
3366 2633 3576 2686 mutiat

1932 2740 2001 2793 de
2047 2736 2227 2792 curia.
2263 2736 2379 2806 Ops
2425 2732 2753 2787 considerat
2794 2728 2964 2799 longe
3014 2742 3117 2779 nec
3162 2722 3469 2795 prophetat
3516 2721 3573 2775 in

1932 2827 2023 2881 his
2058 2830 2277 2897 partem
2298 2838 2496 2877 secum
2517 2836 2662 2891 quos
2682 2817 2901 2888 stipant
2921 2812 3243 2869 Neotberiei
3272 2811 3572 2872 buteones,

1932 2930 2179 2986 quorum
2206 2912 2516 2984 plaudente
2538 2903 3190 2974 caterva,mucissonem
3216 2900 3420 2955 audies
3440 2898 3578 2953 velit

1934 3003 1981 3059 si
2013 3003 2249 3073 opipare
2280 3017 2414 3054 cum
2464 2997 2608 3069 ipsis
2639 2994 2899 3050 obsoleta
2928 2992 3166 3046 veritate
3217 2988 3485 3059 proferre.
3530 2987 3574 3040 Ο

1933 3097 2194 3162 tempora
2226 3107 2351 3160 qum
2385 3087 2609 3141 nullum
2635 3084 2917 3139 celebrem
2946 3078 3283 3151 protrahitis
3317 3078 3383 3130 ad
3412 3076 3576 3145 judi-

1934 3198 2057 3236 cem
2082 3185 2138 3234 et
2168 3179 2443 3233 insistant
2472 3172 2695 3229 rustici.
2734 3168 2938 3225 Recolo
2972 3167 3287 3229 Busticeta,
3323 3165 3422 3218 sed
3459 3180 3573 3217 non

182 3275 272 3328 sed
300 3273 521 3329 vulnus
553 3270 901 3342 inspiciatur
948 3272 1057 3325 sub
1090 3276 1336 3341 pectore.
1369 3272 1459 3325 Sic
1508 3278 1820 3343 postquam
1853 3254 1895 3319 C
1936 3285 2218 3343 propense
2252 3264 2542 3325 consules,
2576 3260 2777 3332 quales
2810 3259 2953 3312 istos
2977 3254 3179 3325 quisic
3212 3252 3577 3323 prospiciunt

186 3378 241 3415 se
270 3362 473 3416 dedere
530 3359 711 3431 quieti
746 3358 879 3413 altis
910 3359 1195 3414 fulcribus
1227 3366 1363 3414 tunc
1393 3365 1449 3414 et
1494 3359 1823 3429 suscipiunt

187 3450 551 3521 stephadium
577 3448 686 3501 sub
710 3447 804 3501 dio
834 3450 892 3502 et
922 3449 1631 3519 l'requentantclypsidras
1656 3448 1822 3502 lucu-

186 3538 279 3593 bre
308 3544 362 3594 et
390 3540 439 3593 si
472 3537 685 3593 fallant
709 3535 1129 3591 metiri.Animi
1164 3538 1407 3591 ﬂuctant
1436 3537 1528 3590 his
1554 3538 1695 3590 dum
1730 3537 1823 3590 in-

187 3630 351 3681 suetaz
384 3626 699 3691 rimantur,
733 3623 990 3678 furtuitaa
1034 3640 1188 3678 nunc
1219 3641 1376 3695 opes,
1414 3640 1567 3678 nunc
1616 3628 1672 3677 et
1705 3626 1821 3677 rui-

188 3731 311 3769 nam
342 3718 631 3787 expavent
668 3713 845 3784 degra
874 3712 1185 3783 Principis,
1218 3717 1281 3766 ut
1330 3712 1577 3767 docuere
1605 3727 1822 3783 praece-

190 3802 377 3858 dentes
407 3804 554 3857 dum
602 3801 898 3855 crederent
929 3800 1328 3871 tranquillam.
1364 3801 1523 3863 Qu'od
1574 3817 1679 3855 nec
1711 3801 1823 3853 du-

190 3896 317 3944 cunt
344 3889 655 3957 veniabile,
688 3905 793 3943 nec
826 3888 982 3944 ullus
1013 3889 1222 3943 modus
1266 3893 1503 3943 excusat
1533 3888 1825 3959 prwterire

193 3978 319 4034 dum
338 3995 589 4051 quisque
615 3978 864 4033 servitus
882 3978 1170 4033 excutitur
1186 3979 1256 4032 ab
1276 3977 1419 4049 ipsis
1448 3982 1509 4032 ut
1531 3978 1601 4031 ab
1626 3978 1826 4031 imme-

194 4066 311 4122 ritis
338 4068 579 4133 villicis,
610 4070 666 4121 et
717 4068 1009 4121 neminem
1057 4071 1296 4121 excusat
1327 4067 1458 4120 inde
1507 4066 1824 4121 auctoritas

193 4154 333 4210 sedis
379 4173 485 4211 suo
540 4160 831 4226 respectu,
864 4172 967 4211 nec
1016 4156 1161 4209 doxa
1201 4156 1362 4227 fugat
1409 4154 1823 4209 contumeliam

193 4259 327 4312 quos
353 4244 611 4316 dignitas
642 4248 698 4298 et
728 4245 968 4316 eulogia:
1001 4243 1324 4315 priscorum
1342 4244 1551 4298 caelata:
1570 4242 1822 4298 cathalo-

193 4329 275 4400 gis
302 4335 618 4388 retardant.
653 4332 711 4387 Si
743 4334 902 4405 origo
942 4334 1103 4387 dedit
1132 4348 1352 4387 naevum
1406 4339 1610 4402 parant
1640 4333 1822 4386 obdu-

195 4434 312 4474 cere
340 4425 394 4475 et
421 4422 678 4476 emicare
708 4420 899 4476 solum
949 4422 1019 4476 de
1050 4425 1322 4491 suscepta
1370 4420 1674 4491 dignitate.
1709 4421 1824 4473 Hoc

195 4508 489 4563 stimulant
519 4525 667 4564 sese.
702 4510 811 4564 Sed
844 4511 985 4563 dum
1017 4507 1372 4563 conscientia
1400 4512 1567 4562 vexat
1597 4508 1824 4562 animos

1932 3340 2143 3413 cuncta
2165 3356 2375 3409 librare
2398 3349 2669 3405 secundis
2694 3345 3031 3405 rebus,dum
3048 3340 3394 3412 pertrahunt
3417 3356 3573 3409 sym—

1934 3445 2170 3517 pbosias
2190 3442 2413 3496 musica
2433 3456 2531 3510 per
2564 3438 2765 3490 urbem
2788 3431 3037 3486 modulis
3063 3430 3279 3495 inllala,
3302 3433 3355 3480 et
3377 3444 3575 3495 reper-

1933 3515 2127 3597 cussa,
2160 3545 2215 3586 et
2247 3529 2477 3601 pulsata
2508 3523 2801 3597 proruptis
2824 3521 3054 3581 tidibus,
3079 3518 3209 3570 inde
3240 3515 3577 3585 sudpeditat

1933 3639 2145 3677 canora
2189 3636 2315 3675 vox.
2352 3615 2521 3671 lstria
2571 3615 2670 3668 dat
2716 3611 2903 3665 saltus
2935 3607 3221 3679 pincernae
3273 3602 3579 3673 invigilant

1934 3710 2214 3782 perpetim
2247 3706 2422 3762 simul
2454 3701 2809 3758 confundere
2858 3698 3129 3751 defaecata
3158 3693 3292 3747 vina
3324 3694 3573 3756 nectare,

1932 3808 1989 3855 et
2020 3799 2354 3854 ministrant
2385 3793 2625 3857 czeliam,
2653 3795 2709 3845 et
2738 3789 2985 3843 siceram
3018 3790 3084 3839 ut
3116 3784 3316 3854 fugent
3347 3796 3574 3852 parcos,

1934 3894 1990 3944 et
2020 3887 2308 3943 resolvant
2349 3882 2669 3939 temulenta
2716 3893 2994 3948 corpora;
3044 3874 3153 3928 heu
3201 3869 3574 3943 prodentium

1934 3978 2070 4033 hinc
2106 3977 2288 4031 nefas.
2323 3972 2429 4036 Qui
2481 3971 2852 4042 perstrepunt
2901 3979 3133 4035 quoquo
3185 3958 3431 4031 petulcis
3474 3974 3575 4011 ca-

1934 4066 2185 4132 chinnis,
2211 4069 2267 4117 et
2297 4066 2499 4115 mutuo
2527 4058 2813 4127 instigant
2843 4071 2969 4108 sese
3000 4048 3307 4120 iaculando
3328 4045 3575 4101 lascivas

1936 4154 2198 4209 fabellas.
2232 4151 2392 4203 Tunc
2424 4146 2707 4200 illecebrae
2750 4144 3071 4211 suggerunt
3102 4144 3303 4207 stupra
3332 4139 3390 4189 et
3420 4134 3572 4189 incc-

1934 4247 2057 4307 sta;
2092 4246 2147 4294 et
2176 4237 2324 4292 servi
2376 4230 2780 4303 morigerando
2830 4227 3083 4281 dominis
3132 4226 3472 4295 pernoctant
3514 4221 3573 4276 in

1934 4331 2025 4386 his
2056 4329 2511 4394 circumquaque
2540 4318 2909 4373 bacchantes.

2005 4418 2112 4472 Sed
2141 4430 2244 4469 nec
2267 4414 2540 4484 poterunt
2566 4407 2665 4461 diu
2682 4404 2897 4475 perfrui
2922 4402 3013 4455 his
3037 4402 3161 4454 sine
3182 4399 3302 4453 zelo
3326 4398 3575 4469 alicujus

1935 4523 2068 4562 cum
2092 4505 2210 4559 sint
2231 4517 2399 4573 pares
2421 4496 2642 4553 caeteris
2664 4493 3121 4559 ordine,ettanta
3138 4485 3418 4556 dignitate
3439 4504 3576 4555 prae-

196 4593 488 4665 degeneris
519 4598 858 4668 propaginis
889 4614 1037 4667 quos
1087 4596 1304 4651 arctius
1336 4595 1598 4668 implicat
1641 4602 1824 4650 terror
1854 4612 1900 4675 D
1934 4587 2554 4668 polleant;nam1abor
2579 4578 2967 4641 concordiam,
2988 4574 3297 4629 dissidium
3320 4572 3574 4626 insolen-

193 4683 483 4738 revolvunt
516 4702 817 4756 procacem
841 4686 1167 4756 dominum,
1192 4691 1248 4741 et
1269 4688 1583 4740 retractant
1605 4686 1816 4756 prcede-

193 4782 448 4824 cessores
477 4778 533 4825 et
580 4772 848 4828 consules
900 4777 956 4827 et
1002 4772 1380 4844 speculantur
1428 4789 1669 4844 pervasa
1698 4790 1824 4843 quae

193 4857 617 4928 subegeruntet
645 4866 915 4917 metuunt
944 4861 1095 4916 exire
1114 4862 1267 4915 unde
1298 4868 1623 4932 poscuntse
1655 4862 1822 4915 soda-

192 4942 335 4999 les...
370 4947 586 5002 minaci
618 4949 930 5019 perficitur.
958 4955 1105 5004 Dum
1128 4951 1255 5020 jam
1286 4950 1515 5003 diutina
1544 4950 1827 5003 securitas

194 5032 415 5089 incaute
455 5042 785 5106 praeparant
814 5037 1066 5108 lapsum,
1103 5043 1166 5091 ut
1214 5038 1383 5107 fingit
1412 5036 1706 5092 didascala
1736 5054 1825 5091 se-

192 5120 317 5177 ries.
348 5123 462 5178 Nec
493 5123 863 5179 exclucidant
907 5131 1209 5197 compacta
1240 5126 1378 5180 dum
1413 5127 1485 5179 ad
1516 5140 1699 5179 unum
1733 5141 1825 5178 co-

193 5214 325 5277 gant
353 5211 412 5265 in
460 5211 719 5282 glomere
766 5214 1036 5269 inductos
1086 5214 1320 5282 milites,
1355 5220 1419 5268 ut
1469 5215 1547 5268 sit
1596 5229 1665 5267 ne
1697 5212 1829 5284 quis

195 5302 405 5365 qumrat
434 5298 720 5355 obsistere
750 5318 822 5357 ne
852 5301 1060 5356 exulet.

259 5384 403 5439 Tum
437 5403 561 5439 una
590 5386 728 5442 facie
775 5394 1164 5460 prorumpunt
1209 5390 1479 5444 incusare
1508 5390 1705 5443 decem
1739 5389 1831 5443 cui

196 5469 585 5544 indulgent,et
601 5480 819 5529 castam
852 5478 1024 5531 tidem
1049 5483 1283 5532 servant
1309 5478 1355 5531 si
1390 5478 1521 5531 licet
1546 5479 1827 5531 recedere.

200 5561 374 5623 Quem
404 5561 569 5615 enim
604 5562 652 5616 si
681 5564 824 5618 forte
854 5571 1106 5635 opponat
1126 5565 1463 5635 lentiginem
1488 5564 1719 5635 populo,
1746 5565 1830 5620 vel

198 5645 246 5701 si
276 5647 698 5705 immurmuret
724 5649 1032 5708 vincilibus
1080 5652 1427 5724 compellent
1456 5668 1832 5722 compensare

1932 4658 2074 4739 tiam
2108 4684 2354 4752 parat,et
2384 4678 2636 4730 minores
2672 4668 2941 4726 semotim
2974 4662 3299 4719 accelerant
3320 4658 3485 4712 unire
3513 4675 3575 4713 se

1937 4746 2151 4844 pariter
2166 4768 2379 4839 injuria
2394 4762 2768 4834 majorum,et
2781 4758 3098 4811 causentur
3112 4748 3303 4805 deberi
3321 4747 3431 4802 sibi
3445 4746 3573 4818 plu-

1938 4838 2155 4931 ra,qua3
2179 4838 2427 4912 retinent
2450 4859 2505 4907 et
2526 4849 2816 4918 castigant
2836 4838 3270 4913 exequanda.Hi
3295 4839 3574 4908 superant

1935 4927 2543 5021 agminibus,etfervet
2562 4940 2743 4992 virtus
2762 4939 2879 4988 toto
2900 4928 3251 4986 robore.lllis
3277 4927 3427 4997 viget
3450 4942 3572 4979 ma-

1938 5014 2121 5093 turior
2144 5051 2371 5101 sensus,
2396 5037 2452 5085 eL
2474 5027 2758 5085 excellunt
2778 5023 2986 5093 opibus
3003 5019 3379 5073 etﬁrmantur
3399 5014 3578 5068 subli-

1940 5126 2139 5180 mitate
2167 5122 2467 5177 moenium.
2493 5117 2600 5172 Sed
2634 5121 2826 5169 tamen
2851 5108 3220 5165 considerant
3250 5102 3574 5156 invalidum

1938 5230 2065 5268 esse
2084 5212 2419 5281 extinguere
2452 5206 2603 5278 quod
2627 5200 2832 5257 ebullit
2863 5198 2920 5252 ni
2954 5190 3576 5281 statuantPrincipem

1940 5302 2050 5356 sub
2076 5315 2209 5368 quo,
2248 5278 2342 5353 sed
2380 5298 2653 5352 recusant
2683 5308 2743 5345 se
2776 5293 3047 5343 statuere.
3081 5280 3342 5335 Tandem
3374 5278 3580 5333 ineunt

1940 5385 2246 5442 consilium
2282 5400 2599 5455 preponere
2618 5380 2727 5435 sibi
2760 5376 3175 5443 stolidum,per
3204 5384 3375 5437 quem
3407 5368 3578 5438 perﬁ-

1941 5476 2097 5527 ciant
2130 5488 2257 5538 quae
2290 5479 2427 5526 sunt
2475 5470 2800 5533 commoda,
2835 5464 2933 5535 qui
2966 5478 3067 5515 nec
3100 5461 3415 5530 przesumat
3446 5457 3578 5511 illos

1943 5560 2259 5631 quicquam
2279 5558 2567 5628 inquirere
2580 5558 2667 5613 vel
2692 5566 3157 5620 recusare,quem
3175 5545 3350 5602 etiam
3363 5545 3583 5617 cogunt

1942 5651 2063 5705 haec
2089 5646 2313 5700 textare
2344 5664 2442 5718 per
2470 5648 2667 5702 divina
2696 5660 2860 5701 sacra
2888 5642 3206 5695 incassum.
3230 5636 3398 5705 Nam,
3422 5648 3584 5690 cum-
