3966 6210
352 341 468 409 887

1376 344 1714 408 ATTONIS
1756 341 2345 409 VERCELLENSIS
2390 342 2745 407 EPISCOPI

3664 341 3803 405 888

355 494 469 551 que
515 476 691 535 fuerit
733 475 1033 546 Prelatus,
1068 476 1117 534 si
1167 477 1346 534 hebes
1396 478 1716 549 perstiterit
1764 478 1994 534 nullum
2025 478 2082 543 Α
2112 476 2158 531 si
2183 477 2310 548 jam
2359 477 2625 533 radiante
2683 482 2915 533 caterva
2966 475 3300 532 subsistunt
3348 478 3407 533 et
3452 474 3800 549 frigescunt

356 567 581 625 luctum
613 567 826 624 deluet.
860 566 1006 631 Quin
1056 565 1230 623 etiam
1271 567 1518 637 juvenes
1569 572 1834 639 potenter
1877 568 1998 639 jam

358 655 635 727 adjicient
665 655 943 728 derogare
975 654 1208 725 priscis.
1228 655 1343 710 Nec
1374 654 1667 727 excipiunt
1698 657 2001 711 dominum

356 743 469 800 nisi
486 746 825 815 segregetur
844 743 915 798 ab
939 741 1075 796 illis.
1095 742 1201 805 Qui
1225 742 1456 797 facundi
1480 748 1681 798 contra
1704 743 2004 798 minantur

354 830 600 887 rudibus
629 830 869 903 infigere
903 830 1191 885 deteriora
1219 835 1276 885 et
1313 836 1576 886 exercent
1607 832 1910 886 dominum
1946 835 2003 886 et

355 918 734 991 requiruntur
781 917 1091 990 promissa,
1126 922 1190 973 ut
1236 927 1483 991 surgant
1515 920 1571 974 in
1620 921 1911 991 adversos,
1945 924 1999 974 et

353 1007 579 1064 docent.
603 1006 749 1071 Quid
780 1007 988 1062 faciet?
1015 1008 1224 1079 poterit
1253 1025 1324 1063 ne
1352 1013 1633 1080 utrasque
1675 1010 1858 1063 vitare
1888 1009 2004 1062 rui-

354 1095 491 1150 nas?
522 1096 621 1150 sed
655 1112 758 1151 nec
789 1095 1023 1169 ingenia
1048 1097 1683 1168 sutl‘raganturinepto.
1718 1098 1919 1153 Restat
1939 1102 2002 1152 ut

354 1183 591 1255 etl‘ugiat
637 1199 854 1251 osores,
889 1189 946 1239 et
989 1189 1154 1240 vacet
1179 1185 1461 1256 privatus.
1509 1187 1569 1241 Si
1597 1202 1730 1241 vero
1776 1187 2000 1258 primus

352 1271 742 1344 propalaverit
782 1289 843 1328 se
885 1271 1163 1345 ignavum
1197 1279 1319 1329 arte
1350 1274 1410 1329 in
1465 1291 1580 1347 quo
1629 1281 1687 1330 et
1736 1276 2000 1347 protinus

352 1360 575 1418 eluceat
592 1362 903 1433 prudentia
929 1362 1153 1417 favente
1176 1362 1501 1419 diademate
1526 1381 1537 1419 :
1564 1369 1687 1418 tum
1710 1364 1999 1435 perterriti

349 1448 615 1506 clanculo
645 1454 963 1522 procurant
994 1450 1185 1523 SOpirc
1216 1452 1368 1523 odia.
1394 1453 1466 1507 Et
1495 1469 1700 1508 rursus
1731 1458 2000 1507 mussant

353 1539 632 1596 reducere
662 1538 721 1594 in
756 1555 961 1610 unum,
997 1545 1064 1595 ut
1106 1540 1317 1596 iterum
1352 1546 1571 1613 queant
1599 1546 1851 1597 retexere
1881 1534 1997 1597 bin-

355 1626 521 1683 rilem
562 1631 786 1701 pestem
834 1628 1080 1699 hujusce
1130 1634 1320 1700 pacto,
1355 1646 1479 1700 quae
1507 1647 1611 1685 nec
1659 1630 1867 1702 poterit
1898 1631 1995 1685 de-

353 1714 618 1772 litescere
647 1716 781 1772 duci
810 1717 928 1785 iam
961 1716 1116 1773 clara
1145 1717 1236 1773 sui
1259 1718 1602 1789 cognitione.
1626 1720 1779 1785 Quas
1810 1735 1995 1791 nugas

354 1809 524 1876 parat
554 1802 785 1861 abolere
814 1822 930 1861 una
959 1820 1092 1860 cum
1141 1806 1489 1878 nugacibus,
1524 1823 1699 1877 quem
1730 1807 1905 1862 etiam
1938 1812 1994 1863 et
2026 1838 2073 1904 Β

352 1892 468 1965 ipsi
499 1893 775 1948 adversus
807 1908 869 1949 se
898 1893 1162 1965 gestiunt
1185 1893 1488 1950 excludere
1518 1895 1591 1950 ab
1622 1900 1789 1950 aucto
1826 1895 1989 1951 solio.

352 1982 507 2048 Quos
537 1981 796 2053 primum
837 1981 1168 2053 impediunt
1215 1984 1621 2054 praecedentia,
1655 2001 1781 2055 quae
1814 1984 1991 2039 infor-

349 2073 515 2125 mant
543 2069 773 2126 ducem.
791 2070 863 2125 At
892 2068 938 2126 si
973 2070 1466 2126 arbitrenturhaac
1495 2073 1765 2138 verenda,
1788 2077 1846 2127 et
1865 2074 1992 2143 opi-

350 2162 564 2215 nentur
591 2158 899 2215 dumtaxat
919 2164 1106 2216 semet
1135 2160 1382 2216 deﬁcere
1410 2160 1469 2214 in
1500 2160 1667 2232 ipsis,
1691 2166 1832 2216 tunc
1855 2177 1995 2232 quo-

349 2263 463 2318 que
491 2246 724 2303 eminus
754 2247 1017 2319 dirigunt
1046 2262 1218 2319 gazas
1268 2248 1592 2304 conducere
1623 2250 1735 2305 sibi
1766 2250 1990 2306 heroes.

347 2334 493 2395 Hinc
524 2339 729 2392 tenent
765 2335 1034 2406 augenda
1062 2335 1289 2402 solatia,
1322 2336 1463 2407 quin
1497 2338 1674 2392 etiam
1703 2343 1759 2393 et
1789 2343 1995 2411 parant

349 2423 486 2479 inde
516 2439 852 2494 promovere
883 2423 1164 2479 extimum
1218 2428 1390 2496 atque
1420 2426 1726 2482 robustum
1762 2428 1993 2495 ducem,

350 2515 408 2566 et
437 2510 786 2566 submittere
816 2509 989 2566 colla.
1030 2513 1181 2567 Tum
1215 2512 1452 2584 quidem
1490 2555 1501 2567 .
1537 2557 1548 2568 .
1587 2556 1599 2568 .
1633 2516 1912 2588 suffragia
1940 2522 1996 2572 et

353 2598 611 2671 primum
640 2614 744 2670 per
764 2597 1008 2655 vicarios
1030 2599 1076 2653 si
1096 2616 1210 2655 non
1237 2601 1411 2656 fuerit
1440 2603 1528 2657 fas
1548 2601 1837 2658 celebrare
1859 2621 1995 2659 con-

353 2690 581 2742 ventus.
606 2686 828 2750 Quibus
845 2686 893 2742 si
925 2686 1047 2742 haec
1077 2688 1299 2761 digesta
1316 2689 1614 2762 paulisper
1630 2690 1994 2759 differantur,

353 2775 626 2832 deficient
669 2773 1028 2846 imperfecta.
1077 2782 1163 2831 An
1216 2776 1448 2832 interim
1494 2778 1746 2834 cessabit
1798 2782 1998 2836 saevire

354 2878 679 2920 concussus
705 2863 865 2919 furor
892 2863 1196 2934 praesentis
1227 2864 1517 2935 Praesidis,
1541 2871 1597 2922 et
1626 2869 1878 2940 torpebit
1907 2870 2001 2924 de-

352 2966 594 3025 pascere
624 2950 860 3007 fontes?
888 2952 1039 3007 Num
1072 2951 1315 3025 insuper
1344 2954 1572 3011 exinius
1604 2962 1737 3029 aget
1777 2957 1998 3015 hostire

353 3039 735 3114 perpetitores
784 3040 1100 3098 subversis.
1133 3042 1202 3096 Et
1234 3042 1283 3097 si
1335 3049 1539 3114 parent
1567 3045 1878 3103 subvenire
1908 3048 1999 3104 his

355 3145 505 3203 quos
535 3145 685 3200 saepe
728 3127 1040 3185 salutando
1072 3129 1211 3186 olim
1244 3133 1546 3189 tentabant
1585 3136 1903 3207 producere
1936 3141 2000 3191 ut

2113 565 2346 634 animis,
2380 570 2435 621 et
2480 566 2733 637 suffugia
2778 569 3064 637 captant:
3100 565 3312 620 referre
3360 564 3497 621 inde
3540 567 3794 637 pedem.

2111 659 2185 707 At
2211 653 2347 709 licet
2397 654 2760 727 conspiciant
2809 670 2983 709 suum
3036 669 3245 725 agmen
3294 657 3510 709 extare.
3546 654 3607 709 Si
3663 655 3796 710 dux

2111 742 2343 797 eminus
2391 747 2658 814 procuret
2690 741 2943 797 indicere
2972 740 3090 795 illis
3138 740 3492 813 tranquillos
3533 743 3793 815 angelos

2112 836 2376 903 gravatos
2408 832 2590 886 xeniis
2620 829 3184 902 inclusi,disputant,
3217 833 3274 885 et
3305 830 3699 903 querelantur
3721 849 3794 887 se

2112 920 2206 974 sed
2220 924 2466 984 uctos,et
2496 919 2828 974 declamant
2856 917 3129 974 consules
3161 918 3258 989 qui
3292 918 3454 991 ipsos
3484 920 3793 977 conduxe-

2112 1012 2241 1062 rant
2270 1008 2382 1062 sibi
2414 1010 2749 1080 pertidos,et
2782 1008 3091 1062 innectunt
3121 1007 3377 1076 fraudes,
3400 1025 3552 1079 quos
3585 1013 3645 1064 et
3676 1010 3787 1064 de-

2111 1102 2313 1151 serunt
2360 1101 2416 1151 et
2463 1096 2837 1168 distinguunt
2887 1094 3081 1163 laztho,
3126 1100 3183 1149 et
3235 1098 3374 1150 tunc
3431 1102 3793 1167 pertentant

2109 1184 2432 1239 incolumes
2466 1185 2740 1239 reducere
2766 1189 3122 1256 gressum,et
3155 1184 3406 1255 perferre
3428 1184 3643 1256 adepta
3668 1186 3793 1259 pri-

2107 1277 2237 1328 vato
2271 1273 2414 1329 solo.

2181 1362 2329 1417 Raro
2360 1365 2469 1427 est,
2503 1363 2603 1417 sed
2638 1367 2726 1417 est
2756 1360 2857 1433 qui
2900 1361 3179 1416 inductus
3212 1360 3554 1434 aggrcpitur
3585 1377 3779 1434 expu-

2107 1467 2285 1522 gnare
2336 1451 2595 1505 dicatum
2636 1451 2841 1505 ducem
2877 1451 3034 1504 nudo
3066 1455 3315 1521 pectore,
3351 1465 3456 1504 nec
3510 1449 3781 1520 desistit,

2107 1539 2291 1594 donec
2323 1539 2573 1610 adeptus
2620 1539 2696 1593 sit
2728 1555 2928 1593 orcum
2959 1537 3046 1592 vel
3081 1537 3336 1609 palmam
3383 1542 3485 1592 aut
3516 1554 3620 1610 per
3651 1537 3781 1594 cla-

2105 1627 2237 1681 dem
2271 1627 2403 1683 belli
2454 1627 2675 1683 dividat
2703 1644 2838 1683 cum
2869 1626 3049 1682 altero
3100 1631 3158 1681 et
3189 1626 3445 1681 contenti
3494 1626 3776 1698 partibus

2104 1722 2310 1772 coeant
2340 1716 2398 1771 in
2430 1734 2614 1771 unum
2664 1717 2853 1771 foedus
2885 1732 3124 1771 securus
3156 1713 3290 1787 quis
3321 1715 3600 1770 edomare
3632 1732 3771 1771 sua.

2104 1805 2249 1868 Quid
2281 1805 2641 1877 proﬁcicient
2668 1804 3015 1876 milites,qui
3048 1804 3204 1858 hunc
3227 1803 3771 1876 provocaverant?si

2104 1894 2161 1948 in
2181 1893 2280 1950 tali
2295 1893 2634 1949 discrimine
2648 1893 2801 1948 efﬂet
2816 1908 3156 1965 supremum
3179 1896 3480 1963 superstes
3499 1894 3775 1962 expectet

2102 1983 2211 2038 hos
2259 2000 2460 2055 poenae,
2493 1988 2550 2037 et
2598 1982 2647 2037 si
2698 1999 2935 2054 compos
2976 1980 3245 2048 evaserit,
3293 1984 3418 2036 tum
3463 1984 3517 2034 et
3565 1980 3770 2034 isdem

2103 2070 2413 2142 compellat
2446 2071 2516 2127 ad
2547 2070 2605 2125 id
2630 2087 2734 2126 nec
2752 2070 3058 2141 ponitjam
3081 2074 3273 2124 extare
3305 2067 3412 2124 sibi
3445 2068 3769 2122 intemera-

2103 2159 2217 2214 bile
2265 2159 2543 2215 thronum
2577 2158 2917 2231 hujusmodi
2950 2176 3077 2229 quae
3124 2159 3351 2213 fuerant
3378 2155 3664 2224 recolens,
3700 2154 3771 2210 ni

2104 2248 2445 2303 auctoritate
2500 2249 2817 2320 priventur.
2853 2249 3004 2302 Sunt
3033 2246 3249 2319 quibus
3295 2244 3562 2317 praesidet
3593 2244 3772 2300 Prin-

2103 2353 2239 2409 ceps
2270 2338 2447 2392 unius
2479 2337 2786 2393 Provincirc
2817 2353 2965 2407 quos
2994 2336 3100 2391 etsi
3134 2331 3367 2390 summo
3401 2339 3575 2389 tenus
3607 2333 3774 2391 laese-

2104 2428 2179 2481 rit
2206 2430 2552 2497 turgescunt
2583 2425 2875 2498 siquidem
2910 2424 3145 2481 rumina
3172 2423 3518 2497 yperifania,
3543 2426 3603 2477 et
3633 2439 3771 2493 pro-

2103 2515 2264 2571 tinus
2295 2516 2514 2570 adeunt
2543 2515 2861 2569 verendum
2896 2513 3049 2569 trino
3080 2513 3409 2568 diademate
3434 2515 3491 2566 et
3520 2511 3774 2567 incitant

2105 2606 2331 2660 auferre
2384 2604 2601 2675 quibus
2632 2604 2855 2676 potitur
2910 2603 3101 2675 impar
3131 2603 3268 2657 dux.
3302 2602 3405 2657 Sin
3453 2600 3769 2673 explicent,

2106 2693 2360 2765 poterint
2382 2709 2453 2747 ne
2475 2692 2686 2747 habere
2708 2708 3010 2747 recursum
3034 2692 3105 2747 ad
3134 2689 3476 2763 propriaPet
3498 2690 3773 2761 quamvis

2108 2781 2665 2852 perfecerint,ferent
2695 2781 2929 2836 tandem
2960 2780 3373 2851 competentia.
3410 2780 3773 2835 Praeminens

2107 2870 2392 2925 conducet
2442 2868 2552 2923 sibi
2582 2869 2639 2923 in
2674 2868 3025 2941 obsequium
3075 2867 3333 2925 diversas
3375 2868 3531 2923 acies
3582 2867 3772 2923 natio-

2107 2976 2249 3015 num
2281 2964 2338 3014 et
2385 2957 2597 3014 diffusa
2625 2958 2801 3014 verba
2849 2974 2975 3030 quae
3023 2957 3289 3014 nesciant
3335 2956 3527 3012 vivere
3576 2973 3773 3028 parce,

2107 3049 2208 3104 sed
2240 3047 2555 3119 compilare
2585 3064 2828 3119 qumque
2881 3046 3125 3119 potiora,
3159 3051 3215 3101 et
3246 3046 3305 3100 in
3338 3045 3525 3101 sacris
3556 3045 3775 3101 addere

2109 3141 2410 3192 matronas
2446 3142 2511 3191 ut
2540 3136 2959 3208 postribulo.Et
2988 3140 3053 3190 ut
3082 3134 3478 3209 persenserint
3505 3135 3771 3207 depopu-

354 3201 612 3291 primum
661 3220 1014 3291 persenserit
1061 3219 1170 3275 hoc
1202 3219 1453 3292 sybilum
1503 3201 1755 3280 labentis
1806 3226 1994 3295 famae,
2027 3201 2069 3269 θ
2107 3225 2285 3281 latam
2302 3201 2678 3281 Patriamnon
2710 3201 3769 3294 traduciturstatim,quiainvalidum

354 3306 540 3363 immo
567 3306 864 3363 declinant
910 3313 968 3362 et
999 3308 1233 3364 uterunt
1262 3311 1333 3365 ad
1356 3328 1527 3367 aures
1557 3312 1802 3386 vigentis
1833 3315 1999 3369 ducis

354 3397 512 3470 quod
541 3396 655 3468 ipsi
687 3400 752 3452 ut
770 3396 955 3468 pestis
985 3396 1163 3453 nimis
1188 3398 1359 3454 fuerit
1379 3400 1667 3472 exquisita
1689 3402 1757 3456 ad
1778 3402 1937 3475 ipsos
1968 3420 2001 3457 a

354 3485 609 3558 propriis
657 3484 967 3550 militibus,
1021 3502 1271 3557 quorum
1326 3488 1539 3545 animis
1570 3490 1767 3546 nullus
1813 3491 2004 3562 potuit

284 3616 287 3619 ρ
357 3575 710 3647 persuadere
738 3577 795 3630 et
816 3573 1100 3631 charitate
1130 3575 1401 3631 inficiunt
1421 3577 1623 3633 relicta
1653 3595 1778 3651 qua:
1811 3584 2002 3636 metus

357 3661 640 3726 deluerat,
670 3665 727 3718 et
763 3660 979 3718 talibus
1028 3662 1324 3734 ﬁgmentis
1355 3670 1689 3737 exspectant
1722 3668 1940 3723 foenore
1970 3686 2004 3723 a

356 3748 537 3804 latere
567 3749 695 3819 ejus
727 3749 995 3821 quamvis
1037 3751 1203 3806 infidi
1252 3768 1556 3824 proceres;
1590 3755 1811 3811 dudum
1863 3774 2001 3828 prae-

357 3836 630 3895 miserint
658 3836 751 3893 his
781 3840 1189 3910 praerogativae
1228 3856 1355 3912 quae
1388 3848 1528 3898 sunt
1558 3845 1797 3899 mercati
1828 3847 2004 3918 dege-

360 3925 621 3982 nerando
650 3925 868 3998 quibus
900 3928 1001 3983 sed
1032 3944 1135 4000 pro
1179 3927 1371 3985 viduis
1400 3930 1517 3986 dux
1546 3949 1733 4005 pauca
1762 3934 2006 4006 porrigit

356 4018 415 4070 et
443 4014 746 4072 modestus
786 4015 998 4089 arguit,
1031 4017 1081 4072 si
1119 4017 1239 4073 haec
1289 4020 1580 4076 maturius
1611 4023 2007 4093 penderentur

359 4101 531 4160 nobis
558 4119 693 4161 vera
722 4109 917 4177 aperte
942 4106 1084 4161 dum
1115 4123 1263 4163 caeca
1300 4106 1547 4165 latenter
1567 4109 1820 4181 juvaret.
1853 4111 2003 4175 Quo-

356 4208 490 4250 rum
522 4196 578 4251 et
616 4192 902 4252 invalidos
931 4196 1230 4269 despectat
1272 4203 1434 4254 artus
1465 4200 1755 4271 cordaque
1802 4200 2006 4257 rabida

358 4281 706 4338 subsannat.
739 4283 973 4340 Externi
1003 4291 1143 4341 sunt
1175 4287 1353 4342 etiam
1387 4288 1704 4359 Principes,
1738 4289 1838 4360 qui
1869 4308 2003 4346 cum

357 4371 663 4428 hauserint
685 4371 942 4431 lamenta
959 4373 1201 4432 alterius
1234 4375 1488 4431 militum
1516 4376 1833 4448 perlatores
1850 4379 2005 4434 illico

359 4458 687 4532 deposcunt
720 4463 995 4519 seductos
1039 4464 1277 4518 ﬁrmare
1325 4465 1634 4533 nequando
1667 4466 1905 4521 redeant
1934 4470 2003 4522 ad

2109 3319 2199 3370 est
2228 3315 2328 3369 diu
2383 3314 2680 3369 continere
2711 3312 3028 3385 phalanges
3060 3312 3119 3367 in
3169 3310 3444 3381 externis,
3477 3327 3583 3366 nec
3634 3327 3774 3366 con~

2107 3403 2267 3458 venit
2294 3407 2454 3457 tanto
2484 3403 2617 3457 duci
2652 3406 2941 3458 remotum
2965 3420 2997 3457 a
3019 3419 3129 3457 sua
3155 3400 3381 3473 legione
3412 3399 3623 3472 degere
3649 3398 3776 3471 qui-

2111 3492 2241 3547 dem
2270 3508 2403 3554 cum
2434 3491 2579 3563 ipsis
2601 3490 2671 3546 de
2702 3507 2952 3562 quorum
2975 3488 3109 3547 exili
3139 3490 3252 3545 fide
3282 3488 3495 3562 oppido
3514 3492 3775 3543 veretur.

2113 3579 2285 3635 Redit
2331 3579 2402 3633 ad
2442 3578 2743 3651 proprium
2794 3579 2987 3634 solum
3033 3579 3189 3649 quod
3238 3579 3454 3649 gaudet
3502 3576 3778 3633 revisere.

2112 3670 2292 3733 Quem
2316 3668 2363 3722 si
2395 3668 2540 3723 forte
2563 3673 2893 3740 proponant
2916 3668 3201 3723 deducere
3231 3666 3331 3738 qui
3352 3682 3485 3721 eum
3511 3664 3775 3721 solemne

2112 3757 2708 3829 induxerant,eligant
2738 3755 2985 3828 lugubre
3004 3754 3242 3812 exilium
3266 3754 3398 3827 jugi
3423 3753 3776 3809 confusione

2113 3850 2388 3901 manente
2417 3845 2601 3900 ruinae
2620 3845 2709 3901 sin
2741 3845 2938 3917 potius
2970 3843 3371 3916 ignominiosae
3395 3841 3772 3914 linquuntur.

2114 3939 2339 3990 Interea
2369 3934 2487 3989 dux
2540 3934 2844 4005 praesentis
2887 3933 3089 3988 Patrias
3122 3931 3361 3988 inferior
3411 3930 3658 3986 milibus
3688 3930 3777 3986 vel

2112 4022 2309 4079 exulat
2362 4023 2671 4095 profunde,
2700 4021 2789 4078 vel
2840 4021 3102 4077 residens
3150 4021 3429 4075 obtrusus
3478 4018 3774 4074 mccnibus

2114 4110 2421 4184 prmvalide
2455 4110 2617 4167 urbis
2645 4109 2844 4181 ejulat.
2875 4109 2988 4165 Sed
3017 4126 3151 4164 eum
3188 4107 3412 4163 noverit
3442 4107 3773 4163 discessum

2115 4199 2301 4256 hostis
2329 4203 2588 4270 Optatam
2614 4198 2766 4255 diem
2798 4201 3074 4254 convocat
3098 4195 3389 4253 disclusos
3410 4212 3560 4268 quos
3581 4197 3778 4268 signa-

2113 4293 2275 4343 verat
2304 4287 2461 4344 clara
2490 4289 2635 4344 fides
2666 4288 2723 4342 in
2757 4287 2962 4344 aciem.
2984 4287 3053 4341 Et
3080 4285 3321 4341 instruit
3350 4283 3702 4356 primipilos,
3721 4287 3777 4340 et

2115 4376 2374 4447 disponit
2422 4377 2681 4432 conferre
2714 4376 2924 4447 cuique
2955 4374 3152 4429 debita
3182 4373 3315 4429 fidis
3364 4372 3516 4440 laeta,
3547 4378 3607 4428 et
3638 4371 3774 4428 sini-

2117 4466 2255 4519 stris
2277 4465 2753 4521 acerba.Summe
2775 4464 2866 4518 his
2890 4462 2989 4535 qui
3015 4461 3306 4518 accierant
3334 4465 3655 4534 tyrannum
3679 4477 3775 4534 per

358 4547 610 4620 gratiam
635 4549 811 4620 prisci
832 4551 999 4606 ducis
1022 4551 1238 4621 quibus
1259 4555 1461 4606 etmox
1485 4553 1609 4621 pari
1633 4553 1854 4610 ratione
1877 4572 2009 4611 con-
2041 4568 2085 4633 D
2120 4571 2181 4608 se
2214 4553 2505 4608 addicitur
2535 4552 2835 4609 muletatio
2866 4556 2922 4606 et
2944 4568 3114 4623 pmna
3144 4555 3201 4606 et
3230 4550 3363 4605 inde
3394 4548 3770 4622 supplicium.

358 4636 599 4693 ﬁrmant
628 4638 1047 4694 subvenire.Ad
1071 4655 1320 4708 quorum
1352 4639 1564 4710 Regem
1596 4644 1734 4696 tunc
1765 4650 1932 4699 caute
1957 4651 2013 4701 et

359 4723 647 4780 citissime
676 4724 943 4796 dirigunt
970 4722 1193 4795 legatos
1212 4725 1464 4795 pandere
1495 4742 1620 4797 qum
1643 4728 2014 4787 firmaverant

359 4810 598 4875 milites,
631 4811 733 4865 sed
788 4827 904 4866 non
936 4827 1062 4882 quas
1090 4810 1203 4883 ipsi
1251 4816 1315 4867 ut
1341 4819 1575 4885 praestet
1605 4815 1795 4888 lepida
1837 4820 2009 4889 dona,

357 4903 420 4956 et
451 4901 760 4954 cassentur
779 4916 906 4972 quae
919 4900 1047 4971 jam
1074 4905 1213 4956 sunt
1233 4901 1543 4976 firmata,et
1560 4906 1757 4963 saeviat
1774 4908 1830 4962 in
1851 4926 2011 4980 suos,

360 4985 504 5059 quia
535 5001 640 5041 nec
670 4986 947 5045 valebunt
976 4990 1266 5049 sustinere
1296 4993 1553 5066 requiem
1588 4996 1645 5050 in
1678 4997 2013 5067 ipsis.Quos

359 5074 467 5131 etsi
503 5084 771 5147 procuret
803 5077 1121 5148 cumulare,
1156 5080 1372 5137 valebit
1402 5084 1694 5137 concitare
1723 5084 1920 5139 hostes
1940 5085 2009 5139 ad

361 5162 603 5221 exitium
635 5166 1007 5234 eorum,dum
1040 5169 1356 5225 credantur
1377 5170 1747 5226 solari.Tunc
1777 5176 2017 5227 nectunt

360 5251 578 5308 foedera
626 5252 849 5324 prolato
898 5255 1111 5314 talione
1141 5258 1189 5314 si
1239 5257 1528 5328 expediat.
1582 5258 1731 5314 Sunt
1776 5258 2011 5328 iterum,

364 5338 467 5409 qui
498 5345 779 5410 rogantur
808 5342 1077 5401 invadere
1108 5344 1348 5401 alterius
1379 5342 1745 5416 Principatus
1776 5347 2016 5418 rugiunt

362 5428 421 5480 et
450 5424 725 5493 fremunt,
761 5435 817 5485 et
856 5433 1086 5502 jactant
1115 5432 1388 5504 rigida,et
1418 5430 1665 5489 latenter
1693 5434 2017 5489 accelerant

363 5511 662 5570 incursare
710 5520 890 5571 armis
937 5520 1224 5575 incintum
1274 5521 1503 5574 ducem.
1538 5523 1644 5577 Sed
1702 5526 2014 5595 postquam

363 5599 649 5659 subierint
668 5605 820 5659 ultra
836 5606 962 5674 ejus
981 5608 1270 5688 margines
1294 5608 1576 5678 stipatum
1593 5614 1838 5666 cernant
1858 5624 2017 5673 cum,

2122 4643 2235 4697 Nec
2267 4643 2454 4697 solum
2490 4644 2607 4696 dux
2649 4647 2739 4697 est
2767 4641 3098 4710 exosor,sed
3132 4644 3191 4695 et
3220 4637 3458 4710 agmina
3486 4654 3616 4709 quae
3648 4655 3770 4710 per-

2120 4730 2378 4786 tulerant
2399 4729 2783 4786 contumelias
2806 4730 3058 4801 inﬁgunt
3082 4727 3215 4783 odia
3238 4745 3251 4795 ;
3278 4743 3385 4782 nec
3416 4726 3769 4808 tantum,sed

2121 4824 2179 4874 et
2200 4817 2416 4890 pariter
2437 4823 2721 4873 conantur
2741 4824 2999 4889 egestare
3026 4816 3280 4871 minores
3303 4816 3771 4895 ipsorum,donec

2122 4912 2260 4962 aetas
2289 4907 2577 4979 gradatim
2614 4906 2964 4961 demolietur
2992 4904 3100 4959 hoc
3128 4908 3316 4958 totum
3348 4902 3406 4957 in
3439 4903 3615 4958 annis
3645 4907 3701 4959 et
3727 4902 3772 4957 si

2123 4996 2267 5049 forte
2294 4997 2469 5051 funus
2492 4996 2765 5066 praecidat
2787 4994 2895 5049 hos
2926 4993 2984 5046 in
3007 4991 3137 5046 istis
3170 4994 3532 5063 superest,ut
3557 5006 3665 5046 nec
3687 5008 3775 5046 va-

2122 5082 2278 5138 leant
2309 5083 2588 5155 gratulari
2632 5081 2850 5137 labenti
2882 5098 2996 5137 aevo
3031 5095 3134 5135 nec
3166 5079 3381 5135 futuro.
3416 5072 3777 5153 Quapropter

2124 5188 2239 5227 non
2272 5171 2496 5244 deperit
2522 5172 2752 5226 vitium.

2277 5260 2479 5308 Rursus
2507 5260 2787 5323 insurgeut
2808 5256 2894 5306 alii
2925 5259 2979 5305 et
3006 5258 3252 5304 rotantur
3285 5253 3500 5303 iisdem.

2196 5345 2304 5399 Sed
2339 5346 2477 5417 quia
2502 5351 2639 5402 sunt
2658 5345 2758 5418 qui
2780 5361 2967 5415 neque
2988 5343 3217 5397 fuerant
3239 5341 3462 5414 Cyrrati
3487 5358 3594 5397 nec
3620 5346 3776 5413 pote-

2125 5438 2254 5487 rant
2286 5435 2614 5506 pertingere
2657 5434 2744 5490 vel
2779 5432 3053 5488 laciniam
3104 5430 3331 5484 carbasi
3391 5446 3507 5500 prae
3557 5430 3778 5503 fulgore

2127 5521 2341 5592 scphiac
2373 5527 2427 5575 et
2449 5525 2664 5593 quibus
2698 5521 2842 5577 nihil
2867 5524 2955 5574 est
2978 5518 3023 5572 si
3049 5518 3202 5571 duus
3225 5518 3571 5573 deferantur
3591 5520 3662 5573 ad
3687 5534 3774 5572 ur-

2128 5624 2262 5663 nam
2295 5610 2690 5687 sandapila,ut
2716 5610 2889 5665 liccat
2917 5607 3001 5662 eis
3031 5605 3283 5677 perferre
3305 5605 3647 5663 indemnem
3680 5606 3775 5663 do-
