3966 6210
168 314 309 380 889

1250 314 1782 378 POLYPTICUM.
1813 345 1893 361 —
1919 315 2231 378 TEXTUS
2279 315 2560 380 ALTER.

3485 315 3606 382 890

171 448 571 504 moictionem
621 445 852 502 refertis
883 445 1176 502 manubiis
1209 446 1248 500 ii
1280 447 1591 502 stimulant
1635 451 1849 504 memet
1877 448 1931 514 Α
1961 448 2182 504 duntur
2210 448 2508 503 delenefici
2530 448 2757 504 videtur
2776 447 3049 521 pleumon
3071 448 3212 504 dum
3236 447 3472 520 angitur
3490 452 3612 503 tuc-

172 538 274 594 sic
303 538 592 592 lacessere
625 551 877 590 erroneaa
912 535 1192 590 induleris
1217 536 1378 590 Prete
1410 536 1456 590 si
1492 535 1692 591 tuleris
1722 553 1852 591 con-

179 627 436 681 fundere
490 624 751 698 sigillata
781 624 886 679 has
932 624 1112 679 seculi
1144 625 1192 679 si
1232 625 1444 680 fuerint
1491 625 1736 680 exercita
1766 625 1852 680 vel

179 717 376 770 effusa
407 731 536 786 qum
588 712 812 784 promis
854 713 1325 784 floccipendenda
1375 719 1510 768 tunc
1560 720 1615 768 et
1646 719 1854 768 natura

176 803 652 873 sterilislinquat
667 819 775 856 sua
800 819 1042 856 munera
1055 803 1098 856 si
1128 803 1340 872 poteris
1358 805 1569 873 lingere
1584 804 1851 857 emndcm

181 899 411 948 statum
464 891 747 945 summati
781 897 837 944 et
867 890 1015 958 lixae,
1050 891 1265 960 quibus
1311 892 1638 962 prospicere
1671 907 1851 944 unum

177 981 423 1037 hzeteris
456 986 512 1034 et
547 979 721 1035 arida:
754 985 808 1034 et
839 980 1029 1050 Cocyti
1052 980 1190 1050 quid
1216 980 1458 1048 derogas
1484 980 1690 1033 of'liciis
1716 980 1855 1032 Ριηίυ-

173 1070 382 1125 sidum
395 1073 494 1124 ?an
511 1068 667 1122 vales
683 1069 984 1122 obfuscare
1000 1086 1063 1121 su
1076 1069 1474 1139 ppetias,quas
1490 1070 1612 1140 ipse
1626 1086 1690 1122 su
1703 1086 1753 1121 m
1767 1084 1852 1122 me

171 1163 395 1230 potens
423 1157 642 1229 legerat
673 1161 736 1211 ut
767 1155 990 1211 falciret
1019 1157 1313 1214 labantem
1348 1158 1699 1211 orbem.l\'on
1725 1173 1854 1211 con‘

171 1246 374 1302 ﬁteris
401 1245 714 1301 Malachim
744 1249 843 1299 aut
874 1244 1116 1299 minime
1149 1244 1377 1316 plaudis
1410 1245 1498 1298 cui
1534 1249 1850 1299 concentus

168 1337 490 1407 virginum
523 1336 616 1389 dat
648 1334 1006 1405 trophezeum
1037 1335 1234 1388 decem
1270 1333 1517 1388 millium
1550 1334 1805 1388 hostium
1829 1333 1855 1386 ?

168 1442 301 1480 non
361 1424 559 1496 potius
609 1423 867 1478 assumis
918 1423 1021 1476 hoc
1069 1439 1244 1493 quam
1296 1422 1556 1477 hmcaton
1605 1422 1851 1493 prophe-

171 1529 404 1568 neuma
427 1510 645 1565 occulis
669 1511 950 1582 gradibus
973 1527 1342 1565 revocaveras
1366 1527 1601 1564 cursum
1637 1527 1739 1564 nec
1765 1527 1851 1563 re-

175 1603 302 1657 fers
331 1617 656 1672 procanum
691 1599 891 1670 templi
925 1599 1227 1654 cohelectae
1256 1601 1352 1670 qui
1387 1605 1440 1653 et
1462 1599 1700 1654 detersit
1725 1599 1855 1653 abo-

179 1689 598 1745 minanda?et
630 1693 694 1741 ut
725 1705 878 1742 nunc
911 1690 1158 1742 subeant
1191 1705 1400 1742 novum
1435 1693 1853 1742 testamentum

1960 537 2098 591 cetis
2130 555 2241 592 non
2275 539 2447 592 durat
2475 538 2796 609 exprimere
2827 538 3018 594 solum
3051 537 3612 610 panegyrica.Elluo—

1961 644 2063 682 nes
2093 626 2245 681 sicut
2293 626 2446 681 clave
2474 628 2797 698 suspendat
2827 644 2925 681 vos
2973 628 3192 682 abuno
3231 627 3444 693 edulio,
3479 644 3612 682 mox

1962 715 2292 771 cantilando
2341 716 2557 770 curatis
2592 716 2788 787 procul
2821 716 3090 771 insectari
3134 715 3220 770 vel
3256 715 3608 771 lentaculum

1963 809 2015 859 et
2049 805 2300 859 exterius
2331 804 2510 859 libare
2543 810 2862 858 tomentum
2889 809 2943 858 et
2973 805 3105 859 inde
3128 805 3384 876 gyrando
3409 822 3612 876 parare

1963 893 2268 961 ferculum,
2319 892 2402 946 vel
2455 893 2501 948 si
2550 894 2655 947 hoc
2705 894 2934 948 deficiat
2999 891 3227 948 obolam
3275 894 3514 948 insanea
3562 894 3612 949 si

1964 983 2155 1052 prmda
2186 981 2258 1035 sit
2311 988 2531 1036 remota
2563 985 2805 1037 abcessu
2853 982 2936 1037 vel
2975 982 3022 1036 si
3057 983 3312 1053 privetur
3355 983 3611 1037 auctori-

1963 1072 2227 1126 tateNon
2260 1071 2523 1124 differtur
2553 1071 2793 1140 crapula
2826 1074 3162 1141 utcumque,
3187 1072 3326 1125 dum
3361 1089 3610 1142 praegra-

1959 1159 2130 1212 vidus
2162 1159 2524 1229 aqualiculus
2556 1158 2794 1228 repellat
2824 1159 3095 1212 acerbum
3128 1160 3366 1215 fascem.

2035 1248 2382 1301 Fraternitas
2415 1265 2539 1316 quae
2569 1247 2624 1300 in
2671 1247 2833 1302 vobis
2866 1248 3077 1300 fatetur
3107 1265 3139 1302 a
3167 1249 3329 1302 vobis
3359 1249 3482 1303 sola
3512 1266 3609 1303 ar-

1961 1335 2106 1391 valis
2132 1341 2218 1389 est
2248 1336 2602 1406 quibusjam
2626 1340 2806 1390 staret
2829 1336 3118 1390 sarchiam
3143 1340 3204 1389 ut
3229 1353 3299 1390 ne
3321 1337 3609 1402 ferendis;

1963 1424 2061 1479 sed
2094 1423 2350 1493 vergitur
2394 1424 2547 1494 quod
2581 1429 2809 1493 pectore
2840 1422 3053 1477 vulnus
3105 1439 3460 1478 consumens
3490 1424 3611 1478 haec

1963 1512 2020 1567 in
2042 1513 2198 1566 tenui
2223 1512 2446 1582 liquore
2469 1529 2608 1577 ;non
2625 1512 2838 1566 desinit
2859 1511 2957 1565 hin
2980 1513 3178 1566 fcetare
3197 1516 3390 1566 atrum
3411 1512 3610 1567 bilem.

1962 1605 2006 1656 0
2038 1600 2197 1672 prius
2245 1606 2512 1671 caperent
2545 1618 2642 1654 vos
2675 1606 2901 1654 tantum
2952 1601 3386 1671 subgrundaria
3435 1617 3611 1672 quam

1964 1708 2117 1744 nunc
2151 1689 2452 1760 polynctos
2485 1690 2861 1761 sarcOphaga.
2901 1691 2963 1743 Et
2995 1692 3038 1742 si
3074 1691 3290 1760 Pegaso
3322 1695 3483 1760 optat
3511 1707 3612 1744 vos

181 1779 249 1832 in
283 1777 492 1832 ordine
525 1775 753 1830 Helenae
776 1775 958 1830 filium
993 1781 1296 1830 strenuum
1331 1777 1642 1847 strophicis
1674 1777 1854 1831 armis
1888 1815 1934 1878 B
1966 1778 2222 1849 protrahi
2246 1779 2298 1831 in
2324 1779 2656 1849 istisusque
2675 1780 2744 1832 ad
2764 1778 3090 1833 silicernias
3111 1796 3220 1832 non
3250 1784 3471 1849 spectat
3489 1784 3611 1832 tum

185 1867 293 1938 qui
324 1882 631 1919 removens
660 1864 1028 1935 pancratiarii
1061 1864 1421 1919 Christicolis
1449 1865 1698 1919 firmavit
1722 1867 1859 1935 jura

184 1954 450 2010 officii.0
481 1954 608 2009 Dux
635 1953 919 2009 Theodosi
943 1971 1192 2024 magnus
1217 1955 1391 2008 tantis
1415 1953 1730 2025 triumphis
1756 1972 1858 2009 nec

185 2044 432 2099 duceris
465 2059 563 2097 ore
613 2042 791 2111 hujus
822 2047 881 2096 tu
915 2043 1014 2113 qui
1047 2059 1326 2112 respuens
1375 2043 1622 2097 hmreses
1656 2043 1858 2098 fudisti

187 2133 455 2188 barbara
505 2131 620 2187 tela
651 2137 708 2186 et
755 2132 1059 2187 destrueus
1111 2132 1305 2203 phana
1357 2132 1632 2187 sancxisti
1682 2133 1857 2187 deleri

183 2221 403 2276 titulos
437 2237 505 2275 ne
540 2225 785 2276 restaret
813 2220 1019 2275 saltem
1053 2221 1393 2292 hypogaeum
1425 2221 1480 2274 in
1513 2239 1627 2291 quo
1658 2221 1861 2277 lateret

189 2310 503 2381 quoddam
523 2308 820 2363 residuum
841 2325 907 2363 ex
924 2326 1088 2364 sacro
1102 2309 1518 2375 Daamonis,sed
1538 2314 1745 2364 cuncta
1760 2310 1860 2363 mi-

189 2400 451 2454 litarent
482 2413 597 2451 uno
629 2397 867 2452 auctori.
903 2398 945 2451 0
976 2397 1207 2451 inducte
1243 2416 1309 2452 ne
1340 2403 1573 2468 reputas
1609 2399 1855 2469 tequivo-

193 2501 351 2539 cum
385 2490 652 2556 nepotem
698 2485 876 2555 hujus
908 2491 1100 2540 extare
1130 2485 1462 2551 sublimem,
1499 2487 1597 2557 qui
1641 2491 1858 2558 tempe-

191 2591 354 2628 rans
402 2590 619 2644 prunas
667 2591 873 2645 pruna,
906 2580 1080 2646 atque
1127 2573 1340 2628 iterum
1387 2575 1624 2645 pruinas
1675 2594 1863 2647 pruna

198 2664 474 2718 domavit
521 2662 822 2718 libidinem
870 2672 922 2719 et
973 2665 1222 2718 furorem
1286 2665 1558 2734 dogmate
1608 2669 1662 2720 et
1711 2666 1863 2720 fidus

199 2752 505 2816 charitati,
544 2770 646 2805 nec
690 2753 957 2807 extiterat
1009 2753 1205 2823 segnis
1237 2754 1572 2808 autcadens
1614 2755 1862 2810 tristitiae

201 2847 264 2898 et
288 2841 604 2896 subindius
627 2841 1434 2913 triumphaveratsupplicans
1453 2848 1663 2898 aeterno
1686 2861 1862 2914 quam

208 2931 412 2987 armis.

285 3019 433 3084 Quid
467 3019 699 3091 proficit
731 3018 955 3090 plebeia
1007 3035 1218 3073 manus
1241 3019 1268 3072 ?
1299 3036 1400 3073 nec
1433 3020 1558 3090 ipsa
1587 3021 1867 3076 subsistet

205 3109 449 3180 singula
479 3108 764 3164 exhausta
792 3107 1217 3178 ducibus,quod
1251 3108 1439 3179 prima
1461 3109 1867 3180 seculasignnt

209 3179 489 3254 notamus
540 3196 706 3252 facile
737 3201 794 3251 et
819 3202 907 3252 est
957 3196 1090 3251 hinc
1134 3214 1421 3268 apponere
1470 3214 1642 3252 curae.
1680 3179 1864 3253 Validi
1899 3179 1940 3245 (ἶ

208 3287 397 3342 armis
428 3287 674 3341 artubus
723 3291 1091 3340 excreverant
1130 3286 1336 3356 primis
1384 3287 1708 3342 seminibus
1737 3289 1868 3342 Adae

208 3383 270 3432 et
304 3377 572 3431 fcecunda
602 3373 797 3447 proles
828 3375 1050 3445 paravit
1090 3375 1318 3444 opimas
1350 3377 1572 3441 turbas,
1607 3393 1870 3432 crescens

209 3465 436 3520 crebris
488 3463 860 3519 successibus
890 3468 947 3518 et
978 3480 1106 3517 raro
1140 3481 1338 3518 exexu.
1374 3465 1482 3518 Sed
1536 3465 1750 3519 Praeses
1786 3466 1869 3519 in-

212 3560 480 3610 structus
512 3554 697 3608 defuit
730 3553 960 3607 erudire
992 3555 1166 3607 rudes
1198 3553 1484 3620 cohortes,
1517 3555 1672 3608 unde
1701 3554 1873 3608 evita-

215 3648 350 3699 reut
381 3643 698 3697 discrimen
731 3641 1012 3696 undantis
1034 3640 1427 3712 limphanpse
1448 3641 1873 3696 Ahrahamicus

214 3731 477 3805 populus
509 3731 672 3801 plebs
706 3731 799 3784 Dei
832 3737 917 3784 est
965 3736 1170 3785 auctus
1202 3729 1517 3800 triumphis
1550 3730 1688 3784 dum
1731 3747 1873 3801 sup-

215 3823 351 3896 plex
382 3821 583 3892 deguit
613 3817 1156 3891 substitiosis,quod
1188 3819 1326 3889 quia
1356 3819 1715 3874 exorbitatus
1746 3836 1876 3874 con-

215 3911 480 3982 tempsit,
533 3907 728 3964 exulat
776 3907 976 3980 procul
1023 3925 1057 3962 a
1097 3907 1298 3962 limine
1349 3912 1404 3962 et
1450 3912 1604 3962 extat
1652 3907 1875 3964 inutilis

216 3999 400 4072 strips
428 3998 572 4069 (sic).

293 4089 470 4159 Cujus
503 4103 607 4142 nec
656 4086 765 4140 hoc
795 4085 986 4140 solum
1032 4089 1135 4152 est,
1183 4086 1283 4140 sed
1322 4085 1531 4157 cuique
1576 4086 1876 4157 terrigena:

218 4182 421 4234 restat.
456 4177 526 4231 Et
555 4175 708 4247 quod
745 4178 1022 4230 notantur
1071 4178 1297 4229 tantum
1331 4173 1597 4230 homines
1628 4191 1878 4245 quorum

220 4270 481 4322 mentem
531 4264 685 4336 quod
744 4263 1100 4333 praecipuum
1149 4267 1237 4317 est
1275 4263 1528 4318 fatemur
1570 4279 1699 4317 esse
1746 4279 1878 4317 cum

220 4360 338 4411 Deo
361 4354 388 4408 ?
421 4355 571 4409 Sunt
616 4352 792 4408 etiam
823 4352 1045 4422 exigua:
1074 4351 1338 4406 volucres
1371 4356 1426 4405 et
1473 4350 1724 4422 provida:
1755 4368 1880 4422 qua:

219 4446 418 4517 vigent
447 4441 689 4498 solertia
719 4444 776 4495 et
806 4441 1021 4512 quibus
1053 4440 1278 4495 ceditur
1312 4440 1458 4493 ferre
1490 4456 1741 4509 perenne
1771 4457 1881 4494 cce-

1967 1867 2241 1937 capulum
2265 1869 2362 1921 sed
2389 1869 2655 1937 jucunda
2677 1883 2992 1936 ora,neque
3014 1866 3339 1921 sublustrat
3369 1865 3617 1934 vispillo-

1969 1973 2090 2019 nes,
2126 1973 2259 2010 nam
2297 1956 2427 2010 licet
2472 1955 2726 2008 validum
2761 1960 2913 2009 esset
2943 1955 3103 2009 vobis
3137 1956 3368 2009 inficere
3408 1956 3613 2010 faciem

1969 2045 2092 2100 coeli
2129 2044 2458 2099 manalibus
2510 2062 2622 2097 non
2655 2050 2744 2098 est
2775 2044 3008 2098 inficere
3055 2061 3290 2099 sensum
3321 2043 3425 2097 viri
3459 2044 3612 2114 quod

1970 2135 2321 2190 bacchantes
2350 2132 2615 2187 tristibus
2647 2133 2888 2187 rictibus
2920 2132 3223 2187 minamini
3264 2149 3493 2190 caesare
3521 2148 3614 2187 ve-

1970 2240 2098 2278 rum
2121 2224 2400 2278 ducentes
2432 2221 2640 2276 remula
2657 2239 2757 2276 ora
2773 2222 2844 2276 ad
2867 2222 3091 2292 Valgias
3109 2226 3166 2276 et
3183 2221 3253 2275 ad
3277 2221 3459 2276 levem
3479 2222 3617 2276 bau-

1969 2312 2169 2366 batum
2193 2311 2296 2366 ?u‘t
2326 2313 2604 2365 cacabant
2633 2310 2876 2364 humida
2904 2310 3285 2364 aritina.Cum
3316 2309 3621 2364 hauserint

1970 2402 2166 2471 ignem
2200 2400 2281 2455 sic
2314 2401 2540 2455 stitiant
2561 2399 2903 2453 temulentia
2925 2399 2981 2452 in
3003 2399 3144 2469 ipsis
3163 2397 3617 2467 stultis.Respuo

1972 2491 2124 2560 quod
2151 2490 2368 2543 nictent
2399 2489 2556 2542 taciti
2585 2505 2832 2558 quorum
2852 2494 2907 2542 et
2931 2487 3216 2556 frigultire
3237 2491 3541 2540 contemno
3565 2489 3622 2540 et

1972 2578 2190 2649 garrire
2219 2576 2389 2632 nauci
2421 2594 2588 2647 pono.
2624 2577 2747 2630 Non
2780 2581 2867 2630 est
2899 2576 3039 2629 mihi
3073 2573 3388 2630 diobolaris
3419 2573 3621 2645 lingua

1973 2666 2235 2721 defluens
2268 2681 2499 2736 quaque
2521 2665 2590 2718 ad
2627 2664 2971 2730 nmnias,sed
3006 2663 3052 2716 si
3077 2667 3266 2717 vestra
3287 2661 3621 2733 syngrapha

1973 2759 2243 2810 moveant
2275 2752 2546 2822 injuriam
2582 2770 2709 2807 meo
2741 2753 2887 2824 style
2918 2756 3033 2806 stat
3071 2756 3135 2806 ut
3165 2756 3372 2806 nostrae
3403 2750 3623 2822 paginis

1975 2845 2265 2900 ducantur
2295 2843 2364 2896 ad
2401 2843 2668 2896 senniou.

2047 2933 2173 2988 Mea
2203 2949 2379 3002 quam
2412 2948 2515 2986 nec
2549 2932 2752 2986 obelus
2804 2931 3064 3000 signabit
3095 2929 3524 2985 merebitur.....
3559 2945 3629 2982 ne

1978 3021 2258 3076 inhaereat
2311 3036 2562 3074 nocuum
2596 3020 2792 3089 sigim.
2827 3019 2986 3074 Licet
3034 3036 3189 3073 nunc
3221 3018 3393 3073 etiam
3427 3017 3631 3072 sedare

1980 3127 2244 3166 rumores
2263 3127 2408 3179 quos
2426 3108 2761 3164 blaterando
2783 3108 3023 3162 dedistis
3039 3106 3340 3178 pepulisse
3359 3105 3407 3159 si
3421 3105 3632 3160 deinde

1981 3197 2248 3272 pululent
2266 3195 2723 3268 arphagantibus
2743 3195 2876 3248 ullis
2899 3194 3164 3249 futilibus
3185 3199 3323 3248 tunc
3340 3192 3631 3247 urbanum

1979 3289 2088 3344 erit
2119 3287 2263 3342 tueri
2315 3286 2372 3338 in
2423 3286 2565 3355 ipsis
2609 3283 2940 3351 jamdulum
2993 3281 3301 3353 promissa.
3355 3281 3632 3335 Prtetores

1981 3392 2134 3431 nunc
2167 3375 2322 3429 acies
2342 3373 2704 3428 luscinorum
2740 3376 3008 3442 poterunt
3033 3370 3354 3440 perspicere
3375 3367 3522 3422 sudo
3543 3367 3632 3421 ul-

1981 3464 2101 3518 lum
2120 3462 2425 3516 flosculum
2447 3460 2839 3531 perpendiculi
2863 3460 2971 3513 etsi
2997 3458 3116 3514 sit?
3139 3458 3247 3512 Sed
3269 3472 3450 3510 eruca
3475 3472 3635 3511 more

1982 3556 2250 3624 quaarunt
2279 3550 2644 3603 ammordere
2677 3566 2788 3602 non
2823 3548 2976 3618 quod
3010 3547 3087 3602 sit
3116 3563 3288 3617 sapor
3319 3545 3375 3598 in
3407 3545 3632 3611 ore,sed

1983 3647 2048 3696 ut
2080 3639 2439 3711 pessundent
2467 3638 2794 3692 devorando
2820 3654 2966 3708 quos
2998 3653 3102 3707 ego
3126 3633 3408 3691 horticola
3434 3638 3635 3688 ostans

1984 3728 2277 3800 repagulis
2291 3744 2429 3783 curo
2443 3724 3349 3796 excludere.Adeantmiropolam
3364 3722 3637 3793 delegant

1985 3818 2208 3875 colliria
2228 3822 2283 3872 et
2304 3822 2533 3872 eomant
2556 3815 2988 3884 allucinaria,ut
3011 3820 3138 3888 post
3159 3816 3463 3871 secernant
3487 3810 3636 3866 luci-

1985 3909 2127 3963 dum
2153 3912 2209 3962 et
2233 3906 2631 3978 opacum.Non
2656 3922 2760 3978 ego
2783 3922 2993 3976 passus
3014 3905 3321 3975 lmtargum
3344 3917 3634 3973 praesumo

1986 3996 2198 4068 pellere
2211 3996 2402 4049 officia
2419 3994 2764 4066 praesidum;
2783 3994 2880 4048 sed
2901 3994 3122 4064 castigo
3142 4009 3253 4047 non
3275 3989 3634 4044 temeranda.

1987 4085 2132 4152 Quia
2153 4084 2304 4156 quod
2329 4084 2452 4152 jam
2478 4081 2650 4135 retuli
2673 4097 2844 4152 grave
2857 4085 2946 4135 est
2968 4080 3159 4150 inepte
3177 4077 3453 4132 scandere
3475 4092 3636 4130 sum-

1990 4191 2150 4229 mum
2167 4171 2470 4238 conniti,et
2482 4169 2750 4239 subigere
2763 4167 3049 4238 captivam
3065 4165 3310 4236 patriam
3325 4168 3382 4218 et
3399 4163 3634 4218 frustari

1991 4261 2236 4317 alterum
2269 4257 2668 4312 solio.l’ormia
2697 4260 2752 4309 et
2782 4256 2974 4326 praeda
3003 4256 3114 4309 erit
3144 4253 3270 4321 hoc,
3290 4257 3346 4306 et
3377 4252 3425 4305 si
3461 4251 3638 4305 dene-

1987 4353 2087 4422 get
2116 4347 2268 4418 quis,
2295 4345 2486 4416 potius
2515 4349 2604 4397 est
2633 4344 2842 4396 ducere
2874 4341 3085 4413 pellere
3115 4341 3431 4410 primatum
3461 4355 3638 4408 quam

1993 4439 2238 4494 auferre.
2270 4442 2354 4488 An
2387 4432 2573 4487 levius
2604 4449 2636 4485 a
2668 4430 2898 4502 proprio
2926 4447 3039 4484 non
3077 4430 3184 4484 fert
3213 4426 3407 4483 exulat
3439 4425 3536 4496 qui
3568 4425 3638 4479 li-

220 4514 469 4590 libatum
499 4548 602 4604 per
631 4546 826 4598 auras,
863 4547 990 4600 qua:
1017 4528 1216 4584 colunt
1248 4528 1585 4584 Stratilaten
1619 4527 1677 4581 in
1709 4544 1793 4593 se,
1825 4532 1882 4582 et
1918 4544 1961 4609 D
1995 4527 2150 4582 mine
2173 4531 2390 4580 tractus
2411 4520 2694 4609 premitur
2725 4521 2782 4573 in
2812 4519 2937 4609 ipso
2971 4524 3032 4572 ut
3056 4519 3192 4609 baro
3215 4533 3389 4586 quam
3421 4514 3640 4609 qui

219 4624 478 4680 reddunt
527 4620 724 4676 debita
777 4617 1076 4673 Stralitati.
1129 4618 1308 4681 Quem
1359 4621 1416 4671 et
1465 4619 1668 4670 ceterae
1721 4633 1886 4670 mon-

222 4715 422 4770 strant
471 4709 754 4782 sospitem
800 4707 848 4761 si
901 4707 1020 4762 sint
1069 4705 1307 4762 alacres.
1343 4707 1449 4759 Pro
1499 4705 1668 4775 cujus
1715 4705 1888 4759 etiam

221 4803 437 4857 funere
492 4797 539 4852 si
571 4798 668 4863 sit,
719 4811 926 4850 rursus
978 4794 1270 4866 squalent.
1307 4795 1417 4848 Sed
1468 4793 1516 4849 si
1567 4793 1826 4847 discedat
1857 4812 1892 4849 a

221 4886 482 4963 propriis
508 4891 728 4941 cunctae
771 4885 1048 4954 linquunt
1079 4883 1259 4937 serias
1309 4899 1440 4937 cum
1475 4899 1589 4953 quo
1622 4886 1890 4936 externas

219 4979 378 5050 piget
411 4993 510 5032 eas
543 4991 648 5029 nec
681 4973 976 5046 inquirere
1006 4973 1194 5026 sedes.
1222 4971 1440 5042 Nempe
1473 4970 1738 5042 popellus
1759 4987 1890 5040 pro-

218 5067 344 5122 ficit
363 5065 476 5121 sub
499 5061 707 5119 sedulo
728 5067 785 5117 et
803 5065 938 5116 Cato
960 5061 1108 5115 duce
1129 5062 1254 5116 sine
1275 5076 1392 5130 quo
1417 5060 1705 5115 instructa
1733 5059 1890 5130 regio

220 5153 578 5212 exinanitur.

288 5243 500 5300 Desine
530 5254 690 5296 nunc
740 5239 959 5308 coeptos
1006 5240 1061 5292 et
1113 5241 1272 5292 utere
1322 5236 1539 5292 nostris
1593 5234 1886 5290 sensibus.

212 5333 389 5392 Juvat
441 5331 666 5386 memet
713 5342 868 5380 nunc
905 5326 1065 5380 fabre
1115 5325 1427 5397 suggillare
1457 5341 1556 5379 eos
1607 5327 1890 5394 pequatos

215 5425 360 5492 (sic).
392 5421 436 5477 Ο
471 5433 628 5491 quos
660 5418 751 5470 sat
782 5418 873 5467 est
923 5413 1243 5468 distrahere
1274 5415 1451 5469 effusa
1506 5411 1715 5466 vestris
1746 5410 1892 5464 emi-

223 5511 431 5568 cadiis.
484 5501 825 5571 Quorsum!
860 5505 924 5555 ut
954 5502 1191 5570 possitis
1235 5503 1353 5557 fore
1400 5501 1486 5556 vel
1520 5497 1890 5569 symbolones

221 5594 677 5672 magnatumJn
711 5605 962 5660 quorum
992 5587 1545 5646 talione.Dumtaxat
1575 5603 1739 5659 nugae
1763 5587 1888 5641 red-

1998 4615 2180 4673 sticus
2227 4610 2466 4668 alterius
2499 4608 2642 4662 inibi
2691 4608 3046 4662 condensare
3087 4606 3305 4676 primos
3353 4619 3500 4674 quos
3530 4601 3640 4656 sibi

2001 4707 2290 4761 struxerat
2318 4700 2538 4768 absque
2568 4697 2736 4766 cujus
2777 4697 2911 4764 jure
2941 4710 3010 4749 ne
3043 4710 3248 4764 parum
3282 4690 3648 4762 permordeat

1998 4793 2133 4847 inde
2167 4790 2249 4845 vel
2285 4788 2383 4860 qui
2413 4787 2663 4841 vadutus
2696 4783 2970 4838 numellis
2990 4788 3046 4837 et
3065 4781 3346 4837 absteniis
3367 4781 3506 4835 dum
3529 4777 3648 4832 sint

2001 4884 2211 4934 cuncta
2259 4877 2454 4930 diruta
2478 4873 2661 4928 cernit
2691 4871 2941 4925 mulcere
2991 4871 3284 4942 propriam
3319 4875 3646 4924 matronam

2001 4967 2259 5036 saviis,et
2287 4965 2500 5020 sentiat
2531 4965 2795 5032 nepotem
2828 4959 2878 5012 vi
2904 4975 3273 5030 corrumpere
3294 4959 3647 5014 himeneaum

2000 5074 2118 5114 suae
2149 5054 2402 5123 familiae,
2436 5051 2577 5123 quin
2609 5049 2780 5104 etiam
2815 5053 2871 5102 et
2899 5045 3170 5102 deludere
3217 5062 3419 5119 proces
3449 5057 3650 5098 earum

1999 5146 2241 5201 seducta
2272 5158 2374 5213 spe
2404 5137 2700 5195 clientelae.

2071 5229 2315 5286 Difﬁcile
2344 5234 2432 5284 est
2448 5227 2614 5283 alicui
2645 5225 2918 5280 invadere
2950 5240 3194 5294 regnum
3227 5221 3276 5277 si
3301 5221 3420 5276 haec
3443 5218 3655 5289 arguat

2001 5333 2176 5390 quem
2210 5315 2456 5369 delectat
2509 5313 2791 5384 pilemum
2827 5313 2965 5384 quid
3001 5311 3133 5364 hinc
3183 5315 3273 5365 est
3303 5304 3656 5363 oriendum?

1998 5410 2146 5466 forte
2195 5401 2415 5456 interea
2445 5405 2674 5471 oppetet
2723 5405 2780 5455 et
2810 5401 3045 5453 decedet
3076 5399 3349 5453 barathro
3377 5414 3389 5462 ;
3414 5395 3512 5451 sed
3556 5411 3635 5464 qu

1999 5492 2188 5550 inhiat
2216 5489 2536 5558 descriptos
2559 5504 2832 5541 mmrores
2857 5507 3059 5558 parare
3077 5487 3296 5543 C(L‘U'I‘lS
3315 5491 3416 5540 aut
3433 5485 3659 5556 ignorat

2001 5592 2303 5646 avernum,
2338 5581 2439 5633 aut
2469 5574 2796 5645 impavidus
2826 5581 3108 5646 expectat.
3134 5579 3314 5642 Quem
3349 5575 3474 5647 ipse
3505 5576 3662 5629 sator
