3966 6210
365 349 475 412 891

1383 353 1716 418 ATTONIS
1761 353 2340 417 VERCELLENSIS
2385 352 2744 416 EPISGOPI

3662 352 3785 418 892

367 484 630 540 omnium
665 483 849 541 volvet
879 486 936 540 in
968 487 1337 557 sententiam,
1358 492 1422 542 ut
1450 489 1719 557 ignobilis
1753 489 2010 544 discedat
2039 488 2092 554 Α
2122 487 2251 542 culo
2281 487 2506 558 imperii
2533 487 2641 542 sub
2672 501 2786 557 quo
2809 488 2865 540 et
2889 482 3203 540 concinant
3224 500 3284 539 se
3314 481 3561 555 impune
3584 483 3788 542 silere.

367 574 439 628 ab
470 573 577 628 hoc
595 590 714 628 evo
745 579 802 628 et
819 576 1024 629 subeat
1049 575 1404 648 supplicium
1437 577 1825 650 futuri.lgitur
1843 593 2016 649 quem

367 661 749 732 Omnipotens
780 661 903 716 vult
920 667 1210 718 ostentare
1228 665 1472 735 dignum
1493 667 1615 720 suis
1634 665 2018 738 prognosticis

366 750 453 805 vel
488 767 661 822 quem
686 768 801 804 una
833 752 1039 822 quaerit
1063 769 1396 823 promovere
1423 755 1729 809 conventui
1753 755 2015 808 omnium

369 844 759 912 procerum,et
788 857 958 910 quem
977 841 1239 910 juvat,ad
1265 843 1320 896 id
1343 843 1586 898 decorus
1610 843 1830 913 patrius
1857 859 2021 896 amor

370 928 459 983 fas
489 933 578 983 est
609 930 918 984 ascendere
947 935 1245 984 vacantem
1281 931 1576 986 thronum.
1609 933 1716 986 Sed
1750 948 1881 986 cum
1918 947 2018 984 an-

369 1020 564 1083 testat,
590 1019 687 1072 sed
722 1022 918 1073 caveat
947 1020 1100 1089 quod
1135 1021 1346 1090 populo
1380 1037 1451 1074 ne
1478 1021 1702 1074 dividiae
1737 1023 2018 1088 crescant,

372 1107 471 1160 sed
496 1107 621 1176 ejus
643 1122 921 1161 ascensus
949 1113 1238 1163 removeat
1261 1110 1748 1179 omnejustitium
1772 1115 1826 1162 et
1851 1109 1893 1162 si
1923 1108 2020 1161 sit-

371 1195 476 1257 Qui
532 1194 631 1248 tali
689 1197 986 1251 sanctione
1035 1198 1319 1251 evaserint
1358 1200 1428 1252 ad
1481 1215 1726 1267 regnum
1781 1197 2021 1251 forsitan

369 1283 594 1337 beando
610 1284 855 1353 patriam
873 1286 1412 1354 poteruntobtinere
1435 1286 1656 1341 felicem
1681 1303 1745 1340 su
1758 1301 2020 1356 premum

371 1370 740 1432 diem,caeleri
773 1373 926 1426 exuti
959 1372 1192 1428 luerunt
1223 1390 1448 1445 poenam
1483 1374 2020 1446 tyrannidis,quam

368 1465 424 1514 et
452 1461 702 1514 tenendo
735 1467 1142 1531 protraxerunt
1173 1469 1436 1517 ramenta
1467 1463 1789 1517 Pandecten
1813 1461 2023 1533 poterit

374 1565 663 1603 reservare
712 1550 875 1604 vobis
911 1550 1029 1604 haec
1059 1550 1118 1604 in
1157 1552 1499 1622 gymnasio;
1537 1553 1707 1620 cujus
1755 1551 2022 1604 millenas

369 1637 545 1692 facies
584 1642 641 1692 et
688 1638 734 1692 si
771 1638 955 1708 placet
1003 1640 1285 1694 resolvere
1334 1657 1449 1694 non
1497 1644 1749 1711 opponet
1797 1639 2018 1692 obicem

370 1727 516 1781 meis
538 1726 792 1798 scriptis,
809 1728 908 1782 sed
936 1727 1060 1798 ipse
1083 1735 1382 1783 succurret
1403 1729 1650 1783 testibus
1675 1734 1731 1782 at
1753 1732 1815 1782 ut
1837 1726 2022 1797 stylus

2126 577 2287 640 Quod
2308 576 2569 630 illuserat
2590 575 2859 631 sedulum
2879 576 3208 645 Augustum
3232 579 3296 627 ut
3310 577 3367 628 et
3385 573 3509 644 ipse
3544 573 3787 630 fulciret

2129 683 2299 737 quem
2325 665 2500 720 etiam
2524 664 2804 735 applicuit
2833 664 2892 718 in
2915 663 3115 718 eodem
3143 662 3300 717 haud
3325 663 3789 734 deflansjugare

2129 771 2295 809 suam
2337 770 2673 825 germanam
2722 794 2734 806 .
2780 796 2790 806 .
2838 797 2848 806 .
2896 793 2908 806 .
2955 794 2966 805 .
3013 791 3024 802 .
3074 793 3086 804 .
3132 793 3143 804 .
3187 751 3504 806 obauxerat
3546 768 3615 806 se
3647 757 3787 808 tunc

2128 843 2413 914 tantisper
2461 843 2589 896 rudi
2621 847 2754 912 toga
2784 841 3015 912 spirans
3046 839 3383 895 orthodoxis
3433 842 3706 895 secunda
3735 845 3790 897 et

2131 948 2305 985 ruens
2337 929 2852 985 demolatria.Tum
2887 932 3126 983 auxerat
3150 927 3461 998 Delphicos
3484 932 3542 982 et
3573 930 3792 1000 pressit

2131 1020 2498 1090 tegularia,et
2529 1035 2771 1090 prorsus
2801 1017 3111 1088 abjurabat
3141 1021 3537 1087 acceptatores
3563 1019 3791 1073 metba-

2134 1109 2272 1162 nicas
2305 1109 2528 1171 artis,et
2557 1108 2981 1161 instauraverat
3012 1105 3362 1169 asseclas,et
3391 1105 3789 1177 spiculatores

2133 1215 2277 1269 quos
2304 1197 2477 1268 prisci
2504 1202 2769 1250 arcontes
2794 1194 3127 1248 adlexerant
3141 1193 3248 1249 sibi
3275 1199 3340 1248 ut
3365 1195 3791 1250 attaminarent

2132 1286 2512 1350 cimilialcum
2545 1286 2688 1356 ipsis
2723 1284 2968 1338 idoneis.
3001 1286 3166 1338 Anna
3197 1300 3311 1338 non
3333 1285 3457 1355 jam
3505 1284 3788 1339 caluisset

2132 1375 2419 1430 inchoata.
2455 1375 2560 1429 Sed
2617 1375 2785 1444 cujus
2817 1372 3123 1443 praesentia
3153 1376 3218 1426 ut
3267 1373 3454 1426 fuerat
3485 1378 3788 1427 auctorata

2134 1482 2234 1536 per
2262 1464 2498 1518 climata
2528 1462 2802 1532 desipuit,
2836 1461 2978 1531 quin
3012 1460 3292 1532 appendit
3323 1466 3463 1515 tunc
3517 1478 3788 1516 recusare

2132 1553 2283 1608 alme
2314 1552 2573 1623 mulgata
2593 1568 2778 1621 nuper
2798 1550 3055 1605 cruentis
3083 1549 3551 1605 antitethis.Jam
3586 1551 3636 1605 si
3658 1551 3786 1621 quis

2132 1644 2503 1697 confiteretur
2516 1641 2720 1695 Jesum
2755 1640 3009 1711 primum
3034 1639 3366 1694 destinabat
3386 1656 3519 1694 eum
3547 1639 3785 1694 sectori-

2133 1732 2263 1797 bus,
2297 1735 2352 1785 et
2383 1730 2519 1783 inde
2548 1729 2817 1801 lanystis.

370 1815 568 1870 redeat
584 1816 653 1869 ad
674 1818 830 1886 ipsos
849 1832 995 1886 quos
1020 1815 1286 1887 opeligna
1304 1817 1510 1872 cohors
1529 1816 1777 1870 curastis
1800 1831 2022 1886 pramo-
2054 1853 2101 1917 B
2202 1820 2271 1873 Et
2303 1835 2437 1874 mox
2479 1818 2714 1874 donavit
2743 1833 2948 1872 omnes
2997 1818 3206 1872 bacare
3239 1816 3471 1872 Bromio
3502 1820 3560 1870 et
3610 1816 3787 1871 simul

368 1908 492 1958 tare
523 1904 580 1957 in
606 1904 806 1959 faciem
831 1909 963 1960 ante
985 1905 1176 1976 proles
1198 1906 1326 1960 Ysai
1353 1905 1773 1976 perspiraverat
1795 1909 2020 1958 mutare

370 1993 581 2062 pedum
612 1992 670 2047 in
704 1995 1176 2066 scipione,usque
1207 1995 1347 2049 dum
1381 1994 1628 2066 quaesita
1658 1993 1916 2047 oratione
1945 1992 2022 2045 vi-

371 2083 564 2136 dentis
587 2083 664 2136 sit
686 2082 908 2154 prolata
927 2083 1139 2138 virtute
1154 2084 1376 2156 mystici
1393 2084 1694 2155 crysmatis
1711 2083 1765 2136 in
1781 2081 2022 2136 vertice?

372 2169 578 2226 Recolo
614 2171 916 2226 Exechiam
949 2177 1005 2227 et
1032 2173 1252 2227 Josiam
1277 2190 1310 2226 a
1335 2173 1572 2244 genitali
1605 2172 1890 2242 sanguine
1920 2170 2024 2223 Re-

369 2275 508 2331 gum
541 2260 826 2330 prodiisse
859 2265 1042 2331 Reges
1075 2261 1301 2316 favente
1331 2261 1656 2332 populo.An
1691 2277 1803 2314 non
1837 2260 2024 2313 fuerat

369 2349 496 2418 ejus
519 2348 745 2419 genitor
764 2349 989 2419 sopitus
1009 2349 1066 2402 in
1093 2351 1227 2404 sede
1256 2351 1615 2421 regni,cujus
1637 2349 1900 2420 genetrix
1924 2349 2026 2401 fle-

369 2436 502 2490 lena
521 2437 548 2489 ‘I
571 2437 669 2506 qui
702 2438 841 2491 dum
873 2443 1066 2508 ageret
1097 2439 1456 2509 providentia
1476 2438 1661 2493 voluit
1683 2438 1794 2492 sibi
1823 2453 2023 2492 conse-

371 2524 506 2577 dere
535 2525 834 2577 natum.Et
855 2525 1221 2581 Theodosius
1244 2531 1407 2580 ortus
1431 2531 1520 2580 est
1543 2525 1715 2580 claris
1738 2525 2024 2579 militibus

371 2609 916 2680 Hispanim.Auxilio
949 2612 1121 2683 primi
1154 2631 1187 2667 a
1217 2614 1482 2668 barbaris
1513 2615 1612 2684 qui
1647 2613 1898 2667 reddidit
1927 2617 2023 2666 tu-

373 2705 500 2754 tum
524 2699 723 2754 orbem
750 2701 947 2768 ;cujus
969 2718 1201 2772 quoque
1223 2702 1456 2757 indiciis
1483 2702 1738 2773 primum
1763 2702 2024 2755 intende-

373 2791 464 2841 rat
492 2803 554 2842 se
585 2786 764 2842 lavari
795 2789 866 2843 ad
901 2790 1685 2860 summa.lnquam.Cernens
1714 2806 1776 2844 se
1805 2789 1862 2843 in
1897 2806 2025 2844 oro-

377 2879 531 2930 mate
563 2875 830 2930 indutum
865 2875 1127 2948 clamyde
1147 2876 1463 2948 imperii,et
1492 2879 1768 2932 ferentem
1800 2883 2028 2949 stegma

377 2962 743 3034 impositum.
778 2966 902 3029 Qua
950 2964 1223 3036 indagine
1255 2966 1441 3036 potuit
1487 2982 1723 3022 noscere
1755 2967 2026 3021 eumdem

377 3057 510 3107 ante
541 3051 796 3108 invisum
827 3053 937 3108 sibi
962 3053 1123 3109 nullo
1155 3055 1344 3110 indice
1365 3072 1498 3110 cum
1531 3056 1880 3126 quandoque
1900 3073 2030 3110 con-

376 3140 627 3211 spiceret
655 3142 782 3211 ejus
813 3141 1060 3197 vultum.
1095 3143 1201 3208 Qui
1235 3160 1367 3198 mox
1405 3149 1705 3215 promotus
1736 3146 1807 3199 ab
1841 3145 2027 3215 Impe-

2134 1907 2490 1974 Chintbio,et
2503 1905 2890 1978 complicibus
2910 1922 3111 1960 eorum
3138 1905 3285 1960 cubo
3307 1905 3788 1961 tenus.Praeterea

2130 2001 2386 2053 erexerat
2406 2000 2545 2050 tunc
2571 1995 2928 2066 romphaam
2951 1998 3152 2049 contra
3169 1993 3485 2065 Principem
3500 1994 3781 2048 Constan-

2130 2086 2340 2149 tinum,
2375 2102 2409 2138 a
2438 2101 2551 2155 quo
2601 2088 2690 2138 est
2733 2082 3047 2154 stipulatus
3093 2082 3151 2136 in
3199 2098 3392 2153 regno,
3422 2087 3478 2136 et
3522 2082 3780 2137 adtinxit

2131 2173 2306 2228 etiam
2361 2171 2722 2243 conglorium
2775 2172 2901 2240 ejus
2941 2169 3322 2241 cognationis.
3353 2170 3457 2224 Sed
3506 2169 3664 2224 illico
3715 2173 3782 2224 ut

2133 2261 2254 2316 haec
2284 2265 2422 2315 sunt
2445 2260 2496 2314 ei
2527 2260 2795 2314 traducta
2835 2259 3136 2330 refragans
3178 2260 3306 2329 ipsa
3340 2256 3550 2311 exemit
3582 2273 3721 2312 eum
3751 2273 3784 2311 a

2134 2350 2374 2404 numine
2389 2348 2528 2419 quin
2553 2353 2609 2402 et
2622 2346 2873 2402 firmavit
2883 2347 3067 2415 tersaj
3079 2346 3393 2416 ura.Digna
3406 2345 3643 2415 quidem
3661 2361 3782 2414 spe-

2133 2439 2242 2494 ties
2273 2438 2364 2492 vix
2395 2435 2665 2508 pullulat,
2698 2435 2786 2490 vel
2820 2436 3128 2504 nequando
3159 2433 3604 2505 genere.Neque
3637 2437 3783 2487 extat

2134 2526 2310 2582 etiam
2340 2527 2414 2580 ab
2445 2522 2786 2596 expectabili
2816 2523 3216 2578 indifferenter
3246 2522 3512 2593 provenit
3555 2523 3627 2576 ad
3659 2537 3779 2592 per-

2135 2616 2351 2670 fectum
2382 2613 2556 2678 venit,
2591 2612 2690 2667 sed
2723 2611 2972 2666 subinde
3002 2610 3206 2664 defluit
3234 2627 3488 2680 nequam
3526 2627 3560 2664 a
3593 2609 3778 2681 praci-

2135 2721 2250 2776 puo
2279 2717 2504 2772 genere.
2527 2703 2597 2756 Et
2626 2701 2762 2756 inde
2791 2704 2879 2755 est
2908 2700 3126 2755 crimen
3162 2714 3329 2754 ruere
3360 2700 3432 2753 ad
3465 2704 3694 2771 seeptra
3721 2701 3782 2753 ut

2136 2797 2341 2848 tonant
2371 2795 2706 2864 praetaxata.

2205 2881 2314 2936 Sed
2347 2896 2450 2934 nec
2485 2879 2608 2934 sola
2655 2895 2821 2950 aequa
2852 2878 3062 2932 dicatio
3113 2877 3376 2948 perficiet
3427 2891 3780 2948 quemquam

2138 2968 2507 3040 magnum,ni
2532 2967 2811 3022 honestus
2835 2966 3156 3039 przetendat
3186 2981 3419 3037 quoque
3441 2965 3781 3038 dignitatem

2137 3057 2382 3113 imbutis
2416 3056 2676 3111 moribus
2711 3055 2902 3127 quoad
2932 3053 3117 3109 valeat
3137 3054 3530 3110 conscendere
3555 3054 3612 3108 in
3631 3057 3783 3108 aeter-

2139 3164 2280 3203 num
2316 3161 2582 3217 regnum.
2620 3145 2687 3199 Et
2711 3144 2797 3199 his
2827 3143 3116 3198 filacteriae
3149 3143 3436 3198 debentur
3464 3159 3676 3198 omnes
3705 3157 3784 3196 re-

375 3234 565 3285 ratore
595 3230 870 3286 Gratiano
891 3231 1139 3287 efficitur
1163 3233 1581 3303 consors,quod
1607 3233 1880 3288 manebat
1900 3232 2030 3304 ipsa
2059 3216 2102 3282 C
2140 3234 2339 3290 dimiis
2387 3216 2620 3288 Christi.
2653 3232 2873 3304 Cuique
2921 3248 3148 3287 servare
3197 3231 3534 3287 modestum
3577 3229 3702 3284 vita
3730 3229 3784 3283 in

375 3317 520 3373 visio
574 3320 919 3390 urgentibus
951 3320 1140 3389 bellis,
1174 3338 1300 3391 quae
1351 3322 1400 3376 is
1432 3323 1653 3376 sedavit
1692 3323 1928 3377 interea.
1963 3323 2032 3376 Et

377 3408 512 3463 inde
544 3408 738 3463 decuit
769 3425 940 3464 suum
972 3410 1332 3480 mquivocum
1365 3416 1633 3482 nepotem
1665 3410 2032 3481 aequipedan-

376 3499 492 3552 tem
527 3497 750 3551 meritis
779 3497 1094 3569 tranquille
1124 3499 1438 3554 subsedere
1461 3499 1736 3555 thronum
1773 3500 1954 3570 patris
1976 3504 2033 3554 et

379 3585 552 3639 avi.Si
584 3586 642 3640 in
677 3586 783 3640 hac
815 3603 1021 3641 norma
1049 3587 1222 3642 alicui
1255 3587 1444 3659 regale
1474 3588 1686 3643 solium
1717 3589 1873 3642 hunc
1903 3589 2029 3658 jam

379 3689 495 3727 non
526 3673 745 3728 tenebit
767 3676 938 3744 culpa
959 3679 1015 3728 et
1036 3675 1084 3728 si
1106 3675 1305 3730 sedent
1339 3677 1385 3730 si
1414 3681 1648 3731 censeat
1669 3681 1852 3731 semet
1875 3677 2033 3731 sufﬁ-

381 3776 508 3814 cere
530 3759 601 3813 ad
627 3775 838 3816 nomen
864 3766 1036 3815 tantae
1060 3764 1382 3832 majestatis
1404 3781 1505 3835 pro
1528 3781 1640 3834 quo
1665 3765 1764 3819 sed
1793 3763 2034 3819 minime

375 3847 591 3917 jubilet
611 3847 801 3902 adhuc
833 3866 895 3904 se
915 3866 1150 3906 manere
1172 3852 1602 3907 securum.Solo
1624 3852 2033 3923 auspicialicet

383 3935 634 3991 existant
654 3936 1052 4007 digna,tamen
1075 3957 1188 3994 non
1208 3941 1484 4012 supplent
1508 3941 1760 4012 praebere
1781 3940 2027 4007 felicem,

385 4025 485 4079 sed
519 4031 860 4096 quaeruntur
909 4026 1288 4083 incrementa.
1326 4029 1488 4084 Inde
1519 4030 1658 4085 libet
1704 4030 1848 4084 mihi
1879 4047 2034 4084 nunc

382 4128 596 4184 ponere
627 4119 794 4184 pasta
823 4115 1096 4187 dogmata
1127 4115 1273 4191 λογω
1307 4123 1522 4170 Kquou
1549 4117 1685 4174 Saul
1707 4118 1927 4173 levatus
1948 4121 2037 4172 est

386 4203 456 4257 de
485 4219 663 4274 parva
691 4205 932 4260 traduce
953 4209 1016 4260 ut
1035 4212 1298 4262 tueretur
1317 4207 1511 4262 Israel.
1534 4207 1679 4262 Hinc
1701 4207 2034 4263 Palaestinos

386 4291 568 4346 trudit
586 4292 644 4346 in
667 4293 953 4365 principio
970 4294 1059 4348 sui
1076 4297 1235 4367 regni
1251 4300 1308 4350 et
1329 4301 1572 4366 ceperat
1585 4312 1903 4367 pergyrum
1919 4295 2036 4349 exi-

385 4381 590 4436 nanire
613 4382 1182 4454 caeterasperduelles
1195 4384 1456 4439 nationes
1470 4383 1696 4439 levibus
1708 4383 2032 4454 triumphis.

388 4471 569 4535 Quem
593 4475 657 4524 ut
678 4471 1057 4542 Pleonexagia
1085 4473 1270 4542 Coegit
1290 4472 1516 4526 inhiare
1537 4472 1726 4526 vetitis
1757 4488 1890 4526 mox
1909 4474 2037 4541 ejus

2139 3324 2371 3396 propria
2405 3339 2701 3378 mensura.
2735 3320 2974 3376 Ambire
3007 3324 3168 3376 extra
3197 3325 3376 3391 ponat
3407 3321 3787 3385 accidiam,et

2140 3412 2216 3468 sit
2237 3413 2524 3483 abrogans
2562 3427 2749 3481 neque
2784 3410 2860 3465 sit
2879 3425 3158 3481 congerro
3193 3408 3285 3463 cui
3309 3413 3400 3463 sat
3428 3409 3557 3463 sint
3582 3407 3784 3463 benefi-

2140 3501 2380 3571 cia,quze
2407 3501 2568 3569 juste
2600 3499 2892 3569 liquerant
2921 3497 2971 3553 ei
3004 3496 3373 3568 antigenaa,et
3401 3513 3536 3567 quas
3572 3498 3784 3567 impen-

2141 3590 2227 3644 dit
2257 3587 2455 3642 herilis
2486 3585 2825 3652 liberalitas,
2859 3589 3097 3657 cogente
3127 3583 3352 3640 illibato
3394 3584 3706 3651 famulatu,
3736 3584 3787 3636 et

2141 3695 2268 3749 quae
2299 3677 2495 3730 fundit
2515 3680 2713 3730 exacta
2734 3673 3035 3729 rusticatio
3065 3674 3136 3728 de
3159 3673 3639 3744 propriojure,et
3667 3685 3783 3742 qua

2142 3767 2250 3820 rite
2281 3765 2569 3836 depromit
2598 3764 2862 3832 injuncta
2891 3778 3006 3817 ars.

2215 3859 2280 3908 Et
2301 3855 2350 3908 si
2369 3855 2511 3908 forte
2531 3853 2782 3920 majores
2797 3849 2998 3906 sedule
3018 3849 3290 3921 delegant
3305 3847 3786 3920 officia,suppleat

2143 3959 2258 3998 non
2289 3942 2590 4012 gestiendo
2622 3941 2716 3994 hic
2748 3955 3044 4011 pompam,
3072 3939 3171 3994 sed
3205 3954 3549 4010 perennem.
3582 3938 3711 4001 Quae
3740 3932 3784 3988 si

2144 4032 2394 4087 referant
2423 4030 2911 4095 emolumentum,
2944 4027 3224 4098 rependat
3261 4026 3478 4097 pariter
3505 4025 3712 4081 laudes
3735 4022 3786 4076 et

2144 4116 3022 4189 obsequiaaaternothuamvis
3036 4114 3291 4185 patiatur
3318 4113 3648 4184 deliquium
3680 4124 3784 4165 non

2144 4223 2348 4279 expers
2373 4208 2602 4261 deserat
2626 4205 2887 4277 flagitare
2909 4205 3181 4258 eumdem
3205 4219 3312 4258 nec
3338 4201 3709 4274 blasphemat
3731 4199 3783 4252 in

2145 4299 2401 4369 egestate
2426 4295 2667 4366 ignarus
2698 4310 2813 4364 qua
2843 4293 3134 4348 sententia
3161 4291 3241 4346 sit
3270 4295 3483 4346 tactus.
3506 4291 3660 4348 Num
3692 4301 3782 4341 ne-

2146 4388 2368 4456 queunt
2390 4384 2699 4438 succedere
2732 4381 3045 4452 inopinata;
3089 4379 3242 4436 vices
3267 4381 3294 4434 ‘?
3323 4381 3469 4435 Nam
3500 4380 3553 4435 si
3601 4383 3782 4432 Ceno-

2148 4474 2331 4527 doxus
2361 4471 2547 4526 inhiet
2574 4487 2604 4525 e
2634 4474 2837 4542 gratus
2869 4468 3188 4524 auctionari
3220 4486 3334 4540 pra
3366 4485 3427 4523 se
3460 4466 3671 4540 poterit
3695 4461 3781 4518 hic

385 4563 598 4614 teretes
651 4559 843 4616 lacerti
875 4561 1156 4624 torpendo
1207 4563 1508 4614 cessarant
1535 4575 1569 4612 a
1613 4575 1828 4630 pugna.
1860 4560 2039 4630 Cujus
2068 4579 2116 4644 Ι)
2148 4561 2328 4616 elisus
2358 4560 2620 4625 erinis,et
2649 4559 2869 4613 retrudi
2899 4558 3176 4612 creb0.En
3197 4557 3334 4612 lSed
3369 4557 3508 4628 quid
3541 4572 3644 4630 ego
3665 4567 3784 4624 pro-

384 4648 557 4702 etiom
587 4649 1042 4703 terribolamens
1065 4664 1173 4701 non
1202 4662 1562 4716 praesumens
1576 4651 1837 4717 spectare
1855 4647 2037 4702 aciem

385 4736 573 4792 hostis
604 4737 837 4807 proprio
866 4734 980 4788 telo
1013 4735 1256 4804 impegit
1289 4739 1472 4788 semet
1500 4735 1558 4787 in
1589 4739 1785 4790 etneas
1816 4753 2035 4806 pmnas.

384 4826 455 4879 Et
483 4823 778 4876 Eudoxius
831 4821 1100 4892 princeps
1131 4821 1345 4876 tulerat
1389 4837 1584 4893 regem
1618 4823 1924 4879 Manassen
1970 4826 2039 4879 de

387 4910 649 4965 redivivo‘
666 4909 1311 4982 sanguine;postquam
1344 4911 1501 4965 enim
1533 4916 1679 4966 Deus
1706 4912 2037 4984 quindecim

386 5013 572 5054 annos
593 4998 891 5053 Ezechiam
918 4999 1078 5053 auxit
1102 5001 1170 5054 ad
1195 4999 1370 5054 vitam
1396 5006 1596 5071 postea
1617 5001 1726 5055 iste
1757 5007 1930 5055 natus
1953 5007 2040 5056 est

385 5089 704 5144 Manasses.
736 5089 836 5142 Cui
868 5089 1185 5144 succedens
1215 5088 1274 5143 in
1304 5088 1514 5145 throno
1545 5091 1774 5145 censuit
1804 5089 2037 5145 interim

384 5177 639 5250 extingui
661 5194 787 5248 quae
809 5177 1035 5249 genitor
1056 5177 1298 5251 ﬂagrare
1319 5183 1375 5233 et
1397 5195 1523 5250 quas
1545 5180 1670 5248 ipse
1693 5179 1885 5247 prodit
1905 5179 2041 5233 sub-

384 5265 2038 5338 cisivaissancivitsupplicandaimpugnansTheusebiam

385 5360 441 5410 et
472 5356 756 5410 reducens
788 5355 950 5426 orgia
976 5356 1263 5411 Dzemonis
1295 5360 1352 5410 et
1381 5354 1597 5425 phana.

459 5443 712 5496 Licinius
765 5443 978 5515 quippe
1009 5445 1189 5499 donec
1234 5443 1420 5497 tendit
1452 5441 1666 5513 collega
1699 5443 1756 5496 in
1811 5442 2042 5513 agmine

389 5531 640 5584 militum
691 5531 908 5586 scitalis
949 5537 1212 5602 adusque
1259 5531 1512 5587 obtinuit
1559 5531 1772 5586 illicere
1818 5536 2042 5586 mentes

389 5633 589 5676 eorum
618 5623 685 5674 ut
717 5623 991 5689 urgerent
1019 5635 1152 5675 cum
1185 5619 1480 5677 favoribus
1505 5617 1696 5689 inepte
1727 5617 1900 5689 potiri
1931 5617 2044 5673 cal-

2149 4651 2315 4705 fusus
2347 4647 2827 4720 patagine,instar
2844 4646 3158 4717 emphatici
3182 4647 3464 4718 praeconis
3494 4647 3680 4701 enitor
3698 4657 3782 4696 ex-

2148 4738 2360 4810 plicare
2391 4737 2677 4807 digestam
2692 4734 3009 4807 linquentis
3023 4735 3414 4807 saeculi,cujus
3436 4734 3669 4790 morbos
3684 4744 3780 4785 nec

2147 4824 2365 4878 diserta
2380 4821 2574 4894 glossa
2591 4821 2795 4877 suffert
2806 4822 3092 4891 conjicere
3112 4822 3139 4876 ‘I
3159 4822 3265 4876 Sed
3287 4821 3542 4876 deterius
3568 4815 3780 4889 languit

2148 4913 2444 4984 quondam
2469 4911 2608 4965 dum
2626 4909 2968 4976 Clinicus,et
2987 4911 3300 4981 depressus
3318 4926 3482 4966 emno
3508 4902 3780 4980 congemi-

2147 5018 2296 5056 nans
2325 5005 2520 5055 trenos
2552 5000 2789 5054 tabebat
2824 5001 2951 5070 jam
2984 5000 3202 5054 defreta
3231 4998 3420 5054 salute
3447 5017 3460 5066 ;
3495 4998 3586 5053 cui
3616 4994 3777 5050 etiam

2148 5088 2526 5161 protoclectes
2539 5088 2948 5160 superastabat
2964 5087 3232 5143 demoliri
3244 5087 3453 5143 virosis
3474 5083 3773 5142 morsibus.

2149 5178 2260 5234 Sed
2292 5176 2610 5248 respiciens
2656 5175 2892 5231 interim
2923 5175 3025 5246 qui
3054 5175 3398 5232 eonlinierat
3440 5175 3631 5248 ipsum
3658 5166 3778 5226 vola

2150 5265 2418 5322 subvenit
2447 5265 2680 5335 adtrito,
2713 5269 2770 5320 et
2819 5263 3076 5320 excussit
3104 5279 3239 5319 eum
3270 5265 3341 5321 ab
3373 5281 3469 5320 ore
3503 5260 3775 5334 ejusdem.

2150 5371 2324 5428 quem
2371 5352 2595 5408 evitans
2625 5354 2798 5408 etiam
2834 5352 3169 5421 adentavit;
3200 5357 3258 5408 et
3303 5352 3619 5408 resolidans
3648 5351 3774 5400 tunc

2151 5443 2494 5507 solutum,et
2524 5440 2815 5495 elumbem
2838 5440 3126 5495 mundum
3158 5441 3412 5496 firmavit
3431 5432 3774 5502 stare.Cujus

2151 5529 2325 5585 saluti
2357 5527 2573 5597 pariter
2599 5527 2856 5583 innotuit
2879 5529 3116 5584 vitanda
3144 5534 3202 5584 et
3229 5525 3624 5592 utenda.Quod
3654 5517 3775 5590 quia

2149 5621 2556 5686 transgressus
2583 5616 2978 5674 communicat
2998 5617 3210 5686 noxiis,
3232 5621 3290 5674 et
3317 5619 3544 5674 recusat
3569 5609 3773 5670 saluta-
