3966 6210
179 367 297 429 ωττ

1558 364 2185 429 TESTAMEMTUM.

3449 372 3568 431 898

181 515 306 555 cum
337 497 445 553 hac
476 498 675 552 tamen
702 495 1053 563 conditione,
1080 500 1143 551 ut
1174 497 1296 567 ipse
1324 498 1503 554 abbas
1534 516 1665 554 cum
1693 515 1816 554 mo-
1845 501 1899 566 Α
1930 500 2222 555 minorum
2282 516 2479 572 regum
2521 504 2577 555 et
2624 501 2842 555 domini
2894 517 3051 572 papa
3112 503 3567 573 interponentes,

184 587 375 644 nachis
404 586 550 651 suis,
584 585 725 639 dum
758 584 1082 640 cardinales
1126 591 1185 639 at
1232 588 1538 642 decumani
1590 588 1810 659 praefati

187 681 345 733 erunt
372 676 432 730 in
460 673 710 730 ecclesia
738 676 923 729 sancti
947 675 1261 740 Ambrosii,
1287 676 1499 731 vadant
1528 694 1657 730 cum
1691 676 1816 730 lita-

186 765 287 821 niis
316 764 439 820 suis
465 764 537 819 ad
571 762 879 819 ecclesiam
908 768 1122 818 sancta
1156 764 1341 819 Maria
1374 766 1609 835 Majoris
1641 765 1811 820 sitam

181 854 326 910 intra
354 852 645 907 civitatem
672 852 1002 919 Mediolani,
1028 840 1365 907 ubidicitur
1386 854 1545 908 intus
1567 854 1813 921 vineam,

182 948 232 997 et
257 942 332 997 ibi
355 958 522 997 sacra
547 941 765 996 faciant
787 957 888 1012 pro
920 940 1118 995 anima
1145 958 1294 1006 mea,
1321 946 1378 996 et
1410 942 1572 996 bona
1598 959 1815 996 memo-

182 1032 273 1087 ria
290 1032 514 1085 domna
538 1030 733 1085 Maria
757 1030 982 1095 matris,
1002 1046 1066 1084 ac
1089 1030 1315 1085 domna
1338 1030 1555 1084 Imilda
1578 1032 1815 1095 sororis,

182 1137 432 1177 mearum
464 1119 545 1174 ibi
596 1119 972 1174 humatarnm
1007 1134 1019 1172 :
1056 1118 1239 1173 altera
1272 1119 1363 1173 die
1412 1119 1567 1173 idem
1601 1120 1821 1173 faciant

182 1228 276 1282 pro
306 1209 614 1265 animabus
663 1208 825 1263 bona
866 1207 1159 1262 memoria
1210 1207 1521 1261 comitissa
1574 1208 1818 1262 Felinda

182 1300 310 1354 avia
343 1314 504 1363 mea,
526 1303 584 1351 et
626 1296 879 1350 filiarum
916 1296 1075 1365 ejus;
1108 1301 1162 1351 et
1193 1296 1285 1350 die
1318 1298 1483 1351 tertio
1533 1297 1706 1351 etiam
1740 1298 1820 1351 ita

182 1390 279 1444 ﬁat
307 1405 406 1459 pro
435 1387 748 1441 animabus
780 1386 1110 1439 Rodelinda
1144 1384 1390 1455 proaviae
1425 1402 1583 1451 mea,
1607 1392 1663 1439 et
1692 1401 1817 1440 om-

182 1478 334 1532 nium
352 1476 760 1531 defunctorum
790 1490 1051 1529 meorum
1078 1491 1089 1527 :
1114 1474 1263 1542 quod
1289 1475 1335 1529 si
1362 1491 1472 1528 non
1498 1474 1817 1535 tiet,omnia

182 1566 440 1636 praedicta
468 1564 554 1617 eis
584 1563 770 1633 legata
797 1562 915 1617 sint
943 1563 1167 1615 domnae
1192 1563 1475 1616 Bertrada
1506 1562 1817 1616 abbatissa

183 1654 309 1707 dicti
341 1652 679 1707 monasterii
705 1656 915 1705 sancta
939 1651 1132 1704 Maria
1165 1651 1417 1719 Majoris.
1452 1653 1590 1705 Item
1624 1651 1813 1717 iudico

182 1747 233 1796 et
259 1740 379 1812 lego
408 1740 581 1794 dicta
608 1738 921 1793 venerabili
950 1739 1175 1791 domna
1200 1740 1503 1793 abbatissa
1528 1739 1814 1793 Bertrada

184 1830 397 1884 fratrua
421 1845 567 1883 mea
590 1844 722 1882 cum
741 1828 867 1897 ejus
892 1827 1241 1881 monialihus
1258 1832 1313 1880 et
1337 1828 1687 1881 monasterio
1710 1845 1814 1882 suo
1848 1862 1892 1925 Β

182 1935 374 1973 mansa
403 1916 673 1989 quinque
702 1920 867 1969 terra
904 1916 1058 1984 juris
1089 1916 1221 1981 mei,
1248 1917 1345 1982 qui
1377 1933 1555 1987 supra
1586 1917 1816 1971 Attonis

180 2007 438 2078 episcopi,
467 2007 531 2059 in
564 2009 725 2060 curte
753 2004 1003 2069 Cerdati,
1027 2020 1159 2057 cum
1193 2004 1472 2071 adificiis,
1508 2005 1709 2064 servis.
1734 2004 1815 2059 al-

180 2095 282 2151 diis
301 2101 357 2151 et
373 2110 584 2151 eorum
608 2092 847 2148 familiis
871 2093 1177 2163 utriusque
1199 2108 1371 2148 sexus
1393 2094 1815 2165 spectantibus,

178 2184 231 2238 in
260 2184 576 2256 integrum,
603 2186 667 2236 ut
696 2181 1061 2236 commodius
1094 2181 1320 2252 possint
1353 2184 1462 2237 Deo
1498 2182 1733 2248 servire,
1763 2186 1819 2236 et

178 2273 347 2328 semel
376 2273 434 2327 in
470 2286 674 2326 mense
703 2270 1078 2325 recordentur
1109 2286 1271 2325 orare
1302 2274 1367 2325 ut
1398 2270 1592 2324 anima
1628 2287 1755 2326 mea
1787 2288 1820 2325 a

179 2361 418 2431 peccatis
448 2359 733 2415 solvatur.

244 2450 315 2503 Et
341 2448 460 2503 hac
494 2447 687 2501 omnia
707 2463 812 2517 ego
839 2446 936 2517 qui
968 2462 1144 2517 supra
1174 2451 1310 2500 Atto
1335 2447 1643 2518 episcopus
1658 2449 1817 2517 judi-

183 2554 247 2592 co
268 2541 323 2591 et
340 2536 481 2591 facio
504 2552 637 2589 cum
659 2535 1007 2601 conditione,
1026 2535 1180 2605 quod
1214 2536 1467 2605 praedicti
1491 2552 1693 2591 omnes
1716 2546 1815 2607 qui

182 2642 352 2697 supra
381 2623 729 2692 cardinales,
752 2623 1082 2689 decumani,
1109 2623 1309 2691 abbas,
1333 2625 1621 2690 monachi,
1646 2627 1816 2680 abba-

182 2715 338 2779 tissa,
368 2718 422 2768 et
455 2711 765 2779 moniales,
798 2728 863 2766 ac
908 2728 1109 2767 eorum
1154 2729 1540 2777 successores,
1565 2713 1651 2767 vel
1686 2731 1815 2767 suc-

184 2802 428 2869 cetrices,
480 2800 718 2856 unitum
768 2800 854 2855 vel
908 2800 1246 2871 separatim,
1278 2801 1335 2853 in
1380 2804 1566 2855 totum
1619 2802 1705 2855 vel
1756 2802 1812 2855 in

183 2898 411 2963 partem,
434 2891 626 2945 dictas
648 2888 848 2951 valles,
866 2894 1081 2953 curtes,
1100 2888 1341 2953 casales,
1366 2894 1571 2958 terras,
1596 2906 1811 2957 servos,

184 2980 436 3050 famulos,
455 2978 652 3035 aldios
676 2978 982 3048 utriusque
1005 2994 1197 3043 sexus,
1220 2994 1333 3031 non
1358 2978 1587 3048 possint
1608 2979 1814 3048 quovis

185 3070 337 3125 modo
370 3068 632 3124 alienare
663 3070 763 3120 aut
795 3066 1074 3131 invasere,
1095 3065 1232 3135 quia
1254 3081 1383 3120 mea
1414 3068 1582 3120 firma
1611 3067 1811 3121 volun-

182 3162 260 3213 tas
279 3164 383 3225 est,
409 3157 574 3229 quod
604 3154 801 3209 omnia
824 3154 1096 3225 praedicta
1128 3154 1423 3225 perpetuis
1454 3156 1814 3226 temporibus

182 3249 551 3317 permaneant
572 3243 642 3297 ad
662 3242 883 3297 cultum
904 3242 1162 3296 divinum
1183 3242 1240 3296 in
1265 3243 1523 3313 requiem
1548 3244 1811 3299 omnium
1844 3218 1886 3283 (ἶ

184 3334 584 3389 defunctorum
616 3347 899 3386 meorum.
927 3332 1054 3385 Ideo
1081 3335 1405 3386 reverenter
1426 3348 1563 3403 rogo
1584 3349 1813 3398 vos,ve-

185 3422 475 3494 nerabiles,
504 3425 679 3494 pater
703 3419 935 3474 domine
958 3418 1408 3489 archiepiscope,
1430 3424 1486 3475 et
1506 3437 1708 3476 omnes
1729 3438 1815 3476 re-

187 3512 426 3567 sidentes
448 3512 508 3565 in
534 3510 649 3564 hac
673 3512 874 3562 sancta
890 3508 1129 3576 synodo,
1152 3511 1215 3561 ut
1240 3508 1470 3578 ponatis
1491 3525 1821 3563 excommu-

184 3600 522 3655 nicationem
545 3603 606 3653 et
626 3596 937 3651 anathema
954 3612 1129 3667 super
1143 3611 1347 3651 omnes
1368 3597 1468 3667 qui
1491 3597 1599 3652 hoc
1622 3614 1817 3653 meum

171 3689 487 3757 judicatum
519 3688 588 3741 in
620 3689 740 3740 toto
771 3684 860 3739 vel
896 3685 954 3739 in
986 3688 1146 3755 parte
1174 3683 1531 3740 violaverint.

244 3776 353 3832 Hoc
373 3778 609 3843 audito,
633 3774 907 3829 dominus
929 3773 1401 3844 archiepiscopus
1424 3778 1480 3829 et
1510 3775 1701 3830 omnis
1732 3793 1821 3847 sy—

178 3866 352 3921 nodus
375 3884 443 3921 ex
465 3866 636 3937 parte
656 3862 756 3917 Dei
774 3866 829 3916 et
849 3861 1111 3917 omnium
1130 3866 1463 3917 sanctorum
1486 3864 1821 3919 anathema-

176 3951 357 4009 tizavit
386 3955 732 4026 quicunque
780 3966 880 4021 per
925 3949 1329 4022 qualecunque
1379 3953 1677 4024 ingenium
1713 3953 1820 4008 hoc

171 4042 486 4111 judicatum
513 4038 872 4096 venerabilis
900 4038 1081 4109 patris
1112 4039 1333 4093 domini
1356 4042 1585 4096 Attonis
1609 4047 1820 4097 sancta

177 4129 555 4186 Vercellensis
585 4125 854 4182 Ecclesia
885 4126 1141 4197 episcopi
1167 4126 1496 4196 violaverit;
1531 4134 1587 4184 et
1618 4130 1717 4201 qui
1751 4132 1827 4186 fe-

177 4219 325 4286 cerit,
352 4224 587 4291 partem
616 4216 826 4270 habeat
847 4231 979 4269 cum
1000 4215 1152 4270 Juda
1178 4215 1456 4271 traditore
1487 4234 1553 4272 ac
1584 4218 1823 4275 Simone

178 4321 335 4379 mago
365 4309 424 4362 in
476 4304 812 4379 gehennam
844 4308 1143 4369 aternam,
1174 4320 1291 4357 una
1344 4321 1476 4358 cum
1526 4309 1740 4362 Satana
1770 4312 1825 4362 et

176 4393 411 4451 diabolis
443 4396 599 4466 ejus.
626 4392 694 4447 Et
741 4392 1011 4447 dixerunt
1060 4407 1262 4446 omnes
1307 4408 1318 4443 :
1365 4391 1510 4460 Fiat,
1545 4394 1665 4462 ﬁat,
1701 4394 1820 4449 fiat.

176 4481 288 4544 Quo
318 4484 493 4552 facto,
516 4483 645 4554 ipse
666 4482 799 4535 Atto
823 4479 1130 4551 episcopus
1155 4478 1299 4533 dixit
1324 4495 1335 4533 :
1361 4479 1595 4549 Audite,
1621 4498 1822 4537 omnes

174 4572 524 4628 venerabiles
558 4573 791 4635 Patres;
826 4568 919 4622 hic
969 4567 1255 4638 disposui,
1301 4584 1427 4637 qua
1470 4568 1737 4638 judicare
1768 4575 1824 4625 et
1852 4581 1898 4644 D

177 4657 477 4729 disponere
504 4658 667 4730 potui
700 4674 802 4728 pro
825 4654 1179 4711 conscientia
1212 4672 1369 4723 mea;
1405 4655 1658 4727 reliquas
1688 4675 1819 4713 vero

176 4761 335 4801 meas
356 4747 743 4810 substantias,
768 4761 895 4815 qua
928 4742 1069 4797 mihi
1104 4744 1274 4799 modo
1306 4744 1590 4815 pertinere
1619 4747 1817 4802 viden-

171 4837 289 4901 tur,
313 4834 512 4904 judico
545 4840 601 4889 et
629 4834 755 4905 lego
790 4832 1306 4904 propinquioribus
1340 4836 1506 4899 meis,
1533 4840 1597 4889 ut
1636 4836 1705 4889 de
1736 4835 1819 4890 eis

170 4922 384 4977 faciant
404 4923 689 4995 quidquid
714 4920 1020 4985 voluerint,
1039 4921 1207 4989 juxta
1227 4921 1669 4992 dispositionem
1696 4941 1819 4979 ma-

159 5011 350 5080 jorum
370 5027 601 5077 eorum,
620 5016 677 5066 et
697 5012 787 5065 lex
811 5010 1194 5079 Longobarda
1216 5010 1491 5079 disponit.
1517 5011 1655 5065 Item
1682 5029 1818 5083 rogo

172 5105 435 5154 sanctum
470 5104 697 5171 patrem
724 5096 1113 5152 venerabilem
1150 5114 1383 5167 papam,
1407 5102 1465 5151 et
1494 5098 1821 5154 clementis-

172 5186 344 5243 simos
373 5186 652 5242 dominos
683 5202 847 5257 reges
887 5184 1009 5238 suis
1052 5183 1263 5239 litteris
1294 5184 1402 5239 hoc
1434 5202 1631 5241 meum
1656 5188 1821 5257 judi-

172 5279 360 5330 catum
393 5275 747 5329 confirmare
783 5274 1117 5343 dignentur.

236 5364 460 5426 Quibus
487 5361 729 5430 auditis,
755 5360 1029 5415 dominus
1056 5360 1213 5430 Hugo
1248 5374 1443 5413 comes
1464 5364 1520 5413 et
1545 5360 1819 5417 dominus

170 5448 450 5521 Rogerius
474 5448 789 5521 episcopus
814 5446 979 5501 missi
1001 5447 1698 5515 pradicti,auctoritatem
1725 5451 1821 5504 do-

1927 589 2044 642 hac
2102 590 2299 643 omnia
2354 589 2863 645 convalidaverunt
2897 595 2951 644 et
2981 592 3325 646 confirmare
3384 594 3571 648 facere

1926 678 2338 747 promiserunt.
2366 678 2465 732 llis
2496 679 2761 749 peractis,
2796 679 2947 733 idem
2978 680 3252 734 dominus
3284 686 3416 736 Atto
3448 684 3566 753 epi-

1928 781 2137 836 scopus
2183 784 2297 820 una
2343 783 2474 820 cum
2512 768 2749 837 Ilugone
2790 768 3123 821 marcbione
3172 774 3228 821 et
3280 770 3571 824 Brucardo

1928 854 2136 907 comite
2168 856 2460 909 advocatis
2494 856 2615 910 suis
2648 856 2829 910 dixit:
2861 857 2987 909 Hac
3020 861 3108 910 est
3137 873 3265 911 mea
3293 858 3440 913 libra
3472 876 3569 913 vo-

1927 941 2122 995 luntas
2152 949 2208 995 et
2240 943 2509 996 ultimum
2547 960 2740 997 meum
2775 946 3127 1012 judicatum.
3161 946 3250 999 Sic
3284 964 3375 1001 me
3422 953 3570 1001 Deus

1930 1030 2181 1098 adjuvet,
2214 1047 2406 1085 amen.
2444 1036 2647 1085 Actum
2684 1033 2739 1086 in
2780 1033 3019 1087 basilica
3066 1035 3247 1087 sancti
3280 1036 3570 1090 Ambrosii

1930 1118 2220 1188 pontificis
2252 1124 2307 1172 et
2352 1120 2719 1187 confessoris,
2755 1121 2851 1173 ubi
2884 1122 3009 1189 ejus
3042 1128 3308 1177 sanctum
3343 1124 3571 1194 requie-

1930 1207 2040 1260 scit
2070 1223 2301 1277 corpus.

2002 1300 2027 1356 λγ
2070 1296 2179 1365 Ego
2218 1296 2497 1366 ltogerius
2548 1296 2789 1350 humilis
2818 1297 3127 1368 episcopus
3174 1299 3399 1369 legatus
3431 1302 3571 1356 mis-

1931 1399 2032 1437 sus
2064 1385 2417 1437 sanctissimi
2454 1386 2634 1453 patris
2664 1385 3006 1439 venerabilis
3038 1387 3240 1440 Marini
3278 1406 3429 1457 papa
3464 1390 3571 1445 hoc

1923 1472 2251 1542 judicatum
2288 1472 2537 1533 laudavi,
2573 1474 2929 1542 conﬁrmavi,
2965 1480 3019 1527 et
3049 1476 3389 1545 subscripsi.

2002 1565 2177 1629 fligo
2214 1563 2373 1631 llugo
2419 1578 2610 1614 comes
2660 1562 2885 1629 legatus
2935 1563 3153 1615 missus
3201 1564 3571 1619 dominorum

1932 1650 2187 1715 llugonis
2218 1655 2273 1702 et
2309 1650 2555 1703 Lotharii
2603 1666 2803 1719 regum
2852 1650 3249 1718 piissimorum
3286 1652 3573 1722 hocjudi-

1928 1741 2119 1790 catum
2143 1735 2395 1802 laudavi,
2421 1738 2851 1804 conlirmavi,ct
2876 1755 3047 1791 manu
3080 1756 3207 1791 mea
3228 1741 3569 1809 subscripsi.

2000 1831 2025 1888 τι
2064 1827 2177 1895 Ego
2212 1826 2438 1879 ()Iricus
2462 1828 2643 1896 (1601‘:
2668 1832 2881 1879 sancta
2908 1826 3357 1882 Mediolanensis
3386 1830 3571 1883 Eccle-

1928 1914 2024 1967 sia
2064 1914 2534 1984 archiepiscopus
2582 1915 2875 1980 omnibus,
2912 1932 3039 1984 qua
3089 1934 3265 1985 supra
3314 1918 3569 1983 interfui,

1927 2002 2181 2071 laudavi,
2214 2004 2572 2069 confirmavi.
2607 2007 2661 2055 et
2695 2003 2925 2073 propria
2956 2020 3133 2057 manu
3168 2006 3508 2074 subscripsi.

2004 2096 2028 2153 t
2064 2092 2180 2161 Ego
2208 2096 2338 2145 Atto
2370 2108 2544 2145 sacra
2578 2090 2958 2145 Vercellensis
2999 2092 3263 2145 Ecclesia
3295 2093 3572 2163 indignus

1928 2180 2235 2250 episcopus
2268 2181 2335 2233 ad
2370 2180 2837 2234 conﬁrmandum
2882 2180 3213 2235 hoc’mcum
3241 2182 3570 2251 judicatum

1930 2285 2105 2323 manu
2139 2285 2267 2323 mea
2297 2268 2637 2338 subscripsi.

2002 2363 2027 2422 λγ
2066 2358 2181 2427 Ego
2216 2357 2555 2411 Lincfredus
2587 2356 2887 2427 Papiensis
2910 2357 3218 2429 episcopus
3254 2357 3484 2415 laudavi
3518 2365 3576 2416 et

1928 2447 2283 2501 confirmavi.

2001 2542 2027 2598 ‘r
2066 2534 2391 2605 Notinghus
2428 2534 2738 2589 Brixiensis
2770 2534 3079 2604 episcopus
3110 2535 3431 2606 subscripsi
3470 2554 3481 2590 :

2002 2629 2027 2687 t
2064 2624 2243 2677 Gczzo
2284 2629 2492 2677 sancta
2546 2624 2913 2677 Dertonensis
2966 2624 3229 2678 Ecclesia
3260 2625 3571 2696 episcopus

1929 2729 2105 2767 manu
2144 2712 2371 2781 propria
2404 2710 2749 2780 subscripsi.

2000 2805 2027 2863 ῒ
2066 2802 2178 2868 Ego
2212 2798 2544 2870 Bruningus
2579 2798 2838 2851 Astensis
2882 2798 3191 2869 episcopus
3224 2799 3569 2871 subscripsi.

2001 2892 2027 2953 ῒ
2062 2888 2177 2958 Ego
2210 2887 2471 2941 Riculfus
2502 2887 2809 2957 cpiscopus
2842 2886 3223 2942 'I‘aurinensis
3256 2887 3484 2942 laudavi
3516 2893 3573 2944 et

1925 2976 2271 3047 subscripsi.

1998 3070 2023 3129 t
2061 3065 2237 3118 Grill‘o
2270 3069 2650 3135 Augustanus
2680 3063 2989 3135 episcopus
3022 3064 3388 3134 subscripsit.

1998 3159 2023 3217 t
2060 3155 2176 3223 Ego
2206 3152 2516 3223 Adalgisus
2562 3157 2773 3207 sancta
2832 3152 3119 3220 Aquensis
3152 3150 3416 3205 Ecclesia
3447 3152 3576 3223 epi-

1926 3258 2136 3312 scopus
2168 3258 2260 3296 me
2292 3241 2633 3310 subscripsi.

2002 3336 2023 3396 1
2065 3330 2240 3383 Mildo
2274 3327 2827 3399 Vingintimiliensis
2850 3325 3117 3381 Ecclesia
3143 3327 3450 3397 episcopus
3483 3328 3578 3381 fir-

1928 3419 2129 3474 mavit.

2002 3514 2029 3573 ’ί
2059 3508 2176 3577 Ego
2199 3505 2523 3577 Sigifredus
2544 3503 2876 3559 Parmensis
2898 3502 3205 3573 episcopus
3228 3504 3573 3574 subscripsi.

2002 3600 2029 3660 ’ί
2062 3600 2312 3652 Joannes
2344 3592 2741 3648 Massanensis
2774 3591 3085 3662 episcopus
3116 3590 3386 3646 ﬁrmavit.

2002 3690 2029 3749 ’r
2064 3685 2179 3755 Ego
2211 3683 2571 3737 Aldemanus
2595 3684 2805 3737 sancta
2832 3679 3284 3735 Mediolanensis
3306 3679 3574 3736 Ecclesia

1930 3773 2394 3845 archipresbyter
2437 3771 2688 3838 laudavi,
2732 3774 2788 3825 et
2835 3770 2907 3823 ad
2958 3769 3312 3824 ﬁrmandum
3364 3785 3577 3825 manus

1931 3864 2121 3935 posui.

2002 3956 2029 4016 ’γ
2070 3950 2373 4021 Daipertus
2394 3949 2703 4019 episcopus
2730 3952 2943 4001 sancta
2966 3946 3373 4002 Cremonensis
3396 3945 3581 4002 Eccle-

1931 4040 2027 4096 sia
2060 4056 2235 4093 manu
2270 4055 2377 4093 sua
2410 4038 2677 4090 firmavit.

2006 4134 2033 4193 1L
2068 4132 2182 4198 Ego
2216 4126 2391 4180 Baldo
2431 4124 2725 4179 Curiensis
2768 4124 3076 4194 episcopus
3108 4122 3452 4194 subscripsi.

2006 4222 2033 4279 τι
2069 4215 2409 4270 Asmundus
2440 4211 2845 4283 Eporediensis
2886 4213 3197 4283 episcopus
3242 4228 3419 4267 manu
3452 4226 3583 4265 mea

1934 4304 2180 4358 firmavi.

2010 4394 2188 4463 tEgo
2250 4390 2556 4444 Daibertus
2612 4387 2921 4459 episcopus
2986 4388 3258 4442 Albensis
3324 4387 3581 4443 subscri-

1977 4500 2045 4537 81.

1937 4500 2045 4635 p811;
2070 4568 2335 4639 Ingulfus
2366 4566 2869 4636 Albengaunensis
2900 4564 3210 4635 episcopus
3238 4561 3507 4615 ﬁrmavit.

2003 4664 2030 4724 1‘
2068 4660 2183 4727 Ego
2216 4658 2359 4711 Boso
2391 4655 2697 4727 episcopus
2730 4642 3103 4707 Placentinus
3136 4648 3478 4719 subscripsi.

2004 4748 2182 4818 J{Ego
2214 4745 2398 4799 Vuido
2458 4742 2810 4798 Mutinensis
2867 4741 3177 4813 episcopus
3234 4735 3466 4792 laudavi
3527 4740 3582 4791 et

1930 4833 2276 4905 subscripsi.

2003 4930 2031 4989 Jr
2069 4922 2373 4977 Lotherius
2407 4919 2792 4975 Marianensis
2816 4918 3083 4974 Ecclesia
3108 4916 3415 4987 episcopus
3448 4914 3581 4969 sub-

1931 5010 2161 5081 scripsi.

2006 5105 2030 5163 i
2065 5098 2182 5167 Ego
2228 5095 2532 5166 Hupaldus
2581 5093 2828 5151 humilis
2862 5095 3042 5149 abbas
3090 5089 3318 5146 laudavi
3351 5094 3408 5143 et
3437 5088 3581 5144 sub-

1931 5186 2156 5254 scripsi.

2001 5274 2179 5341 Signa
2202 5272 2249 5293 “
2282 5273 2461 5341 (109:2)
2496 5287 2779 5325 manuum
2814 5271 3073 5343 Hugonis
3112 5265 3489 5335 marchinnis,
3523 5269 3581 5319 et

1930 5357 2206 5417 Brucardi
2230 5359 2461 5413 comitis
2485 5359 2743 5417 advocati
2780 5360 3000 5433 prafati
3024 5353 3368 5413 venerabilis
3398 5354 3581 5426 patris

1930 5443 2152 5503 domini
2184 5446 2415 5499 Attonis
2446 5448 2727 5517 episcopi,
2752 5450 2851 5520 qui
2882 5450 2989 5503 hoc
3014 5445 3344 5518 judicatum
3378 5442 3579 5498 lauda-

232 5557 423 5632 (1ςό91)Δ
442 5558 668 5632 Supra,
700 5554 1011 5612 Oldericus.
1043 5552 1224 5632 (1692)
1264 5552 1556 5610 Astericos
1603 5556 1813 5629 posui;
1864 5560 1924 5612 at
1972 5555 2032 5610 in
2083 5550 2280 5605 codice
2333 5556 2471 5607 sunt
2526 5551 2754 5611 lineola
2814 5554 3043 5612 directa
3102 5556 3158 5609 et
3212 5555 3581 5611 transversa,

169 5627 341 5688 oratis
379 5629 522 5686 ritu.
