3966 6210
335 351 450 410 899

1537 335 1929 397 APPENDIX
1973 335 2074 394 AD
2119 329 2521 394 ATTONEM.

3613 322 3753 384 900

334 484 563 550 verunt,
592 483 648 534 et
693 477 762 532 ad
805 470 1270 530 conﬁrmandum
1325 485 1532 524 manus
1583 486 1719 525 suas
1768 484 1981 540 posue-
2006 469 2059 534 Α
2089 471 2259 539 gatus
2289 483 2323 520 a
2351 461 2666 519 venerabili
2699 458 2934 516 domino
2964 455 3270 511 Ambrosio
3294 453 3446 509 dicto
3471 453 3546 510 de
3571 453 3754 510 Vico-

335 576 494 627 runt.

410 659 589 728 Signa
618 656 764 680 ""“'
799 665 1080 707 manuum
1112 646 1384 718 Ariperti,
1417 645 1681 716 Olderici,
1712 645 1978 712 Joannis,

337 743 647 818 Asprandi,
675 739 856 808 Burli,
889 743 944 794 et
969 736 1217 792 Canonis
1246 735 1506 800 testium,
1530 739 1587 788 et
1615 733 1978 805 quampluri-

340 852 448 890 mas
507 831 629 888 aliae
686 843 943 901 personae
993 841 1122 895 quae
1180 823 1250 877 ad
1310 823 1418 877 hoc
1474 823 1658 877 vocati
1702 824 1810 890 (ita.
1840 821 1978 887 cod.)

342 927 500 979 sunt.

412 1012 527 1082 Ego
557 1006 911 1077 Vualpertus
936 1000 1181 1057 humilis
1211 1000 1656 1056 archidiaconus
1678 1004 1735 1053 et
1763 997 1983 1053 cancel-

340 1099 520 1154 larius
551 1099 763 1152 sancta:
809 1089 1259 1148 Mediolanensis
1298 1088 1563 1144 Ecclesia:
1594 1092 1650 1142 et
1679 1085 1983 1159 praesentis

342 1186 490 1243 sacri
511 1187 614 1256 (ita
637 1183 778 1253 cod.)
805 1179 1010 1253 synodi
1041 1179 1113 1233 de
1141 1177 1418 1232 mandato
1449 1176 1981 1247 suprascriptorum

339 1279 580 1330 Patrum
625 1273 734 1328 hoc
773 1269 1105 1341 judicatum
1137 1265 1482 1320 venerabilis
1531 1263 1715 1334 patris
1762 1261 1982 1317 domini

338 1363 567 1420 Attonis
625 1357 882 1432 episcopi
939 1343 1330 1410 Vercellarum
1389 1352 1619 1424 scripsi,
1659 1351 1897 1418 tradidi,
1931 1355 1987 1404 et

344 1448 690 1520 subscripsi.

417 1545 532 1611 Ego
565 1537 910 1592 Lambertus
957 1531 1219 1586 notarius
1264 1530 1414 1585 sacri
1448 1529 1644 1600 palatii
1669 1533 1725 1583 et
1770 1528 1988 1582 missus

349 1627 721 1684 dominorum
755 1621 1014 1693 Hugonis
1062 1626 1118 1674 et
1164 1618 1414 1674 Lotharii
1448 1617 1842 1688 piissimorurn
1896 1631 1989 1668 re-

349 1734 513 1788 gum,
547 1731 663 1769 una
697 1729 828 1767 cum
876 1708 1270 1780 suprascripto
1299 1705 1532 1760 domino
1581 1704 1988 1759 archidiacono

347 1805 560 1862 tradidi
593 1809 766 1873 atque
799 1797 1138 1867 subscripsi.

420 1895 538 1965 Ego
569 1893 792 1954 Petrus,
837 1887 934 1958 qui
967 1885 1126 1940 dicor
1166 1884 1424 1950 Rabbus,
1459 1881 1719 1936 notarius
1771 1879 1987 1934 domini

349 1980 576 2038 Henrici
626 1974 993 2048 imperatoris
1034 1971 1499 2044 suprascriptum
1528 1970 1856 2039 judicatum
1891 1969 1990 2023 do-

349 2069 496 2126 mini
525 2066 752 2122 Attonis
800 2061 1054 2135 episcopi
1085 2057 1480 2114 Vercellarum
1512 2059 1582 2112 ab
1615 2074 1680 2112 eo
1734 2073 1990 2127 pronun-

346 2159 556 2214 tiatum
589 2156 647 2209 in
681 2153 900 2226 synodo
944 2147 1357 2205 Mediolanensi
1391 2151 1448 2200 et
1479 2145 1895 2216 subscriptum,
1930 2147 1995 2197 ut

349 2264 524 2317 supra
553 2243 803 2298 ﬁdeliter
832 2238 1219 2309 exemplatum
1272 2253 1372 2305 per
1412 2234 1850 2304 infrascriptum
1883 2233 1992 2286 Ro-

351 2335 576 2410 gerium
610 2329 946 2386 Bonafidem
979 2326 1267 2380 notarium
1301 2324 1372 2378 ab
1407 2322 1688 2394 originale
1736 2320 1994 2392 praedicti

344 2408 668 2495 judicatus,
701 2418 854 2488 quod
909 2418 1146 2486 apparet
1175 2413 1355 2467 fuisse
1386 2412 1574 2465 tribus
1623 2408 1831 2480 sigillis
1863 2425 1992 2463 mu-

353 2512 571 2576 nitum,
589 2507 844 2579 primum
867 2520 1117 2574 quorum
1141 2506 1264 2556 erat
1280 2501 1651 2555 dominorum
1679 2514 1901 2569 regum,
1917 2496 1998 2551 al-

354 2604 545 2654 terum
577 2611 712 2650 cum
761 2592 978 2649 sanctis
1009 2591 1176 2645 Petro
1208 2593 1263 2643 et
1294 2587 1492 2657 Paulo,
1515 2592 1572 2642 et
1596 2587 1829 2641 tertium
1863 2602 1995 2639 cum

358 2690 560 2742 sancto
603 2681 908 2736 Ambrosio
959 2679 1056 2733 sed
1107 2676 1453 2747 antiquitate
1503 2676 1670 2746 quasi
1720 2688 1998 2728 consum-

358 2780 545 2846 ptum,
572 2787 704 2826 cum
727 2771 852 2840 ipso
875 2765 1174 2837 originale,
1198 2770 1263 2818 ut
1289 2764 1607 2836 plurimum
1629 2762 1911 2826 marcido,
1938 2765 1999 2814 ut

356 2864 451 2917 vix
481 2858 793 2915 difficulter
821 2857 932 2926 legi
967 2854 1172 2925 possit,
1195 2853 1502 2923 diligenter
1525 2849 1885 2913 concordavi,
1905 2864 1999 2902 ro-

2089 560 2341 610 mercato
2365 554 2571 608 abbate
2593 547 2928 605 monasterii
2951 545 3134 602 sancti
3152 543 3465 610 Ambrosii,
3482 542 3586 597 ubi
3609 544 3750 614 ejus

2089 649 2357 700 sanctum
2388 639 2704 712 requiescit
2745 653 2984 706 corpus;
3029 635 3281 688 instante
3309 631 3485 687 etiam
3517 632 3753 687 domna

2089 733 2371 788 Columba
2399 729 2696 786 abbatissa
2737 723 3076 781 monasterii
3108 721 3343 793 Majoris
3375 720 3696 776 Mediolani
3729 738 3748 775 :

2090 827 2146 877 et
2176 821 2283 876 hoc
2313 821 2384 874 de
2416 818 2688 873 mandato
2718 814 2918 870 domni
2961 811 3207 868 Joannis
3239 809 3382 866 dicti
3426 811 3498 864 de
3545 810 3754 865 Rusca

2091 907 2448 966 honorabilis
2480 903 2783 979 potestatis
2813 901 3066 958 civitatis
3091 905 3148 956 et
3167 899 3499 956 communis
3521 898 3749 955 Medio-

2089 1001 2229 1067 lani,
2281 995 2663 1069 praesentibus
2713 992 2866 1046 dicto
2919 990 3208 1059 Bonafide,
3250 990 3316 1044 T.
3351 989 3600 1060 Senago,
3645 989 3749 1043 Jo.

2092 1089 2307 1157 Coalia,
2333 1087 2385 1140 J.
2410 1086 2658 1150 Canova,
2681 1084 2746 1136 A.
2776 1079 3057 1148 Lomatio,
3090 1078 3353 1144 notariis,
3383 1082 3560 1147 atque
3589 1077 3752 1132 Tho-

2093 1195 2190 1234 ma
2221 1177 2372 1232 dicto
2403 1176 2633 1236 Crasso,
2671 1174 2727 1224 et
2754 1169 2959 1223 Rufino
2999 1167 3184 1221 Corbo
3227 1166 3382 1234 juris
3426 1165 3658 1236 peritis,
3679 1183 3755 1221 ac

2094 1268 2240 1323 Ossa
2270 1265 2339 1319 de
2369 1261 2554 1327 Ossis,
2577 1261 2742 1314 Petro
2775 1258 2927 1312 dicto
2951 1255 3312 1323 Bellabucca,
3337 1255 3652 1311 Comasino
3676 1255 3755 1309 de

2094 1355 2338 1422 Cremis,
2361 1353 2582 1408 Joanne
2627 1345 2980 1414 Marcellino,
3001 1345 3228 1400 Vidone
3251 1344 3607 1413 vicecomite,
3636 1348 3756 1399 tes-

2095 1446 2299 1500 tibus:
2333 1445 2388 1498 et
2428 1439 2565 1511 quia
2607 1436 2954 1491 concordare
3001 1433 3214 1499 inveni,
3265 1437 3471 1504 praeter
3518 1432 3755 1488 litteras

2098 1533 2230 1606 plus
2262 1531 2551 1592 minusve,
2583 1541 2714 1581 mea
2745 1541 2924 1580 manu
2956 1522 3300 1601 subscripsi.

2171 1628 2282 1692 Ego
2332 1617 2643 1682 'l‘ebaldus,
2690 1615 2787 1684 qui
2837 1615 2998 1666 dicor
3048 1612 3120 1665 de
3169 1594 3426 1680 Sunago,
3479 1611 3753 1665 notarius

2099 1712 2207 1766 hoc
2263 1710 2701 1775 transumptum
2763 1702 2900 1772 quia
2957 1697 3126 1754 fidele
3186 1698 3378 1754 inveni
3443 1715 3537 1753 me
3605 1700 3757 1754 sub-

2101 1799 2328 1868 scripsi.

2170 1889 2286 1958 Ego
2342 1889 2613 1946 Joannes,
2645 1879 2744 1950 qui
2795 1878 2955 1932 dicor
3005 1875 3219 1946 Coalia,
3271 1874 3535 1930 notarius
3596 1873 3758 1930 sacri

2101 1975 2300 2047 palatii
2335 1973 2604 2044 praedicto
2642 1970 3014 2037 transumpto
3058 1964 3314 2031 interfui,
3347 1969 3403 2019 et
3428 1963 3571 2034 quia
3602 1979 3756 2018 con—

2104 2066 2339 2120 cordare
2394 2059 2609 2124 inveni,
2660 2060 2726 2111 ut
2773 2071 2970 2126 supra,
3017 2053 3087 2108 de
3135 2053 3403 2108 mandato
3455 2051 3751 2116 me_sub-

2104 2151 2333 2224 Scripsi.

2176 2242 2290 2309 ligo
2329 2239 2604 2302 Joannes,
2657 2233 2756 2304 qui
2805 2233 2966 2286 dicor
3021 2231 3091 2285 de
3149 2234 3391 2296 Canova,
3422 2227 3758 2298 imperialis

2105 2329 2368 2386 notarius
2399 2327 2508 2380 hoc
2552 2325 2990 2392 transumptum
3023 2317 3270 2373 fideliter
3297 2315 3668 2383 concordavi,
3697 2321 3760 2371 et

2106 2417 2290 2489 [quia]
2344 2414 2632 2470 uniforme
2690 2427 2821 2464 cum
2863 2407 3154 2479 originale
3203 2405 3418 2472 inveni,
3469 2421 3564 2459 me
3613 2405 3755 2460 sub-

2105 2505 2332 2577 scripsi.

2177 2597 2293 2666 Ego
2325 2590 2662 2652 Anselarus,
2692 2586 2791 2657 qui
2841 2585 3003 2639 dicor
3049 2585 3119 2638 de
3169 2581 3456 2651 Lamatio,
3491 2581 3757 2635 notarius

2107 2701 2239 2740 cum
2289 2677 2643 2752 supradictis
2692 2673 2934 2729 notariis
2981 2673 3086 2726 hoc
3133 2674 3578 2740 transumptum
3621 2684 3757 2723 exa-

2107 2769 2356 2839 minavi,
2426 2772 2482 2821 et
2547 2763 2685 2834 quia
2748 2759 3098 2815 concordare
3161 2754 3386 2825 inveni,
3448 2771 3543 2809 me
3612 2753 3756 2810 sub-

2109 2858 2337 2930 scripsi.

356 2973 3763 3025 ______________________———————

1285 3098 1920 3196 APPENDIX
1987 3095 2148 3188 AD
2219 3082 2838 3184 ATTONEM.

475 3367 1022 3433 FRAGMENTUM
1066 3361 1451 3426 VETERUM
1494 3347 2527 3498 PRECATlgNEIItJdéElguFORMA
2571 3339 3084 3410 LITANIARUM,
3133 3339 3211 3397 IN
3259 3335 3642 3397 HONOBEM

1750 3571 1850 3641 (Ex
1895 3568 2022 3624 cod.
2077 3561 2366 3631 Othonis.)

1961 3699 2162 3712 ——-

434 3835 447 3846 .
484 3828 496 3842 .
533 3829 546 3842 .
586 3831 597 3842 .
635 3828 646 3840 .
684 3829 695 3840 .
732 3827 744 3838 .
788 3786 976 3838 factus
1035 3785 1125 3836 est
1179 3779 1491 3844 Eusebius,
1551 3781 1607 3831 et
1661 3774 2000 3831 Christianae
2032 3772 2074 3838 C
2186 3764 2382 3846 Navis,
2414 3777 2543 3846 qua:
2578 3762 2702 3846 erat
2731 3757 2804 3846 ad
2835 3756 3077 3846 alteram
3130 3754 3316 3826 ripam
3349 3752 3421 3807 ad
3457 3767 3597 3807 eum
3629 3749 3757 3806 sola

360 3861 508 3933 legis
540 3857 849 3933 maximus.
885 3853 1100 3908 Exaudi
1132 3867 1257 3933 nos.

433 3914 452 3987 ῗ
484 3914 502 3987 ξ
536 3973 548 3985 .
584 3971 596 3984 .
633 3971 646 3984 .
679 3928 894 3983 Omnes
925 3940 1088 3980 sacro
1119 3922 1228 3976 sibi
1255 3918 1534 3990 suscepit,
1563 3923 1619 3973 et
1649 3914 1857 3990 praesul
1893 3916 2004 3968 fac-

357 4010 454 4060 tus
482 3998 768 4056 Vercelles
797 3999 1051 4052 directus
1082 3998 1189 4049 est.
1223 3991 1465 4056 Exaudi,
1495 3995 1603 4045 etc.

429 4113 446 4131 .
495 4117 508 4130 .
554 4115 564 4128 .
613 4115 625 4126 .
668 4070 1020 4126 Haeresiarca
1049 4083 1174 4138 quae
1222 4080 1356 4119 cum
1405 4066 1559 4138 es_set
1606 4059 1809 4138 civitas
1863 4057 2006 4111 dure

360 4150 656 4218 pastorem
686 4131 1084 4218 orthodoxum
1103 4138 1414 4218 spreverat.
1450 4131 1697 4218 Eaaudi,‘
1724 4134 1831 4183 etc.

432 4199 580 4273 InS.
613 4212 854 4274 Templo
889 4211 1076 4265 Mariae
1109 4199 1170 4262 se
1201 4209 1539 4274 obstruunt,
1572 4204 1773 4257 doctor
1804 4199 1874 4253 ad
1909 4214 2006 4253 eos

363 4305 435 4344 ne
462 4289 639 4342 intret
669 4279 1010 4340 catholicus.
1044 4279 1284 4344 Exaudi,
1317 4283 1424 4332 etc.

434 4341 656 4414 Charus
688 4356 786 4410 sed
843 4356 951 4408 Deo
1003 4351 1169 4423 signo
1199 4341 1413 4423 crucis
1438 4347 1685 4416 fregerat
1730 4346 1919 4396 vectes
1952 4341 2009 4393 et

363 4447 544 4498 seras,
579 4434 637 4482 et
667 4424 901 4498 intravit
925 4417 1159 4498 janu'as.
1195 4417 1438 4498 Exaudi,
1470 4423 1580 4470 etc.

438 4541 452 4558 .
495 4543 508 4554 .
531 4480 566 4553 ⁷.
613 4541 625 4553 .
651 4498 720 4551 de
750 4497 875 4550 luce
906 4480 1480 4549 cuonsubstantialitcr
1501 4483 1821 4556 praedicans
1854 4480 2005 4534 mul-

362 4575 454 4627 tos
480 4569 757 4625 instruxit
786 4565 1052 4621 ﬁdeliter.
1089 4561 1328 4623 Exaudi,
1365 4564 1472 4612 etc.

438 4621 697 4697 sed
728 4644 1012 4709 tyrannus
1061 4634 1268 4709 callide
1299 4621 1672 4709 Constantius
1721 4621 2008 4693 synodum

365 4713 545 4768 dictat
574 4711 632 4765 in
669 4699 808 4765 urbe
837 4705 1164 4777 metropoli.
1200 4699 1584 4777 Exaudi-peto.

499 4761 631 4838 ."f.
673 4761 954 4835 Minorem
982 4761 1044 4829 iri
1064 4792 1179 4846 qua
1200 4771 1386 4846 Patris
1412 4761 1620 4846 Filium
1644 4769 1858 4820 temere
1888 4761 2011 4834 pul-

367 4861 458 4910 sat
487 4853 739 4910 scribere
771 4842 1105 4905 catholicos'.
1140 4842 1377 4906 Exaudi,
1406 4845 1514 4894 etc.

441 4971 452 4981 .
488 4905 1050 5006 .—.'.Occu‘rrere
1090 4911 1307 5006 praesul
1337 4917 1394 5006 et
1424 4910 1495 4965 ad
1514 4905 1790 5006 ﬂuminis
1820 4921 2010 4961 mora-

364 5001 460 5053 tur
484 4981 586 5054 ora
615 5009 750 5047 cum
782 4989 958 5043 unda.
996 5028 1008 5040 .
1045 5026 1056 5037 .
1090 4981 1316 5041 Sicidae.
1350 4981 1588 5051 Exaudi,
1617 4983 1725 5035 etc.

2113 3840 2252 3909 quia
2271 3829 2558 3909 jus’serat:
2582 3829 2820 3909 Exaudi,
2853 3831 2961 3909 etc.

2185 3893 2433 3962 Utvt'acto
2478 3901 2661 3957 celere
2690 3901 2736 3953 it
2767 3897 3159 3954 Mediolanum
3209 3897 3280 3950 ad
3324 3893 3761 3966 conﬂigendum

2115 3996 2247 4035 cum
2280 3981 2542 4050 tyranno.
2568 3970 2808 4050 Exaudi,
2842 3973 2952 4050 etc.

2189 4092 2201 4105 .
2240 4093 2252 4106 .
2292 4035 2351 4102 .”.
2392 4090 2404 4102 .
2451 4045 2567 4099 Nec
2619 4035 2992 4098 suasionibus
3063 4037 3267 4107 cessit,
3324 4040 3465 4090 tunc
3529 4035 3761 4089 vinctus

2115 4120 2388 4177 conditur
2417 4115 2608 4171 exilio.
2641 4113 2882 4175 Exaudi,
2918 4116 3026 4166 etc.

2192 4235 2202 4245 .
2250 4234 2260 4246 .
2309 4232 2320 4244 .
2363 4189 2671 4258 Tyrannus
2710 4185 2808 4239 sed
2856 4188 3173 4258 postquam
3197 4182 3282 4234 est
3292 4179 3757 4258 lnortuus,pas-

2115 4269 2206 4319 tor
2230 4263 2301 4318 ad
2336 4247 2535 4314 caulas
2567 4271 2831 4310 reversus
2857 4247 2951 4308 est
2983 4247 3272 4323 proprius.
3292 4247 3535 4323 Exaudi,
3566 4252 3676 4301 etc.

2192 4377 2202 4387 .
2249 4377 2259 4389 .
2308 4375 2319 4386 .
2361 4330 2574 4384 Avidos
2595 4327 2815 4381 invenit
2838 4318 3034 4379 Ariani
3061 4318 3373 4392 dogmatis,
3396 4318 3605 4388 utjam
3629 4332 3758 4372 cum

2117 4404 2318 4477 paucis
2350 4404 2585 4477 degeret
2614 4397 2954 4477 catholicus.
2988 4392 3227 4477 Eaa‘udi,
3260 4396 3368 4446 etc.

2188 4457 2401 4530 verum
2424 4457 2644 4525 cohors
2677 4468 2793 4522 ruit
2825 4468 2881 4520 in
2916 4457 3280 4536 pontiﬁcem;
3315 4464 3563 4515 mortem
3597 4457 3764 4513 dede-

2120 4553 2254 4602 runt
2285 4541 2640 4615 prtedicandi
2670 4540 2878 4593 vivere.
2913 4535 3298 4615 Exaudi,‘_etc.

2194 4600 2261 4672 ί.
2287 4600 2321 4666 ³.
2365 4615 2457 4669 Sic
2489 4615 2752 4667 sanctam
2784 4615 2922 4663 tunc
2963 4606 3217 4661 reddidit
3246 4603 3526 4664 animam,
3558 4600 3656 4654 hic
3686 4614 3768 4655 se-

2119 4685 2559 4760 pulturazilocus
2592 4686 2791 4760 manet
2819 4679 3063 4760 celeber.
3094 4673 3338 4760 Exaudi,
3369 4678 3478 4760 etc.

2306 4790 2327 4798 -
2367 4754 2623 4810 Sesultat
2651 4758 2706 4807 et
2748 4751 2939 4822 pollet,
2971 4745 3290 4822 miraculis,
3323 4744 3524 4799 tristes
3573 4741 3766 4797 levan-

2123 4835 2214 4885 tur
2245 4833 2302 4885 et
2332 4827 2673 4897 languentes
2703 4819 2867 4876 inibi.
2903 4819 3280 4897 Exaudi,_etc.

2197 4945 2210 4956 .
2256 4944 2268 4955 .
2316 4943 2327 4954 .
2371 4885 2535 4952 Hunc
2567 4910 2768 4965 rogare
2808 4891 3022 4965 pariter
3052 4893 3118 4944 ut
3146 4885 3467 4944 intercedat
3515 4900 3622 4955 pro
3674 4900 3772 4938 no-

2122 4971 2215 5028 bis
2247 4970 2318 5026 ad
2353 4963 2688 5024 Dominum.
2717 4963 2962 5029 Exaudi,
2994 4965 3104 5016 etc.

361 5087 3230 5140 ______________________..________.___.—————

1180 5193 1487 5254 NOMINA.
1530 5185 1873 5248 PLEBIUM
1921 5178 2455 5241 EPISCOPA'I‘US
2503 5177 2567 5237 S.
2616 5171 2953 5234 EUSEBII.

1077 5327 1239 5400 (Cod.
1270 5324 1454 5378 Vatic.
1490 5319 1652 5386 4322,
1690 5316 1764 5372 ad
1794 5313 2014 5370 calcem
2045 5308 2300 5382 epistolas
2331 5307 2560 5362 Attonis
2591 5305 2663 5359 ad
2696 5301 3058 5358 Waldonem.

1870 5436 2260 5461 -

439 5540 470 5601 1-
503 5525 814 5601 Prodobio,
846 5533 1039 5598 Cozzo,
1086 5525 1344 5601 martyri,
1388 5522 1737 5601 Mediolano,
1882 5521 2019 5596 Eva-

368 5586 460 5678 εἱίξ
504 5586 900 5669 Ἡυεοίῐιὶἃὶιο.
971 5586 1073 5659 εθίι
1142 5586 1426 5667 Cassiani,
1483 5586 1732 5650 Castalio
1787 5586 2014 5654 Turris,

2125 5509 2399 5580 Montigio
2431 5508 2579 5580 Pini,
2605 5505 2884 5580 gDuperia,
2919 5506 3118 5580 monte
3147 5499 3382 5580 Caleno.

2197 5567 2453 5652 Bali’ola,
2520 5567 2781 5651 Tridirio,
2848 5567 3129 5642 Cornetze,
3188 5570 3404 5638 Medae,
3464 5567 3780 5641 Palaciolo,
