3966 6210
386 382 506 446 915

1705 381 2104 444 ADALGERI
2147 377 2495 443 EPISCOPI

3689 381 3819 446 916

388 533 542 574 anno
571 517 726 589 1078,
746 517 806 573 in
829 533 964 588 quo,
990 516 1144 588 quod
1164 515 1313 589 alias
1330 515 1818 589 fecerat,fecitque
1834 519 2038 589 postea

2153 513 2527 589 Praenestinis
2549 513 3280 589 inseritu_r,pra3teritur_ab
3304 512 3812 589 Ughellomullam

389 587 731 646 renovatum
755 606 788 644 a
807 587 869 643 se
882 587 1146 660 errorem
1170 587 1440 658 ejuravit,
1465 592 1521 642 et
1544 587 1708 660 Papae
1724 587 2037 643 satisfecit.

391 661 440 717 si
472 662 626 733 quod
659 661 753 733 hic
782 659 995 733 dicitur
1015 659 1289 733 audimus
1315 677 1327 713 :
1360 676 1538 730 quare
1561 659 1794 714 additur
1821 677 1886 733 :_«
1921 675 2039 713 me-

390 730 523 788 cum
546 731 935 786 sentientibus
955 731 1014 784 in
1038 730 1122 786 eis
1143 732 1242 802 qui
1266 747 1398 785 cum
1422 747 1572 802 papa
1586 737 1752 785 erant
1771 731 2041 802 episcopo

391 802 1029 883 Portuensi,‘episcopo
1051 801 1425 883 ASutrinens‘i,
1468 801 1744 883 episcopo
1777 801 2040 883 Terraci-

389 875 578 940 nensi,
611 873 1005 929 cardinalibus
1035 874 1242 927 Attene
1275 873 1716 937 Mediolanensi,
1753 873 2038 927 monacho

397 947 655 1001 Tudensi
683 945 951 1000 Romanae
974 943 1239 999 Ecclesiae
1269 944 1574 1014 cardinali,
1603 945 1838 999 nomine
1870 944 2046 999 Deus-

395 1017 573 1086 dedit,
607 1021 773 1087 Petro
823 1015 1156 1083 ancellario,
1211 1021 1321 1071 etc.
1359 1039 1386 1064 ››
1423 1017 1566 1071 Nam
1629 1016 1675 1070 si
1711 1022 2038 1087 temporum

388 1088 673 1159 rationem
706 1086 1050 1151 habeamus,
1101 1087 1218 1159 haec
1261 1103 1582 1159 congruere
1613 1086 1901 1157 videntur,
1937 1103 2039 1141 nec

386 1158 665 1214 credibile
694 1163 785 1214 est
823 1159 972 1213 duos
1030 1158 1212 1214 fuisse
1261 1158 1462 1214 eodem
1509 1164 1770 1230 tempore
1800 1163 2038 1215 Attenes

392 1228 740 1285 cardinales.

392 1245 740 1286 cardinales.

458 1301 559 1358 XI.
589 1300 930 1356 Dubitatum
965 1305 1055 1354 est
1086 1317 1160 1354 an
1193 1304 1325 1355 Atto
1347 1300 1440 1354 hic
1471 1299 1784 1355 cardinalis
1813 1301 2039 1358 episco-

389 1389 500 1444 pus
513 1372 689 1427 fuerit
704 1370 1116 1444 Praenestinus.
1139 1371 1399 1444 Asseruit
1415 1370 2038 1442 Panvinius.Ughellus

396 1443 530 1500 eum
568 1443 895 1516 praeterivit.
954 1444 1064 1497 Sed
1111 1443 1305 1516 Julius
1359 1443 2039 1516 Ambrosius‘Luccntius

465 1513 649 1586 (1904)
670 1514 934 1585 scripsit:
952 1537 978 1562 «
999 1515 1460 1586 Atto,presbyter
1475 1513 1789 1569 cardinalis
1808 1521 2038 1570 creatus

395 1585 478 1641 ab
500 1586 824 1642 Alexandro
849 1585 1126 1657 secundo,
1161 1585 1418 1657 Gregorii
1452 1588 1548 1640 VII
1575 1586 1631 1640 in
1666 1587 1881 1641 tuendo
1909 1587 2038 1654 jure

391 1662 669 1714 constans
699 1660 901 1713 contra
923 1656 1354 1725 schismatictis,
1387 1675 1421 1712 a
1443 1657 1719 1712 Panvinio
1749 1657 2037 1729 episcopis

459 1833 740 1919 (1904119
772 1836 1042 1919 Prenet-
1077 1851 1238 1919 929;:
1281 1851 1449 1919 μυξη·
1481 1837 1572 1919 29η
1614 1835 1724 1919 ορι·
1760 1835 1896 1919 198-.
1911 1834 2038 1919 99“

387 1891 555 1960 Ro‘m.
589 1891 749 1975 1’704,
777 1911 834 1963 et
863 1908 922 1963 in
951 1909 1004 1962 2.
1037 1891 1444 1980 edit‘Ughell.,
1478 1891 1633 1964 tom.
1655 1912 1701 1978 Ι,
1733 1907 1842 1964 col.
1879 1908 1999 1962 196.
2070 1891 2118 1954 B

2153 587 2223 641 de
2253 603 2319 640 eo
2351 586 2617 641 fortassis
2639 585 2904 640 notitiam
2928 585 3171 652 habuit;
3199 585 3478 642 haesitans
3509 603 3628 642 non
3660 588 3812 644 deli-

2153 659 2314 732 berat
2344 657 2647 732 Oldoinus.
2702 657 2838 722 Nos,
2895 674 3028 732 cum
3061 657 3128 712 ad
3166 674 3611 732 annumusquc
3652 661 3810 732 1092,

2153 729 2383 784 nullum
2410 729 2731 783 habeamus
2758 734 2890 800 post
2910 729 3214 800 Ubertum,
3236 728 3478 784 alterius
3503 728 3814 787 Praenesti-

2151 817 2360 855 norum
2384 800 2637 871 episcopi
2661 799 3038 864 mentionem,
3062 799 3256 854 nescio
3275 817 3380 855 cur
3403 818 3518 856 non
3543 803 3812 859 deferen-

2150 872 2401 954 dum‘si‘t
2430 871 2764 954 tantoﬂviro,
2798 871 2897 954 qui
2923 876 3198 926 Attonem
3221 889 3288 926 ex
3312 873 3662 954 presbytero
3687 892 3818 930 car-

2151 943 2328 998 dinali
2350 943 3126 1014 Prmnestinumepiscopum
3147 943 3430 1010 enuntiat,
3456 943 3659 999 nostro
3688 964 3811 1002 non

2151 1015 2583 1070 contradicente
2607 1011 2866 1084 Ughello.
2898 1037 2924 1062 ››
2952 1011 3224 1069 Ιλύοθηῐίο
3247 1016 3619 1072 subscribere
3641 1019 3814 1073 vide-

2150 1092 2247 1140 tur
2279 1087 2614 1141 Leonardus
2656 1080 2980 1141 Cecconius
3038 1088 3096 1140 in
3147 1087 3401 1142 Historia
3444 1089 3814 1144 Praenestina

2151 1160 2335 1228 (190.3)
2367 1158 2580 1212 Uberto
2611 1159 2881 1228 episcopo
2916 1157 3270 1212 Praenestino
3297 1159 3619 1227 subjiciens
3649 1161 3812 1216 hunc

2149 1231 2418 1283 Attonem
2448 1247 2460 1296 ;
2495 1229 2589 1283 cui
2621 1246 2772 1283 anno
2809 1231 2944 1283 1092
2968 1231 3090 1298 jam
3120 1236 3483 1284 successerat
3513 1232 3813 1287 Berardus

2149 1318 2250 1382 seu
2276 1300 2594 1383 Benardus.
2619 1302 2902 1383 Tempore
2924 1315 3059 1372 ergo
3087 1301 3480 1383 episcopatus,
3505 1302 3817 1383 Praenesti-

2151 1373 2242 1426 nis
2273 1372 2672 1426 sacerdotibus
2704 1373 2828 1426 suis
2859 1373 2967 1426 hoc
2997 1371 3318 1442 Capitulare
3341 1371 3574 1428 dedisse
3605 1378 3808 1441 credo,

2150 1460 2497 1516 nuncupans
2515 1461 2573 1498 se
2592 1443 2950 1516 cardinalem
2975 1444 3160 1516 sancti
3181 1444 3356 1498 Marci
3381 1444 3466 1499 vel
3487 1447 3643 1516 quod
3663 1448 3706 1500 ti
3718 1450 3808 1500 tu-

2150 1515 2242 1589 lus
2269 1515 2484 1589 dimitti
2512 1521 2785 1589 tuncnon
2805 1515 3034 1589 soleret,
3052 1514 3318 1589 velquod
3343 1514 3811 1589 nuncupationis

2148 1585 2272 1641 loco
2302 1585 2402 1641 illa
2429 1586 2826 1641 denominatio
2860 1587 3017 1658 prior
3046 1587 3414 1642 retineretur.

2219 1836 2402 1908 (1905)
2434 1835 2560 1892 Lib.
2599 1853 2672 1906 1v,
2705 1852 2831 1908 cap.
2862 1837 2941 1906 2.,
2975 1853 3139 1893 num.
3172 1838 3258 1905 15,
3291 1853 3422 1911 pag.
3455 1839 3582 1893 239.

397 2078 3810 2128 ὢ

1702 2273 1857 2313 ANNO
1900 2272 2106 2314 DOMINI
2156 2271 2475 2312 DCCCCLXIV.

1476 2454 2662 2590 ADALGEBUS

1163 2705 1494 2764 INCERTJE
1533 2705 1748 2774 SEDIS,
1794 2707 2074 2764 FORSAN
2122 2707 2570 2766 AUGUSTAN/E
2608 2710 3008 2768 EPISCOPUS.

1741 2902 1974 2942 ORDINIS
2013 2901 2064 2942 Β.
2101 2902 2419 2945 BENEDICTI.

729 3221 1480 3351 ADMONITIO
1537 3225 1714 3350 AD
1775 3223 2681 3354 NONSUINDAM
2731 3211 3509 3387 RECLUSAMI

2015 3484 2148 3540 SEU

1198 3660 1536 3750 LIBER
1594 3663 1738 3746 DE
1796 3659 2231 3751 STUDIO
2298 3663 2973 3754 VIRTUTUM.

1095 3853 1285 3926 (Apud
1318 3853 1445 3926 Pez,
1476 3854 1815 3914 Thesaurus
1842 3858 2124 3914 Anecdot.
2153 3858 2532 3930 novissimus,
2563 3860 2711 3916 tomi
2741 3860 2788 3916 Il
2819 3863 2982 3933 parte
3012 3863 3080 3934 Ι.)

452 4171 588 4226 Tum
620 4183 737 4225 non
768 4168 1079 4227 immemor
1108 4171 1215 4243 piae
1264 4169 1586 4244 petitionis,
1619 4188 1652 4227 ο
1681 4170 2033 4228 charissima
2063 4172 2105 4240 C
2143 4171 2272 4228 lerti
2303 4175 2610 4244 pertracta,
2640 4189 2711 4230 ne
2731 4173 2840 4230 hoc
2863 4177 3186 4248 agas,un'de
3209 4181 3308 4233 tuo
3333 4179 3551 4236 caelesti
3589 4199 3804 4256 sponso

381 4262 590 4325 mater,
622 4257 750 4330 tibi,
784 4263 851 4314 ut
876 4261 1116 4332 rogasti,
1149 4260 1402 4317 scribere
1446 4260 1668 4316 studui.
1704 4260 1842 4318 Novi
1876 4261 2030 4317 enim

374 4348 645 4404 ardorem
701 4347 881 4404 animi
915 4348 1001 4404 tui
1049 4365 1188 4421 erga
1235 4349 1568 4421 Scripturas
1617 4347 1862 4413 divinas,
1897 4350 2027 4404 novi

372 4435 482 4492 tibi
513 4435 713 4494 inesse
743 4437 1009 4494 studium
1068 4437 1321 4509 legendi,
1371 4442 1429 4492 et
1484 4436 1766 4508 implendi
1808 4453 1876 4494 ea
1906 4455 2031 4509 quae

376 4523 547 4598 legis.
581 4525 804 4582 Memor
856 4526 1036 4598 igitur
1079 4542 1212 4580 sum
1264 4525 1656 4596 lacrymarum
1686 4530 1943 4594 tuarum,
1978 4531 2035 4581 et

381 4614 578 4671 omnis
609 4613 788 4670 studii
819 4614 930 4680 tui,
978 4614 1132 4685 quod
1178 4613 1235 4667 in
1287 4617 1342 4668 te
1388 4630 1538 4686 saepe
1571 4615 1858 4687 perspexi,
1891 4617 2031 4669 dum

377 4707 576 4760 tecum
611 4703 683 4757 de
714 4701 922 4756 animae
954 4704 1066 4755 tua:
1091 4701 1511 4758 sermocinarer
1542 4704 1828 4774 profectu,
1863 4708 1920 4757 et
1951 4703 2035 4758 id-

381 4791 536 4847 circo
571 4804 664 4844 me
697 4804 813 4844 non
844 4787 1050 4860 piguit,
1085 4788 1214 4858 hoc,
1241 4792 1393 4863 quod
1423 4793 1566 4848 mihi
1591 4797 1691 4847 tua
1723 4791 2034 4863 subgerere

378 4876 611 4937 studuit
643 4875 922 4942 charitas,
957 4876 1294 4950 adimplere,
1327 4886 1615 4951 quatenus
1647 4883 1703 4934 et
1735 4884 1792 4934 tu
1829 4895 1896 4934 ex
1926 4880 2034 4936 hac

379 4968 510 5040 ipsa
532 4965 931 5022 admonitione
948 4966 1007 5023 in
1027 4968 1208 5025 Deum
1224 4971 1514 5044 gradatim
1531 4985 1728 5024 amore
1743 4970 2035 5040 proﬁcias,

380 5060 438 5113 et
468 5072 574 5129 ego
605 5063 715 5112 tuae
745 5055 1030 5113 mercedis
1088 5059 1237 5115 efﬁci
1287 5075 1512 5114 merear
1558 5057 1870 5130 particeps.
1906 5059 2035 5115 Scio

380 5162 515 5203 vero
547 5163 661 5202 non
695 5145 1066 5203 mediocriter
1094 5163 1223 5204 esse
1280 5147 1540 5216 beatum,
1592 5145 1691 5217 qui
1723 5164 1786 5202 se
1815 5146 2034 5203 solum-

384 5235 559 5291 modo
585 5234 827 5293 Domino
853 5237 1164 5308 adjuvante
1195 5234 1511 5302 salvat,sed
1537 5235 1664 5290 novi
1690 5236 1872 5292 multo
1901 5237 2033 5293 bea-

382 5323 594 5379 tiorem
625 5340 773 5396 esse,
832 5325 934 5398 qui
965 5339 1166 5380 secum
1215 5323 1360 5380 alios
1405 5325 1476 5379 ad
1525 5324 1756 5381 caeleste
1787 5341 2032 5397 regnum

375 5411 610 5467 trahere
641 5413 892 5472 festinat.
927 5414 1287 5484 Quapropter
1333 5413 1533 5470 hortor
1561 5417 1726 5470 tuam
1761 5414 2031 5472 eximiam

381 5499 776 5574 dilectionem,
813 5507 878 5557 ut
909 5501 1059 5554 hanc
1081 5501 1537 5559 admonitionem
1570 5503 1820 5560 subinde
1851 5504 2030 5576 legas,

381 5593 440 5646 et
470 5593 764 5647 memoriae
792 5589 1190 5655 commendes,
1221 5597 1394 5663 atque
1425 5607 1600 5663 opere
1624 5591 1938 5663 compleas,
1973 5597 2037 5648 ut

376 5678 512 5736 aliis
535 5679 754 5734 bonum
781 5679 1258 5746 demonstrando,
1282 5685 1338 5734 et
1368 5684 1444 5745 te,
1468 5685 1524 5733 et
1547 5679 1693 5734 alios
1724 5679 1938 5746 salves;
1973 5685 2037 5735 ut

378 5769 452 5824 de
475 5772 599 5834 tuo,
627 5769 684 5818 et
704 5764 953 5819 aliorum
977 5767 1235 5835 profectu
1256 5767 1476 5822 felicem
1504 5767 2031 5824 remunerationem

370 5869 403 5912 ι
433 5867 651 5925 sponso
671 5854 772 5912 tuo
797 5852 1118 5911 immortali
1147 5856 1402 5925 recipere
1422 5854 1919 5917 merearieMente
1941 5875 2031 5916 so-

2141 4260 2477 4333 displiceas,
2513 4261 2650 4333 quia
2670 4262 2796 4334 ipse
2816 4263 2944 4334 tibi,
2969 4263 3018 4320 si
3045 4264 3210 4332 bene,
3237 4271 3302 4322 ut
3332 4269 3586 4340 coepisti,
3614 4288 3806 4344 perse-

2141 4351 2446 4418 veraveris,
2465 4351 2796 4407 inauditam
2810 4351 3074 4409 laetitiam
3090 4353 3347 4411 invisum
3361 4358 3659 4429 gaudium
3677 4376 3805 4417 cum

2142 4439 2366 4495 caeteris
2389 4440 2744 4496 condonabit
2765 4442 3193 4511 sanctis,Paulo
3212 4445 3473 4517 apostolo
3497 4447 3804 4505 affirman-

2142 4533 2221 4597 te,
2253 4529 2353 4600 qui
2413 4528 2592 4584 dicit:
2653 4530 2805 4598 Quod
2861 4533 3050 4586 oculus
3104 4549 3216 4588 non
3269 4534 3433 4602 vidit,
3492 4551 3598 4592 nec
3655 4538 3804 4594 auris

2141 4618 2375 4686 audivit,
2406 4635 2504 4674 nec
2525 4620 2584 4673 in
2611 4635 2703 4674 cor
2727 4620 2966 4676 hominis
2987 4622 3276 4688 ascendit;
3305 4640 3425 4695 qua:
3451 4628 3806 4698 praeparavit

2142 4707 2501 4777 diligentibus
2529 4723 2586 4764 se
2616 4709 2752 4764 Dea:
2783 4710 2830 4778 (I
2861 4709 2979 4765 Cor.
3036 4728 3094 4777 ιι,
3128 4710 3202 4780 9).
3255 4711 3490 4768 Festina
3517 4713 3707 4785 igitur
3735 4715 3800 4771 ad

2145 4795 2288 4851 illud
2319 4797 2625 4868 gaudium,
2649 4799 2719 4853 ad
2744 4798 2903 4853 illam
2925 4799 3211 4867 laetitiam,
3239 4801 3297 4855 in
3322 4817 3439 4872 qua
3460 4803 3640 4860 multi
3668 4822 3800 4860 san-

2143 4889 2372 4939 ctorum
2407 4886 2800 4956 requiescunt.
2822 4889 3156 4953 Considera,
3182 4889 3296 4945 Deo
3321 4890 3554 4958 dilecta,
3580 4899 3801 4966 quanta

2143 4972 2220 5028 sit
2250 4973 2494 5029 felicitas
2517 4974 2616 5028 Dei
2643 4975 2869 5030 vultum
2893 4979 3021 5032 sine
3051 4977 3277 5033 defectu
3301 4987 3798 5047 cernere,sancto-

2144 5079 2273 5116 rum
2306 5062 2646 5133 angelorum
2682 5064 2874 5119 choris
2921 5065 3225 5132 interesse,
3259 5084 3393 5122 cum
3457 5076 3795 5126 sanctorum

2145 5150 2450 5206 hominum
2483 5151 2859 5208 multitudine
2881 5153 3007 5210 sine
3040 5156 3152 5210 [ine
3174 5157 3446 5227 gaudere,
3472 5162 3530 5212 et
3552 5161 3628 5215 ad
3652 5161 3795 5215 hanc

2141 5240 2444 5310 gressibus
2468 5241 2751 5295 virtutum
2771 5242 3030 5312 quotidie
3052 5243 3525 5316 appropinquare
3543 5248 3798 5313 stude,et

2144 5333 2207 5383 ut
2237 5329 2307 5382 ad
2342 5345 2429 5397 ea,
2463 5346 2591 5400 quae
2614 5333 3064 5387 commemoravi
3110 5337 3264 5388 recto
3296 5333 3534 5391 tramite
3567 5351 3794 5408 pergas,

2142 5417 2434 5489 citiusque
2481 5419 2779 5490 pervenire
2838 5436 3041 5490 queas,
3103 5420 3255 5476 hanc
3299 5427 3410 5477 tuae
3444 5421 3790 5479 beatitudini

2145 5505 2604 5562 admonitionem
2663 5508 3006 5581 conscripsi,
3058 5525 3162 5581 per
3209 5527 3385 5582 quam
3428 5529 3546 5568 non
3577 5513 3649 5568 de
3679 5527 3792 5567 una

2145 5593 2516 5650 solummodo
2537 5595 2873 5666 virtute,sed
2895 5599 2964 5652 de
2984 5598 3187 5653 multis
3208 5604 3267 5654 te
3287 5599 3458 5670 cupio
3481 5602 3791 5657 admonere

2145 5682 2477 5738 virtutibus.
2513 5685 2691 5749 Quem
2717 5702 3049 5742 sermonem
3073 5687 3202 5742 ideo
3235 5687 3517 5759 singulari
3547 5702 3786 5745 numero

2144 5771 2577 5829 admonitionem
2596 5791 2757 5842 voco,
2781 5775 2920 5848 quia
2949 5777 3218 5850 quamvis
3241 5777 3436 5834 multae
3458 5778 3577 5836 sint
3606 5778 3785 5834 virtu-

2141 5865 2250 5932 tes,
2285 5864 2343 5918 et
2370 5859 2824 5937 innumerabilia
2851 5865 3244 5941 hortamenta,
3274 5867 3350 5926 ad
3373 5883 3558 5942 unam
3585 5871 3784 5936 tamen
