3966 6210
213 336 339 400 917

1112 342 1556 411 ADMONITIO
1602 346 1703 408 AD
1747 348 2267 417 NONSUINDAM
2314 355 2759 421 RECLUSAM.

3526 359 3644 419 918

213 472 518 548 pertinent
546 471 726 542 viam,
759 474 831 533 ad
863 493 1046 533 unum
1078 477 1206 548 iter,
1231 481 1303 536 ad
1335 498 1513 538 unam
1548 482 1875 541 felicitatem
1906 486 1962 553 Α
1992 494 2155 546 tuam
2189 490 2301 545 nisi
2333 507 2480 562 quos
2511 492 2631 548 scio
2663 490 2975 547 solitarios.
3010 491 3078 545 Et
3107 489 3156 546 si
3190 491 3522 562 perveneris
3565 492 3637 549 ad

214 564 524 621 hominem
556 565 799 620 ducunt.

690 658 822 711 CAP.
857 656 899 710 Ι.
933 688 1001 697 -—-
1022 659 1096 713 De
1123 660 1415 717 charitate.

295 742 444 797 Cum
473 742 658 815 igitur
685 744 755 798 de
788 744 1059 815 plurimis
1088 746 1407 805 virtutibus
1469 757 1524 807 te
1568 754 1879 810 admonere

217 831 573 899 desiderem,
600 832 858 903 primum
891 850 1024 889 cum
1056 838 1233 894 Paulo
1264 840 1525 911 apostolo
1562 842 1779 909 hortor,
1815 849 1879 898 ut

218 920 526 976 charitatis
559 920 835 977 virtutem
888 929 1021 979 ante
1076 928 1273 982 omnia
1330 929 1543 986 habere
1601 932 1874 987 studeas:

220 1010 366 1082 quia
397 1009 554 1064 aicut
583 1010 753 1081 panis
786 1013 1063 1069 omnibus
1094 1015 1240 1071 cibis
1273 1018 1477 1073 melior
1507 1023 1613 1086 est,
1642 1021 1721 1074 ita
1740 1021 1876 1076 cha-

218 1099 371 1153 ritas
392 1114 598 1154 omnes
630 1100 924 1155 antecellit
952 1102 1215 1171 virtutes,
1248 1109 1305 1159 et
1353 1106 1505 1161 sicut
1562 1108 1688 1163 sine
1732 1127 1877 1181 pane

221 1203 435 1242 mensa
456 1186 712 1242 efﬁcitur
733 1189 923 1261 inops,
950 1191 1028 1246 ita
1061 1192 1185 1247 sine
1208 1193 1489 1250 charitate
1512 1197 1673 1251 nulla
1703 1200 1875 1267 proﬁ-

217 1275 304 1331 cit
334 1276 537 1330 virtus.
571 1276 708 1331 Sine
756 1276 1039 1334 charitate
1097 1298 1230 1337 vera
1279 1301 1384 1339 nec
1441 1285 1727 1357 lacrymze,
1774 1305 1875 1343 nec

214 1364 461 1437 vigilite,
483 1381 583 1419 nec
616 1366 872 1434 nuditas,
902 1386 1006 1424 nec
1055 1371 1313 1437 castitas,
1346 1388 1451 1428 nec
1474 1374 1872 1446 eleemosynae,

215 1470 331 1509 nec
387 1454 732 1526 martyrium
782 1456 1078 1513 hominem
1129 1468 1376 1531 possunt
1424 1462 1664 1519 salvare.
1721 1466 1875 1520 lianc

216 1542 471 1599 Dominu
536 1560 602 1598 ac
658 1545 1011 1618 Redemptor
1068 1554 1263 1604 noster
1320 1552 1650 1623 specialiter
1708 1555 1875 1610 nobis

218 1632 638 1688 commendat:
665 1634 790 1701 Hoc,
826 1634 1035 1706 inquit,
1068 1640 1263 1694 mando
1316 1643 1485 1710 vobis,
1519 1651 1578 1697 ut
1621 1643 1874 1715 diligatis

212 1723 460 1783 mvieem
506 1722 728 1797 (Joann.
760 1744 849 1793 xv,
885 1727 994 1793 l7).
1030 1729 1097 1782 Et
1126 1728 1336 1784 iterum
1364 1749 1375 1785 :
1408 1736 1477 1786 In
1507 1732 1603 1786 hoc
1655 1748 1875 1803 cognos-

216 1819 362 1883 cent,
396 1817 527 1887 quia
554 1831 663 1870 me:
692 1818 820 1871 estis
849 1816 1129 1888 discipuli,
1162 1821 1212 1873 si
1240 1820 1584 1875 dilectionem
1618 1823 1871 1877 habueri-

218 1906 293 1959 tis
324 1904 394 1960 ad
419 1907 649 1960 invicem
682 1906 858 1975 (Joan.
890 1923 1011 1973 x111,
1031 1908 1139 1977 35).
1174 1908 1332 1963 Hanc
1363 1910 1662 1980 apostolus
1692 1912 1869 1966 Joan-

221 2011 326 2050 nes
352 1994 606 2049 laudans
636 1994 811 2049 dicit:
866 1996 970 2063 Qui
996 2006 1179 2051 manet
1230 2000 1289 2052 in
1336 2000 1628 2068 charitatc,
1674 2002 1732 2055 in
1763 2003 1869 2056 Deo

220 2092 429 2151 manet,
459 2093 511 2139 et
539 2084 680 2139 Deus
710 2086 769 2138 in
799 2100 857 2139 eo
883 2086 932 2155 (I
967 2090 1130 2143 Joan.
1166 2104 1242 2157 1v,
1292 2089 1400 2156 15).
1464 2090 1621 2145 Hanc
1651 2091 1870 2162 praedi-

222 2177 384 2228 cator
431 2173 703 2245 egregius
756 2175 981 2229 cunctis
1012 2175 1322 2231 virtutibus
1356 2179 1667 2249 praeferens
1693 2180 1865 2234 dicit:

214 2265 284 2319 Si
330 2264 664 2319 distribuere
716 2267 773 2318 in
822 2264 968 2318 cibos
1012 2281 1329 2335 pauperum
1372 2283 1555 2323 omnes
1584 2270 1870 2339 facultates

213 2369 390 2419 meas,
442 2355 492 2406 et
538 2354 590 2406 si
637 2352 907 2408 tradidero
955 2369 1147 2424 corpus
1194 2371 1393 2422 meum,
1428 2360 1506 2411 ita
1535 2366 1593 2412 ut
1622 2359 1865 2426 ardeam,

211 2443 553 2497 charitatem
597 2445 778 2496 autem
826 2458 935 2498 non
983 2442 1241 2510 habuero,
1286 2446 1431 2501 nihil
1488 2447 1629 2501 mihi
1653 2448 1870 2519 prodest

215 2532 269 2601 (Ι
292 2530 417 2584 Cor.
443 2547 563 2595 x111,
593 2532 667 2599 3).
704 2530 915 2586 Deinde
964 2533 1308 2607 subjungit:
1363 2537 1612 2591 Charitas
1656 2542 1869 2607 patiens

213 2625 321 2685 est,
351 2620 586 2689 benigna
606 2624 681 2675 est
700 2620 887 2692 (Ibid,
912 2622 965 2692 4)
987 2641 1010 2686 ;
1029 2624 1271 2692 patiens,
1288 2622 1589 2681 tolerando
1604 2628 1866 2693 adversa,

220 2710 482 2779 benigna,
517 2709 667 2764 bona
698 2710 1049 2779 praestando.
1083 2713 1243 2777 Quod
1275 2713 1321 2767 si
1357 2712 1611 2769 cbaritas
1644 2716 1868 2786 patiens

223 2804 313 2854 est
342 2802 519 2869 atque
549 2798 819 2869 benigna,
871 2800 1041 2855 stude
1090 2801 1435 2858 fidelissima
1483 2804 1633 2859 inter
1674 2807 1872 2862 omnia

222 2888 514 2960 patienter
562 2887 808 2944 tolerare
866 2890 1127 2957 adversa,
1173 2891 1417 2964 ipsaque
1474 2911 1599 2965 quae
1661 2894 1872 2951 toleras

220 2994 363 3033 cura
392 2977 653 3050 diligere.

643 3067 779 3123 CAP“
815 3067 882 3123 II.
915 3098 983 3111 --
1014 3071 1088 3125 De
1117 3070 1453 3127 humilitate.

293 3156 634 3213 Certissima
661 3173 793 3212 vero
825 3159 1092 3213 convenit
1142 3160 1374 3215 credere
1424 3162 1575 3232 quod
1620 3162 1871 3217 cbaritas

1991 597 2109 651 eos,
2136 598 2251 636 non
2284 582 2655 653 acquiescant
2685 582 2803 637 haec
2836 582 3021 637 facere
3051 589 3288 653 propter
3331 580 3636 637 humilita-

1990 674 2127 725 tem.
2162 671 2273 726 Sed
2305 672 2412 727 hoc
2445 672 2761 727 faciemus:
2796 672 3029 742 quando
3060 672 3301 726 veniunt
3331 672 3637 728 all‘ereutes

1988 759 2213 816 venalia
2242 778 2368 831 quae
2391 767 2726 833 operantur,
2760 761 2931 815 dicite
2960 778 3063 815 vos
3092 778 3282 815 emere
3305 760 3448 814 velle
3480 762 3634 831 quod

1987 850 2283 917 vendunt;
2316 856 2373 906 et
2404 868 2536 905 cum
2568 850 2831 905 venerint
2862 854 2917 903 in
2950 851 3213 915 domum,
3256 851 3503 922 pretium
3538 868 3638 905 ac-

1988 940 2234 1010 cepturi,
2261 941 2522 995 dicemus
2553 940 2636 994 eis
2668 944 2731 993 ut
2764 939 2978 993 faciant
3004 940 3323 994 orationem
3350 957 3449 1011 pro
3472 956 3558 1009 ea,
3582 945 3637 995 et

1988 1029 2159 1083 credo
2192 1030 2345 1100 quod
2380 1030 2684 1084 sanabitur
2716 1027 2835 1083 filia
2893 1032 3010 1083 tua.
3074 1031 3359 1083 Exeuntes
3412 1046 3544 1083 vero
3578 1030 3638 1082 in

1990 1117 2240 1188 plateam
2274 1119 2618 1172 invenerunt
2649 1134 2832 1172 unum
2865 1118 3217 1172 monachum
3242 1119 3539 1173 sedentem
3573 1122 3639 1172 ut

1986 1208 2261 1261 venderet
2291 1207 2599 1277 sportellas
2631 1224 2789 1271 suas,
2824 1211 2880 1260 et
2912 1206 3170 1260 tulerunt
3192 1224 3323 1261 eum
3350 1224 3549 1262 secum
3577 1208 3631 1261 in

1986 1296 2227 1350 domum
2262 1313 2454 1360 suam,
2482 1297 2581 1366 qui
2607 1297 2855 1366 pretium
2880 1300 3211 1366 sportarum
3244 1297 3548 1367 acciperet.
3571 1301 3639 1350 Et

1987 1401 2119 1439 cum
2140 1384 2419 1439 intrasset
2442 1384 2766 1439 monachus
2789 1384 2884 1437 ille
2909 1384 2963 1438 in
2990 1384 3415 1451 domum,venit
3438 1385 3632 1455 puella

1986 1489 2113 1543 quae
2145 1491 2178 1527 a
2209 1474 2493 1528 daemonio
2524 1474 2857 1543 vexabatur,
2892 1477 2948 1527 et
2979 1474 3137 1527 dedit
3168 1473 3397 1543 alapam
3430 1491 3633 1529 mona-

1985 1561 2091 1615 cho
2116 1562 2218 1615 illi.
2246 1562 2342 1617 Ille
2374 1568 2566 1617 autem
2601 1563 2881 1617 convertit
2911 1562 2959 1615 ei
3012 1562 3182 1615 aliam
3215 1562 3511 1617 maxillam
3537 1579 3627 1616 se-

1985 1653 2244 1706 cundum
2268 1652 2527 1705 divinum
2563 1656 2937 1723 prmceptum.
2973 1652 3203 1705 Daemon
3240 1656 3454 1717 autem,
3488 1668 3621 1705 cum

1984 1745 2354 1812 torqueretur
2382 1741 2633 1795 clamare
2664 1740 2874 1811 cmpit:
2909 1741 2951 1794 Ο
3007 1740 3277 1795 violentia
3317 1742 3626 1795 mandato-

1986 1847 2116 1885 rum
2146 1830 2283 1885 Jesu
2306 1830 2519 1885 Christi
2544 1830 2776 1900 expellit
2808 1846 2899 1883 me
2932 1829 3103 1882 hinc!
3140 1834 3204 1883 Et
3233 1830 3433 1883 statim
3460 1847 3627 1883 mun-

1982 1921 2116 1974 data
2137 1924 2227 1974 est
2249 1918 2461 1990 puella.
2492 1920 2635 1973 Cum
2666 1923 2857 1973 autem
2881 1919 3176 1972 venissent
3197 1935 3385 1983 senes,
3412 1919 3626 1973 indica-

1979 2013 2187 2063 verunt
2216 2009 2299 2063 eis
2332 2008 2483 2079 quod
2536 2008 2753 2062 factum
2806 2008 3006 2073 fuerat,
3066 2010 3121 2059 et
3149 2006 3623 2075 gloriﬁcaverunt

1980 2095 2163 2151 Deum
2197 2099 2253 2149 et
2281 2096 2569 2159 dixerunt,
2610 2094 2969 2149 consuetudo
3015 2094 3307 2147 diabolicae
3342 2094 3624 2163 superbiae

1980 2184 2051 2238 ad
2085 2183 2473 2238 humilitatem
2510 2184 2917 2237 mandatorum
2944 2182 3082 2236 Jesu
3106 2182 3313 2238 Christi
3334 2199 3624 2237 corruere.

1980 2272 2427 2327 Consideremus
2459 2276 2515 2327 et
2540 2288 2668 2337 nos,
2702 2288 2733 2325 ο
2766 2270 3137 2325 sanctissima
3171 2271 3625 2336 mater,humili~

1979 2366 2158 2416 tatem
2183 2362 2360 2431 hujus
2382 2360 2703 2415 felicissimi
2724 2360 3079 2425 monachi,et
3104 2360 3157 2412 in
3189 2364 3473 2430 quantum
3498 2377 3628 2430 pes-

1980 2467 2208 2517 sumus,
2238 2450 2450 2505 imitari
2469 2466 2763 2504 curemus.
2792 2449 2843 2502 Si
2866 2448 3046 2518 igitur
3064 2448 3367 2502 humilitas
3384 2447 3625 2503 alterius

1979 2538 2334 2594 daemonium
2365 2538 2607 2609 expulit,
2641 2537 2765 2593 sine
2796 2537 2974 2591 dubio
3004 2537 3248 2590 ﬁrmiter
3278 2538 3510 2591 credere
3537 2537 3631 2590 de-

1981 2629 2188 2685 bemus
2219 2629 2373 2699 quod
2400 2633 2601 2683 nostra
2619 2626 2924 2681 humilitas
2945 2625 3243 2681 diabolum
3270 2626 3326 2680 in
3350 2626 3627 2680 cordibus

1980 2717 2195 2773 nostris
2217 2734 2458 2789 regnare
2489 2734 2602 2772 non
2635 2716 2805 2771 sinet.
2827 2717 2989 2770 Tunc
3011 2732 3141 2770 vero
3167 2732 3359 2770 veram
3391 2716 3629 2770 humili-

1980 2811 2156 2862 tatem
2179 2807 2463 2861 habemus
2484 2806 2531 2861 si
2553 2805 2828 2861 omnibus
2845 2822 2947 2860 nos
2962 2809 3236 2875 putamus
3250 2820 3376 2859 esse
3395 2804 3630 2859 inferio-

1981 2912 2093 2964 res,
2126 2900 2182 2950 et
2212 2897 2484 2951 omnibus
2515 2896 2946 2950 venerationem
2978 2894 3315 2958 deferimus,
3349 2898 3405 2948 et
3433 2895 3629 2949 omnia

1982 3003 2107 3057 qua:
2132 2986 2300 3040 nobis
2323 2984 2420 3040 alii
2447 2984 2669 3039 faciunt
2692 2984 2951 3051 adversa,
2987 2982 3286 3037 humiliter
3307 2982 3627 3037 toleramus

1982 3078 2218 3146 propter
2246 3091 2506 3131 amorem
2541 3073 2660 3128 Dei.
2695 3073 2774 3127 De
2825 3072 2931 3125 hac
2983 3072 3195 3125 virtute
3256 3072 3536 3126 Dominus
3566 3072 3627 3126 in

1984 3162 2289 3234 Evangelio
2323 3163 2463 3217 dicit
2490 3180 2501 3216 :
2553 3163 2741 3217 Omnis
2769 3163 2866 3229 qui
2891 3176 2947 3213 se
2976 3161 3182 3213 exalia:
3213 3160 3624 3227 liumiliabitur,

222 3263 530 3318 nunquam
563 3246 691 3302 sine
721 3246 1050 3303 humilitate
1081 3252 1137 3302 et
1166 3248 1494 3305 obedientia
1544 3251 1601 3305 in
1634 3250 1869 3307 homine
1900 3232 1942 3299 (ἶ
1980 3261 2031 3308 et
2080 3232 2176 3323 qui
2227 3268 2283 3307 se
2330 3252 2595 3306 Immilz'at
2642 3249 2981 3304 exaltabitur
3038 3250 3188 3316 (Luc.
3239 3265 3351 3301 xiv.
3408 3250 3512 3312 11).
3547 3248 3626 3301 Ex

219 3340 446 3409 regnat.
472 3335 531 3391 Si
554 3352 753 3391 veram
776 3335 1050 3391 habueris
1074 3337 1436 3405 charitatem,
1463 3355 1593 3394 mox
1624 3340 1737 3395 eris
1769 3339 1870 3394 hu-

218 3424 381 3480 milis
405 3429 578 3496 atque
594 3424 891 3481 obediens.
918 3424 1230 3482 Humilitas
1255 3444 1508 3499 namque
1532 3428 1744 3483 eximia
1766 3428 1871 3482 vir-

218 3520 319 3570 tus
345 3518 470 3569 est:
496 3513 619 3568 haec
650 3515 719 3568 de
748 3516 995 3570 terrenis
1024 3515 1362 3571 hominibus
1402 3517 1540 3572 facit
1570 3517 1829 3573 caelestes
1857 3542 1870 3582 ;

219 3619 327 3676 per
356 3602 509 3658 hanc
534 3602 804 3659 diabolus
844 3609 1176 3676 superatur,
1207 3622 1309 3677 per
1340 3605 1490 3660 hanc
1520 3606 1646 3675 ejus
1677 3606 1871 3676 laquei

214 3692 498 3748 vitantur.
531 3691 623 3747 Sic
653 3692 859 3748 beatus
886 3693 1173 3749 Antonius
1204 3693 1348 3749 dixit
1376 3694 1574 3749 abbati
1608 3695 1829 3750 Pastori
1857 3712 1870 3749 :

220 3782 357 3837 Vidi
389 3798 594 3838 omnes
624 3782 861 3853 laqueos
893 3782 1115 3839 inimici
1147 3787 1346 3838 tensos
1376 3784 1433 3837 in
1467 3783 1578 3854 via,
1614 3788 1670 3838 et
1713 3784 1872 3855 inge-

225 3872 485 3927 miscens
516 3870 670 3926 dixi:
704 3871 864 3939 Quis,
899 3878 1088 3943 putas,
1121 3872 1362 3928 transiet
1388 3873 1531 3928 istos
1588 3872 1875 3943 laqueos?

226 3962 294 4016 Et
325 3960 521 4015 audivi
570 3976 770 4015 vocem
819 3960 1150 4017 dicentem:
1210 3960 1543 4016 Humilitas.
1596 3961 1711 4016 Hoc
1741 3977 1875 4016 vero

226 4051 435 4105 beatus
466 4050 772 4117 Antonius,
806 4054 872 4105 ut
903 4055 1063 4121 puto,
1097 4067 1211 4105 non
1244 4067 1347 4121 pro
1379 4066 1440 4105 se
1471 4055 1701 4105 tantum
1733 4049 1878 4104 vidit

225 4143 284 4195 et
318 4138 560 4211 audivit,
594 4140 692 4194 sed
727 4143 784 4193 et
813 4156 916 4211 pro
946 4140 1135 4205 nobis,
1171 4140 1269 4210 qui
1302 4144 1629 4210 peccatores
1652 4146 1709 4195 et
1733 4139 1876 4194 insi-

224 4229 456 4302 pientes
485 4244 712 4298 sumus,
738 4233 794 4283 et
816 4228 984 4301 longe
1007 4230 1079 4285 ab
1111 4227 1272 4284 illius
1294 4228 1520 4284 meritis
1543 4229 1833 4284 distamus
1861 4246 1873 4284 :

223 4323 292 4374 ut
324 4335 432 4374 nos
454 4318 577 4373 haec
602 4318 879 4390 legentes,
902 4324 958 4374 et
978 4334 1148 4390 opere
1162 4317 1770 4388 eomplentes,diaboli
1796 4318 1875 4373 la-

225 4425 411 4482 queos
442 4406 743 4480 possimus
792 4409 993 4479 vitare,
1037 4407 1136 4479 qui
1180 4410 1417 4479 propter
1462 4406 1571 4461 hoc
1612 4406 1877 4477 inquirit,

225 4497 525 4569 quomodo
549 4513 656 4552 nos
679 4496 945 4569 decipiat.
973 4497 1158 4569 Igitur
1176 4513 1354 4567 quam
1372 4512 1587 4567 magna
1607 4496 1788 4551 virtus
1801 4496 1879 4551 sit

1980 3342 2090 3396 isto
2122 3340 2403 3395 versiculo
2429 3339 2602 3393 etiam
2635 3338 2858 3391 discere
2890 3337 3168 3390 debemus
3227 3337 3381 3405 quod
3422 3352 3625 3405 super-

1981 3431 2076 3485 bia
2105 3429 2393 3483 contraria
2422 3429 2499 3482 sit
2527 3425 2867 3481 humilitati.
2904 3426 3071 3494 Ergo,
3107 3425 3153 3478 si
3186 3441 3315 3479 vere
3373 3424 3627 3480 humiles

1980 3536 2108 3575 esse
2138 3518 2433 3582 volumus,
2465 3515 2797 3587 superbiam
2833 3514 3147 3583 fugiamus,
3182 3513 3320 3583 quia
3351 3513 3627 3582 superbia

1983 3608 2275 3678 dejicitur,
2335 3605 2639 3660 humilitas
2691 3603 2965 3658 elevatur.
3023 3603 3106 3656 Ad
3167 3602 3312 3656 hanc
3355 3602 3628 3656 virtutem

1983 3698 2252 3769 princeps
2275 3695 2670 3768 apostolorum
2703 3710 2809 3748 nos
2838 3693 3045 3747 invitat
3102 3692 3347 3747 dicendo
3374 3710 3385 3747 :
3426 3694 3630 3747 [Iumi-

1988 3786 2214 3841 liamini
2243 3786 2342 3841 sub
2369 3785 2575 3855 potenti
2603 3800 2782 3839 manu
2814 3784 2931 3849 Dei,
2966 3787 3021 3835 ut
3056 3798 3145 3836 vos
3174 3783 3375 3837 cgrallct
3410 3785 3466 3836 in
3497 3787 3631 3835 tem-

1980 3893 2116 3948 pore
2146 3876 2523 3931 tribulationis
2556 3875 2601 3944 (I
2632 3876 2775 3929 Petr.
2808 3890 2860 3942 ν,
2896 3874 2973 3943 6).
3020 3872 3149 3926 ΙΙωο
3180 3872 3472 3927 sententia
3509 3888 3633 3925 ma—

1986 3965 2366 4021 nifestissime
2391 3963 2558 4018 nobis
2580 3962 2839 4018 insinuat
2860 3962 3015 4031 quod
3044 3962 3092 4014 si
3118 3961 3209 4013 hic
3228 3961 3365 4014 dum
3384 3958 3635 4013 vivimus

1988 4073 2092 4110 nos
2116 4053 2427 4108 humiliore
2450 4050 2931 4115 curaverimUs,in
2959 4055 3217 4119 tempore
3241 4045 3634 4101 tribulationis

1984 4144 2069 4198 vel
2106 4140 2526 4207 retributionis,
2562 4140 2615 4193 id
2649 4144 2756 4201 est,
2790 4139 2847 4191 in
2881 4138 2972 4190 die
2994 4135 3202 4205 judicii
3246 4133 3492 4199 Domini,
3528 4152 3635 4189 nos

1987 4232 2171 4303 pietas
2193 4227 2468 4283 exaltabit
2491 4227 2547 4280 in
2572 4226 2788 4281 cmlesti
2814 4241 3011 4295 regno.
3036 4228 3165 4277 Jam
3196 4239 3329 4276 vero
3361 4221 3633 4290 superius

1986 4318 2105 4374 dixi
2135 4317 2288 4388 quod
2322 4315 2597 4386 cbaritas,
2631 4312 2933 4367 humilitas
2963 4317 3136 4383 atque
3185 4309 3515 4365 obedientia
3559 4312 3629 4363 ab

1988 4407 2235 4463 invicem
2269 4404 2526 4475 separari
2560 4419 2675 4457 non
2706 4400 2951 4472 possint.

2395 4495 2526 4546 CAP.
2560 4491 2655 4545 Ill.
2688 4520 2755 4529 —-
2787 4490 2859 4543 De
2889 4489 3223 4544 obedientia.

224 4586 557 4653 humilitas,
577 4586 754 4641 Marci
779 4586 952 4641 etiam
976 4585 1245 4642 monachi
1268 4586 1383 4640 vita
1404 4584 1682 4651 insinuat,
1703 4600 1875 4655 quem
1910 4605 1956 4668 D
2061 4586 2127 4640 Et
2156 4582 2293 4655 quia
2312 4581 2593 4637 hactenus
2615 4580 2685 4633 de
2705 4577 3402 4668 charitateethumilitate
3415 4576 3637 4668 dictum

226 4676 437 4732 dicunt
467 4675 641 4731 etiam
676 4675 735 4729 in
763 4678 1064 4743 juventute
1092 4675 1259 4730 valde
1280 4674 1460 4729 luisse
1481 4678 1879 4741 mansuetum,

228 4764 525 4823 humilem
558 4781 622 4819 ac
654 4765 1003 4836 sapientem,
1036 4768 1093 4819 et
1123 4781 1225 4836 pro
1257 4764 1547 4836 ejusmodi
1572 4764 1888 4818 virtutibus

230 4860 361 4913 tam
398 4853 601 4910 dicunt
624 4854 741 4909 Deo
771 4854 952 4909 fuisse
983 4853 1316 4922 amabilem,
1348 4858 1412 4908 ut
1433 4855 1571 4909 dum
1605 4854 1675 4907 ad
1701 4851 1892 4907 Domi-

231 4945 437 5001 nicum
471 4960 684 5015 corpus
706 4944 1270 5014 accederet,angelus
1289 4943 1339 4997 ei
1361 4946 1727 4998 sacramenta
1748 4959 1890 5013 prm-

228 5036 415 5091 beret.
452 5034 704 5090 Pensare
732 5049 865 5088 vero
886 5032 1168 5088 debemus
1189 5049 1257 5087 ex
1277 5032 1384 5087 hoc
1407 5030 1689 5087 miraculo
1714 5047 1888 5101 quam

230 5138 518 5196 magnum
544 5123 767 5177 donum
790 5121 868 5176 sit
887 5120 1322 5192 humilitas,per
1341 5120 1499 5191 quod
1525 5124 1643 5174 tam
1670 5119 1892 5173 amabi-

227 5212 304 5268 lis
334 5218 582 5283 tamque
614 5208 994 5282 acceptabilis
1026 5210 1141 5265 Deo
1177 5210 1367 5265 adhuc
1419 5209 1593 5265 homo
1628 5206 1893 5262 mortalis

231 5300 771 5358 efﬁciatur.Abbas
823 5298 997 5354 etiam
1047 5299 1244 5354 Daniel
1306 5298 1654 5353 miraculum
1696 5301 1896 5351 narrat

228 5408 332 5465 per
353 5391 515 5464 quod
536 5387 726 5445 virtus
748 5386 1099 5441 humilitatis
1130 5387 1477 5443 declaratur.
1510 5388 1647 5441 Erat
1679 5389 1896 5450 autem,

230 5482 403 5548 ait,in
426 5479 754 5550 Babylonia
775 5474 896 5530 filia
920 5476 1223 5544 cujusdam
1248 5476 1368 5532 illic
1391 5474 1653 5547 primarii
1679 5476 1891 5528 daemo-

230 5573 401 5631 nium
435 5569 685 5625 habens.
710 5566 881 5620 Pater
912 5568 1105 5618 autem
1138 5566 1263 5635 ejus
1281 5565 1562 5637 diligebat
1583 5564 1895 5634 quemdam

226 5659 605 5722 monachum
638 5654 740 5727 qui
772 5652 923 5708 dixit
949 5651 1037 5708 ei:
1070 5652 1249 5710 Nemo
1280 5656 1466 5725 potest
1497 5668 1699 5707 curare
1718 5650 1897 5706 filiam

1992 4679 2098 4743 est,
2133 4676 2312 4728 restat
2347 4676 2411 4725 ut
2433 4668 2675 4724 solerter
2704 4668 2969 4723 attendas
2992 4666 3182 4737 qualis
3205 4665 3638 4722 sitobedientiaa

1998 4763 2201 4818 virtus.
2237 4762 2475 4832 Propter
2502 4755 2954 4813 inobedientiam
2978 4755 3203 4827 primus
3225 4754 3401 4809 homo
3422 4756 3643 4826 ejectus

2001 4858 2089 4909 est
2114 4854 2182 4907 de
2213 4849 2501 4923 paradiso.
2540 4848 2899 4917 Quapropter
2953 4846 3000 4899 si
3032 4844 3168 4899 illuc
3202 4845 3287 4900 vis
3312 4846 3642 4911 ascendere,

2002 4942 2279 4999 obediens
2300 4956 2427 4995 esse
2453 4940 2641 4995 stude.
2678 4936 2746 4990 Ut
2768 4938 2963 4990 autem
2992 4952 3167 5006 quam
3196 4952 3411 5007 magna
3432 4935 3505 4990 sit
3527 4935 3647 4988 haec

2002 5032 2186 5086 virtus
2218 5046 2522 5101 agnoscas,
2557 5024 2905 5081 miraculum
2937 5023 3041 5077 tibi
3064 5025 3136 5079 ad
3186 5024 3527 5079 memoriam
3561 5039 3649 5076 re-

2002 5120 2234 5175 vocabo.
2260 5120 2508 5181 Quidam
2543 5114 2837 5171 saecularis
2867 5113 2995 5167 vitze
3046 5112 3269 5167 habens
3316 5117 3435 5166 tres
3474 5110 3647 5177 filios,

2006 5207 2358 5263 renuntiavit
2380 5205 2590 5260 saeculo
2622 5209 2677 5260 et
2706 5203 2865 5258 venit
2897 5204 2966 5257 ad
2996 5201 3439 5267 monasterium,
3476 5198 3651 5253 relin-

2006 5310 2191 5368 quens
2216 5292 2365 5347 filios
2388 5294 2446 5347 in
2470 5294 2717 5359 civitate,
2744 5296 2799 5346 et
2824 5308 2955 5345 cum
2980 5290 3187 5343 fuisset
3206 5305 3307 5359 per
3328 5292 3443 5343 tres
3468 5304 3654 5344 annos

2006 5385 2064 5438 in
2090 5382 2771 5451 monasterio,cceperunt
2792 5380 3174 5453 cogitationes
3197 5396 3314 5433 suae
3343 5377 3491 5433 filios
3514 5377 3653 5433 eiad

2007 5468 2349 5528 memoriam
2386 5471 2715 5540 frequenter
2742 5470 3047 5529 adducere,
3081 5472 3137 5522 et
3193 5468 3656 5523 contristabatur

2008 5576 2109 5631 pro
2142 5558 2224 5610 eis
2254 5558 2442 5627 valde,
2477 5574 2659 5627 neque
2691 5562 2883 5611 tamen
2916 5560 3137 5612 dixerat
3168 5559 3361 5612 abbati
3410 5558 3562 5613 filios
3594 5569 3657 5609 se

2011 5646 2241 5704 habere.
2282 5647 2494 5704 Videns
2517 5650 2711 5702 autem
2733 5662 2868 5700 eum
2900 5648 3081 5703 abbas
3104 5647 3354 5719 tristem,
3387 5641 3611 5716 dixit_ei
3640 5654 3656 5694 :
