3970 6212
344 367 478 433 919.

352 592 508 649 filios
537 591 780 647 haberet
811 591 872 645 in
903 589 1154 654 civitate,
1188 593 1244 644 et
1272 589 1444 644 vellet
1474 605 1573 645 eos
1616 590 1904 645 adducere
1933 589 2005 646 ad

353 683 480 754 ejus
513 679 957 736 monasterium.
991 679 1276 751 Praecepit
1304 683 1499 735 autem
1534 680 1716 735 abbas
1739 685 1804 734 ut
1830 680 2010 734 addu-

358 774 512 828 ceret
542 786 661 826 eos.
684 769 792 834 Qui
823 784 959 824 eum
991 768 1350 840 pervenisset
1369 769 1441 824 ad
1465 768 2010 836 civitatem,invenit

357 877 428 918 ex
455 860 528 916 iis
559 860 708 916 duos
731 861 858 932 jam
892 857 1074 913 fuisse
1091 858 1606 924 defunctos,unum
1626 874 1760 913 vero
1781 857 2007 912 solum-

357 949 531 1006 modo
561 947 936 1004 remansisse.
969 947 1152 1011 Quem
1184 963 1492 1002 assumens
1524 947 1690 1001 duxit
1709 946 1781 1001 ad
1806 962 2008 1001 mona-

361 1039 646 1105 sterium;
682 1041 738 1092 et
768 1036 1073 1108 requirens
1104 1036 1394 1106 abbatem,
1447 1052 1564 1090 non
1624 1052 1756 1091 eum
1789 1035 2009 1091 invenit

357 1125 494 1182 illic.
519 1124 906 1197 Interrogavit
935 1129 1132 1180 autem
1156 1124 1363 1179 fratres
1389 1124 1485 1179 ubi
1509 1129 1662 1180 esset
1689 1125 1871 1180 abbas
1891 1124 1918 1178 ?
1938 1126 2008 1179 Et

356 1214 439 1271 illi
469 1215 742 1270 dixerunt
762 1217 913 1287 quod
943 1215 1013 1269 ad
1039 1214 1353 1286 pistrinum
1378 1214 1855 1286 perrexisset.llle
1873 1232 2006 1270 vero

357 1303 569 1360 tollens
599 1303 789 1358 filium
819 1319 1019 1372 suum,
1053 1319 1226 1374 quem
1264 1303 1608 1372 adduxerat,
1641 1304 1783 1358 abiit
1815 1304 1885 1358 ad
1920 1303 2006 1376 pi-

358 1392 610 1450 strinum
642 1408 654 1448 :
688 1396 746 1449 et
771 1392 977 1448 videns
1000 1408 1133 1446 eum
1156 1392 1339 1447 abbas
1365 1392 1688 1447 venientem
1711 1392 2004 1460 salutavit,

360 1486 416 1538 et
446 1485 651 1538 tenens
681 1480 965 1537 infantem
989 1495 1162 1551 quem
1188 1480 1898 1551 adduxerat,amplexatus
1919 1486 2008 1537 est

360 1587 494 1627 eum
525 1574 585 1626 et
612 1569 989 1626 osculabatur
1013 1586 1024 1624 :
1057 1572 1114 1624 et
1142 1568 1288 1624 dixit
1319 1569 1468 1640 patri
1483 1571 1800 1640 ejus,amas
1822 1587 1954 1626 eum
1979 1570 2007 1624 ‘I

359 1662 430 1714 Bt
458 1657 557 1714 ille
587 1658 923 1730 respondit:
958 1657 1170 1713 Etiam.
1203 1659 1271 1712 Et
1294 1675 1500 1714 rursus
1521 1659 1664 1714 dixit
1688 1659 1737 1713 ei
1764 1677 1776 1714 :
1801 1659 1866 1714 Ai
1890 1677 2008 1716 mo-

360 1749 434 1803 do
460 1766 473 1816 ;
507 1747 704 1819 diligis
735 1763 866 1802 eum
889 1747 917 1800 ?
946 1751 1001 1801 et
1032 1747 1367 1817 respondit:
1405 1747 1609 1803 Etiam.
1640 1749 1844 1804 Postea
1871 1766 2006 1804 vero

363 1837 508 1893 dixit
536 1837 752 1893 abbas:
787 1835 947 1892 Tolle
976 1851 1135 1907 ergo,
1168 1835 1217 1892 si
1246 1852 1412 1939 amas
1445 1842 1664 1906 eum,et
1685 1837 1847 1893 mitte
1871 1855 2002 1893 cum
2037 1874 2086 1939 B

358 1925 420 1981 in
451 1926 748 1982 fornacem
779 1925 971 1991 modo,
996 1925 1137 1980 dum
1161 1925 1342 1981 ardet.
1367 1927 1435 1980 Et
1463 1931 1667 1981 tenens
1689 1943 1822 1981 eum
1847 1933 2011 1998 pater

362 2031 506 2072 suus
527 2013 773 2085 jactavit
803 2031 938 2070 eum
970 2014 1028 2069 in
1087 2014 1382 2070 fornacem
1437 2016 1759 2070 ardentem.
1801 2017 2008 2072 Statim

363 2107 556 2161 autem
581 2102 769 2159 factus
799 2107 887 2160 est
915 2103 1118 2158 fornax
1145 2103 1303 2159 velut
1332 2120 1448 2158 ros.
1485 2104 1563 2158 Ex
1594 2121 1708 2176 qua
1737 2105 2010 2160 obedien-

361 2194 444 2250 tia
460 2192 768 2265 acquisivit
785 2192 1054 2264 gloriam,
1075 2193 1575 2265 quemadmodum
1593 2193 1884 2248 Abraham
1911 2210 2011 2265 pa-

360 2282 637 2339 triarcha.
671 2281 790 2338 Hoc
820 2298 955 2354 ergo
988 2282 1338 2338 miraculum
1372 2282 1571 2338 hortor
1616 2286 1680 2337 ut
1718 2283 2012 2338 memoria:

361 2372 564 2428 tradas
595 2374 652 2426 et
671 2375 738 2426 ut
754 2385 984 2441 semper
1005 2370 1342 2426 obedientiis
1359 2371 1630 2426 virtutem
1657 2375 1790 2426 ante
1811 2371 2013 2427 oculos

365 2459 606 2527 habeas,
639 2457 778 2530 quia
801 2458 954 2514 sicut
983 2458 1080 2514 illo
1110 2464 1372 2531 tempore
1397 2458 1556 2515 illius
1587 2459 1858 2516 monachi
1878 2461 2012 2516 obe-

369 2547 593 2604 dientia
622 2547 897 2602 exstinxit
925 2547 1120 2618 ignem
1151 2547 1424 2616 fornacis,
1459 2548 1541 2604 sic
1557 2552 1614 2604 et
1633 2549 1804 2604 modo
1826 2549 1875 2605 si
1897 2550 2017 2605 fue-

370 2635 453 2693 ris
484 2634 782 2704 obediens,
814 2635 943 2706 ipsa
972 2635 1158 2692 virtus
1189 2637 1248 2691 in
1282 2637 1453 2693 corde
1482 2640 1584 2692 tuo
1616 2638 1811 2709 ignem
1843 2639 2015 2693 vitio-

373 2741 502 2782 rum
534 2723 864 2796 exstinguet
889 2741 904 2792 ;
936 2728 993 2780 et
1023 2724 1072 2780 si
1104 2725 1197 2780 hic
1220 2725 1373 2796 ignis
1397 2725 1666 2782 vitiorum
1691 2727 2014 2782 exstinctus

371 2813 546 2870 fuerit
576 2813 637 2869 in
676 2816 750 2882 te,
806 2829 1176 2885 nequaquam
1238 2818 1369 2885 post
1426 2819 1667 2870 mortem
1731 2815 1787 2868 in
1820 2816 2013 2887 ignem

367 2903 685 2960 descendas
715 2908 1022 2968 aeternum,
1052 2903 1151 2958 sed
1185 2903 1255 2957 ad
1287 2902 1578 2958 ccelestem
1609 2903 1855 2974 gloriam
1887 2907 2013 2961 sine

364 2993 478 3048 fine
500 2995 854 3049 manentem.
888 2993 1038 3063 Ergo
1070 3008 1204 3047 ama
1233 2991 1648 3058 obedientiam,
1674 2993 1851 3065 dilige
1883 2995 2012 3049 obe-

361 3080 669 3148 dientiam,
700 3079 839 3152 quia
870 3095 1085 3152 magna
1112 3080 1298 3135 virtus
1348 3084 1457 3136 est.
1518 3081 1591 3136 Ut
1621 3087 1816 3138 autem
1851 3082 2009 3138 illius

360 3169 829 3242 magnitudinem
861 3167 1055 3224 adhuc
1097 3167 1351 3225 lucidius
1406 3169 1720 3243 intelligas,
1757 3188 2004 3242 sequens

358 3257 710 3314 miraculum
730 3259 1060 3330 frequenter
1081 3257 1225 3328 lege.
1251 3257 1530 3314 Dicebant
1550 3242 1741 3316 autem
1772 3262 2002 3332 fratres,
2035 3242 2078 3308 C

359 3347 499 3420 quia
530 3345 787 3402 narravit
819 3347 1056 3420 quidam
1089 3351 1345 3420 patrum,
1379 3364 1442 3402 se
1471 3348 1687 3404 vidisse
1717 3354 1836 3405 tres
1859 3351 2008 3405 ordi-

360 3453 464 3492 nes
493 3435 552 3491 in
582 3435 744 3506 cmlo,
780 3451 1030 3507 quorum
1064 3437 1292 3508 primus
1324 3440 1447 3492 erat
1496 3436 1802 3493 hominum
1842 3439 2010 3494 inﬁr-

359 3540 591 3580 morum
606 3528 664 3581 et
682 3524 904 3596 gratias
921 3526 1218 3597 agentium
1239 3525 1355 3581 Deo
1377 3544 1388 3592 ;
1415 3528 1707 3582 secundus
1731 3528 1870 3584 ordo
1887 3534 2012 3583 erat

357 3611 819 3684 hospitalitatem
855 3614 1523 3683 sectantium,instanter
1548 3615 2009 3672 ministrantium

359 3702 445 3756 eis
473 3725 488 3766 ;
519 3699 727 3754 tertius
757 3701 897 3755 ordo
927 3705 1052 3754 erat
1103 3717 1304 3756 eorum
1366 3703 1468 3773 qui
1517 3704 1588 3758 ad
1618 3704 2009 3762 obediendum

360 3785 770 3859 spiritualibus
802 3787 1066 3859 patribus
1097 3803 1160 3844 se
1189 3788 1512 3859 subjiciunt
1542 3796 1775 3864 propter
1801 3798 2007 3851 Deum.

359 3875 682 3932 Videbatur
697 3879 891 3932 autem
914 3876 1055 3932 ordo
1072 3877 1465 3934 obedientium
1484 3883 1750 3953 torquem
1770 3899 2009 3940 auream

360 3965 596 4033 habere,
628 3968 687 4021 et
715 3964 904 4022 multo
936 3965 1193 4038 amplius
1223 3983 1400 4038 quam
1434 3968 1531 4024 alii
1562 3969 1804 4043 gloriam
1838 3972 2011 4030 habe-

358 4054 473 4112 bat.
513 4054 628 4126 Ego
655 4057 850 4110 autem
881 4054 998 4110 dixi
1029 4055 1080 4110 ei
1139 4057 1241 4127 qui
1299 4056 1443 4112 mihi
1503 4059 1848 4116 ostendebat
1890 4061 2010 4118 haec

358 4143 598 4204 omnia:
630 4142 932 4207 Quomodo
962 4144 1070 4201 iste
1103 4145 1264 4211 ordo,
1291 4145 1391 4218 qui
1423 4145 1651 4218 primus
1698 4154 1788 4204 est
1821 4151 2011 4222 majo-

355 4249 478 4306 rem
511 4249 690 4305 quam
723 4232 822 4289 alii
851 4233 1100 4306 gloriam
1137 4233 1357 4290 habet?
1398 4236 1468 4290 Et
1515 4236 1612 4292 ille
1649 4239 2011 4310 respondens

356 4322 503 4379 dixit
532 4321 699 4390 mihi,
733 4323 888 4395 quod
920 4322 978 4381 hi
1040 4323 1140 4394 qui
1194 4323 1653 4396 hospitalitatem
1687 4331 2008 4399 sectantur,

360 4412 684 4468 secundum
718 4411 1011 4483 propriam
1043 4411 1403 4468 voluntatem
1436 4413 1694 4484 idipsum
1745 4417 2006 4473 faciunt:

359 4500 630 4556 similiter
659 4500 758 4570 qui
789 4499 848 4554 in
879 4514 1076 4554 eremo
1107 4516 1168 4555 se
1199 4501 1467 4572 religant,
1499 4502 1738 4557 arbitrio
1793 4520 1898 4558 suo
1939 4506 2012 4561 de

1654 361 2059 429 ADALGERI
2104 363 2456 430 EPISGOPI

350 502 500 568 Quid
531 501 735 569 habes,
759 497 912 574 quod
947 498 1134 556 tristis
1159 515 1221 555 es
1238 498 1266 554 ?
1296 499 1366 555 Et
1387 499 1644 556 narravit
1659 500 1711 555 ei
1734 500 2006 572 quiatres
2037 500 2087 565 Α

3646 370 3773 433 920.

2225 503 2357 556 CAP.
2395 501 2484 556 IV.
2519 532 2587 542 —-
2613 502 2686 557 De
2714 501 3052 558 continentia
3080 508 3136 557 et
3164 499 3284 574 ejus
3319 500 3660 559 diversitate.

2192 591 2302 645 Sed
2328 591 2454 659 jam
2488 594 2722 664 tempus
2753 597 2842 646 est
2873 596 2938 645 ut
2968 595 3099 662 post
3127 591 3305 646 trium
3354 591 3642 648 virtutum
3676 594 3764 650 do-

2118 678 2367 734 ctrinam
2402 679 2711 751 vigilanter
2739 680 3028 746 attendas,
3054 683 3274 751 quanta
3291 679 3367 736 sit
3381 680 3573 737 virtus
3593 684 3766 737 conti-

2119 769 2366 839 mentiaa,
2400 771 2457 824 et
2485 769 2639 838 quod
2672 768 3027 824 continentia
3059 786 3170 824 non
3205 769 3396 824 solum
3443 769 3506 825 in
3558 771 3684 827 cibo
3713 778 3766 827 et

2119 863 2281 929 potu,
2305 858 2403 913 sed
2438 857 2609 912 etiam
2645 857 2702 912 in
2735 858 3027 914 locutione
3049 863 3106 912 et
3127 858 3183 912 in
3207 874 3414 914 somno
3443 876 3514 914 ac
3535 862 3762 917 vestitu.

2117 952 2174 1002 et
2202 946 2733 1002 innumerabilibus
2758 947 2833 1002 sit
2855 947 3070 1003 causis.
3097 949 3400 1004 Admoneo
3433 964 3575 1021 ergo
3593 949 3762 1006 dilec-

2116 1037 2332 1091 tionem
2353 1040 2514 1092 tuam
2538 1040 2602 1092 ut
2628 1053 2741 1091 non
2767 1036 3045 1092 delicatos
3067 1036 3228 1093 cibos
3249 1054 3615 1108 quaeras,nec
3636 1043 3765 1095 ante

2117 1126 2319 1181 horam
2344 1142 2661 1198 congruam
2686 1126 2990 1182 comedere
3011 1125 3172 1192 velis,
3198 1142 3302 1181 nec
3325 1127 3488 1182 dicas
3516 1127 3575 1181 in
3601 1129 3762 1184 corde

2116 1219 2252 1270 tuo:
2286 1220 2423 1270 Ecce
2453 1215 2599 1281 aliae,
2633 1216 2715 1270 ita
2744 1215 2830 1271 vel
2863 1215 2943 1269 ita
2972 1214 3215 1270 faciunt.
3265 1215 3419 1270 Scito
3479 1233 3586 1287 pro
3617 1223 3760 1272 certo

2116 1306 2270 1376 quod
2302 1305 2736 1376 unusquisque,
2765 1321 2879 1376 quo
2910 1304 2970 1359 in
3004 1304 3111 1360 hac
3137 1305 3254 1360 vita
3285 1304 3420 1378 plus
3447 1307 3509 1360 in
3535 1307 3636 1362 Dei
3657 1324 3762 1363 ser-

2115 1394 2252 1448 vitio
2270 1392 2709 1460 laboraverit,eo
2738 1395 3017 1464 majorem
3045 1398 3178 1465 post
3200 1399 3448 1450 mortem
3467 1412 3502 1449 a
3525 1395 3761 1451 Domino

2118 1483 2443 1538 mercedem
2477 1483 2737 1554 recipiet.
2772 1483 2854 1538 Ne
2883 1483 3063 1554 igitur
3109 1488 3228 1538 tam
3283 1483 3480 1556 gravis
3509 1484 3766 1540 videatur

2115 1571 2485 1627 continentia;
2515 1571 2724 1637 virtus,
2775 1571 3124 1626 miraculum
3164 1571 3258 1626 hic
3289 1572 3569 1642 inseram,
3615 1575 3760 1646 quod

2116 1662 2173 1716 in
2207 1661 2522 1731 Tripartita
2546 1660 2786 1715 historia
2813 1660 2944 1732 legi.

2188 1750 2512 1805 Dorotheus
2541 1765 2750 1820 genere
2781 1749 3065 1804 Thebaeus
3094 1749 3272 1804 talem
3327 1749 3509 1806 vitam
3555 1741 3788 1810 ducere:

2115 1840 2360 1909 curavit,
2394 1844 2458 1894 ut
2487 1839 2745 1910 quotidie
2775 1838 2998 1910 lapides
3055 1856 3088 1893 a
3144 1839 3292 1893 mari
3352 1839 3665 1913 colligeret,
3705 1849 3760 1898 et

2123 1928 2292 1984 annis
2323 1927 2572 2000 singulis
2603 1927 2921 1999 hospitium
2945 1927 3341 1998 aadiflcaret,et
3361 1930 3487 2002 ipsa
3509 1930 3756 2003 hospitia

2122 2018 2299 2073 dabat
2327 2017 2446 2072 illis
2476 2017 2575 2088 qui
2636 2033 2748 2071 non
2805 2016 3099 2071 habebant
3157 2016 3444 2089 hospitia;
3495 2021 3758 2075 noctibus

2123 2111 2317 2161 autem
2352 2109 2586 2177 propter
2639 2121 2840 2159 eorum
2898 2104 3096 2160 cibum
3156 2105 3394 2162 faciebat
3430 2107 3751 2178 sportellas.

2122 2195 2224 2250 Cui
2257 2195 2424 2250 cibus
2455 2199 2578 2250 crat
2610 2194 2778 2266 panis
2809 2194 2990 2249 uncia:
3026 2211 3146 2265 sex,
3180 2199 3237 2250 et
3267 2194 3486 2250 olerum
3516 2197 3756 2252 minuto-

2123 2302 2254 2340 rum
2286 2283 2599 2340 fasciculus
2632 2300 2806 2350 unus,
2858 2288 2915 2338 et
2944 2284 3012 2338 ad
3077 2284 3397 2339 bibendum
3459 2301 3624 2357 aqua.
3672 2286 3759 2342 Sic

2125 2375 2487 2444 ajuventute
2519 2390 2626 2428 sua
2657 2372 2879 2439 vivens,
2931 2389 3034 2428 nec
3083 2373 3141 2427 in
3200 2377 3499 2430 senectute
3542 2375 3756 2430 defecit.

2123 2463 2437 2534 Nunquam
2468 2462 2631 2517 visus
2661 2466 2752 2516 est
2781 2462 2838 2515 in
2872 2459 3082 2516 lectulo
3117 2466 3451 2533 soporatus,
3485 2462 3570 2518 vel
3601 2463 3760 2535 pedes

2124 2568 2225 2622 pro
2258 2551 2457 2622 requie
2486 2550 2822 2615 tetendisse,
2855 2554 2957 2605 aut
3013 2550 3267 2606 dormire
3326 2568 3431 2623 pro
3464 2552 3757 2618 voluntate,

2124 2657 2230 2695 nec
2244 2640 2479 2712 quando
2493 2639 2785 2711 operando
2801 2643 2935 2694 natu
2945 2657 3011 2695 ra
3021 2656 3390 2712 compressos
3403 2642 3607 2698 oculos
3625 2641 3761 2696 clau-

2124 2731 2260 2786 dere
2319 2729 2624 2800 potuisset,
2684 2728 2765 2783 ita
2824 2744 2975 2800 saape
3051 2730 3411 2786 comedendo
3476 2731 3754 2801 dormiret,

2124 2820 2291 2874 cibus
2323 2834 2389 2873 ex
2416 2833 2514 2873 ore
2542 2819 2672 2887 ejus
2702 2817 3014 2873 laberetur.
3050 2817 3381 2889 Aliquando
3414 2837 3548 2877 vero
3570 2837 3754 2878 somno

2121 2899 2392 2979 gravatus
2415 2907 2599 2974 valde,
2629 2924 2762 2962 cum
2794 2907 2851 2961 in
2899 2911 3151 2963 stercore
3203 2909 3533 2982 cecidisset,
3565 2912 3753 2966 obdor-

2123 2996 2306 3052 mivit.
2340 2996 2788 3068 Expergefactus
2819 3000 3014 3050 autem
3066 3001 3123 3051 et
3151 2999 3541 3056 contristatus
3567 3001 3669 3055 sub
3691 3000 3754 3054 si-

2118 3085 2298 3140 lentio
2348 3085 2530 3139 dixit:
2597 3085 2657 3139 Si
2715 3083 2958 3156 angelus
3033 3087 3285 3141 suaserit
3361 3087 3637 3158 dormire,
3708 3093 3758 3143 et

2121 3175 2264 3230 mihi
2297 3172 2542 3228 ulterius
2573 3190 2686 3228 non
2720 3173 3030 3229 suadebit:
3065 3176 3219 3246 quod
3263 3174 3407 3231 forte
3443 3177 3668 3233 dicebat
3693 3176 3755 3232 ad

2119 3280 2394 3320 somnum
2419 3266 2521 3318 aut
2540 3265 2610 3318 ad
2633 3264 2980 3331 damonem,
3002 3265 3100 3335 qui
3125 3265 3420 3320 nitebatur
3445 3267 3628 3324 bonos
3647 3269 3757 3337 ejus

2120 3358 2282 3408 actus
2317 3352 2620 3424 impedire.
2655 3353 2801 3408 lluic
2823 3351 3126 3408 laborandi
3160 3353 3404 3425 quidam
3452 3357 3632 3412 dixit:
3659 3356 3760 3411 Cur

2120 3443 2200 3498 ita
2232 3441 2471 3513 perimis
2503 3458 2714 3513 corpus
2746 3445 2911 3496 tuum
2933 3442 2960 3496 ‘I
2988 3442 3092 3497 Cui
3117 3442 3214 3497 ille
3240 3461 3252 3498 :
3275 3444 3420 3510 Quia
3443 3445 3757 3516 me,inquit,

2118 3530 2262 3586 illud
2297 3531 2526 3586 occidit.
2563 3531 2748 3602 Hujus
2781 3547 2915 3586 vero
2939 3530 3296 3586 sanctissimi
3328 3535 3605 3590 monachi
3636 3549 3755 3588 con-

2121 3619 2430 3674 tinentiam
2453 3619 2558 3675 tibi
2592 3619 2822 3691 scripsi,
2855 3636 2927 3675 ne
2958 3620 3085 3692 ipsa
3116 3620 3221 3675 tibi
3252 3621 3442 3676 virtus
3475 3623 3661 3696 gravis
3685 3621 3758 3676 vi-

2119 3709 2372 3774 deretur,
2405 3713 2472 3763 ut
2502 3725 2881 3780 cognosceres
2911 3713 3194 3780 quantum
3256 3711 3328 3766 ab
3389 3712 3648 3784 antiquis
3680 3709 3756 3764 vel

2120 3797 2418 3853 modernis
2458 3797 2811 3868 quibusdam
2862 3797 3132 3853 Patribus
3189 3799 3508 3858 distemus.
3541 3799 3758 3857 Audivit

2119 3885 2276 3941 enim
2309 3902 2465 3942 nunc
2496 3886 2796 3942 beatitudo
2847 3890 2968 3954 tua,
3019 3888 3175 3958 quod
3235 3889 3568 3947 Dorotheus
3613 3886 3753 3946 omni

2119 3990 2272 4029 anno
2303 3975 2626 4031 aedificabat
2656 3974 2892 4042 cellam,
2923 3980 2980 4030 et
3029 3975 3159 4031 aliis
3211 3976 3474 4035 donabat
3503 3998 3515 4047 ;
3557 3975 3754 4034 audisti

2119 4063 2318 4131 etiam,
2350 4064 2505 4134 quod
2535 4064 2594 4118 in
2625 4063 2772 4119 lecto
2830 4079 2942 4118 non
2999 4065 3260 4134 jacebat,
3317 4070 3374 4122 et
3425 4068 3506 4122 de
3545 4082 3684 4140 pane
3709 4068 3759 4119 et

2120 4168 2272 4223 aqua
2305 4156 2362 4206 et
2392 4151 2589 4207 herbis
2618 4152 2847 4208 vivebat
2877 4171 2890 4220 ;
2932 4169 3046 4207 non
3081 4153 3210 4208 ideo
3262 4153 3372 4209 hoc
3416 4155 3570 4224 dico,
3619 4157 3678 4210 ut
3704 4159 3757 4206 tu

2118 4244 2348 4296 tantum
2381 4240 2584 4306 facias,
2617 4241 2716 4296 sed
2753 4246 2817 4297 ut
2846 4246 2902 4297 te
2932 4241 3229 4309 humilies,
3281 4243 3584 4317 simulque
3621 4241 3758 4298 scias

2120 4346 2296 4401 quam
2331 4345 2604 4401 magnam
2665 4331 3016 4386 abstinentia
3068 4332 3266 4388 Patres
3324 4334 3512 4389 nostri
3557 4331 3757 4388 habue-

2122 4418 2262 4484 rint,
2296 4423 2353 4473 et
2384 4435 2756 4490 nequaquam
2791 4419 2952 4475 cibos
2973 4420 3256 4476 delicatos
3274 4437 3521 4491 quaeras,
3541 4435 3758 4494 praeer-

2118 4508 2224 4561 tim
2252 4524 2386 4562 cum
2419 4507 2478 4562 in
2512 4508 2746 4578 praefato
2777 4508 2926 4564 libro
2954 4509 3025 4565 de
3054 4509 3250 4582 Moyse
3298 4511 3584 4567 monacho
3623 4506 3752 4564 scri-

362 4588 572 4646 seculo
605 4592 1009 4678 recesserunt;
1044 4586 1138 4678 hic
1171 4593 1364 4645 autem
1397 4590 1500 4658 qui
1532 4606 1593 4646 se
1636 4591 1706 4645 ad
1740 4592 2010 4648 obedien-
2046 4615 2088 4678 θ
2118 4602 2284 4668 ptum
2317 4595 2412 4660 sit,
2446 4597 2601 4667 quod
2633 4613 2736 4668 per
2762 4597 2980 4652 multos
3011 4614 3198 4654 annos
3253 4615 3467 4672 panem
3505 4604 3750 4655 tantum-

362 4678 506 4735 tiam
538 4676 720 4746 dedit,
742 4691 948 4733 omnes
967 4675 1297 4734 voluntates
1318 4693 1458 4734 suas
1480 4678 1780 4748 abjiciens,
1800 4683 2014 4752 pendet
2046 4675 2076 4678 —
2123 4684 2295 4740 modo
2325 4685 2663 4756 comederit,
2696 4690 2752 4740 et
2777 4686 3027 4741 multum
3051 4703 3199 4758 opus
3221 4687 3544 4758 fecerit,sex
3573 4689 3750 4743 autem

361 4767 432 4821 ad
456 4770 641 4822 Deum
659 4767 715 4818 et
730 4763 800 4819 ad
812 4765 1142 4836 jussionem
1163 4765 1490 4838 spiritualis
1509 4767 1693 4836 patris
1717 4785 1730 4837 ;
1756 4775 2011 4842 propter-

358 4871 428 4910 ea
453 4853 734 4922 majorem
762 4851 1007 4924 gloriam
1055 4855 1248 4910 habet.
1299 4855 1680 4926 Quapropter,
1738 4875 1770 4912 ο
1804 4865 2008 4929 mater,

358 4943 513 4998 bona
543 4944 632 4996 est
657 4941 986 5000 obedientia
1017 4959 1144 5014 qum
1175 4945 1410 5012 propter
1439 4942 1622 4999 Deum
1655 4946 1737 5002 fit.
1773 4948 2010 5007 Intende

358 5046 518 5103 ergo,
555 5034 757 5098 mater,
788 5032 1021 5087 virtutis
1048 5031 1230 5099 hujus
1262 5029 1495 5103 aliquod
1528 5050 1595 5089 ex
1641 5041 1800 5106 parte
1831 5042 2008 5095 vesti-

356 5122 540 5194 gium.
575 5120 919 5177 Obedientia
951 5118 1114 5176 salus
1143 5124 1233 5174 est
1261 5121 1528 5178 omnium
1563 5124 1849 5192 fidelium,
1872 5130 2006 5184 obe-

356 5210 574 5266 dientia
602 5208 855 5283 genitrix
885 5212 976 5264 est
1024 5209 1288 5264 omnium
1335 5211 1640 5278 virtutum,
1681 5216 2009 5272 obedientia

355 5297 518 5370 regni
543 5298 819 5354 cmlorum
845 5296 1132 5354 inventrix
1157 5303 1266 5365 est,
1291 5299 1640 5372 obedientia,
1679 5303 1852 5359 caelos
1873 5322 2008 5374 ape-

355 5386 536 5450 riens,
567 5385 864 5442 hominem
896 5387 1080 5444 elevat
1111 5388 1182 5442 de
1215 5392 1385 5454 terra,
1420 5389 1750 5446 obedientia
1773 5392 2005 5448 cohabi-

356 5473 527 5530 tatrix
546 5484 631 5530 est
658 5475 1358 5543 angelorum,obedientia
1380 5484 1718 5536 sanctorum
1741 5481 2003 5537 omnium

358 5561 524 5617 cibus
544 5571 668 5631 est;
702 5581 768 5618 ex
801 5563 909 5616 hac
939 5563 1096 5617 enim
1128 5563 1311 5617 abluti
1343 5571 1502 5634 sunt,
1537 5576 1592 5623 et
1624 5585 1724 5639 per
1753 5569 1903 5622 hanc
1935 5571 2004 5624 ad

360 5649 774 5720 perfectionem
805 5654 1104 5712 venerunt.

2120 4773 2288 4828 annis
2313 4789 2415 4845 per
2443 4778 2626 4829 totam
2662 4780 2888 4831 noctem
2913 4779 3080 4831 stans
3103 4777 3501 4850 oravit,neque
3521 4775 3751 4850 genibus

2118 4861 2440 4929 inclinatis,
2475 4879 2662 4934 neque
2691 4865 2877 4919 oculis
2909 4865 2965 4918 in
2999 4881 3268 4920 somnum
3303 4870 3507 4938 sponte
3529 4863 3748 4921 clausis.

2119 4952 2364 5022 Insuper
2394 4951 2569 5006 etiam
2605 4957 3011 5024 pernoctanter
3041 4953 3330 5010 invisebat
3360 4954 3599 5011 cellulas
3640 4966 3750 5006 mo-

2119 5040 2463 5104 nachorum,
2497 5046 2554 5094 et
2587 5040 2824 5112 lagenas
2854 5041 3220 5110 singulorum
3245 5060 3398 5114 aqua
3417 5041 3747 5114 complebat.

2118 5144 2250 5183 cum
2284 5127 2455 5200 longe
2485 5133 2587 5183 aut
2619 5131 2843 5194 decem,
2877 5131 3209 5202 aut_viginti
3241 5137 3343 5186 aut
3384 5131 3616 5204 triginta
3644 5131 3747 5183 sta-

2118 5217 2231 5272 diis
2261 5233 2414 5288 aqua
2444 5223 2708 5274 manaret
2740 5236 2754 5285 ;
2789 5219 2887 5289 qui
2920 5218 3057 5273 licet
3112 5219 3192 5274 ita
3243 5220 3504 5276 domaret
3532 5230 3745 5288 corpus,

2117 5306 2368 5378 priorem
2401 5311 2598 5362 tamen
2632 5305 3025 5362 valetudinem
3057 5323 3169 5362 non
3198 5309 3416 5363 amisit.
3441 5312 3571 5362 Haec
3593 5305 3748 5360 mira-

2115 5394 2247 5450 cula
2277 5395 2512 5450 assidue
2544 5395 2689 5466 lege,
2721 5395 3096 5450 sanctissima
3125 5401 3328 5465 mater,
3386 5400 3441 5451 et
3497 5411 3598 5466 per
3636 5392 3745 5446 hac

2116 5499 2249 5538 cum
2284 5482 2378 5537 Dei
2415 5485 2703 5554 adjutorio
2732 5484 2790 5538 in
2839 5483 3189 5539 abstinentia
3247 5485 3519 5557 proficere
3562 5479 3732 5537 stude.

2114 5573 2238 5627 Non
2271 5571 2459 5626 simus
2480 5572 2667 5642 parati.
2693 5573 2764 5626 ad
2784 5571 2980 5628 omnia
3000 5572 3236 5644 quidem
3255 5568 3730 5644 concupiscenda:

2115 5659 2442 5718 recolamus
2463 5659 2888 5719 continentiam
2907 5661 3061 5717 beati
3079 5661 3330 5720 Zenonis
3361 5659 3606 5720 abbatis.
3630 5654 3732 5710 Ab-
