3970 6212
132 388 259 452 921η

1018 388 1458 453 ADMONITIO
1502 388 1605 451 AD
1652 387 2171 453 NONSUINDAM
2212 392 2653 457 RECLUSAM.

3427 394 3569 459 9223

132 524 231 580 has
249 524 449 579 Zenon
479 519 796 578 ambulans
816 522 1132 594 aliquando
1158 524 1221 580 in
1248 525 1633 593 Palaestinam,
1659 540 1793 579 cum
1822 525 1876 591 Α
1908 526 2108 597 quisti,
2143 532 2199 583 et
2231 545 2332 599 per
2360 528 2595 585 illorum
2628 545 2827 585 curam
2856 531 2961 584 tua
2980 527 3183 596 oratio,
3206 528 3541 601 tumquela-

130 614 478 681 laborasset,
504 611 745 681 resedit,
776 618 837 667 ut
867 614 1431 684 manducaretjuxta
1450 631 1788 670 cucumera-

130 704 306 757 rium.
342 700 642 757 Suadebat
690 706 885 755 autem
928 702 976 756 ei
1027 702 1260 757 animus
1310 722 1453 758 suus
1507 704 1786 758 dicendo:

134 791 295 848 Tolle
326 791 432 845 tibi
466 807 650 845 unum
688 806 1080 857 cucumerem,
1114 797 1171 847 et
1215 794 1523 848 manduca.
1558 794 1661 856 Qui
1697 793 1790 847 in-

135 898 383 952 crepans
413 879 824 951 cogitalionem
859 897 1027 935 suam
1079 882 1222 936 dixit
1272 882 1382 937 sibi
1426 882 1574 952 ipsi:
1611 883 1789 937 Fures

136 971 202 1026 ad
235 974 532 1024 tormenta
563 968 819 1033 vadunt;
854 970 1033 1039 proba
1081 986 1217 1041 ergo
1267 972 1518 1041 teipsum
1571 971 1627 1025 in
1660 971 1789 1035 hoc,

138 1060 184 1115 si
215 1063 386 1131 potes
415 1058 567 1113 ferre
594 1062 908 1112 tormenta.
928 1059 993 1111 Et
1022 1076 1385 1126 consurgens
1415 1061 1565 1115 sedit
1594 1062 1664 1115 ad
1700 1078 1789 1115 ar-

137 1150 338 1205 dorem
371 1147 514 1203 solis
544 1146 750 1201 diebus
799 1148 1056 1219 quinque
1103 1152 1159 1204 et
1206 1149 1389 1203 dixit:
1426 1150 1483 1204 Si
1523 1151 1789 1205 ardorem

136 1239 278 1294 solis
312 1254 431 1291 non
454 1252 694 1307 possum
727 1236 989 1302 sufferre,
1024 1241 1220 1308 potero
1242 1237 1435 1308 ignem
1462 1244 1741 1293 teternum
1765 1239 1792 1292 ?

132 1328 200 1383 Et
234 1326 392 1380 dixit
426 1325 492 1378 ad
524 1324 783 1379 animum
820 1340 1027 1379 suum:
1080 1326 1137 1379 Si
1192 1343 1303 1381 non
1352 1331 1515 1398 potes
1564 1332 1794 1396 portare

131 1418 455 1481 tormenta,
510 1429 622 1467 non
676 1413 868 1484 rapias
916 1430 1306 1483 cucumerem,
1356 1421 1413 1471 et
1454 1418 1791 1472 manduces.

130 1505 328 1559 Verba
356 1503 539 1574 igitur
568 1503 714 1557 tanti
745 1502 848 1556 viri
903 1504 1271 1559 considerare
1319 1522 1424 1559 nos
1456 1507 1793 1573 admonent,

133 1598 426 1665 quantum
460 1592 533 1647 ab
564 1592 754 1663 ipsius
800 1594 1235 1648 conversatione
1284 1593 1451 1665 longe
1482 1596 1791 1651 distamus.

134 1686 503 1753 Quapropter
524 1681 973 1752 perpendamus,
998 1699 1101 1737 nos
1120 1688 1449 1753 peccatores
1465 1692 1517 1737 et
1534 1685 1796 1739 infirmos

136 1788 268 1827 esse
300 1771 360 1824 in
393 1770 829 1841 comparatione
877 1779 1210 1825 sanctorum
1268 1774 1547 1842 virorum,
1598 1778 1661 1827 ut
1692 1791 1798 1829 nos

139 1862 302 1932 ipsos
334 1876 404 1913 ex
435 1859 669 1913 illorum
703 1859 927 1913 meritis
977 1860 1387 1931 despicientes,
1440 1879 1541 1932 per
1569 1862 1796 1917 Domini

138 1950 300 2022 piam
334 1947 794 2004 misericordiam
818 1964 1020 2003 eorum
1044 1951 1403 2005 consortium
1427 1950 1637 2007 habere
1664 1969 1795 2024 pos-

148 2039 358 2094 simus.

401 2127 537 2183 CAP.
570 2126 637 2181 V.
671 2158 739 2167 -—-
771 2131 851 2182 Dc
879 2130 1220 2183 continentia
1248 2130 1550 2184 oculorum.

216 2217 383 2283 Quod
416 2220 611 2272 autem
646 2232 761 2271 non
811 2221 1039 2271 tantum
1090 2217 1149 2271 in
1198 2218 1349 2282 cibo,
1401 2220 1501 2273 sed
1535 2220 1709 2275 etiam
1741 2220 1799 2274 in

144 2306 274 2362 visu
322 2305 401 2360 sit
426 2304 805 2371 continentia,
828 2321 1079 2376 sequens
1126 2306 1473 2361 miraculum
1498 2313 1690 2379 aperte
1712 2310 1800 2362 in-

139 2395 365 2449 sinuat.
398 2393 533 2449 Pior
561 2397 776 2461 autem,
808 2410 942 2448 cum
974 2394 1046 2447 de
1087 2395 1261 2448 domo
1292 2395 1475 2466 patris
1508 2397 1577 2450 ad
1613 2396 1799 2467 philo-

137 2482 427 2554 sophiam
488 2482 937 2537 conversationis
995 2482 1198 2547 exiret,
1278 2483 1548 2555 promisit
1605 2485 1798 2540 denuo

133 2571 381 2628 nullum
410 2571 869 2643 propinquorum
898 2572 969 2626 de
994 2575 1197 2626 cmtero
1219 2571 1339 2626 fore
1357 2572 1640 2628 visurum.
1664 2574 1799 2629 Post

135 2660 575 2734 quinquaginta
602 2677 734 2715 vero
767 2678 973 2731 annos,
1010 2662 1154 2715 dum
1185 2662 1314 2731 ejus
1350 2679 1515 2717 soror
1553 2679 1687 2717 eum
1716 2663 1797 2717 vi-

138 2768 269 2806 vere
293 2755 352 2806 et
374 2750 639 2805 habitare
660 2766 793 2804 eum
820 2749 879 2803 in
906 2766 1100 2805 eremo
1127 2751 1513 2822 cognovisset,
1544 2769 1657 2807 non
1681 2770 1798 2808 ces-

139 2842 333 2905 sabat,
394 2840 577 2894 donec
636 2838 968 2910 inspiceret.
1037 2840 1221 2902 Quam
1288 2842 1428 2895 dum
1487 2842 1797 2913 episcopus

140 2931 265 2999 ejus
300 2928 434 2993 loci,
458 2929 583 2998 jam
616 2928 987 2999 grandaevam
1021 2932 1329 3000 propterea
1348 2929 1569 2985 videret
1590 2931 1791 3001 affligi,

140 3018 385 3089 scripsit
415 3016 767 3090 praesulibus
814 3017 1017 3083 eremi,
1069 3022 1137 3073 ut
1184 3018 1410 3073 Piorcm
1455 3019 1791 3090 dirigerent.

136 3112 208 3163 At
242 3107 362 3175 ille,
400 3106 679 3178 quoniam
714 3110 1085 3162 contemnere
1116 3107 1278 3162 nefas
1298 3108 1793 3178 est,jussionihus

134 3197 440 3252 seniorum
470 3194 752 3251 obediens
782 3198 838 3249 et
870 3211 1181 3251 assumens
1202 3196 1521 3267 quemdam
1544 3197 1701 3252 venit
1719 3199 1791 3253 ad

132 3286 414 3358 patriam.
446 3288 713 3355 Cumque
743 3287 876 3339 ante
930 3284 1143 3339 domus
1194 3301 1315 3339 sum
1351 3286 1569 3354 januas
1601 3302 1790 3341 acces-
1822 3268 1865 3333 Ο

133 3375 337 3439 sisset,
361 3378 420 3429 et
442 3390 619 3430 suum
648 3373 985 3430 nuntiasset
1008 3373 1347 3440 adventum,
1384 3373 1650 3429 veniente
1671 3392 1797 3446 ger-

134 3481 316 3520 mana
346 3462 568 3519 clausis
620 3461 806 3517 oculis
864 3462 1046 3517 dixit:
1104 3462 1246 3516 Ecce
1303 3478 1407 3533 ego
1467 3479 1599 3518 sum
1642 3464 1797 3533 Pior,

131 3552 526 3626 quantumvis
558 3557 794 3624 aspectu
849 3552 1084 3607 satiare.
1137 3553 1302 3607 Tunc
1347 3552 1445 3606 illa
1474 3554 1801 3623 gratiﬁcata

130 3644 402 3700 laudavit
432 3648 638 3698 Deum.
672 3648 744 3696 At
784 3640 881 3696 ille
929 3640 1190 3695 oratione
1239 3642 1391 3696 facta
1417 3643 1692 3697 remeavit
1724 3644 1795 3699 ad

130 3749 427 3802 eremum,
452 3730 555 3786 ubi
574 3730 797 3787 fodiens
819 3746 1036 3802 aquam
1067 3730 1285 3785 invenit
1307 3746 1590 3800 amaram,
1615 3748 1798 3802 eaque

134 3840 287 3878 usus
307 3826 401 3876 est
418 3837 605 3892 usque
622 3820 694 3874 ad
712 3818 986 3874 ultimum
1000 3818 1131 3881 vita:
1146 3819 1320 3874 diem.
1342 3823 1480 3874 Post
1498 3820 1589 3889 cuj
1601 3820 1797 3875 usohi-

135 3915 264 3966 tum
296 3909 501 3966 nullus
522 3909 641 3963 illic
666 3909 927 3963 habitare
950 3908 1274 3980 praevaluit.
1294 3908 1409 3979 Ego
1428 3912 1621 3963 autem
1646 3925 1794 3979 reor,

133 4000 280 4070 quia
296 4016 399 4071 per
412 3997 739 4054 orationem
753 3999 881 4068 ejus
897 3998 968 4052 ad
984 4013 1123 4053 suos
1136 4014 1281 4053 usus
1296 3997 1767 4053 fecissetdulcem
1781 4041 1793 4065 ,

133 4088 283 4143 dum
318 4088 497 4144 etiam
532 4086 671 4142 alibi
705 4103 819 4141 non
849 4089 1176 4141 exstantem
1227 4086 1486 4141 oratione
1518 4087 1797 4143 meruerit

132 4192 437 4233 emanare.
463 4176 612 4231 Nam
636 4192 770 4231 cum
794 4175 1021 4247 Moyses
1039 4178 1096 4231 et
1112 4176 1239 4246 ejus
1259 4175 1530 4230 monachi
1551 4180 1796 4247 puteum

139 4266 470 4339 aliquando
493 4265 777 4331 foderant,
803 4281 908 4321 nec
941 4281 1147 4319 venam
1172 4262 1429 4335 aliquam
1455 4266 1795 4335 reperirent,

130 4359 189 4409 et
219 4372 343 4410 non
394 4352 654 4424 amplius
696 4354 818 4423 jam
872 4353 1067 4408 fodere
1118 4351 1366 4407 altitudo
1418 4352 1797 4422 permitteret,

131 4444 338 4499 medio
358 4442 453 4499 die
474 4442 815 4513 supervenit
832 4442 989 4507 Pior,
1018 4446 1074 4496 et
1097 4441 1358 4495 oratione
1387 4441 1537 4495 facta
1556 4443 1796 4497 descen-

130 4534 220 4589 dit
253 4534 318 4587 in
352 4534 604 4599 foveam,
635 4548 891 4603 cumque
923 4531 1093 4587 tertio
1145 4529 1534 4601 percussisset
1560 4536 1796 4597 terram,

1903 633 2109 687 crymzo
2145 634 2256 671 non
2293 620 2654 686 minuantur,
2706 636 2776 673 ne
2827 635 2956 673 cum
3004 634 3179 673 uxore
3213 619 3357 673 Loth
3390 624 3544 676 retro

1902 704 2261 777 respiciendo
2320 708 2376 761 in
2427 707 2568 764 salis
2618 709 2969 763 convertaris
3019 712 3294 763 statuam.
3338 708 3544 763 Recole

1903 811 2037 864 ergo
2062 794 2227 850 illum
2254 797 2545 869 Evangelii
2571 798 2945 865 versiculum,
2971 799 3123 868 quod
3148 813 3303 853 nemo
3321 802 3545 854 mittens

1903 900 2128 938 manum
2157 885 2229 940 ad
2260 892 2511 941 aratrum
2541 892 2591 942 et
2622 890 2913 959 respiciens
2936 896 3078 943 retro
3100 895 3257 958 aptus
3277 890 3347 943 sit
3370 905 3543 957 regno

1901 974 2002 1027 Dei
2031 976 2181 1043 (Luc.
2216 993 2293 1041 Ix,
2324 977 2433 1045 6‘3).

2152 1066 2279 1120 Cm.
2315 1066 2404 1119 Vl.
2439 1098 2506 1106 —
2537 1068 2609 1121 Dc
2631 1067 2968 1121 continentia
2990 1067 3293 1122 locutionis.

1979 1154 2182 1208 llortor
2210 1154 2406 1221 etiam,
2458 1160 2522 1208 ut
2552 1154 2609 1208 in
2662 1154 2949 1209 locutione
2997 1154 3077 1209 sis
3126 1155 3447 1221 continens,
3482 1159 3546 1210 ut

1907 1243 2139 1297 assidue
2189 1260 2320 1298 cum
2376 1244 2685 1298 Psalmista
2720 1246 3036 1299 decantes:
3090 1247 3219 1299 Dixi
3248 1245 3547 1301 custodiam

1906 1332 2020 1384 vias
2049 1347 2219 1399 meas,
2248 1336 2305 1385 ut
2335 1349 2441 1386 non
2474 1333 2789 1403 delinquam
2822 1336 2875 1387 in
2911 1335 3106 1401 lingua
3134 1351 3253 1388 mea
3283 1336 3441 1403 posui
3458 1336 3547 1389 ori

1904 1434 2020 1472 meo
2047 1420 2349 1473 custodiam
2390 1421 2563 1489 (Prol.
2618 1436 2849 1485 xxxvm,
2901 1422 2977 1486 ‘2).
3031 1419 3156 1474 Noli
3208 1419 3385 1489 igitur
3415 1419 3546 1474 aliis

1906 1507 2211 1561 detrahere
2238 1526 2249 1573 ;
2283 1512 2575 1563 memento
2608 1513 2828 1578 quanta
2861 1509 3044 1562 Maria
3074 1508 3149 1563 sit
3181 1524 3454 1579 perpessa
3487 1509 3543 1563 in

1909 1611 2121 1665 eremo,
2156 1598 2388 1667 quando
2434 1597 2683 1651 detraxit
2730 1596 2911 1669 Moysi
2963 1614 3125 1651 servo
3178 1596 3275 1650 Dei
3328 1612 3550 1667 suoque

1910 1686 2091 1739 fratri.
2145 1686 2353 1741 Narrat
2400 1688 2555 1741 enim
2608 1686 2873 1750 historia,
2925 1685 3061 1755 quia
3109 1702 3211 1757 pro
3244 1684 3351 1739 hac
3381 1684 3552 1756 culpa

1908 1790 1940 1828 a
1970 1774 2129 1845 lepra
2169 1776 2357 1829 fuerat
2409 1776 2722 1841 maculata,
2772 1779 3113 1847 septemque
3162 1780 3324 1829 extra
3364 1779 3552 1829 castra

1910 1863 2191 1919 manserit
2219 1864 2465 1919 diebus:
2530 1881 2653 1935 quin
2712 1869 3023 1934 postquam
3080 1880 3181 1934 per
3228 1863 3549 1917 orationem

1913 1953 2128 2024 Moysis
2158 1953 2354 2008 fratris
2380 1954 2467 2008 sui
2531 1954 2641 2007 fuit
2669 1970 2698 2005 e
2729 1952 2889 2023 lepra
2923 1952 3225 2006 mundata.
3261 1950 3427 2005 Absit
3454 1968 3552 2004 au-

1916 2046 2123 2107 tem,ut
2146 2059 2212 2096 ex
2236 2042 2566 2113 lingua,per
2586 2058 2762 2113 quam
2787 2040 3189 2095 benedicimus
3210 2039 3547 2105 Dominum,

1911 2130 2045 2185 inde
2076 2131 2499 2186 maledicamus
2524 2136 2625 2185 aut
2658 2130 3038 2185 detrahamus
3071 2128 3350 2200 proximo.
3388 2128 3551 2181 Unde

1910 2220 2303 2275 eradicabitur
2332 2221 2524 2275 omnis
2554 2221 2861 2288 detractor,
2915 2220 3041 2274 sine
3091 2217 3267 2271 dubio
3298 2218 3369 2271 de
3399 2221 3548 2271 cmtu

1910 2314 2269 2365 sanctorum.
2294 2310 2439 2381 Ergo
2468 2326 2537 2363 ne
2560 2326 2666 2363 nos
2689 2310 2760 2363 de
2776 2313 2924 2362 ccetu
2944 2311 3278 2363 sanctorum
3296 2306 3550 2361 eradice-

1912 2416 2063 2469 mur,
2098 2399 2501 2453 custodiamus
2524 2415 2557 2452 a
2578 2398 2935 2452 detractione
2960 2396 3223 2466 linguam
3248 2398 3507 2449 nostram
3535 2411 3549 2459 ;

1908 2504 2024 2543 non
2053 2487 2426 2542 detrahemus
2457 2486 2740 2557 proximo,
2782 2500 2958 2556 quem
2999 2484 3281 2554 jubemur
3310 2481 3553 2553 diligere

1909 2576 2061 2629 sicut
2092 2575 2503 2645 nosmetipsos.
2558 2576 2625 2629 Et
2674 2592 2786 2629 non
2834 2579 3067 2627 tantum
3116 2589 3150 2626 a
3196 2570 3552 2626 detractione

1908 2682 2134 2721 cessare
2162 2681 2276 2719 non
2308 2668 2555 2735 oportet,
2608 2664 2707 2718 sed
2757 2664 2933 2718 etiam
2983 2662 3055 2717 ab
3105 2660 3307 2717 otiosis
3337 2659 3549 2725 verbis,

1908 2755 2046 2825 quia
2068 2752 2441 2825 Evangelium
2466 2752 2715 2808 clamat:
2744 2754 2819 2807 De
2841 2753 2992 2807 omni
3010 2752 3168 2806 verbo
3189 2750 3386 2815 olioso,
3412 2748 3555 2819 quod

1908 2845 2075 2897 locuti
2103 2844 2315 2913 fuerint
2356 2843 2619 2907 homines,
2664 2843 2892 2897 reddent
2939 2842 3212 2897 rationem
3253 2842 3315 2894 in
3344 2837 3435 2893 die
3456 2839 3553 2909 ju-

1904 2932 2039 2987 dicii
2068 2932 2288 2999 (Matth.
2329 2950 2430 2998 xii,
2462 2934 2575 3003 36).
2608 2932 2843 2987 Otiosus
2891 2947 3025 2986 vero
3077 2946 3267 2986 sermo
3311 2931 3419 2995 est,
3454 2929 3557 2998 qui

1905 3038 2018 3075 non
2044 3021 2112 3075 ad
2142 3020 2319 3090 illius,
2347 3022 2446 3091 qui
2474 3020 2639 3075 illum
2668 3020 2831 3088 dicit,
2856 3035 2958 3076 nec
2984 3019 3054 3074 ad
3092 3018 3275 3085 illius,
3301 3016 3398 3089 qui
3422 3032 3555 3071 eum

1906 3108 2087 3173 audit,
2117 3109 2366 3181 pertinet
2386 3110 2733 3180 profectum.
2756 3107 2889 3163 Noli
2930 3123 3068 3178 ergo
3091 3108 3347 3177 proferre
3362 3106 3559 3177 verba,

1908 3214 2035 3269 qua:
2068 3198 2250 3253 risum
2285 3198 2370 3253 vel
2404 3197 2757 3252 cachinnum
2791 3199 3086 3263 moveant,
3134 3194 3233 3249 sed
3266 3192 3455 3263 magis
3486 3194 3559 3248 ad

1907 3287 2419 3358 compunctionem
2444 3286 2819 3357 ellacrymas,
2837 3284 2976 3339 etad
3004 3284 3332 3353 profectum
3349 3280 3559 3336 animis

1909 3376 2257 3448 pertineant.
2290 3376 2450 3430 Tuus
2482 3391 2674 3429 sermo
2706 3388 2938 3443 semper
2986 3371 3063 3426 sit
3110 3369 3232 3425 sale
3262 3370 3554 3425 conditus.

1908 3467 2117 3521 Narrat
2146 3464 2392 3520 historia
2419 3463 2735 3533 Tripartita
2765 3476 3019 3531 namque
3057 3463 3340 3514 Amonem
3371 3459 3554 3513 Tabe-

1910 3555 2181 3611 nensioru
2193 3571 2245 3608 m
2268 3552 2572 3625 praesulem
2589 3556 2766 3622 atque
2785 3550 3080 3605 Theonem
3097 3548 3420 3603 multorum
3435 3563 3557 3602 mo-

1909 3644 2228 3700 nachorum
2254 3642 2562 3714 praesidem
2588 3642 2806 3696 fuisse:
2832 3638 3005 3694 ambo
3037 3653 3291 3709 namque
3322 3637 3555 3691 fuerant

1906 3738 2238 3805 operatores
2270 3730 2699 3803 inopilabilium
2742 3744 2960 3795 rerum,
2990 3734 3051 3785 et
3079 3727 3276 3783 divina
3306 3725 3556 3798 pruden-

1905 3823 1988 3878 tia
2010 3822 2427 3894 prophetiaque
2449 3820 2740 3893 completi.
2769 3820 2992 3875 Dicitur
3024 3819 3321 3874 Theonem
3352 3816 3550 3871 erudi-

1906 3916 2030 3967 tum
2062 3910 2555 3983 rEgyptiacorum,
2589 3911 2919 3966 Graecorum
2942 3909 3400 3976 Latinorumque
3422 3910 3547 3960 stu-

1907 4001 2039 4066 diis,
2064 4002 2307 4071 triginta
2330 4016 2516 4056 annos
2547 4000 2823 4055 habuisse
2866 3996 3343 4053 taciturnitatem.
3377 3998 3553 4050 Porro

1907 4107 1940 4145 a
1962 4089 2121 4144 nullo
2144 4089 2449 4144 hominum
2471 4087 2659 4142 visum
2700 4088 3071 4152 irascentem,
3095 4090 3198 4139 aut
3227 4084 3549 4152 jurantem,

1908 4182 2007 4233 aut
2038 4178 2443 4240 mentientem,
2473 4180 2575 4230 aut
2604 4190 2821 4229 vanum
2856 4173 3116 4243 aliquod,
3140 4171 3227 4226 vel
3252 4186 3548 4240 asperum,

1906 4266 1995 4322 vel
2019 4266 2318 4321 inﬁrmum
2341 4262 2654 4335 protulisse
2673 4277 3026 4316 sermonem.
3042 4257 3551 4328 Horumtempori-

1905 4357 2017 4410 bus
2048 4354 2158 4408 fuit
2186 4353 2359 4407 etiam
2405 4350 2594 4405 Helias
2646 4349 2971 4405 monachus
3020 4364 3201 4419 agens
3252 4348 3309 4401 in
3358 4362 3552 4401 eremo

1908 4443 2092 4500 aetatis
2125 4459 2342 4499 annum
2376 4441 2531 4496 circa
2575 4439 2941 4495 centesinum
2995 4443 3169 4509 atque
3216 4435 3549 4503 decimum;

1909 4538 2077 4589 antea
2108 4538 2301 4589 tamen
2335 4545 2479 4602 pene
2510 4527 2883 4600 septuaginta
2914 4528 3083 4583 annis
3131 4525 3291 4583 solus
3321 4524 3462 4579 vixit
3492 4523 3551 4577 in

133 4638 277 4678 mox
306 4620 607 4677 emanavit
634 4637 808 4691 aqua,
841 4636 1094 4691 cumque
1141 4619 1403 4675 oratione
1428 4619 1581 4674 facta
1610 4620 1799 4675 disce—
1831 4638 1877 4702 D
1908 4623 2242 4689 solitudine,
2274 4625 2332 4676 et
2378 4635 2566 4689 usque
2616 4618 2689 4673 ad
2737 4616 2889 4672 hanc
2938 4621 3165 4672 aetatem
3204 4613 3551 4686 jejunando,

130 4711 326 4779 deret,
348 4709 471 4765 illis
491 4725 626 4765 eum
650 4708 983 4780 petentibus
1007 4712 1071 4763 ut
1094 4706 1182 4763 vel
1208 4725 1277 4763 ex
1315 4725 1468 4779 aqua
1498 4713 1761 4780 gustaret
1785 4725 1797 4765 :

130 4801 219 4855 Ad
245 4799 435 4871 quod,
456 4798 670 4871 inquit,
695 4798 952 4853 directus
971 4814 1125 4865 sum,
1152 4801 1208 4853 et
1228 4802 1464 4869 prepter
1481 4798 1635 4869 quod
1650 4798 1800 4865 veni,

133 4892 449 4960 peractum
472 4892 581 4945 est.
606 4889 919 4958 Propterea
938 4904 1093 4952 vero,
1119 4904 1149 4942 ο
1190 4886 1566 4943 sanctissima
1587 4892 1793 4958 mater,

134 4977 256 5035 hac
279 4977 392 5033 tibi
416 4978 489 5033 de
526 4976 698 5033 Piore
738 4976 1024 5032 monacho
1067 4976 1299 5047 scripsi,
1324 4980 1391 5031 ut
1416 4977 1664 5047 perfecte
1685 4976 1796 5031 sci-

136 5084 227 5123 res
250 5067 414 5139 quod
470 5065 833 5122 continentia
885 5064 1057 5121 etiam
1082 5065 1142 5120 in
1193 5065 1323 5121 visu
1347 5065 1424 5121 sit
1446 5066 1793 5121 necessaria.

133 5157 369 5212 Audisti
405 5172 539 5212 vero
560 5171 741 5223 nunc,
768 5170 943 5225 quam
967 5158 1177 5211 cautus
1197 5155 1307 5211 iste
1329 5159 1570 5211 sanctus
1595 5171 1797 5210 mona-

139 5246 284 5303 chus
304 5246 438 5317 fuit,
464 5245 566 5317 qui
592 5260 698 5300 nec
736 5242 1080 5299 inohediens
1122 5243 1230 5299 fuit
1271 5242 1571 5316 praeceptis
1602 5242 1795 5298 senio-

140 5350 291 5404 rum,
319 5336 421 5408 qui
443 5335 619 5391 illum
643 5334 718 5389 ad
738 5348 1002 5387 sororem
1025 5350 1192 5388 suam
1218 5334 1299 5389 ire
1334 5334 1659 5404 jusserant,
1694 5350 1797 5388 nec

143 5425 283 5481 vidit
304 5426 496 5497 ipsam
520 5424 685 5480 visus
710 5424 783 5477 ab
806 5419 927 5487 illa,
962 5439 1032 5478 ne
1062 5426 1263 5478 contra
1290 5427 1487 5477 votum
1521 5439 1691 5477 suum
1720 5423 1797 5477 fa-

143 5530 268 5570 cere
287 5516 606 5571 videretur.
622 5509 1201 5579 Quapropterhortor
1216 5510 1586 5566 sanctitatem
1609 5515 1793 5576 tuam,

147 5608 207 5657 ut
238 5604 401 5661 illum
435 5604 691 5660 studeas
716 5596 962 5653 imitari.
996 5599 1117 5653 Non
1152 5598 1229 5654 sit
1260 5600 1362 5655 tibi
1398 5615 1536 5653 cura
1562 5597 1795 5653 videndi

144 5697 269 5751 tuos
297 5694 676 5768 propinquos
703 5685 794 5741 vel
827 5685 1065 5755 amicos,
1117 5704 1264 5759 quos
1314 5688 1374 5743 in
1420 5685 1632 5744 saeculo
1662 5688 1794 5743 reli-

1913 4711 2279 4782 multumque
2301 4708 2522 4766 silendo
2540 4711 2597 4762 et
2608 4704 2854 4761 viriliter
2865 4705 3261 4761 conversando
3275 4702 3551 4775 pervenit.

1912 4802 2041 4857 Haec
2064 4798 2347 4857 miracula
2372 4799 2572 4853 hortor
2594 4800 2658 4853 ut
2685 4796 3019 4866 frequenter
3057 4794 3238 4866 legas,
3280 4796 3343 4846 ut
3380 4791 3556 4857 scias,

1912 4908 2089 4963 quam
2112 4894 2340 4945 cautam
2369 4889 2427 4943 in
2448 4887 2736 4959 loquendo
2772 4888 2828 4940 te
2850 4900 2977 4940 esse
3018 4887 3298 4955 Oporteat.
3327 4880 3555 4938 Audisti

1906 4997 2040 5036 vero
2090 4996 2267 5044 nunc,
2319 4982 2377 5032 et
2427 4982 2491 5032 ut
2544 4981 2705 5049 puto,
2757 4974 3051 5029 memoria:
3103 4969 3551 5035 commendasti,

1908 5070 2062 5141 quod
2111 5066 2490 5122 doctissimus
2541 5064 2864 5121 monachus
2908 5063 3107 5119 Theon
3158 5078 3260 5133 per
3309 5058 3551 5129 triginta

1908 5174 2091 5214 annos
2112 5155 2298 5211 tenuit
2318 5154 2773 5211 taciturnitatem
2803 5173 2815 5223 ;
2840 5154 3042 5209 hortor
3059 5151 3259 5224 igitur,
3285 5148 3425 5219 quia
3442 5163 3551 5201 no-

1908 5248 1999 5303 bis
2024 5244 2257 5301 assidue
2279 5248 2469 5298 tacere
2505 5261 2619 5300 non
2651 5244 2806 5313 licet,
2835 5244 2920 5299 vel
2948 5243 3123 5298 etiam
3162 5238 3323 5305 libet,
3346 5235 3404 5291 id
3429 5234 3552 5306 pla-

1907 5339 2050 5401 ceat,
2088 5338 2151 5388 ut
2180 5330 2266 5386 vel
2298 5347 2526 5402 semper
2554 5350 2588 5387 a
2620 5333 2773 5388 malo
2820 5330 3195 5389 detractionis
3248 5325 3551 5383 sileamus.

1906 5423 1979 5477 Ut
2006 5438 2141 5492 ergo
2171 5418 2276 5473 tibi
2310 5419 2495 5474 virtus
2525 5421 2950 5478 taciturnitatis
2998 5421 3244 5493 placeat,
3279 5414 3419 5471 audi
3450 5415 3553 5471 ad-

1907 5512 2040 5577 huc,
2075 5508 2214 5580 quid
2247 5507 2556 5563 Zacharias
2583 5510 2652 5563 de
2691 5511 2821 5579 ipsa
2870 5513 3262 5582 interrogatus
3305 5522 3553 5577 respono

1908 5600 2075 5654 deat:
2111 5594 2255 5649 dixit
2286 5594 2469 5649 abbas
2501 5600 2723 5661 Pastor,
2753 5599 2891 5667 quia
2922 5597 3300 5672 interrogavit
3322 5595 3550 5667 Moyses

1908 5686 2175 5758 fratrem]
2203 5682 2545 5745 Zachariam
2601 5686 2824 5755 dicens,
2892 5690 3033 5759 quid
3089 5685 3297 5745 vides?
3345 5687 3400 5741 et
3456 5681 3554 5739 ille
