3970 6212
397 375 512 439 923

1702 379 2103 444 ADALGERI
2146 381 2498 444 EPISCOPI

3694 381 3809 443 924

399 510 579 567 dixit:
633 509 790 568 Nihil
841 510 1051 567 melius
1107 515 1197 567 est
1252 528 1429 584 quam
1488 515 1698 578 tacere,
1758 519 1939 585 pater.
1975 515 2042 570 Et
2071 517 2125 583 Α
2157 532 2290 572 mus
2324 532 2502 588 quam
2533 515 2816 588 corporis.
2852 514 3109 570 Ornatus
3147 515 3238 570 est
3285 511 3501 570 mentis
3531 511 3804 587 charitas,

402 601 803 657 dixi1Verum
865 607 973 669 est,
1037 600 1161 670 ﬁlii,
1219 605 1362 656 tace.
1426 607 1579 658 Hora
1611 609 1803 658 autem
1840 603 2042 659 martis

401 691 530 761 ejus
561 691 771 746 sedens
821 691 1000 745 abbas
1052 691 1308 747 Isidorus
1356 694 1607 764 respexit
1654 693 1714 747 in
1746 694 1956 749 ccelum
1990 697 2045 746 et

401 779 574 834 dixit:
616 779 850 847 Laetare,
896 777 998 832 ﬁlii
1041 779 1734 851 Zacharia,quiaapertaa
1780 780 2042 835 sunttibi

393 868 593 939 januze
625 868 783 937 regni
817 867 1115 922 caelorum.
1150 868 1346 934 Vides,
1378 886 1409 924 o
1442 870 1815 925 sanctissima
1838 875 2040 936 mater,

401 957 553 1028 quod
586 955 874 1012 Zacharizr
925 974 1026 1027 pro
1077 957 1495 1014 taciturnitatis
1548 960 1802 1014 maxima
1831 958 2043 1013 virtute

396 1049 607 1116 aperta:
631 1048 831 1115 januae
862 1045 1011 1100 coeli.
1041 1046 1110 1101 Ut
1140 1063 1276 1118 ergo
1308 1052 1363 1102 et
1393 1048 1497 1101 tibi
1529 1049 1884 1118 aperiantur,
1913 1065 2044 1101 ama

393 1139 604 1199 tacere,
641 1134 817 1206 dilige
849 1135 1040 1190 silere.
1082 1137 1216 1206 Legi
1269 1137 1425 1190 enim
1475 1138 1544 1191 de
1593 1138 1848 1208 quadam
1879 1153 2040 1190 servo

395 1222 514 1289 Dei,
545 1224 722 1294 quod,
771 1230 834 1278 ut
884 1225 1343 1280 taciturnitatem
1395 1226 1662 1291 disceret,
1716 1244 1815 1297 per
1844 1227 2042 1296 plures

392 1329 576 1368 annos
606 1312 860 1384 lapidem
895 1313 953 1367 in
990 1330 1086 1368 ore
1119 1331 1225 1369 suo
1255 1315 1585 1385 portaverit.
1608 1316 1903 1370 Admoneo
1926 1316 2040 1369 ita-

394 1418 529 1472 que,
566 1402 851 1457 admoneo
885 1404 1119 1470 iterum,
1154 1408 1218 1458 ut
1248 1403 1510 1475 linguam
1534 1410 1693 1460 tuam
1722 1405 2038 1471 custodias,

397 1489 543 1544 nulli
576 1491 868 1560 detrahas,
903 1492 1120 1546 nemini
1156 1491 1491 1559 maledicas,
1526 1493 1683 1548 nulla
1707 1494 1889 1548 risum
1915 1511 2038 1548 mo-

394 1580 588 1634 ventia
608 1580 781 1634 verba
821 1582 1079 1652 proferas
1108 1601 1120 1648 ;
1147 1582 1334 1654 cogita
1379 1599 1553 1653 quam
1593 1584 1784 1638 brevis
1824 1583 1899 1638 sit
1931 1583 2041 1638 ista

394 1668 533 1734 vita,
557 1673 614 1723 et
640 1685 816 1740 quam
842 1669 1056 1726 misera
1100 1671 1157 1725 in
1191 1672 1620 1743 comparatione
1641 1678 1864 1727 azternm
1889 1673 2035 1727 vitae.

393 1761 524 1812 Haec
546 1758 854 1830 cogitando
873 1764 929 1814 et
951 1759 1212 1831 linguam
1234 1766 1392 1814 tuam
1416 1763 1778 1827 refrenando,
1803 1761 2036 1816 imitan-

2156 606 2317 671 ﬁdes,
2344 605 2668 674 humilitas,
2694 605 2945 671 bonitas,
2973 621 3038 659 ac
3059 603 3413 674 benignitas.
3438 604 3514 658 De
3531 602 3804 661 hisnam-

2154 711 2267 765 que
2293 694 2605 749 virtutibus
2645 711 2812 748 mens
2834 697 3076 748 ornatur
3107 693 3232 748 sine
3255 692 3370 746 ﬁne
3412 708 3552 746 cum
3578 698 3698 749 Deo
3729 695 3805 750 vi-

2154 789 2318 838 ctura
2342 801 2354 839 :
2389 800 2519 838 caro
2543 783 2719 849 enim,
2745 782 3014 853 quamvis
3033 781 3302 853 pretiosis
3318 781 3583 836 vestibus
3602 799 3804 854 coope-

2155 871 2358 940 riatur,
2382 872 2648 943 quamvis
2666 888 2805 926 auro
2823 873 3180 942 argentoque
3197 873 3457 934 ornetur,
3480 869 3631 924 nihil
3648 871 3800 927 aliud

2153 967 2440 1032 estquam
2463 977 2616 1028 caro,
2641 967 2697 1015 ct
2718 960 2929 1032 pulvis,
2955 964 3012 1014 et
3035 958 3252 1024 lutum,
3278 963 3336 1014 et
3370 963 3623 1014 stercus.
3657 961 3802 1024 Qua-

2152 1055 2385 1122 propter
2416 1068 2527 1105 non
2561 1065 2912 1121 magnopere
2946 1048 3016 1103 de
3062 1048 3331 1103 vestibus
3361 1063 3640 1119 procura.
3671 1050 3801 1105 Cor-

2152 1157 2261 1211 pus
2285 1141 2521 1194 domare
2543 1140 2860 1205 debemus,
2894 1154 3007 1192 non
3035 1135 3311 1191 balneum
3336 1136 3588 1192 subinde
3611 1141 3803 1210 requi-

2153 1244 2295 1294 rere,
2324 1245 2438 1282 non
2462 1232 2669 1282 ornata
2691 1227 3058 1292 vestimenta,
3081 1225 3220 1296 quia
3236 1225 3285 1280 si
3305 1242 3516 1296 corpus
3534 1231 3800 1282 nostrum

2153 1318 2395 1372 delicate
2420 1319 2737 1380 faveamus,
2763 1315 2990 1370 hostem
3018 1319 3283 1369 nostrum
3308 1316 3800 1371 nutrimus.Nun-

2151 1423 2326 1477 quam
2352 1407 2506 1461 enim
2532 1407 2812 1476 majorem
2838 1403 3144 1458 inimicum
3174 1407 3370 1475 potest
3393 1403 3570 1459 homo
3593 1404 3800 1460 habere

2149 1513 2326 1567 quam
2360 1512 2606 1567 corpus;
2641 1511 2852 1566 corpus
2886 1492 3041 1548 enim
3074 1493 3254 1548 trahit
3281 1497 3547 1548 mentem
3577 1495 3650 1548 ad
3684 1511 3800 1566 pec~

2149 1587 2422 1651 candum,
2447 1587 2504 1639 et
2529 1584 2653 1638 ideo
2678 1586 2910 1654 propter
2934 1580 3078 1636 illud
3103 1581 3274 1636 debet
3307 1599 3512 1637 servus
3536 1582 3640 1637 Dei
3663 1583 3796 1638 sub-

2140 1674 2414 1746 jugatum
2448 1673 2683 1728 habere.

2519 1767 2649 1816 CAP.
2684 1763 2833 1815 VIII.
2867 1792 2935 1801 -—
2968 1763 3042 1815 De
3066 1760 3419 1816 abstinentia.

393 1847 465 1902 do
489 1863 688 1901 eorum
715 1854 930 1916 actum,
955 1866 1204 1921 quorum
1229 1849 1498 1920 superius
1520 1853 1670 1906 facta
1691 1855 1779 1907 est
1797 1851 2036 1917 mentio,
2070 1887 2118 1952 Β
2217 1853 2396 1908 Debet
2428 1868 2682 1922 namque
2724 1867 2936 1921 corpus
2987 1849 3168 1921 afﬂigi
3219 1865 3323 1921 per
3353 1850 3793 1918 abstinentiam,

396 1936 523 1991 sine
552 1937 731 1992 dubio
764 1938 835 1992 ad
867 1955 1066 1994 eorum
1099 1943 1483 2008 consortium,
1516 1947 1573 1998 et
1594 1944 1663 1996 ad
1693 1959 1891 1998 eorum
1918 1944 2040 2015 glo-

398 2025 542 2079 riam
566 2026 884 2096 pervenies.
913 2030 1197 2094 Quoniam
1223 2036 1415 2087 autem
1448 2033 1509 2086 in
1534 2033 1730 2087 animo
1777 2037 1875 2087 tuo
1895 2033 2044 2088 mul-

396 2118 522 2169 tum
573 2115 1032 2172 taciturnitatem
1083 2118 1342 2176 inculare
1390 2121 1538 2186 volo,
1589 2126 1646 2176 et
1689 2121 1827 2192 quia
1858 2122 2043 2178 multa

395 2203 548 2258 bona
590 2220 766 2275 opera
817 2209 1054 2276 propter
1094 2207 1301 2263 vitium
1349 2209 1562 2280 linguae
1612 2214 1875 2281 pereunt,
1909 2210 2038 2266 ideo

393 2292 585 2347 adhuc
619 2310 799 2348 unam
833 2295 1240 2352 sententiolam
1274 2299 1343 2353 de
1375 2298 1771 2354 taciturnitate
1797 2300 2037 2370 subjan-

390 2398 548 2453 gam.
578 2383 756 2437 Venit
784 2383 845 2437 in
877 2383 1083 2440 itinere
1123 2387 1578 2444 conversationis
1612 2406 1728 2444 sum
1761 2389 2038 2459 Evagrius

390 2471 461 2524 ad
495 2472 810 2540 quemdam
845 2488 1064 2541 senem,
1099 2480 1156 2529 et
1191 2475 1337 2531 dixit
1366 2477 1454 2532 ei:
1511 2478 1612 2532 Dic
1664 2478 1831 2545 mihi,
1865 2479 2035 2545 abba,

388 2574 743 2627 sermonem,
769 2577 884 2631 quo
910 2561 1108 2619 salvus
1129 2565 1287 2620 ﬁam.
1314 2565 1413 2620 Ille
1458 2571 1649 2621 autem
1692 2566 1833 2620 dixit
1857 2567 1907 2622 ei
1933 2583 1945 2620 :
1979 2567 2037 2621 Si

387 2647 476 2702 vis
496 2646 689 2703 salvus
715 2649 858 2716 ﬁeri,
883 2653 1117 2722 quando
1139 2654 1210 2707 ad
1235 2654 1488 2725 aliquem
1526 2655 1708 2720 vadis,
1733 2672 1847 2710 non
1873 2655 2038 2726 prius

389 2736 652 2807 loquaris
675 2753 852 2808 quam
875 2739 972 2794 ille
995 2745 1051 2796 te
1073 2740 1348 2812 inquirat.
1381 2744 1660 2815 Evagrius
1704 2744 1761 2798 in
1785 2745 1891 2799 hoc
1914 2761 2033 2799 ser-

393 2841 566 2880 mone
583 2833 971 2898 compunctus
992 2830 1389 2900 paenitentiam
1409 2833 1527 2905 egit
1545 2833 1598 2887 in
1620 2840 1932 2904 conspectu
1950 2851 2036 2889 se-

391 2915 505 2981 nis,
531 2919 588 2969 et
609 2915 894 2972 satisfecit
914 2917 964 2972 ei
1005 2919 1204 2975 dicens
1230 2938 1242 2976 :
1285 2921 1464 2977 Crede
1503 2922 1668 2992 mihi,
1695 2921 1908 2978 multos
1932 2940 2030 2978 co-

390 3004 550 3059 dices
573 3003 707 3077 legi,
735 3009 791 3061 et
811 3007 985 3062 talem
1004 3009 1392 3066 eruditionem
1411 3028 1711 3082 nunquam
1730 3011 1943 3067 inveni.
1966 3013 2031 3066 Et

387 3092 640 3149 multum
676 3095 985 3166 proﬁciens
1035 3098 1226 3154 exivit.
1279 3101 1359 3154 Ex
1407 3100 1500 3156 his
1547 3101 1703 3156 enim
1751 3100 1962 3171 verbis,
1995 3117 2028 3157 0

386 3181 762 3239 sanctissima
782 3189 988 3256 mater,
1017 3185 1210 3243 lucide
1247 3189 1684 3245 demonstratur
1709 3207 1721 3256 ;
1747 3190 1917 3246 beata
1941 3192 2028 3244 est

2148 1958 2250 2013 per
2278 1941 2534 2013 vigiliam
2567 1947 2623 1995 et
2653 1957 2754 2011 per
2784 1941 3042 1994 diversos
3089 1939 3316 2006 modos,
3367 1939 3448 1994 ita
3479 1943 3700 2006 tamen,
3734 1944 3796 1994 ut

2148 2048 2380 2103 semper
2401 2048 2575 2087 suum
2600 2029 2858 2085 ofﬁcium
2882 2043 3171 2099 suamque
3193 2027 3578 2083 obedientiam
3604 2028 3796 2099 possit

2148 2122 2442 2192 perﬁcere.
2476 2119 2895 2191 Castigandum
2926 2133 3159 2189 semper
3208 2122 3265 2172 et
3291 2116 3668 2189 afﬂigendum
3700 2121 3795 2174 est

2147 2227 2380 2281 corpus,
2419 2213 2481 2264 ut
2511 2210 2581 2264 ad
2615 2207 2838 2264 malum
2872 2223 3018 2278 opus
3050 2205 3309 2262 animam
3338 2221 3451 2260 non
3480 2205 3704 2271 trahat,
3739 2208 3794 2261 et

2146 2301 2217 2356 ad
2242 2299 2636 2370 peragendum
2661 2298 2882 2353 bonum
2917 2296 2994 2352 sit
3035 2312 3268 2367 semper
3303 2294 3789 2364 idoneum.Nam,

2145 2388 2247 2460 qui
2282 2389 2364 2443 ita
2393 2404 2607 2459 corpus
2640 2389 2915 2455 macerat,
2951 2390 3016 2440 ut
3041 2401 3111 2440 ne
3133 2383 3372 2456 quidem
3398 2383 3626 2438 bonum
3651 2399 3792 2454 opus

2146 2479 2332 2532 facere
2363 2477 2568 2547 valeat,
2600 2474 2973 2530 discretionis
3005 2473 3195 2528 adhuc
3235 2472 3470 2544 ignorat
3495 2472 3793 2527 virtutem.

2145 2566 2217 2620 Ut
2245 2566 2426 2638 igitur
2456 2569 2514 2620 et
2557 2581 2768 2636 corpus
2809 2563 2962 2618 scias
3002 2561 3283 2633 affligere,
3335 2564 3395 2616 et
3444 2565 3788 2632 temperare,

2143 2672 2327 2710 unum
2361 2656 2432 2710 de
2452 2655 2568 2710 vita
2593 2656 2932 2709 sanctorum
2956 2652 3195 2707 Patrum
3220 2650 3412 2706 dicam
3437 2665 3791 2705 sermonem.

2143 2743 2455 2799 Dicebatur
2485 2744 2554 2798 de
2587 2743 2841 2814 quodam
2890 2745 3074 2812 patre,
3121 2739 3276 2810 quod
3327 2738 3471 2793 dum
3497 2736 3792 2792 sacularis

2145 2836 2317 2899 esset,
2343 2838 2400 2888 et
2420 2834 2728 2903 coniugem
2751 2831 3075 2896 habuisset,
3102 2833 3304 2900 postea
3325 2843 3646 2882 conversus
3669 2831 3789 2882 ten-

2145 2922 2380 2977 tabatur
2400 2923 2471 2977 de
2492 2938 2559 2977 ea
2581 2939 2615 2977 a
2656 2921 2890 2976 Satana.
2915 2921 3043 2990 Ipse
3082 2934 3214 2973 vero
3252 2915 3512 2972 narravit
3551 2915 3664 2972 hoc
3692 2934 3786 2988 pa-

2144 3011 2354 3065 tribus.
2383 3011 2488 3074 Qui
2520 3027 2655 3066 cum
2687 3009 3008 3079 audissent,
3041 3007 3181 3078 quia
3207 3006 3510 3078 operarius
3535 3011 3717 3074 esset,
3737 3009 3789 3061 et

2145 3100 2368 3170 majora
2397 3100 2584 3156 facere
2616 3099 2923 3172 potuisset,
2957 3113 3135 3168 quam
3162 3095 3214 3151 ei
3245 3094 3571 3163 dicebatur,
3603 3096 3788 3168 impo-

2143 3193 2388 3243 suerunt
2412 3189 2464 3244 ei
2495 3189 2740 3259 majora,
2764 3191 2830 3242 ut
2859 3184 3265 3241 debilitaretur
3289 3200 3502 3255 corpus
3535 3185 3693 3256 ejus,
3717 3185 3790 3240 ita

385 3270 487 3327 illa
509 3272 724 3340 anima,
751 3291 878 3345 qua
901 3275 1315 3332 taciturnitatis
1357 3280 1618 3350 perfectae
1655 3279 1830 3334 habet
1852 3278 2034 3334 virtu-
2063 3257 2106 3326 Ο
2144 3280 2210 3332 ut
2230 3293 2466 3350 surgere
2493 3257 2608 3333 non
2631 3281 2847 3349 posset.
2874 3279 2984 3330 Deo
3016 3278 3212 3330 autem
3235 3272 3642 3344 dispensante,
3669 3273 3792 3346 qui-

391 3365 536 3418 tem.
560 3362 747 3429 Dilige
768 3363 918 3419 hanc
936 3365 1230 3437 virtutem,
1256 3367 1486 3438 posside
1509 3367 1616 3422 hoc
1639 3368 1879 3434 donum,
1909 3382 2042 3422 con-

398 3467 564 3507 serva
584 3452 735 3508 hanc
758 3455 1154 3525 margaritam.
1205 3457 1537 3511 Amandum
1569 3461 1658 3511 est
1696 3473 1830 3528 ergo
1862 3456 2038 3511 silen-

397 3541 568 3608 tium,
593 3543 732 3612 quia
748 3559 850 3614 per
870 3542 927 3597 id
949 3543 1251 3600 humilitas
1269 3545 1548 3612 nutritur,
1573 3544 1838 3616 lacrymze
1861 3545 2040 3617 glori-

398 3632 669 3695 antur,ad
685 3635 1008 3686 extremum
1024 3633 1210 3688 multa
1223 3633 1378 3688 mala
1391 3651 1492 3705 per
1505 3633 1916 3690 illuddeclinan
1927 3639 2037 3690 tur.

639 3717 773 3773 CAP.
806 3719 926 3774 VII.
961 3751 1029 3760 -—
1058 3723 1133 3776 De
1171 3723 1509 3777 continentia
1545 3725 1789 3777 vestitus.

461 3806 618 3861 Sciat
641 3806 890 3879 denique
910 3809 1211 3864 beatitudo
1234 3813 1356 3880 tua,
1382 3827 1413 3864 ο
1436 3811 1812 3866 sanctissima
1832 3816 2038 3880 mater,

395 3895 550 3966 quod
574 3895 632 3950 in
655 3897 1020 3953 vestimentis
1041 3898 1116 3952 sit
1131 3899 1490 3954 continentia
1505 3899 1672 3956 valde
1689 3901 2037 3957 necessaria.

397 3985 548 4040 Sunt
575 3985 752 4041 etiam
786 3986 975 4055 multi,
1011 3987 1113 4059 qui
1145 3993 1373 4058 putant,
1405 3990 1557 4060 quod
1583 3991 1877 4062 appetitus
1908 4007 2038 4062 pre-

399 4074 684 4130 tiosarum
716 4075 967 4132 vestium
998 4083 1299 4149 peccatum
1323 4096 1437 4134 non
1461 4079 1555 4134 sit.
1581 4080 1743 4144 Quod
1767 4080 1816 4134 si
1839 4096 2039 4151 pecca-

398 4168 523 4218 tum
566 4182 682 4220 non
721 4166 950 4237 fuisset,
1001 4183 1373 4239 nequaquam
1423 4169 1708 4224 Dominus
1753 4169 2038 4224 Joannem

396 4255 468 4309 de
489 4255 800 4327 asperitate
821 4256 1150 4312 vestimenti
1175 4258 1266 4312 sui
1286 4256 1588 4312 laudasset
1609 4283 1622 4325 ;
1642 4257 1723 4313 ait
1738 4259 1890 4312 enim
1915 4263 2039 4313 tur-

395 4343 486 4399 bis
513 4362 526 4400 :
554 4346 693 4413 Quzd
713 4348 905 4401 existis
927 4349 989 4401 in
1009 4348 1291 4402 desertum
1327 4346 1517 4402 videre
1538 4351 1564 4400 ?
1603 4347 1877 4403 hominem
1896 4350 2037 4404 mol-

394 4434 539 4489 libus
562 4437 816 4490 vestitum
837 4439 862 4488 .9
879 4451 994 4490 ecce
1016 4437 1113 4505 qui
1149 4434 1414 4490 mollibus
1433 4438 1758 4504 vestiuntar,
1783 4439 1843 4493 in
1864 4438 2038 4493 domi-

396 4523 494 4578 bus
522 4541 716 4595 regum
745 4531 876 4578 sunt
899 4525 1052 4591 (Luc.
1086 4540 1189 4590 vn,
1236 4523 1348 4593 25).
1396 4527 1651 4581 Joannes
1682 4542 1818 4597 ergo
1849 4524 2039 4580 molli-

2147 3367 2283 3422 dam
2307 3367 2648 3438 peregrinus
2671 3365 2924 3434 advenit,
2949 3368 3007 3420 et
3021 3362 3402 3436 pertransivit
3419 3361 3636 3418 cellam
3649 3364 3702 3434 ej
3713 3379 3794 3427 us,

2149 3456 2450 3511 admirans
2479 3456 2770 3527 quomodo
2803 3469 2973 3510 nemo
3013 3467 3286 3525 egressus
3315 3455 3473 3507 esset
3500 3452 3562 3506 in
3595 3467 3795 3509 occur-

2149 3562 2280 3601 sum
2314 3547 2463 3616 ejus.
2496 3546 2564 3600 Et
2607 3560 2873 3600 reversus
2923 3541 3197 3615 pulsabat
3247 3540 3486 3597 dicens:
3539 3541 3624 3597 Ne
3657 3543 3796 3598 forte

2149 3635 2351 3704 fruter,
2377 3633 2478 3704 qui
2500 3634 2557 3687 in
2584 3650 2651 3688 ea
2690 3632 2934 3696 habitat,
2976 3629 3327 3685 inﬁrmatur.
3369 3629 3643 3692 Quicum
3677 3630 3797 3702 pul-

2149 3728 2339 3779 sasset
2361 3727 2468 3792 ter,
2494 3721 2751 3788 intravit,
2774 3725 2831 3776 et
2853 3719 3076 3776 invenit
3095 3734 3231 3774 eum
3266 3717 3446 3774 nimis
3468 3718 3798 3784 inﬁrmum,

2149 3817 2205 3868 et
2227 3812 2341 3868 dixi
2369 3812 2457 3868 ei:
2503 3811 2650 3878 Quid
2702 3811 2902 3879 habes,
2945 3807 3156 3881 pater?
3205 3811 3274 3862 Et
3311 3809 3607 3864 enarravit
3629 3809 3684 3864 ei
3717 3809 3798 3864 di-

2150 3917 2326 3956 cens:
2362 3901 2476 3971 Ego
2509 3901 2580 3954 de
2627 3898 2891 3954 saeculari
2935 3897 3055 3952 vita
3098 3912 3253 3963 sum,
3305 3900 3364 3951 et
3393 3895 3684 3952 sollicitat
3713 3913 3798 3952 me

2150 3990 2324 4045 modo
2345 3989 2622 4044 inimicus
2644 4004 2810 4044 meus
2841 3988 2912 4042 de
2941 4002 3119 4042 uxore
3149 4001 3299 4054 mea,
3331 3989 3390 4040 et
3432 3986 3668 4042 narravi
3703 4003 3797 4058 pa-

2149 4079 2362 4137 tribus.
2396 4084 2454 4133 et
2496 4078 2904 4149 imposuerunt
2928 4074 3074 4130 mihi
3096 4090 3275 4129 onera
3294 4073 3524 4130 diversa
3548 4093 3563 4142 ;
3585 4079 3647 4130 et
3669 4091 3797 4132 cum

2150 4167 2394 4239 implere
2415 4167 2620 4222 vellem
2637 4167 2830 4236 jussa,
2854 4164 3058 4229 defeei,
3081 4167 3139 4218 et
3159 4166 3353 4218 tamen
3377 4163 3667 4220 stimulus
3690 4181 3802 4220 cre-

2151 4256 2280 4312 scit.
2320 4256 2579 4311 Audiens
2604 4258 2798 4310 autem
2824 4254 2943 4308 haec
2985 4268 3182 4322 senex,
3223 4252 3604 4308 contristatus
3625 4241 3724 4309 est
3751 4257 3803 4309 et

2150 4345 2334 4401 dixit:
2371 4345 2672 4416 Siquidem
2705 4348 2899 4415 patres
2929 4346 2986 4398 et
3014 4341 3212 4414 magni
3242 4341 3348 4396 viri
3381 4341 3529 4397 bene
3560 4341 3672 4398 tibi
3697 4344 3802 4398 im-

2151 4439 2472 4507 posuerunt
2493 4450 2688 4503 onera,
2715 4433 2931 4504 quibus
2952 4430 3212 4505 gravaris
3240 4455 3254 4498 ;
3277 4431 3379 4486 sed
3400 4431 3449 4486 si
3476 4447 3572 4487 me
3593 4447 3801 4503 parvu-

2152 4524 2275 4579 lum
2307 4524 2512 4579 audire
2540 4521 2815 4592 volueris,
2848 4522 2963 4577 cito
2992 4519 3294 4576 inveniens
3317 4519 3603 4591 requiem.
3629 4522 3803 4576 Sume

395 4614 508 4668 bus
531 4613 776 4668 vestitus
799 4616 1045 4682 negatur
1069 4627 1082 4664 :
1113 4611 1250 4682 quia
1271 4612 1373 4683 qui
1397 4613 1673 4669 mollibus
1700 4615 2041 4683 vestiuntar,
2073 4628 2119 4693 D
2151 4630 2392 4684 parvum
2424 4613 2619 4667 cibum
2651 4611 2712 4666 in
2741 4615 3003 4682 tempore
3027 4625 3155 4675 suo,
3187 4611 3244 4664 et
3273 4607 3623 4681 recolligens
3653 4610 3802 4665 vires

396 4702 586 4772 magis
618 4707 848 4756 terreno
880 4700 998 4771 regi
1030 4700 1288 4756 serviunt
1319 4719 1494 4774 quam
1526 4702 1766 4758 ccelesti.
1789 4703 2042 4760 Joannes

395 4789 550 4846 enim
575 4789 802 4860 primus
820 4789 956 4842 Novi
978 4790 1334 4846 Testamenti
1355 4792 1677 4846 monachus
1695 4791 1830 4863 pilis
1847 4809 2038 4849 came-

399 4879 591 4934 lorum
641 4877 883 4932 indutus
914 4877 1095 4934 fuisse
1125 4879 1357 4952 legitur.
1409 4881 1464 4933 Si
1496 4879 1612 4949 ille,
1645 4880 1742 4951 qui
1784 4881 1840 4936 in
1875 4886 2039 4938 utero

395 4966 604 5023 matris
635 4967 1037 5025 sanctiﬁcatus
1069 4969 1197 5038 fuit,
1232 4974 1289 5024 et
1317 4970 1445 5023 ideo
1488 4968 1740 5024 multum
1769 4971 2039 5028 amabilis

393 5063 569 5130 atque
591 5056 841 5114 dilectus
863 5059 1104 5124 exstitit,
1129 5059 1227 5129 qui
1250 5058 1360 5112 fuit
1380 5074 1550 5112 verus
1570 5059 2037 5130 prophetaetiam

391 5147 524 5222 plus
549 5164 725 5220 quam
751 5149 1052 5221 propheta,
1081 5146 1217 5217 pilis
1241 5146 1599 5202 camelorum
1619 5147 1902 5213 induitur,
1930 5167 2036 5205 nos

391 5239 486 5311 qui
510 5241 839 5310 peccatores
857 5242 914 5293 et
930 5235 1146 5290 inﬁrmi
1169 5251 1398 5304 sumus,
1419 5240 1638 5307 quanto
1658 5238 1846 5310 magis
1863 5239 2037 5294 debe-

395 5345 528 5383 mus
553 5328 766 5382 vilibus
787 5326 1048 5382 vestibus
1073 5341 1200 5379 esse
1221 5325 1476 5381 contenti
1500 5328 1526 5380 ?
1547 5327 1728 5382 Nemo
1759 5345 2033 5399 namque,

392 5422 458 5472 ut
488 5418 569 5473 ait
599 5419 807 5473 beatus
837 5431 988 5485 papa
1017 5413 1352 5484 Gregorius,
1399 5415 1653 5486 pretiosa
1690 5416 2037 5471 vestimenta

390 5524 506 5562 non
529 5507 600 5562 ad
623 5507 860 5561 inanem
885 5501 1129 5572 gloriam
1152 5503 1378 5573 quaerit.
1400 5507 1734 5559 Peccatores
1758 5504 1913 5558 enim
1937 5521 2034 5559 su-

392 5615 543 5662 mus,
570 5600 626 5650 et
647 5595 776 5647 ideo
801 5590 1052 5661 pretiosa
1074 5591 1422 5647 vestimenta
1443 5607 1698 5662 qumrere
1723 5609 1836 5646 non
1861 5593 2033 5650 debe-

390 5703 542 5741 mus.
569 5680 758 5751 Magis
790 5695 919 5734 vero
950 5683 1292 5735 ornamenta
1329 5681 1546 5737 mentis
1581 5695 1840 5749 quaerere
1862 5680 2032 5739 debe-

2151 4706 2284 4758 tuas
2318 4701 2408 4756 fac
2437 4698 2873 4771 aliquantulum
2914 4715 3061 4769 opus
3090 4695 3214 4765 Dei,
3246 4701 3306 4752 et
3328 4697 3492 4768 jacta
3530 4698 3592 4753 in
3615 4699 3797 4756 Deum

2149 4790 2466 4862 cogitatum
2484 4794 2675 4857 tuum,
2695 4789 2849 4860 quod
2867 4788 2985 4843 tuis
3002 4786 3303 4843 laboribus
3319 4786 3470 4842 hanc
3489 4787 3801 4863 impugna-

2148 4879 2367 4934 tionem
2389 4895 2505 4933 non
2527 4878 2744 4950 poteris
2770 4893 3066 4952 superare.
3106 4877 3327 4947 Corpus
3347 4877 3507 4932 enim
3530 4883 3800 4934 nostrum

2147 4968 2307 5024 velut
2327 4967 2737 5024 vestimentum
2759 4971 2850 5023 est
2871 4985 2884 5036 ;
2910 4966 2958 5022 si
2981 4982 3116 5021 cum
3139 4965 3493 5022 discretione
3515 4966 3665 5024 illud
3685 4974 3799 5025 tra-

2148 5057 2412 5124 ctaveris,
2436 5057 2632 5123 stabit,
2658 5057 2707 5112 si
2731 5061 2926 5112 autem
2949 5071 3085 5111 cum
3103 5054 3453 5110 discretione
3468 5057 3674 5114 omnia
3688 5075 3798 5113 nan

2147 5147 2356 5218 egeris,
2382 5163 2494 5202 non
2520 5147 2718 5201 stabit.
2742 5145 2849 5210 Qui
2873 5161 3011 5200 eum
3056 5143 3321 5200 audisset
3351 5160 3510 5214 cum,
3535 5147 3676 5203 fecit
3699 5147 3797 5213 ita,

2148 5241 2205 5292 et
2226 5237 2376 5292 infra
2399 5253 2616 5308 paucos
2638 5236 2762 5292 dies
2785 5233 3028 5290 recessit
3045 5232 3325 5289 stimulus
3340 5235 3492 5305 ejus.
3511 5235 3683 5293 Hunc
3701 5253 3798 5291 au-

2145 5329 2262 5381 tem
2295 5341 2592 5380 summam
2621 5324 2751 5380 ideo
2793 5323 3046 5380 scribere
3092 5321 3247 5378 volui
3299 5323 3358 5378 in
3407 5324 3522 5380 isto
3573 5327 3794 5392 ordine,

2147 5415 2323 5485 quod,
2349 5431 2475 5484 quae
2499 5414 2770 5485 superius
2793 5412 3097 5480 admonui,
3121 5411 3178 5466 id
3201 5416 3311 5479 est,
3335 5413 3666 5487 silentium,
3685 5432 3793 5470 nu-

2145 5501 2318 5567 ditas,
2333 5501 3092 5573 abstinentia,carporisque
3104 5500 3410 5573 castigatio
3424 5519 3565 5559 cum
3580 5505 3791 5560 discre-

2145 5590 2302 5646 tione
2323 5596 2461 5646 sunt
2480 5593 2725 5664 agenda.
2769 5590 3048 5647 Discretio
3069 5606 3202 5645 vero
3235 5607 3453 5664 magna
3471 5593 3663 5651 virtus
3681 5595 3786 5657 est,

2145 5679 2283 5752 quia
2303 5697 2406 5752 per
2424 5681 2616 5752 ipsam
2639 5681 2795 5740 mala
2813 5679 3204 5751 declinantur,
3221 5684 3282 5739 et
3292 5680 3448 5744 bona
3459 5686 3786 5742 servantur.
