3970 6212
189 344 318 406 929

1079 345 1516 410 ADMONITIO
1562 352 1663 411 AD
1710 349 2226 414 NONSUINDAM
2276 354 2720 417 RECLUSAM.

3483 362 3604 422 930

196 471 1245 534 musadabbatemJoannem.Deinde
1272 481 1539 537 sedentes
1567 484 1850 555 carpimus
1877 487 1933 553 Α
1963 486 2195 553 benda;
2249 491 2451 542 contra
2498 487 2860 542 iracundiam
2915 503 3047 542 vero
3099 488 3409 560 patientia;
3461 511 3596 549 con-

196 564 352 636 loqui
402 564 475 618 de
523 563 749 618 visione
799 581 974 635 quam
1040 566 1281 623 viderat.
1334 569 1614 627 Dicebant
1667 573 1844 628 etiam

198 655 265 710 de
293 653 500 709 abbate
548 652 771 725 Sysoio,
805 654 942 723 quia
973 671 1084 709 non
1137 656 1248 711 cito
1279 659 1591 730 deponeret
1635 679 1846 718 manus

195 760 326 799 suas
350 762 365 812 ;
388 741 629 813 quando
658 742 851 796 stabat
872 743 942 796 ad
976 743 1659 819 orationem,rapiebatur
1681 767 1846 805 mens

193 834 316 905 ejus
346 832 404 886 in
437 829 938 904 superioribus.Si
971 838 1165 889 autem
1195 837 1586 909 contingebat,
1617 839 1844 910 aliquos

193 924 434 978 fratrum
505 937 643 976 cum
691 935 756 976 eo
809 937 991 992 orare,
1041 923 1353 980 festinabat
1400 927 1512 982 cito
1561 928 1846 999 deponere

193 1027 399 1066 manus
433 1026 594 1074 suas,
616 1025 688 1064 ne
719 1015 1020 1081 raperetur
1050 1028 1216 1068 mens
1247 1016 1396 1084 ejus,
1417 1022 1473 1070 et
1504 1023 1843 1072 moreretur.

194 1099 426 1155 Dicebat
454 1099 630 1154 etiam
665 1096 818 1152 alius
844 1113 1037 1169 senex,
1072 1101 1209 1171 quia
1237 1102 1477 1158 assidua
1520 1106 1702 1160 oratio
1733 1108 1846 1161 cito

195 1188 427 1260 corrigit
477 1191 751 1242 mentem.
803 1187 1041 1243 Dicebat
1087 1189 1323 1260 quidam
1381 1198 1656 1262 patrum:
1710 1196 1848 1266 quia

195 1278 349 1334 sicut
375 1275 739 1348 impossibile
767 1282 943 1346 est,ut
963 1278 1152 1332 videat
1183 1280 1315 1350 quis
1347 1280 1404 1334 in
1437 1298 1588 1353 aqua
1614 1283 1849 1338 turbida

199 1367 398 1422 faciem
432 1381 638 1431 suam;
673 1365 758 1420 sic
788 1371 844 1420 et
892 1366 1107 1431 anima,
1139 1383 1266 1438 quze
1297 1386 1413 1423 non
1466 1376 1710 1442 purgata
1742 1372 1849 1426 fuit

196 1473 228 1511 a
273 1455 727 1527 cogitationibus
782 1453 1008 1521 alienis,
1061 1457 1440 1529 contemplari
1493 1477 1606 1514 non
1657 1465 1848 1532 potest

195 1542 638 1600 Deum.Audisti
661 1559 912 1613 quoque,
937 1545 1113 1615 quod,
1141 1548 1373 1615 quando
1405 1548 1584 1603 abbas
1606 1550 1846 1621 Sysolus

195 1651 303 1690 non
335 1638 449 1688 cito
481 1633 797 1687 dimitteret
829 1650 1038 1687 manus
1070 1651 1228 1697 suas,
1256 1635 1588 1707 rapiebatur
1617 1639 1675 1693 in
1709 1655 1845 1694 con-

193 1721 847 1795 templationem.0uare
879 1738 1014 1793 ergo
1047 1739 1279 1794 repente
1312 1725 1368 1779 in
1403 1727 1843 1799 contemplatio-

1954 578 2044 628 tra
2095 575 2364 629 timorem
2416 575 2704 630 mittenda
2752 582 2840 631 est
2884 577 3133 642 fiducia;
3185 586 3386 636 contra
3435 589 3599 655 tepo-

1955 680 2076 717 rem
2108 680 2239 718 vero
2289 662 2442 718 zelus
2475 669 2564 718 est
2602 665 3004 736 opponendus.
3037 666 3250 723 Contra
3298 671 3600 729 tristitiam

1955 767 2184 823 quoque
2208 751 2420 806 malam
2451 751 2846 807 adhibendum
2879 759 2968 809 est
2997 757 3277 826 gaudium
3309 759 3599 830 spiritale;

1955 845 2157 895 contra
2186 840 2445 896 acediam
2479 858 2610 895 vero
2644 842 2919 896 fortitudo
2945 848 3032 898 est
3054 849 3410 902 assumenda
3435 865 3445 902 :
3471 867 3600 904 con-

1953 932 2042 984 tra
2074 929 2374 984 avaritiam
2429 931 2785 985 assumenda
2815 936 2903 986 est
2950 932 3226 1002 largitas;
3259 941 3460 992 contra
3499 955 3601 992 su-

1955 1018 2214 1087 perbiam
2263 1024 2457 1073 autem
2494 1019 2796 1074 humilitas
2828 1025 2915 1074 est
2965 1024 3358 1092 proponenda.
3393 1027 3603 1083 Contra

1955 1106 2154 1161 odium
2186 1123 2318 1162 vero
2352 1107 2608 1162 cbaritas
2642 1107 2826 1162 virtus
2860 1113 3213 1166 assumenda
3242 1117 3347 1168 est.
3388 1115 3460 1169 De
3495 1097 3602 1170 hoc

1957 1196 2132 1250 etiam
2164 1197 2479 1250 certamine
2515 1195 2727 1250 Paulus
2755 1196 2894 1249 dicit
2925 1199 3222 1268 apostolus
3253 1219 3264 1255 :
3302 1201 3442 1256 Caro
3472 1219 3598 1258 con-

1955 1286 2187 1350 cupiscit
2218 1284 2473 1338 adversus
2521 1286 2813 1355 spiritum,
2848 1287 3078 1351 spiritus
3104 1298 3286 1344 autem
3339 1292 3603 1346 adversus

1954 1390 2211 1439 carnem;
2247 1373 2361 1429 her
2406 1375 2554 1427 enim
2586 1374 2694 1426 sibi
2725 1375 2954 1426 invicem
2995 1375 3368 1447 adversantur,
3403 1387 3462 1434 ut
3493 1398 3601 1435 non

1955 1477 2293 1534 qzutcunque
2339 1463 2524 1527 vultis,
2560 1463 2661 1516 illa
2706 1465 2928 1532 faciatis
2969 1464 3108 1533 (Gal.
3141 1483 3192 1533 ν,
3254 1468 3357 1538 17).
3401 1469 3461 1522 Et
3514 1475 3602 1539 tu,

1957 1552 2070 1606 Deo
2103 1551 2438 1618 dicata,hmc
2473 1551 2711 1621 legendo
2734 1558 2788 1606 et
2820 1554 3110 1608 memoria:
3139 1559 3602 1614 commendando

1957 1641 2126 1694 stude
2149 1645 2350 1694 contra
2373 1640 2756 1711 liostisiniqui
2783 1642 3026 1698 insidias
3041 1643 3282 1698 viriliter
3303 1646 3600 1702 dimicare.

1956 1730 2014 1783 Si
2039 1735 2090 1782 te
2114 1727 2500 1782 somnolentia
2522 1730 3088 1798 gravat,studeillam
3114 1733 3339 1788 vincere
3352 1736 3601 1790 amando

195 1829 320 1870 nem
367 1811 711 1884 rapiebatur
734 1809 761 1863 ?
791 1810 915 1864 sine
962 1811 1161 1879 dubio,
1215 1814 1353 1883 quia
1402 1816 1844 1873 mortificandus
1879 1855 1923 1918 Β
1954 1817 2386 1888 vigiliam,quia
2415 1818 2801 1872 somnolentia
2835 1837 2935 1890 per
2964 1819 3222 1891 vigiliam
3256 1823 3596 1879 destruitur.

195 1901 554 1960 erat.Audiat
581 1899 758 1955 etiam
789 1898 1018 1954 dilectio
1050 1904 1169 1967 tua,
1196 1918 1354 1974 rogo,
1379 1903 1550 1974 quale
1583 1906 1845 1961 studium

195 1993 390 2047 beatus
442 1989 664 2044 Paulus
707 1988 1028 2044 monachus
1071 1989 1276 2045 habuit
1324 1993 1550 2063 orandi,
1585 1996 1736 2066 quod
1787 1995 1845 2050 in

193 2079 587 2136 ecclesiastica
610 2077 856 2132 historia
877 2079 1159 2150 scriptum
1187 2079 1452 2136 habetur.
1480 2083 1610 2137 Fuit
1632 2083 1847 2140 Paulus

196 2169 262 2224 de
293 2170 475 2241 Libya
522 2168 582 2222 in
634 2166 829 2238 Scythi
862 2183 976 2222 non
1027 2167 1222 2224 minus
1271 2187 1447 2241 quam
1497 2173 1848 2245 quingentos

196 2257 511 2313 monachos
561 2256 802 2312 habens.
834 2256 986 2311 Nihil
1035 2262 1231 2313 autem
1264 2260 1614 2330 operabatur
1662 2279 1849 2334 neque

194 2347 582 2419 percipiebat;
617 2363 730 2400 non
782 2345 936 2418 quod
987 2348 1314 2403 comederet
1364 2353 1616 2421 tantum,
1650 2353 1851 2408 orabat

195 2442 390 2492 autem
441 2434 829 2504 solummodo,
881 2439 936 2489 et
983 2434 1160 2490 veluti
1211 2438 1504 2508 quoddam
1563 2439 1848 2496 tributum

199 2525 419 2580 habens
437 2523 797 2594 impositum,
831 2527 1116 2580 trecentas
1133 2526 1424 2582 orationes
1451 2532 1561 2583 Deo
1587 2547 1848 2600 unaqua-

194 2631 306 2685 que
334 2613 425 2669 die
464 2611 757 2676 reddebat,
791 2617 848 2668 et
877 2629 949 2668 ne
983 2630 1157 2669 unam
1192 2616 1430 2686 quidem
1472 2617 1846 2689 relinqueret,

192 2709 480 2760 trecentos
540 2701 764 2773 lapides
823 2702 1117 2772 ponebat:
1179 2703 1428 2776 singulis
1487 2707 1848 2763 orationibus

192 2793 435 2865 lapidem
489 2792 767 2864 ponebat,
799 2795 857 2845 et
887 2791 1136 2863 singulis
1187 2794 1548 2850 orationibus
1596 2795 1847 2868 lapidem

194 2884 453 2938 mittebat
476 2882 540 2935 in
557 2880 1064 2950 sinum.Expensis
1083 2897 1216 2936 vero
1239 2881 1535 2954 lapidibus
1560 2885 1851 2942 orationes

197 2972 406 3028 sciebat
435 2986 574 3027 esse
604 2968 1201 3040 completas.Multum
1233 2969 1413 3044 igitur
1434 2974 1715 3030 debemus
1747 2975 1852 3031 hu-

201 3061 421 3127 miliari,
453 3059 566 3132 qui
598 3057 769 3131 longe
818 3059 889 3113 ab
921 3057 1155 3114 illorum
1188 3060 1432 3129 meritis,
1468 3080 1718 3135 quorum
1751 3083 1849 3121 su-

198 3152 380 3222 perius
412 3148 642 3205 mentio
672 3146 824 3202 facta
853 3148 1343 3218 est,distamus,et
1375 3152 1458 3207 sic
1492 3155 1746 3226 prompti
1779 3155 1850 3210 ad

1957 1908 2015 1961 Si
2050 1915 2103 1960 te
2135 1905 2384 1961 delectat
2415 1904 2755 1960 balneorum
2797 1925 2960 1974 usus,
2996 1910 3187 1963 veniat
3215 1911 3319 1965 tibi
3353 1913 3422 1966 ad
3480 1931 3599 1968 me-

1960 1995 2203 2050 moriam
2237 1996 2442 2049 beatus
2471 1996 2722 2050 Iacobus
2754 1997 2931 2050 frater
2965 1998 3210 2062 Domini,
3245 2000 3340 2070 qui
3374 2003 3600 2071 primus

1959 2089 2088 2156 post
2120 2083 2412 2155 apostolos
2463 2083 2953 2154 Jerosolymorum
2986 2087 3129 2139 rexit
3159 2085 3493 2154 Ecclesiam,
3529 2091 3599 2145 de

1958 2172 2369 2244 qquosephus
2385 2173 2760 2242 narrat.quod
2778 2189 3081 2244 nunquam
3097 2191 3329 2231 carnem
3345 2179 3607 2233 comede-

1958 2262 2163 2326 rit,nec
2185 2260 2392 2315 balneo
2427 2277 2569 2314 usus
2601 2259 2772 2315 fuerit
2806 2277 3200 2332 unquam,nec
3227 2263 3395 2319 lineis
3427 2265 3603 2320 vesti-

1960 2353 2068 2405 bus
2094 2350 2265 2405 fuerit
2287 2349 2550 2418 indutus,
2584 2365 2696 2403 non
2723 2354 2897 2420 caput
2919 2366 3089 2404 suum
3123 2353 3444 2408 secundum
3467 2371 3602 2409 con-

1959 2438 2326 2494 suetudinem
2352 2437 2542 2508 gentis
2569 2455 2684 2491 sua:
2707 2438 2830 2491 oleo
2861 2438 3166 2493 unxerit.Si
3197 2441 3253 2494 in
3279 2441 3607 2497 delectatio-

1960 2544 2091 2582 nem
2116 2528 2221 2582 tibi
2265 2527 2482 2581 deliciaa
2505 2526 2762 2591 veniunt,
2797 2543 3053 2598 propone
3075 2533 3207 2583 ante
3245 2530 3445 2585 oculos
3473 2535 3604 2586 tuos

1957 2617 2239 2672 Joannem
2273 2616 2613 2685 Baptistam,
2649 2616 2746 2685 qui
2792 2616 2899 2669 fuit
2943 2617 2999 2670 in
3038 2621 3204 2672 utero
3242 2620 3444 2674 matris
3488 2638 3604 2675 sua:

1960 2705 2523 2769 sanctilicatus,etde
2539 2720 2652 2774 quo
2667 2703 3472 2778 DominusJesusdixit,quod
3493 2726 3606 2763 ma-

1951 2797 2048 2866 jor
2077 2795 2178 2850 illo
2217 2795 2364 2848 inter
2405 2798 2570 2847 natos
2601 2792 2910 2846 mulierum
2954 2811 3067 2847 non
3092 2799 3364 2850 surrexit.
3401 2797 3608 2854 Narrat

1960 2885 2131 2939 etiam
2158 2884 2227 2937 de
2249 2899 2314 2937 eo
2339 2887 2605 2936 sanctum
2631 2882 3190 2955 Evangelium,quod
3210 2885 3320 2939 mel
3345 2886 3608 2942 silvestre

1959 2979 2010 3028 et
2035 2973 2291 3027 locustae
2335 2971 2562 3026 edebat.
2596 2970 2655 3024 Si
2694 2971 2765 3034 ei,
2801 2971 2903 3042 qui
2935 2971 2994 3025 in
3030 2977 3083 3026 te
3114 2973 3334 3042 deccat,
3369 2974 3470 3046 qui
3501 2974 3607 3030 tibi

1961 3061 2234 3126 detrahit,
2283 3064 2383 3115 aut
2430 3058 2744 3130 maledicit,
2797 3066 2898 3114 aut
2928 3062 2985 3114 in
3038 3060 3234 3132 aliquo
3280 3061 3453 3132 laedit,
3489 3081 3605 3120 non

1962 3157 2124 3224 potes
2175 3151 2493 3221 ignoscere,
2526 3149 2678 3202 sicut
2724 3149 2831 3213 vis,
2866 3149 3100 3204 veniant
3146 3151 3217 3204 ad
3263 3153 3605 3209 memoriam

198 3221 508 3296 orationem
550 3236 872 3292 faciendam
897 3253 1013 3292 non
1045 3253 1254 3294 sumus
1287 3243 1349 3294 ut
1378 3221 1684 3298 illi.Dratio
1716 3260 1850 3299 vero
1882 3221 1924 3286 (ἶ
1963 3221 2181 3312 quanta
2210 3243 2267 3292 et
2297 3237 2492 3308 qualia
2514 3253 2722 3307 passus
2756 3237 2928 3292 fuerit
2950 3254 3052 3308 pro
3083 3241 3138 3291 te
3163 3239 3431 3293 Christus
3464 3255 3606 3311 :pro

197 3331 388 3400 juncta
437 3325 884 3398 compunctioni
916 3342 1130 3398 magna
1160 3332 1248 3383 est
1293 3329 1497 3385 virtus.
1531 3331 1674 3386 Volo
1707 3349 1847 3402 quo-

200 3433 324 3489 que,
361 3422 424 3473 ut
450 3417 571 3471 hoc
601 3413 844 3469 solerter
875 3415 1166 3483 attendas,
1201 3417 1354 3488 quod
1387 3419 1554 3474 Jesus
1585 3419 1848 3475 Christus

197 3523 257 3562 ac
286 3507 556 3562 Salvator
570 3508 770 3559 noster
794 3502 993 3558 volens
1021 3521 1183 3560 orare
1210 3507 1540 3562 ascenditin
1568 3515 1848 3564 montem.

199 3595 321 3652 ldeo
348 3597 525 3652 Jesus
579 3596 852 3649 oraturus
883 3593 940 3647 in
974 3598 1231 3648 montem
1282 3597 1564 3663 ascendit,
1598 3603 1660 3652 ut
1703 3604 1758 3653 et
1787 3603 1848 3653 tu

197 3686 401 3741 orando
434 3686 492 3739 in
555 3685 814 3737 montem
857 3683 1233 3740 conscendas.
1265 3684 1648 3757 Nequaquam
1693 3688 1849 3742 enim

198 3775 398 3841 omnis,
433 3773 538 3846 qui
575 3775 721 3839 orat,
755 3770 813 3825 in
848 3775 1106 3826 montem
1139 3773 1421 3828 ascendit.
1445 3773 1543 3830 Ille
1572 3791 1726 3844 vero,
1750 3775 1850 3848 qui

198 3862 250 3918 in
296 3864 566 3918 oratione
608 3864 854 3915 mortem
921 3859 1143 3915 inimici
1197 3862 1286 3916 sui
1337 3864 1563 3934 quaerit,
1614 3868 1714 3919 aut
1760 3882 1851 3922 res

195 3953 386 4006 mundi
437 3950 747 4021 hujus,_ut
778 3948 1176 4004 honorabilior
1222 3951 1280 4005 in
1313 3951 1419 4006 hoc
1454 3954 1673 4008 mundo
1726 3971 1853 4010 esse

195 4041 388 4111 possit,
422 4055 806 4112 nequaquam
839 4039 898 4092 in
933 4044 1188 4094 montem
1223 4042 1484 4096 ascendit
1515 4044 1756 4098 orando.
1780 4048 1854 4098 At

199 4134 406 4197 contra,
440 4130 543 4202 qui
597 4128 657 4182 in
702 4127 962 4183 oratione
994 4145 1097 4200 pro
1148 4129 1403 4186 remedio
1452 4131 1660 4186 animae
1711 4150 1852 4200 suis,

199 4218 309 4274 sive
355 4236 460 4291 pro
514 4217 769 4273 aliorum
817 4217 1090 4291 peccatis,
1125 4217 1434 4274 Dominum
1486 4221 1853 4293 deprecatur,

201 4305 301 4363 iste
327 4308 453 4362 sine
483 4305 669 4362 dubio
701 4305 760 4359 in
791 4310 1050 4361 montem
1093 4309 1367 4362 oraturus
1399 4310 1678 4363 ascendit.
1713 4309 1856 4365 Vide

203 4399 262 4448 ut
295 4395 411 4450 hac
458 4395 624 4467 legas
657 4397 894 4462 attente,
947 4395 1061 4450 Deo
1110 4394 1319 4463 dicata,
1372 4401 1437 4450 ut
1484 4397 1742 4452 ordinate
1787 4398 1857 4461 de

203 4485 650 4540 mortiﬁcatione
678 4484 875 4540 venias
909 4485 980 4539 ad
1015 4485 1550 4555 compunctionem,
1575 4503 1858 4557 compun-

1957 3334 2012 3384 te
2046 3329 2230 3383 factus
2279 3332 2366 3381 est
2397 3326 2591 3393 homo,
2627 3325 2912 3394 mortalis,
2961 3326 3377 3397 corruptibilis,
3418 3330 3609 3399 passi-

1961 3417 2112 3483 bilis,
2148 3417 2247 3488 qui
2278 3421 2402 3470 erat
2433 3413 2807 3479 immortalis,
2835 3414 3240 3486 impassibilis.
3274 3417 3610 3489 Assumpsit

1961 3523 2063 3577 pro
2094 3510 2149 3559 te
2181 3520 2413 3558 carnem
2446 3520 2513 3557 ex
2545 3502 2798 3574 Virgine,
2831 3503 2888 3556 in
2923 3519 3040 3574 qua
3071 3507 3366 3575 pateretur
3396 3510 3452 3560 et
3483 3523 3606 3561 mo-

1961 3600 2183 3650 reretur
2206 3612 2219 3661 ;
2239 3610 2339 3665 pro
2369 3597 2426 3646 te
2456 3608 2688 3664 quoque
2709 3591 2814 3645 fuit
2837 3591 3373 3666 flagellatus,alapis
3395 3610 3602 3662 caasus,

1961 3685 2150 3756 sputis
2181 3682 2597 3753 linitus,spinis
2628 3683 3039 3749 coronatus,ad
3071 3688 3395 3739 extremum
3426 3683 3602 3742 etiam

1961 3773 2272 3829 crucifixus
2299 3791 2312 3839 ;
2343 3790 2444 3844 pro
2476 3778 2529 3826 te
2559 3771 2679 3827 hazc
2711 3772 2907 3827 omnia
2937 3771 3216 3844 sustinuit
3245 3774 3605 3842 Christus,ut

1961 3868 2016 3919 te
2048 3881 2081 3918 a
2111 3862 2328 3918 diaboli
2383 3867 2665 3934 potestate
2705 3861 2992 3918 liberaret.
3027 3863 3291 3919 Pendens
3339 3881 3470 3920 vero
3500 3881 3603 3937 pro

1961 3958 2019 4008 te
2052 3953 2109 4007 in
2143 3969 2330 4018 cruce,
2367 3953 2504 4022 quid
2540 3951 2768 4006 dicebat
2801 3969 2814 4006 :
2846 3954 3026 4018 Pater,
3056 3953 3270 4020 ignosce
3312 3955 3444 4019 illis,
3477 3956 3608 4025 quia

1963 4045 2211 4098 nesciunt
2240 4042 2370 4114 quid
2398 4042 2607 4112 faciunt
2628 4045 2652 4092 Υ
2681 4042 2828 4110 (Luc.
2864 4057 3021 4106 XXIII,
3051 4041 3164 4111 34.)
3200 4041 3296 4094 Ille
3327 4059 3482 4114 ergo,
3510 4044 3612 4115 qui

1967 4133 2092 4188 sine
2125 4135 2355 4202 peccato
2386 4129 2779 4198 occidebatur,
2813 4145 2916 4199 pro
2949 4129 3072 4183 suis
3103 4128 3358 4183 inimicis
3390 4133 3614 4199 orabat,

1967 4226 2020 4274 ct
2051 4225 2113 4274 tu
2147 4219 2192 4273 si
2227 4217 2484 4288 aliquam
2521 4216 2849 4271 molestiam
2889 4217 3129 4287 patiaris
3161 4218 3231 4272 ab
3265 4218 3614 4289 aliquo,non

1968 4313 2133 4379 potes
2165 4324 2232 4360 ex
2262 4310 2380 4360 toto
2412 4306 2582 4360 corde
2611 4305 2924 4359 dimittere.
2959 4305 3140 4360 Credo
3172 4322 3425 4376 quoque,
3461 4307 3616 4377 quod

1968 4397 2016 4452 si
2049 4396 2181 4464 ista,
2213 4411 2338 4466 quis
2370 4394 2518 4459 dico,
2553 4393 2846 4448 subtiliter
2876 4394 3133 4464 cogitare
3166 4394 3457 4464 volumus,
3491 4411 3618 4450 om-

1970 4485 2144 4540 nibus
2180 4485 2238 4539 in
2268 4488 2324 4538 te
2349 4483 2724 4554 peccantibus
2753 4499 2820 4538 ex
2851 4486 2968 4538 toto
3018 4484 3190 4539 corde
3236 4483 3399 4539 facile
3427 4481 3620 4538 dimit-

202 4573 574 4647 ctionemque
604 4572 871 4629 habendo
903 4589 1073 4629 nosse
1104 4587 1286 4646 queas
1319 4574 1562 4629 modum
1595 4576 1820 4630 orandi.
1892 4592 1937 4656 D
1971 4581 2093 4630 tere
2129 4571 2502 4645 poteris.Haec
2527 4571 3012 4639 meditando,haec
3044 4578 3235 4627 mente
3253 4571 3619 4627 discutiendo

507 4665 641 4716 CAP.
674 4661 795 4716 XII.
828 4692 896 4702 --
928 4663 1001 4716 De
1022 4677 1222 4734 pugna
1250 4664 1537 4718 vitiorum.

269 4748 337 4806 Et
365 4751 510 4824 quia
561 4749 751 4806 lucide
783 4751 852 4806 de
881 4749 1183 4806 nonnullis
1223 4751 1509 4807 instructa
1537 4769 1597 4808 es
1627 4751 1855 4806 virtuti-

200 4839 330 4910 bus,
362 4843 549 4896 restat
597 4843 662 4894 ut
701 4844 894 4896 mente
940 4841 1287 4912 perpendas,
1321 4847 1540 4914 quanta
1583 4841 1742 4897 lucta
1784 4842 1862 4898 sit

199 4928 468 4984 vitiorum
494 4928 782 4984 adversus
809 4929 1074 4985 virtutes.
1107 4933 1384 5002 Magnum
1418 4947 1644 5003 quoque
1679 4936 1861 4986 certa-

203 5032 330 5073 men
381 5023 474 5073 est
525 5017 805 5074 vitiorum
850 5019 1128 5075 adversus
1175 5019 1439 5076 virtutes.
1493 5021 1658 5075 Tunc
1705 5021 1861 5075 enim

201 5107 413 5178 poteris
462 5107 672 5162 omnia
709 5107 845 5162 vitia
888 5108 1116 5164 vincere
1165 5109 1545 5180 repugnando
1594 5126 1723 5163 cum
1774 5111 1863 5164 di-

201 5195 329 5251 vino
378 5195 705 5266 adjutorio,
737 5195 786 5250 si
827 5202 1027 5251 contra
1073 5197 1212 5252 vitia
1243 5197 1476 5270 singula
1523 5199 1864 5269 opposueris

197 5281 641 5338 virtutes.Solet
654 5283 809 5338 enim
829 5301 1024 5357 pugna
1035 5286 1312 5341 vitiorum
1330 5287 1608 5342 adversus
1622 5288 1769 5341 virtu
1780 5292 1864 5343 tes

201 5372 268 5427 ad
298 5373 642 5445 profectum
674 5371 930 5428 hominis
955 5375 1150 5429 venire
1179 5375 1351 5446 ;quia
1380 5391 1482 5447 per
1513 5375 1655 5430 illud
1683 5381 1864 5430 certa-

205 5475 334 5516 men
366 5477 542 5517 mens
567 5459 874 5528 excitatur,
899 5466 954 5516 et
986 5463 1058 5517 ab
1088 5463 1358 5518 elationis
1387 5464 1524 5519 vitio
1557 5469 1862 5536 purgatur.

207 5553 415 5606 Contra
462 5547 710 5620 singula
754 5564 983 5621 quoque
1030 5550 1171 5606 vitia
1214 5552 1458 5607 virtutes
1507 5557 1646 5608 sunt
1694 5552 1865 5608 adhi-

203 5633 402 5695 bendis
437 5654 451 5695 :
487 5639 703 5694 contra
727 5633 1014 5695 luxuriam
1045 5638 1338 5697 munditia
1366 5639 1557 5698 cordis
1588 5645 1679 5698 est
1709 5639 1868 5697 adhic

1971 4663 2188 4737 poteris
2220 4663 2364 4716 iram
2397 4661 2871 4732 vincere,poteris
2903 4677 3106 4717 omnes
3133 4659 3620 4732 diligere,poteris

1971 4752 2215 4824 implere
2246 4751 2343 4807 Dei
2395 4753 2745 4822 praeceptum
2790 4767 2803 4805 :
2835 4751 3065 4824 Ditigite
3110 4752 3362 4805 inimicos
3395 4753 3618 4821 vestros,

1975 4843 2276 4914 bencfacite
2325 4838 2433 4907 his,
2465 4841 2562 4912 qui
2609 4856 2697 4895 vos
2727 4841 2984 4908 oderunt,
3017 4844 3068 4896 et
3116 4843 3265 4896 orate
3287 4857 3391 4913 pro
3431 4855 3618 4912 perse-

1973 4932 2262 5002 quentibus
2311 4937 2360 4984 et
2407 4929 2872 4983 calumniantibus
2923 4945 3010 4984 vos
3058 4928 3268 5000 (Matth.
3300 4947 3355 4997 ν,
3409 4929 3517 4997 44).
3561 4926 3622 4984 Si

1973 5020 2078 5074 tibi
2129 5019 2354 5074 venerit
2397 5018 2670 5074 voluntas
2737 5019 3009 5090 vagandi,
3064 5018 3250 5074 recole
3298 5018 3453 5088 quod
3492 5018 3620 5088 jam

1975 5114 2204 5164 mortua
2253 5125 2335 5178 es,
2368 5109 2522 5179 quod
2575 5108 2848 5163 crucifixa
2877 5125 2958 5163 es.
2991 5108 3304 5179 Nunquam
3349 5105 3622 5161 crucifixo

1976 5197 2196 5252 homini
2247 5199 2406 5252 venit
2453 5197 2720 5253 voluntas
2770 5197 3062 5269 vagandi:
3099 5214 3237 5258 non,
3293 5194 3431 5265 quia
3478 5191 3624 5248 nihil

1975 5285 2188 5356 cogitat
2220 5284 2332 5338 nisi
2364 5286 2434 5340 de
2461 5290 2645 5341 morte
2675 5287 2875 5342 sua.Et
2905 5292 2963 5341 tu
2991 5287 3110 5357 jrm
3145 5287 3375 5339 mortua
3405 5299 3466 5338 es
3488 5282 3624 5338 huic

1977 5371 2370 5427 mundo.Vide
2398 5377 2591 5428 autem
2620 5391 2690 5430 ne
2718 5381 2781 5429 tu
2804 5374 3015 5444 illi,aut
3035 5373 3133 5430 ille
3159 5373 3266 5428 tibi
3291 5364 3621 5428 reviviscat:

1977 5461 2069 5515 dic
2117 5459 2312 5530 potius
2371 5477 2503 5516 cum
2564 5463 2822 5533 apostolo
2881 5463 3058 5519 Paulo
3121 5481 3133 5518 ε
3199 5461 3342 5519 Mihi
3384 5463 3625 5520 mundus

1975 5547 2268 5616 cruciﬁxus
2319 5558 2396 5606 est
2432 5553 2482 5605 et
2511 5566 2607 5620 ego
2636 5552 2835 5609 mundo
2883 5552 3025 5623 (Gal.
3061 5571 3141 5622 v1,
3189 5553 3297 5626 14).
3332 5552 3461 5608 Haec
3489 5565 3622 5607 vero

1977 5635 2284 5711 cogitando
2334 5641 2554 5714 poteris
2597 5640 2822 5700 vincere
2863 5643 3251 5722 vagationem.
3281 5642 3430 5702 Audi
3480 5637 3621 5718 quid
