3970 6212
413 333 533 394 943

1384 330 1449 387 S.
1498 326 1898 391 BRUNONIS
1942 323 2451 386 COLONIENSIS
2496 325 2856 386 ARCHIEP.

3692 332 3790 390 944

416 464 797 533 memoria,“
822 462 967 520 satis
997 479 1031 519 a
1059 459 1537 534 prudentioribus
1567 458 2059 525 intellectum,ho-
2090 460 2145 526 Α
2177 457 2631 526 Marahensium,
2666 474 2815 527 quos
2841 456 2954 513 sibi
2974 455 3274 529 nonlonge
3294 457 3613 529 anteimpia
3642 477 3790 517 usur-

418 570 515 612 mo
544 552 769 610 homini
795 552 935 625 quid
968 554 1207 623 prastet
1244 551 1332 618 ²⁴⁰,
1363 549 1451 604 vel
1484 548 1728 604 excellat
1757 550 1847 604 Ἧι.
1882 548 2061 619 Cujus

418 643 679 716 plerique
698 642 767 677 ⁸⁴²
797 640 953 696 dicta
981 644 1040 694 et
1069 656 1263 712 opera,
1297 638 1399 710 qui
1429 638 1497 672 2‘3
1548 637 1896 693 familiarius
1928 654 2061 692 eum

418 735 716 800 noverant,
750 728 897 786 satis
927 727 1206 784 admirari
1237 726 1581 798 nequibant.
1612 727 1789 782 Erant
1819 726 1975 781 enim
2003 725 2061 780 in

416 836 533 876 uno
562 818 660 875 illo
692 819 928 875 homine
960 834 1052 873 res
1080 816 1248 872 valde
1271 814 1590 873 dissimiles
1617 831 1629 870 :
1656 814 1942 870 natalium
1967 830 2063 868 no-

415 906 634 981 bilitas,
665 908 953 964 honorum
985 904 1547 979 dignitas,scientiae,
1574 920 1699 975 quae
1730 903 1934 957 inflare
1966 920 2058 957 so-

415 997 514 1065 let,
546 999 709 1053 tanta
738 995 1073 1053 sublimitas
1101 996 1188 1064 1’“,
1224 998 1289 1050 ut
1327 993 1473 1049 nihil
1506 1010 1687 1065 supra
1717 992 1896 1048 animi
1927 1008 2059 1046 vero

412 1091 471 1142 et
500 1085 737 1142 habitus
783 1083 1088 1141 humilitas
1137 1087 1423 1156 quantum
1482 1101 1515 1138 a
1544 1081 1942 1155 sagacioribus
1973 1079 2058 1134 di-

412 1173 601 1231 scerni
632 1173 845 1248 potuit,
869 1178 933 1229 ut
962 1172 1108 1228 nihil
1130 1172 1284 1228 infra
1305 1176 1565 1244 putares.
1592 1171 1738 1226 Nam
1768 1170 1836 1210 3“
1869 1168 2059 1225 media

408 1262 693 1321 charitate
713 1266 1013 1319 constrata
1028 1261 1540 1319 sunt.Arridebant
1559 1261 1627 1295 ’⁸⁸
1643 1259 1694 1315 ei
1712 1259 1912 1315 omnia
1932 1276 2058 1331 quae

407 1353 480 1408 ad
512 1353 732 1409 fastum
761 1354 1161 1424 suppeterent,
1194 1367 1322 1423 qua:
1350 1350 1415 1384 ²⁸⁷
1449 1366 1482 1403 a
1510 1350 1577 1385 ³⁸⁸
1598 1366 1660 1404 se
1682 1360 1914 1419 semper
1943 1352 2060 1402 stu-

408 1439 743 1497 diosissime
767 1437 1055 1510 vigilantis
1075 1439 1144 1474 “9
1168 1455 1345 1494 manu
1369 1436 1741 1494 discretionis
1765 1438 2055 1508 abegerat.

406 1534 495 1585 Ita
523 1528 672 1586 illud
704 1529 777 1585 ad
808 1526 1009 1585 oculos
1038 1528 1370 1596 hominum,
1405 1527 1565 1583 aliud
1598 1527 1670 1581 ad
1702 1529 1911 1581 testem
1941 1541 2060 1579 cor-

409 1616 574 1674 dium
605 1618 918 1675 exhibebat
948 1618 1036 1672 “0.
1079 1615 1257 1688 Cujus
1306 1615 1769 1672 conversationis
1797 1612 2057 1685 exemplo

409 1705 698 1779 plurimos
728 1705 1042 1763 salubriter
1061 1704 1289 1762 institui
1310 1721 1480 1776 posse
1504 1703 1880 1771 credimus,si
1904 1720 2059 1758 eam-

409 1797 540 1889 dem
572 1795 822 1852 strictim
849 1812 883 1850 a
911 1793 1161 1889 pueritia
1181 1798 1539 1889 repetamus.
1562 1792 1787 1889 Habent
1816 1791 1971 1889 enim
1998 1794 2054 1889 in
2085 1824 2133 1889 B

406 1883 508 1940 illa
540 1884 859 1941 mediocres
888 1887 946 1939 et
964 1882 1239 1951 humiles,
1267 1882 1420 1938 unde
1447 1880 1780 1937 convalesca
1793 1885 1891 1936 nt:
1920 1879 2057 1935 elati

405 1977 607 2030 contra
635 1977 693 2029 et
737 1972 970 2040 divites,
1020 1972 1176 2028 unde
1224 1971 1665 2040 obstupescant.
1714 1972 2053 2025 Attavorum

400 2063 530 2134 ejus
545 2060 722 2118 attavi
739 2078 926 2133 usque
941 2062 1013 2117 ad
1035 2061 1342 2117 hominum
1366 2060 1709 2116 memoriam
1737 2075 1938 2114 omnes
1960 2076 2058 2113 no-

397 2148 671 2207 bilissimi
697 2167 712 2219 ;
737 2150 937 2206 nullus
959 2151 1017 2205 in
1037 2166 1240 2205 eorum
1275 2148 1456 2221 stirpe
1478 2148 1715 2219 ignotus
1738 2148 1827 2217 ’5‘,
1854 2147 2052 2203 nullus

397 2239 648 2313 degener
676 2239 845 2296 facile
875 2240 944 2273 ²⁶²
974 2240 1262 2311 reperitur
1286 2256 1299 2305 ;
1326 2237 1418 2292 hic
1442 2242 1635 2293 tamen
1660 2236 2055 2303 omnes,salva

398 2332 787 2402 augustorum
812 2332 870 2384 et
889 2343 1093 2399 regum
1120 2326 1723 2397 excellentia,omnino
1758 2327 2051 2398 perspica-

402 2417 640 2474 cissime
656 2416 1144 2473 lineamentorum
1168 2414 1596 2488 gratia,artium
1621 2414 1828 2487 gloria,
1848 2418 1905 2469 et
1936 2431 2055 2468 om-

404 2506 620 2578 nigena
635 2505 817 2561 animi
834 2522 900 2562 su
912 2504 1149 2576 perabat
1164 2502 1486 2559 industria:
1510 2508 1683 2558 natus
1706 2520 1772 2557 eo
1792 2508 2053 2574 tempore

402 2595 573 2664 (925),
607 2610 722 2667 quo
770 2597 936 2666 pater
983 2592 1110 2664 ejus
1158 2592 1440 2648 Henricus
1472 2592 1541 2625 ²⁵³
1592 2608 1686 2646 rex
1734 2591 2050 2662 gloriosus,

402 2683 731 2756 perdomita
761 2682 831 2717 ³⁵⁸
859 2681 1244 2737 barbarorum
1293 2680 1531 2747 saevitia,
1575 2696 1842 2751 represso
1869 2681 2048 2736 etiam

398 2768 691 2827 intestinas
721 2768 905 2825 cladis
937 2767 1213 2840 periculo,
1245 2768 1440 2823 diruta
1465 2783 1677 2839 magno
1701 2767 1894 2823 studio
1919 2785 2053 2824 reae-

400 2859 697 2926 diﬂcabat,
715 2864 774 2915 et
791 2856 1083 2914 volentem
1106 2856 1649 2930 pupulumjustitiae
1673 2856 1853 2912 frenis
1873 2857 1929 2911 in
1954 2862 2047 2912 tu-

400 2946 635 3005 tissime.
654 2952 711 3005 et
733 2945 1105 3021 optatissima
1131 2946 1199 2981 ’⁵⁵
1228 2946 1468 3001 demum
1501 2962 1640 3018 pace
1673 2946 1928 3017 regebat.
1966 2946 2051 3002 Ita

400 3036 725 3093 nativitatis
750 3036 879 3107 ejus
909 3039 1143 3108 tempus
1163 3035 1292 3106 jam
1323 3033 1492 3105 quasi
1524 3034 1723 3089 futura
1754 3034 1915 3089 bonae
1946 3051 2044 3091 vo-

398 3123 645 3181 luntatis
675 3125 804 3197 ejus
833 3123 1090 3197 insignia
1136 3124 1497 3196 praeferebat.
1529 3122 1675 3179 Nam
1708 3140 1839 3178 cum
1873 3140 2046 3180 omne

2173 548 2331 616 pavit
2359 547 2611 614 licentia,
2639 546 2947 618 plerasque
2974 546 3303 618 provincias
3326 548 3487 619 regni
3507 549 3633 619 ejus
3661 550 3789 607 ferro

2172 641 2227 691 et
2256 636 2388 707 igne
2415 636 2583 708 longe
2616 636 2845 707 lateque
2876 635 3141 690 vastavit.
3168 636 3296 691 Dies
3320 640 3471 703 ante,
3497 654 3667 708 quam
3696 639 3788 694 hu-

2163 726 2267 795 jus
2297 725 2433 780 mali
2467 724 2737 780 materies
2786 725 3061 779 narrandi
3095 726 3164 759 ²⁶³
3209 725 3481 780 deﬁceret
3507 727 3593 783 κδ.
3626 729 3789 784 Trans

2176 816 2429 869 Hrenum
2453 816 2520 857 955
2550 815 2908 869 occidentem
2931 831 3135 870 versus
3156 814 3324 869 nobis
3356 816 3552 870 omnia
3580 817 3794 873 rebella-

2172 903 2333 975 bant,
2356 903 2468 975 ipsi
2497 908 2652 959 certe
2675 903 2836 973 regni
2859 903 3048 958 adhuc
3075 904 3307 975 angusti
3340 904 3407 938 9“
3440 904 3718 978 principes
3742 907 3790 961 in

2171 1010 2278 1048 sua
2306 992 2529 1048 viscera
2558 1009 2703 1064 pene
2733 992 3242 1047 irremediabiliter
3301 993 3647 1062 saeviebant;
3679 1012 3790 1067 quas

2171 1082 2370 1137 omnia
2398 1081 2485 1136 vel
2516 1097 2777 1136 resecare
2808 1080 2895 1135 vel
2928 1097 3134 1136 sanare
3166 1082 3232 1115 96"
3264 1099 3435 1137 nemo
3468 1082 3580 1138 nisi
3610 1085 3794 1156 praeci-

2170 1189 2287 1242 pua
2315 1172 2527 1225 virtute
2557 1175 2612 1226 et
2643 1169 2926 1243 singulari
2959 1171 3237 1242 praeditus
3275 1171 3569 1228 industria
3596 1180 3788 1244 posset.

2171 1262 2279 1315 Sed
2306 1265 2435 1332 post
2455 1259 2886 1332 aliquantulum
2909 1260 2977 1295 9“
3001 1260 3277 1331 temporis
3304 1265 3505 1318 tantus
3526 1262 3691 1319 timor
3704 1281 3793 1335 per

2169 1349 2417 1421 gratiam
2437 1349 2692 1404 divinam
2712 1349 3268 1417 invasitextraneos,
3296 1354 3361 1405 ut
3385 1350 3534 1406 nihil
3558 1369 3789 1424 unquam

2170 1439 2253 1493 eis
2283 1443 2435 1493 esset
2468 1437 2934 1506 formidabilius;
2968 1443 3171 1494 tantus
3202 1456 3367 1494 amor
3397 1439 3682 1513 colligavit
3708 1442 3791 1497 do-

2170 1526 2465 1595 mesticos,
2501 1531 2566 1582 ut
2612 1526 2757 1582 nihil
2816 1543 3076 1598 unquam
3134 1528 3192 1582 in
3240 1529 3506 1600 quolibet
3539 1530 3788 1601 potentis-

2169 1616 2320 1671 simo
2352 1633 2529 1689 regno
2561 1616 2930 1687 conjunctius
2964 1616 3277 1672 videretur.
3598 1604 3603 1609 ’

2241 1707 2291 1760 4.
2327 1707 2402 1760 Eo
2436 1709 2693 1777 tempore
2724 1706 2870 1776 (929)
2910 1722 3196 1777 generosa
3226 1722 3430 1778 regum
3464 1708 3665 1780 proles,
3693 1725 3787 1764 an-

2170 1812 2275 1850 nos
2302 1795 2532 1851 circiter
2562 1798 2812 1866 quatuor
2840 1793 3084 1865 habens,
3115 1793 3461 1852 liberalibus
3489 1796 3787 1854 litterarum

2168 1883 2381 1939 studiis
2410 1883 2726 1938 imbuenda
2757 1884 2825 1917 93°
2866 1882 3129 1938 Baldrico
3174 1884 3487 1940 venerabili
3518 1886 3789 1958 episcopo,

2166 1973 2266 2044 qui
2299 1972 2489 2028 adhuc
2530 1977 2796 2045 superest
2844 1972 3049 2043 (1926),
3103 1973 3434 2043 Trajectum
3486 1974 3658 2030 missa
3687 1979 3787 2030 est.

2166 2061 2274 2116 Ubi
2308 2078 2440 2116 cum
2472 2062 2595 2133 ipse
2627 2060 3133 2132 disciplinabiliter
3155 2062 3243 2130 πο,
3279 2068 3339 2116 ut
3366 2066 3501 2134 puta
3523 2062 3673 2118 bonae
3704 2063 3789 2116 in-

2166 2149 2315 2205 dolis
2348 2168 2509 2222 puer,
2542 2150 2772 2222 ingenio
2822 2149 3013 2221 sagaci
3058 2150 3376 2221 proficeret,
3406 2150 3586 2207 invisa
3612 2150 3790 2206 Nord-

2165 2256 2517 2295 mannorum
2538 2240 2601 2279 ’71
2630 2237 2965 2310 tyrannides
2985 2239 3051 2271 ’73
3073 2238 3241 2310 quasi
3265 2240 3330 2273 ’73
3353 2256 3454 2311 per
3467 2238 3790 2310 hujusmodi

2164 2329 2427 2384 obsidem
2455 2326 2821 2398 aliquantum
2868 2326 3151 2398 refriguit,
3188 2332 3244 2382 et
3274 2327 3539 2384 Ecclesiae
3570 2329 3783 2384 demum

2164 2423 2485 2489 cmteraque
2522 2418 2589 2451 ’7‘
2619 2415 2881 2484 aediﬁcia,
2931 2433 3181 2487 quorum
3238 2418 3418 2471 ruina.-
3449 2417 3542 2472 vix
3570 2416 3784 2473 exstite-

2163 2511 2294 2562 rant
2323 2507 2411 2572 ηδ,
2443 2505 2551 2561 hac
2581 2505 2882 2560 occasione
2904 2509 3238 2560 restaurata:
3268 2506 3337 2541 2⁷⁸
3358 2511 3521 2562 sunt.
3546 2507 3627 2563 Ita
3645 2504 3784 2561 nulla

2163 2613 2280 2651 suae
2312 2595 2497 2651 aetatis
2522 2594 2712 2666 spatia
2737 2594 2959 2665 absque
2982 2583 3051 2627 ’77.
3068 2593 3319 2650 utilitate
3346 2601 3561 2651 sancta:
3585 2594 3677 2651 Dei
3697 2595 3782 2649 Ec-

2161 2684 2345 2741 clesiae
2378 2683 2876 2755 transigebat.Per
2905 2682 3099 2754 ipsum
3131 2684 3310 2751 enim,
3334 2683 3474 2739 licet
3502 2684 3681 2740 adhuc
3707 2682 3782 2738 in-

2161 2773 2510 2843 scium,jam
2533 2770 2892 2827 christianus
2915 2769 3165 2843 papulas
3189 2772 3262 2826 ab
3284 2772 3559 2830 hostibus
3580 2770 3781 2837 liber,in

2160 2862 2260 2918 Dei
2291 2861 2565 2917 laudibus
2588 2859 3159 2917 exsultabat.Deinde
3182 2860 3282 2915 ubi
3306 2860 3504 2933 prima
3523 2877 3783 2935 gramma-

2157 2952 2283 3006 ticae
2315 2950 2456 3006 artis
2483 2949 2813 3005 rudimenta
2863 2950 3137 3021 percepit,
3171 2950 3325 3005 sicut
3355 2951 3430 3006 ab
3467 2953 3588 3024 ipso
3618 2952 3671 3005 in
3703 2948 3781 3005 Dei

2157 3038 2572 3112 omnipotentis
2599 3039 2845 3110 gloriam
2868 3038 2975 3093 hoc
2997 3038 3210 3110 saepius
3234 3039 3573 3096 ruminante
3601 3037 3778 3095 didici-

2162 3147 2319 3186 mus.
2361 3128 2745 3183 Prudentium
2768 3133 2996 3199 poetam
3020 3128 3281 3183 tradente
3304 3130 3590 3201 magistro
3617 3128 3781 3200 legere

403 3214 559 3287 quod
582 3191 801 3270 bonum
824 3191 983 3270 esset
998 3213 1066 3248 ³⁵⁸
1085 3191 1452 3268 vivacissime
1478 3228 1707 3284 semper
1729 3217 2047 3284 appeteret,
2081 3191 2123 3258 (ἶ
2164 3221 2354 3291 cmpit.
2376 3217 2481 3284 Qui
2506 3216 2658 3273 sicut
2682 3191 2847 3272 est-et
2864 3217 2975 3272 fide
2999 3191 3442 3289 intentioneque
3466 3191 3779 3281 catholicus,

403 3302 566 3376 pacis
591 3303 812 3360 donum
856 3301 1027 3374 quasi
1078 3302 1503 3357 nutrimentum
1548 3305 1605 3356 et
1634 3306 2047 3356 ornamentum

402 3391 700 3463 quoddam
730 3395 1072 3448 caeterorum
1096 3391 1162 3425 ’37
1195 3390 1475 3445 virtutum
1502 3389 1810 3446 sollicitius
1833 3390 2051 3461 expeti-

402 3480 506 3545 vit.
521 3481 676 3553 quod
692 3481 861 3537 bonis
877 3480 1153 3537 omnibus
1168 3481 1539 3551 profuturum
1555 3479 2052 3552 przescivit.Tran-

404 3568 691 3641 quilitatis
712 3570 869 3626 enim
891 3573 1152 3642 tempore
1177 3568 1387 3624 nutriri
1411 3569 1478 3603 ³⁸⁸
1499 3568 1713 3623 debent
1733 3573 1790 3624 et
1811 3567 2050 3624 solidari

404 3659 668 3725 virtutes,
703 3663 767 3714 ut
798 3658 1229 3730 perturbatione
1254 3657 1513 3729 qualibet
1534 3657 1859 3728 ingruente,
1882 3675 1915 3713 a
1937 3661 2050 3713 sta-

401 3749 500 3802 tus
530 3747 622 3802 sui
653 3747 851 3819 vigore
881 3746 1179 3802 hominem
1210 3745 1459 3802 emolliri
1502 3763 1615 3801 non
1646 3747 1937 3802 desinant.

473 3836 508 3890 3
536 3834 724 3892 Nimis
753 3835 994 3909 longum
1025 3841 1115 3891 est
1164 3836 1438 3908 prosequi
1470 3836 1558 3902 ⁸⁵9,
1593 3838 1886 3908 quomodo
1922 3854 2046 3893 me-

404 3929 669 3996 moratus
689 3941 807 3993 rex,
828 3929 992 3997 pater
1012 3924 1189 3996 hujus
1214 3924 1409 3997 magni
1433 3924 1536 3980 viri
1559 3926 1629 3981 de
1652 3942 1766 3998 quo
1790 3926 2044 3998 agimus,

401 4014 474 4070 ad
504 4013 667 4071 illam
696 4018 817 4070 tam
866 4018 1042 4087 gratas
1081 4014 1240 4087 pacis
1295 4015 1665 4071 serenitatem
1698 4016 2043 4086 pervenerit,

400 4119 533 4160 cum
566 4103 693 4177 ipse
721 4103 919 4160 omnia
949 4103 1111 4177 regni
1133 4104 1202 4140 ²⁶⁰
1232 4104 1423 4177 spatia
1453 4109 1511 4160 et
1539 4104 1833 4160 continuis
1863 4105 2042 4160 ﬁniti-

398 4208 631 4249 morum
646 4193 1082 4250 incursionibus
1094 4197 1151 4248 et
1161 4193 1526 4266 gravissimis
1540 4193 1690 4249 inter
1701 4195 1851 4251 cives
1863 4196 2041 4251 etiam

398 4285 457 4337 et
484 4282 554 4318 ¹⁶¹
586 4286 865 4356 cognatos
893 4282 1664 4339 dissentionibuscoucussa
1684 4288 1739 4339 et
1769 4285 2042 4341 atrociter

2162 3313 2219 3364 et
2247 3307 2574 3379 eloquentia
2610 3304 2965 3378 veritateque
3016 3306 3360 3378 praecipuus,
3394 3312 3460 3364 et
3492 3314 3781 3364 metrorum

2162 3398 2563 3467 librorumque
2582 3395 2857 3450 varietate
2882 3396 2948 3428 273
2970 3394 3475 3467 elegantissimus,
3494 3402 3650 3454 tanta
3667 3412 3783 3452 mox

2161 3486 2466 3543 dulcedine
2497 3486 2689 3557 palato
2711 3483 2902 3539 cordis
2921 3485 3048 3555 ejus
3074 3484 3530 3557 complacuit,ut
3553 3489 3666 3558 jam
3687 3502 3782 3541 non

2158 3581 2389 3631 tantum
2421 3573 2769 3629 exteriorum
2800 3574 3109 3628 verborum
3140 3574 3675 3644 scientiam,verum
3704 3576 3782 3628 in-

2158 3666 2285 3721 timi
2318 3663 2633 3720 medullam
2657 3680 2882 3729 sensus,
2909 3668 2966 3720 et
2986 3668 3186 3718 nectar
3212 3668 3275 3718 ut
3298 3663 3380 3719 ita
3403 3666 3598 3722 dicam
3627 3663 3783 3736 liqui-

2157 3755 2492 3819 dissimum,
2528 3753 2733 3823 majori
2756 3769 2933 3824 quam
2957 3752 3070 3807 dici
3093 3752 3279 3825 possit
3301 3754 3580 3811 aviditate
3604 3751 3783 3809 hauri-

2156 3849 2260 3901 ret.
2296 3845 2502 3899 Postea
2533 3842 2759 3898 nullum
2792 3842 3024 3914 penitus
3072 3848 3196 3897 erat
3226 3843 3567 3900 studiorum
3596 3843 3781 3898 libera-

2156 3935 2297 3989 lium
2314 3951 2497 4005 genus
2521 3934 2577 3988 in
2594 3932 2954 3988 omniGraaca
2969 3931 3053 3987 vel
3070 3931 3274 3987 Latina
3290 3929 3782 4004 eloquentia,quod

2154 4023 2371 4095 ingenii
2405 4023 2496 4078 sui
2530 4022 2889 4078 vivacitatem
2914 4022 3355 4094 aufugeret.Nec
3376 4039 3538 4092 vero,
3557 4026 3615 4079 ut
3635 4020 3782 4083 solet,

2154 4119 2254 4168 aut
2275 4112 2609 4168 divitiarum
2630 4110 2954 4179 afﬂuentia,
2985 4114 3087 4165 aut
3102 4112 3409 4165 turbarum
3437 4112 3784 4167 circumstre-

2155 4201 2415 4274 pentium
2438 4200 2885 4267 assiduitas,aut
2905 4197 3093 4254 ullum
3116 4200 3184 4233 ’79
3214 4198 3457 4255 aliunde
3482 4200 3784 4270 subrepens

2149 4291 2450 4347 fastidium
2482 4290 2554 4345 ab
2586 4289 2696 4345 hoc
2728 4288 2906 4343 nobili
2939 4288 3055 4345 otio
3082 4288 3347 4344 animum
3378 4289 3511 4359 ejus
3545 4300 3782 4359 unquam

394 4374 599 4428 vexata
611 4373 891 4445 repererit
909 4372 998 4426 π’.
1021 4371 1392 4427 Hincetenim
1417 4388 1566 4427 saeva
1582 4372 1878 4429 Danorum
1895 4390 2040 4447 gens
2150 4380 2381 4447 avertit;
2402 4379 2484 4434 ita
2507 4379 2935 4435 utmunditiam
2957 4377 3150 4434 cordis
3172 4378 3301 4447 ejus
3321 4380 3695 4435 attestaretur
3707 4375 3788 4446 ju-

394 4462 553 4517 terra
578 4459 842 4532 marique
863 4463 1090 4532 Ροῐθηε,
1122 4459 1259 4516 inde
1290 4461 1563 4518 centiﬁda
1578 4462 1914 4518 Selavorum
1949 4482 2039 4520 τοι·
2150 4471 2239 4542 gis
2273 4469 2572 4525 meditatio
2597 4472 2653 4524 et
2681 4468 3043 4523 indefessum
3067 4467 3356 4522 continuae
3373 4461 3782 4522 exercitationis

392 4547 520 4606 bies
550 4549 936 4606 barbarorum
968 4548 1580 4618 frendensinhorruit;
1614 4552 2043 4625 Ungrorumni-
2073 4562 2117 4627 D
2150 4560 2575 4625 studium,cum
2596 4558 2721 4627 jam
2746 4556 2980 4629 penitus
2997 4555 3191 4612 omnis
3217 4555 3558 4625 hujusmodi
3580 4550 3783 4611 affectio

389 4635 989 4695 hilominusinsecuta
1007 4639 1344 4710 crudelitas,
1368 4644 1739 4711 transgressa
1759 4643 2040 4704 terminos
2147 4647 2426 4703 transiret
2450 4646 2507 4701 in
2541 4645 2831 4710 habitum,
2856 4644 3008 4701 sicut
3037 4643 3321 4716 scriptum
3343 4647 3433 4700 est
3457 4661 3469 4699 :
3514 4645 3592 4699 Ex
3610 4637 3787 4699 studii:

1744 4796 1834 4854 VA
1844 4798 1981 4858 ΒΙΑΣ
2022 4803 2427 4861 LECTIONES.

459 4922 531 4959 ²⁴⁰
560 4928 781 5008 prestat
834 4928 887 4982 3.
964 4927 1029 4962 ²⁴¹
1060 4942 1112 4981 v.
1145 4940 1195 4979 e.
1255 4924 1451 4979 desunt
1481 4923 1533 4979 3.
1609 4921 1683 4959 3"
1737 4925 2010 4999 pleraque
2038 4931 2093 4985 2.
2151 4931 2205 4985 3.
2284 4931 2354 4963 2⁸³
2409 4929 2548 5001 quid
2600 4930 2650 4984 1.
2731 4930 2800 4963 9“
2854 4929 2998 4985 deest
3054 4929 3108 4984 3.
3186 4924 3255 4962 2“
3286 4929 3353 4983 N.
3389 4929 3439 4982 1.
3475 4927 3629 4982 deest
3652 4920 3783 4977 2.3.

388 4994 885 5069 ’“AAridebanH.
938 4998 1041 5069 ft",
1074 4996 1213 5069 hec
1250 4996 1304 5051 3.
1381 4996 1449 5030 ²⁴⁸
1479 4997 1551 5052 ad
1586 4999 1635 5052 1.
1718 4999 1788 5033 3“
1844 5001 2102 5069 vigilanti
2133 5004 2185 5056 2.
2218 5003 2272 5055 3.
2351 5002 2420 5036 πο
2479 5002 2743 5057 exibebat
2802 5003 2851 5056 1.
2926 5001 2991 5035 ²⁵¹
3052 5000 3292 5055 innotus
3333 5002 3386 5053 3.
3466 4999 3538 5032 ²⁵²
3568 4997 3709 5069 deest
3732 4993 3780 5045 2.

384 5067 477 5124 sed
496 5078 681 5142 postea
709 5085 851 5125 corr.
881 5140 889 5144 _
930 5068 999 5144 ξδθ
1028 5065 1326 5144 hienricus
1376 5069 1424 5123 1.
1459 5069 1731 5144 henric‘us
1761 5070 1814 5124 3.
1892 5065 1959 5105 θεῖά
2008 5090 2110 5144 per
2138 5074 2412 5144 dogmata
2458 5076 2508 5127 1.
2590 5074 2657 5106 2⁵⁵
2687 5077 2743 5127 ct
2773 5089 2805 5127 o
2834 5072 3047 5144 desunt.
3079 5072 3112 5125 3
3208 5072 3289 5144 ”f
3306 5071 3451 5126 deest
3477 5070 3554 5144 3._
3607 5067 3670 5144 Ψ
3700 5078 3782 5142 θεῖ

383 5138 576 5216 torum
606 5140 978 5216 superscripto
1007 5138 1123 5216 a1.
1163 5140 1269 5216 -.ἴδε
1328 5141 1485 5196 nutri
1508 5141 1570 5216 _1.
1617 5138 2025 5216 Amprosequi
2079 5146 2128 5199 1.
2208 5138 2277 5178 93°
2307 5162 2352 5199 r.
2416 5144 2505 5199 sui
2565 5161 2652 5216 sp.
2694 5144 2747 5199 3.
2824 5142 2888 5178 ²⁶¹
2921 5142 3062 5198 deest
3093 5143 3156 5216 3.
3208 5143 3295 5216 γ²⁶²
3324 5138 3665 5216 repperit3.
3695 5138 3781 5216 qui

378 5212 470 5283 hic
494 5204 702 5269 nouunt
728 5226 826 5283 cap
858 5204 1082 5281 incipit.
1161 5212 1230 5247 ²⁶³
1261 5213 1519 5268 narranti
1565 5211 1648 5268 ed.
1727 5204 1796 5247 ’3‘
1827 5204 2053 5270 deficiet
2081 5217 2134 5270 3.
2214 5217 2281 5250 εδδ
2334 5204 2615 5271 rhenum‘
2641 5216 2691 5271 2.
2728 5232 2931 5269 renum
2964 5217 3017 5268 3.
3094 5214 3161 5247 ⁵⁸⁸
3192 5215 3278 5268 ita
3313 5215 3361 5267 1.
3394 5204 3776 5283 augustiedd-

377 5282 716 5359 mnarrare
735 5279 803 5359 3:"
867 5283 935 5359 3f“
965 5279 1345 5359 aliquantum
1367 5286 1420 5340 2.
1454 5285 1513 5359 3._
1587 5285 1655 5318 ²⁶⁹
1683 5283 1998 5341 imbuendo
2028 5287 2082 5343 3.
2159 5285 2226 5321 ²⁷⁰
2254 5286 2705 5359 disciplinaliter
2750 5288 2811 5359 3._
2883 5287 2949 5321 ²ῖί
2984 5279 3533 5359 ηοιτωθιηηριειιξῃ-Β.
3568 5355 3575 5359 ⁸
3610 5279 3676 5314 ’τε
3705 5279 3780 5359 ἐξα

373 5355 525 5428 cedd.
559 5354 944 5428 tyrannisAL,
1022 5346 1092 5391 ²¹Γ³
1147 5355 1291 5413 deest
1318 5356 1372 5413 3.
1451 5355 1520 5391 ’7‘
1563 5360 2006 5428 ceterarumque
2061 5359 2114 5413 1.
2192 5359 2259 5392 “5
2317 5346 2591 5415 etiterant
2622 5359 2672 5415 1.
2751 5357 2819 5394 ³⁷⁸
2876 5360 3205 5414 restaurata
3262 5357 3317 5412 3.
3391 5354 3462 5389 ’7"
3524 5355 3697 5424 atque
3730 5346 3780 5402 1.

373 5423 443 5462 ³⁷⁸
474 5421 630 5480 desit
656 5421 713 5477 3.
789 5425 860 5463 ²⁷⁹
884 5426 1054 5484 illum
1086 5427 1139 5483 1.

459 4922 531 5008 “fl
560 4928 795 5008 prestat
834 4928 887 5008 3.
961 4927 1029 5008 ff}
1060 4942 1112 5008 πη.
1145 4940 1195 4979 e.
1251 4924 1451 5008 gestiat
1481 4923 1547 5008 3..
1595 4921 1683 5008 ﬁ“

1970 5557 2201 5621 NOTE.

437 5652 629 5753 (1926)
663 5650 818 5712 Obiit
845 5672 939 5717 an.
967 5659 1093 5718 976.
