3970 6212
169 376 303 439 945

1800 378 2005 440 VITA.

3488 382 3607 444 946

170 513 297 568 suis
318 508 673 577 intelligitur
700 524 856 579 puer,
888 508 937 563 si
966 508 1173 563 munda
1201 513 1253 563 et
1282 510 1330 564 si
1367 517 1512 564 recta
1539 510 1649 564 sint
1680 525 1850 581 Opera
1880 516 1931 578 Α
2034 514 2086 567 6.
2122 513 2282 585 Saepe
2312 513 2461 571 inter
2488 519 2817 572 Graecorum
2867 514 3294 573 et'Latinorum
3337 514 3603 573 doctissi-

176 605 303 673 ejus
333 601 519 671 (Prov.
542 616 634 663 xx,
652 598 672 652 ιΙ
696 598 760 665 Ι).
782 598 901 653 Huc
926 599 1359 668 acccedit,quod
1387 599 1539 653 sicut
1562 600 1843 653 fervorem

179 690 367 747 animi
401 689 494 744 sui
520 706 632 743 non
660 706 870 759 passus
891 693 977 742 est
1009 688 1254 742 aliorum
1278 689 1505 742 desidia
1534 695 1591 741 et
1618 689 1845 743 levitate

176 778 503 851 existingui
543 783 652 832 aut
682 778 999 848 superfluis
1031 778 1313 846 vanisque
1345 777 1637 847 corrumpi
1670 776 1843 830 collo-

175 872 361 943 quiis,
398 867 755 923 italibrosin
778 867 993 938 quibus
1042 866 1285 929 studuit,
1320 875 1416 919 aut
1459 882 1843 936 quoscunque

172 958 493 1032 prmoculis
532 956 758 1019 habuit,
786 956 1014 1009 incaute
1050 954 1285 1023 refringi
1319 954 1728 1024 autcorrugari
1757 953 1841 1007 vel

173 1046 625 1121 quomodolibet
685 1044 885 1098 minus
964 1042 1272 1114 diligenter
1328 1043 1565 1096 tractari
1601 1044 1839 1096 omnino

171 1136 485 1209 aegerrime
518 1136 649 1188 tulit
674 1159 685 1197 ;
710 1132 852 1187 nihil
887 1149 1025 1187 sane
1058 1131 1245 1197 inhis,
1277 1149 1401 1201 qua:
1427 1132 1495 1184 ad
1522 1148 1580 1183 se
1618 1132 1843 1199 pertine

168 1228 349 1291 bant,
385 1223 793 1295 negligendum
831 1222 1086 1285 ducens;
1139 1221 1414 1290 quoniam
1466 1218 1726 1289 quidem,
1782 1223 1842 1272 ut

165 1315 461 1370 Salomon
491 1312 567 1367 ait
593 1328 605 1365 :
658 1314 769 1382 Qui
806 1314 1028 1366 minora
1056 1312 1312 1381 ‘neglz'gz't,
1338 1310 1609 1379 pautatim
1640 1307 1842 1361 dcridit

170 1406 250 1438 sso
285 1403 477 1473 (Εσιτιὶ,
512 1419 626 1465 xIx,
660 1401 733 1467 ll-

248 1496 307 1546 ὅ.
344 1492 529 1562 Igitur
559 1496 867 1561 postquam
902 1495 1064 1560 pater
1094 1490 1241 1558 ejus,
1276 1488 1513 1541 fundato
1549 1490 1603 1539 ct
1632 1484 1701 1537 ad
1732 1500 1839 1536 un-

170 1599 359 1654 guem
395 1580 876 1651 pacatoimperio,
898 1580 1071 1633 rebus
1091 1576 1369 1631 humanis
1388 1572 1836 1639 concessit,0tto

171 1672 340 1727 filius
373 1671 501 1740 ejus
542 1671 728 1738 major
759 1673 919 1735 natu,
946 1667 1346 1721 benedictione
1374 1663 1597 1719 Domini
1631 1668 1837 1715 auctus

170 1768 233 1815 et
267 1760 394 1815 oleo
445 1759 653 1814 lastitiee
707 1762 917 1811 unctus
970 1758 1137 1827 (93(3),
1200 1772 1413 1826 magna
1455 1752 1753 1807 voluntate
1785 1754 1839 1801 et

167 1865 470 1905 consensu
496 1847 825 1919 principum
872 1862 1111 1916 regnare
1128 1841 1656 1915 ccepit,centesimo
1679 1841 1835 1892 octo-
1868 1883 1913 1946 Β

169 1937 405 2011 gesimo
437 1940 638 1991 octavo
688 1935 892 1996 lustro,
930 1934 1291 2004 sexagesimo
1326 1932 1495 1986 tertio
1528 1930 1708 2001 (1927)
1747 1926 1837 1979 in-

170 2026 502 2080 dictionum
518 2022 735 2078 circulo
775 2024 844 2077 ab
870 2022 1267 2077 incarnatione
1290 2020 1518 2075 Domini
1538 2018 1719 2073 nostri
1740 2017 1833 2070 Je—

168 2134 239 2170 su
270 2115 514 2180 Christi;
554 2114 636 2167 vir
661 2114 719 2167 in
744 2129 916 2183 quem
942 2112 1198 2183 Spiritus
1226 2112 1319 2165 Dei
1343 2112 1561 2164 donum
1590 2104 1834 2161 contulit

170 2202 477 2273 singulare
500 2201 760 2256 veritatis
792 2207 847 2255 et
880 2201 1032 2253 fidei.
1059 2202 1236 2268 Cujus
1260 2199 1498 2253 virtutes
1518 2197 1561 2249 si
1585 2210 1676 2247 me
1702 2208 1830 2245 nar-

170 2297 454 2346 raturum
489 2290 878 2362 promiserim,
909 2288 1158 2343 nimium
1193 2287 1335 2342 mihi
1364 2282 1715 2355 sumpserim
1742 2281 1831 2346 33',

169 2388 231 2436 et
270 2381 551 2435 ferendus
582 2379 819 2433 minime
854 2378 1083 2432 fuerim.
1120 2376 1528 2430 Exceditenim
1554 2374 1681 2427 laus
1704 2370 1833 2440 ejus

167 2476 234 2525 et
270 2470 482 2541 gloria,
518 2468 796 2539 quidquid
831 2467 916 2521 vel
953 2467 1073 2538 ipse
1098 2467 1289 2520 Cicero
1323 2465 1435 2520 sibi
1469 2462 1832 2535 promitteret

170 2560 235 2613 in
267 2558 565 2613 facundia.
586 2558 681 2611 Hic
695 2573 1036 2629 germanum
1054 2573 1225 2611 suum
1244 2556 1577 2609 Itrunomen
1597 2560 1705 2608 Deo
1732 2554 1824 2607 Di-

162 2652 394 2713 catum,
430 2647 618 2702 adhuc
650 2644 1700 2713 adolescentulum,honorabiliter,ut
1723 2661 1827 2714 par

162 2738 303 2803 fuit,
325 2755 355 2793 e
379 2736 596 2791 scholis
638 2736 695 2790 in
722 2735 998 2807 palatium
1031 2735 1306 2803 evocavit,
1338 2734 1529 2787 locum
1558 2734 1824 2787 videlicet

160 2833 289 2883 tam
322 2825 689 2881 lucidissime
724 2828 925 2895 aptum
960 2823 1215 2894 speculo,
1251 2823 1368 2892 ubi,
1404 2822 1689 2893 quidquid
1722 2823 1818 2875 de-

153 2918 347 2972 forme
366 2932 470 2987 per
489 2919 674 2970 totum
704 2930 848 2984 pene
864 2914 1149 2967 mundum
1165 2912 1406 2977 esset,in
1426 2911 1637 2966 studiis
1653 2911 1821 2981 liqui-

157 3007 298 3060 dius
329 3008 653 3077 appareret.
688 3007 814 3057 Huc
845 3002 1000 3056 enim
1033 3019 1101 3055 ex
1140 3001 1412 3056 omnibus
1447 3000 1660 3054 finibus
1693 3017 1816 3068 ejus

155 3094 493 3151 conﬂuebat
523 3096 713 3147 totum
747 3092 899 3161 quod
933 3090 1043 3145 sibi
1076 3089 1297 3160 aliquid
1331 3106 1458 3144 esse
1488 3091 1812 3144 videbatur.

150 3182 558 3239 Nihilominus
572 3182 642 3235 ab
659 3180 933 3235 omnibus
947 3179 1241 3234 calumnia
1253 3178 1815 3249 qualibetoppressis

156 3273 276 3327 hoc
299 3270 513 3326 asilum
560 3270 802 3325 unicum
825 3269 1149 3341 petebatur.
1171 3267 1563 3339 Exemplaribi
1580 3268 1814 3337 sapien-
1845 3252 1887 3316 C

154 3364 279 3427 tiae,
315 3360 549 3431 pietatis
571 3358 885 3429 etjustitia:
909 3375 1090 3429 supra
1134 3357 1442 3412 hominum
1471 3357 1814 3415 mermoriam

156 3450 477 3506 eminebat.
506 3449 644 3504 Inde
665 3446 896 3513 reversi,
924 3447 1021 3518 qui
1042 3447 1152 3502 sibi
1178 3445 1349 3517 paulo
1381 3450 1513 3500 ante
1545 3445 1701 3499 domi
1734 3446 1813 3499 vi—

154 3541 459 3595 debantur
507 3536 854 3606 doctissimi,
887 3537 1097 3591 rubore
1136 3536 1203 3569 ²⁸²
1233 3535 1433 3599 notati,
1489 3534 1819 3588 rudimenta

152 3630 402 3697 artium,
455 3627 623 3697 quasi
672 3628 828 3680 Nunc
858 3626 992 3696 capi
1022 3626 1300 3691 dicentes,
1363 3623 1621 3694 aggressi
1657 3628 1813 3677 sunt.

150 3719 260 3774 Cui
298 3716 355 3771 in
386 3715 530 3770 laeva
571 3720 733 3786 parte
779 3713 1051 3769 mamillae
1106 3713 1185 3767 nil
1218 3713 1413 3779 saluit,
1450 3728 1576 3767 sese
1608 3713 1678 3765 ab
1711 3712 1818 3766 hoc

152 3806 329 3879 quasi
353 3804 509 3860 celso
540 3802 822 3857 tribunali
871 3803 1075 3857 exinde
1118 3802 1479 3856 verecundus
1512 3801 1815 3855 abstinuit.

153 3897 274 3950 Vas
308 3893 452 3948 illud
488 3910 663 3947 suum
690 3891 949 3962 implevit
976 3891 1260 3945 Dominus
1282 3889 1488 3961 spiritu
1523 3889 1817 3959 sapientia:

153 3991 211 4040 et
245 3982 604 4037 intellectus.
636 3981 748 4035 Nec
778 3980 1008 4034 suffecit
1056 3980 1124 4013 ³⁸³
1157 3979 1205 4033 ei
1258 3979 1315 4032 in
1356 3979 1815 4050 gaZOphilacium

155 4072 359 4129 cordis
382 4070 475 4126 sui
499 4069 790 4140 colligere,
824 4070 977 4139 quod
1001 4068 1060 4121 in
1094 4072 1367 4139 promptu
1399 4069 1685 4135 habebat;
1721 4084 1814 4139 pe-

156 4161 394 4232 regrina
418 4160 661 4229 insuper
683 4156 1657 4228 conduxitzenigmata,et.quidquid
1686 4156 1818 4227 phi-

157 4249 533 4320 losophicum
550 4246 911 4316 terrenisque
925 4246 1198 4300 sensibus
1212 4244 1673 4299 remotissimum
1696 4262 1819 4299 sen-

158 4340 239 4393 sit
280 4338 386 4392 hoc
410 4336 824 4405 undecumque
854 4334 1160 4389 contraxit.
1207 4332 1580 4387 Oblitteratas
1609 4335 1707 4388 diu
1732 4351 1820 4388 se-

160 4434 322 4498 ptem
350 4425 623 4481 liberales
639 4430 792 4478 artes
824 4424 947 4495 ipse
978 4423 1201 4477 retexit.
1220 4421 1511 4492 Quidquid
1536 4422 1819 4486 historici,

160 4519 447 4579 oratores,
480 4517 664 4583 poetae
693 4516 749 4567 et
783 4511 1341 4584 philosophinovum
1376 4516 1431 4564 et
1446 4512 1664 4581 grande
1697 4527 1821 4579 per-

1956 618 2082 658 mos
2112 604 2181 657 de
2214 604 2549 677 philosopiaa
2573 605 2939 661 sublimitate
2974 610 3073 661 aut
3101 606 3171 661 de
3201 604 3516 677 cujuslibet
3541 606 3601 662 in

1952 692 2053 747 illa
2085 695 2343 748 ﬂorentis
2376 696 2693 767 disciplima
2724 696 3046 751 subtilitate
3076 697 3442 767 disputantes
3464 696 3598 752 doc-

1953 786 2049 836 tus
2080 782 2368 855 interpres
2385 786 2611 840 medius
2638 786 2761 857 ipse
2784 786 3063 855 consedit,
3078 791 3136 841 et
3155 784 3597 857 disputantibus

1953 871 2023 923 ad
2058 871 2331 942 plausum
2362 875 2777 944 omnium,quo
2803 876 2871 907 ²⁸⁴
2901 874 3257 929 nihilminus
3280 878 3593 942 amaverat,

1954 961 2253 1015 satisfecit.
2290 962 2411 1015 Non
2434 964 2587 1017 enim
2612 980 2849 1018 examen
2875 964 3206 1035 improbum
3227 963 3284 1017 in
3308 962 3410 1018 illa
3429 963 3600 1019 casti-

1952 1050 2108 1118 gavit
2163 1052 2404 1117 trutina,
2439 1068 2541 1107 nec
2575 1067 2636 1105 se
2682 1053 2947 1123 quaesivit
2974 1056 3171 1119 extra;
3205 1052 3450 1123 gloriam
3482 1052 3595 1107 sibi

1952 1139 2281 1193 mstimabat
2298 1140 2699 1195 testimonium
2720 1141 3087 1195 conscientiae
3110 1158 3227 1196 sua:
3247 1142 3333 1194 9“.
3354 1142 3596 1213 Specta-

1951 1228 2030 1279 vit
2051 1227 2160 1280 hoc
2184 1229 2743 1299 frequentiusjudex
2768 1232 2824 1283 in
2844 1229 3061 1284 talibus
3084 1229 3203 1283 falli
3230 1230 3597 1297 nescius,rex

1950 1314 2105 1369 orbis
2136 1321 2423 1370 terrarum
2450 1317 2760 1385 maximus,
2781 1322 2835 1371 et
2856 1317 2955 1387 qui
2980 1334 3223 1389 regnum
3245 1335 3420 1373 suum
3443 1324 3595 1375 exte-

1951 1404 2073 1458 rius
2106 1405 2465 1458 fortitudinis
2496 1416 2551 1458 et
2581 1405 2809 1459 consilii
2843 1405 3040 1475 vigore
3071 1406 3598 1475 ﬁrmavit,interius

1949 1491 2091 1545 illud
2125 1493 2220 1547 tali
2252 1493 2814 1564 splendorevestivit.
2842 1498 3062 1549 Horum
3090 1498 3380 1565 spectator
3400 1498 3457 1549 et
3479 1495 3598 1566 ipse

1948 1581 2100 1636 Deus
2119 1583 2373 1636 creditur
2395 1584 2482 1650 ³⁸⁸,
2506 1584 2673 1652 cujus
2708 1583 3106 1638 misericordia
3136 1584 3378 1653 donum,
3412 1585 3598 1654 quod-

1947 1687 2177 1740 cunque
2204 1671 2785 1735 tribuit,eustoditur.
2812 1671 2952 1735 Quis
2982 1672 3134 1726 enim
3162 1689 3194 1727 a
3216 1675 3377 1726 tanta
3393 1676 3451 1726 et
3474 1676 3594 1728 tam

1947 1759 2387 1831 incomparabili
2407 1759 2712 1815 altitudine
2735 1760 3489 1832 prohiberetarrogantiam,
3506 1761 3593 1816 ni-

1946 1848 1993 1902 si
2029 1850 2159 1918 pius
2192 1849 2313 1920 ipse
2345 1866 2512 1903 suam
2546 1850 2851 1905 adhiberet
2882 1849 3255 1905 custodiam?

2015 1936 2068 2004 7.
2104 1934 2280 1989 Israel
2316 1936 2624 2007 episcopus
2664 1936 2971 2007 Scotigena
3027 1936 3232 2007 (4948),
3263 1938 3371 1993 sub
3418 1938 3591 2007 cujus

1947 2024 2279 2095 magisterio
2304 2024 2742 2079 illustrissimus
2765 2024 2860 2079 hic
2874 2026 2941 2079 de
2956 2042 3069 2097 quo
3091 2025 3391 2096 loquimur
3412 2025 3589 2097 pluri-

1946 2129 2107 2166 mum
2140 2130 2201 2167 se
2232 2113 2543 2184 profecisse
2596 2118 2841 2168 testatus
2889 2119 2998 2180 est,
3049 2114 3121 2168 de
3169 2114 3430 2169 moribus
3460 2114 3589 2185 ejus

1945 2201 2262 2273 resiquitus
2291 2218 2324 2256 a
2347 2202 2725 2273 quibusdam,
2780 2219 2927 2273 quos
2977 2202 3088 2273 ipsi
3118 2202 3453 2258 audivimus
3483 2202 3590 2259 hoc

1945 2290 2097 2345 idem
2147 2290 2455 2345 sollicitius
2495 2290 2859 2346 ruminantes
2889 2296 2947 2346 et
3003 2291 3171 2360 quasi
3219 2308 3322 2362 pro
3353 2290 3588 2347 oraculo

1942 2380 2243 2445 habentes,
2321 2385 2588 2434 sanctum
2643 2397 2775 2434 eum
2835 2378 3097 2450 apprime
3144 2380 3325 2434 virem
3364 2396 3493 2435 esse
3521 2382 3588 2415 ²⁸⁷

1942 2468 2258 2539 respondit.
2293 2468 2449 2523 Satis
2498 2467 2789 2523 laudabile
2836 2466 3165 2538 scitumque
3213 2468 3469 2525 doctoris
3516 2469 3587 2525 de

1939 2557 2226 2628 discipulo
2280 2558 2706 2612 testimonium.
2760 2556 2960 2623 Graci,
2994 2558 3212 2627 quibus
3256 2572 3419 2629 aeque
3459 2574 3583 2614 ma-

1938 2647 2138 2719 gistris
2172 2664 2314 2701 usus
2345 2652 2452 2712 est,
2488 2647 2559 2701 ad
2595 2650 2817 2701 tantam
2843 2645 3091 2716 gratiam
3123 2647 3476 2718 stupebant;
3501 2648 3585 2702 di-

1930 2753 2047 2808 gna
2068 2736 2347 2790 nimirum
2369 2738 2437 2790 de
2457 2735 2555 2789 illo
2577 2734 3190 2806 problematadomum
3211 2735 3337 2791 suis
3358 2735 3582 2792 civibus

1932 2827 2340 2897 reportabant;
2376 2842 2622 2897 quorum
2648 2824 2910 2881 studium
2943 2826 3240 2898 quondam
3274 2823 3455 2881 fuisse
3483 2825 3577 2881 di-

1931 2916 2102 2979 citur,
2136 2918 2236 2968 aut
2268 2913 2471 2968 audire
2499 2930 2729 2985 semper
2754 2914 2974 2986 aliquid
3024 2914 3153 2970 novi
3184 2918 3287 2969 aut
3315 2913 3575 2972 invenire

1928 3006 2061 3075 (Act.
2095 3021 2231 3069 xvu,
2266 3004 2375 3073 2i).

1997 3096 2047 3145 8.
2087 3092 2295 3147 Millies
2328 3093 2549 3147 interea
2579 3109 2682 3163 per
2710 3092 2835 3147 dies
2867 3092 3183 3163 cogebatur
3212 3092 3570 3149 calamitosis

1927 3181 2277 3253 patrocinari
2313 3182 2399 3247 Μ,
2437 3180 2740 3236 consulere
2788 3179 3043 3250 afﬂictis,
3088 3197 3254 3251 opem
3286 3180 3435 3237 ferre
3460 3181 3569 3236 mi-

1928 3271 2093 3325 seris.
2130 3273 2262 3334 Qua:
2294 3269 2490 3324 omnia
2539 3268 2623 3322 sic
2647 3267 3117 3338 administrabat,
3173 3272 3238 3322 ut
3282 3268 3569 3341 refugium

1926 3359 2115 3415 factus
2146 3358 2344 3428 egenis
2374 3357 2646 3412 omnibus
2693 3355 3005 3411 videretur.
3040 3356 3144 3421 Ita,
3166 3372 3301 3411 cum
3327 3360 3484 3413 esset
3514 3357 3574 3413 in

1927 3448 2062 3513 otio,
2098 3464 2266 3501 nemo
2298 3447 2412 3501 lere
2467 3445 2654 3516 magis
2712 3444 3015 3500 videbatur
3051 3444 3111 3499 in
3151 3446 3412 3517 negotio;
3444 3462 3568 3513 nec,

1928 3554 2061 3591 cum
2111 3538 2264 3590 esset
2313 3534 2655 3603 innegotio,
2707 3549 2967 3604 unquam
3018 3534 3287 3590 cessabat
3332 3535 3402 3591 ab
3435 3534 3573 3591 otio.

1926 3624 2455 3680 Lucubrationibus
2488 3622 2918 3678 intentissimus
2950 3623 3334 3689 inveniendis,
3366 3624 3426 3680 in
3457 3624 3577 3681 dic-

1929 3720 2075 3782 tatu,
2116 3730 2477 3785 quaecunque
2528 3717 2667 3768 sunt
2711 3712 3148 3781 honestissima,
3200 3713 3578 3771 acutissimus

1928 3804 2055 3858 fuit.
2094 3802 2369 3858 Latialem
2402 3803 2469 3837 ’39
2502 3801 2893 3875 eloquentiam
2927 3819 3041 3857 non
3074 3803 3131 3858 in
3165 3819 3229 3860 se
3256 3803 3579 3872 solum,ubi

1928 3892 2217 3957 excelluit,
2253 3894 2351 3947 sed
2381 3894 2448 3926 πθ
2480 3898 2537 3946 et
2567 3891 2624 3945 in
2658 3891 2859 3946 multis
2897 3891 3025 3947 aliis
3052 3891 3292 3964 politam
3325 3892 3579 3948 reddidit

1930 3987 1985 4037 et
2016 3982 2325 4036 illustrem.
2360 3980 2529 4035 Nullo
2579 3985 2773 4035 autem
2804 3980 2913 4034 hoc
2961 3980 3078 4051 egit
3107 3980 3440 4051 supercilio,
3473 3981 3574 4035 sed

1932 4088 2063 4126 cum
2098 4070 2417 4125 domestico
2446 4068 2659 4138 lepore,
2696 4074 2820 4122 tum
2856 4068 3080 4123 urbana
3110 4068 3413 4139 gravitate.
3441 4067 3577 4124 Post

1930 4158 2133 4229 epulas
2164 4174 2296 4211 cum
2324 4156 2441 4223 alii,
2476 4160 2531 4209 ct
2577 4156 2826 4225 majores
2882 4156 3058 4209 etiam
3109 4160 3172 4209 ut
3223 4156 3577 4227 accepimus,

1934 4245 2103 4319 paulo
2137 4250 2319 4315 agunt
2351 4243 2677 4310 remissius,
2713 4243 2837 4313 ipse
2867 4242 3097 4297 lectioni
3129 4248 3186 4298 et
3215 4243 3579 4300 meditationi

1931 4336 2174 4391 vacabat
2204 4335 2267 4367 ²⁹¹
2295 4332 2588 4387 attentius.
2614 4330 2962 4385 Matutinum
2987 4331 3398 4403 crepusculum
3420 4332 3580 4389 nullo

1934 4424 2118 4498 pretio
2151 4421 2430 4486 vendidit,
2464 4437 2567 4475 nec
2596 4424 2734 4474 tunc
2764 4436 2827 4474 se
2858 4436 3063 4475 somno
3095 4419 3431 4476 sollicitanti
3462 4421 3581 4478 ullo

1935 4514 2105 4569 modo
2143 4510 2411 4567 credidit.
2446 4508 2731 4564 Scurrilia
2758 4509 2827 4542 ²⁶²
2857 4512 2915 4565 et
2940 4508 3198 4579 mimica,
3232 4527 3358 4582 quas
3390 4510 3449 4566 in
3481 4527 3581 4567 co-

161 4608 457 4674 strepunt,
483 4600 939 4672 diligentissime
980 4617 1111 4655 cum
1137 4598 1471 4654 doctoribus
1507 4599 1819 4668 cujuscun-
1858 4618 1899 4683 ι)
1935 4601 2232 4657 mcediiset
2252 4599 2592 4671 tragmdiisa
2623 4598 2886 4670 personis
2943 4597 3117 4652 variis
3137 4598 3323 4654 edicta
3338 4599 3580 4671 quidam

162 4708 281 4762 que
302 4690 518 4762 linque
553 4694 954 4761 perscrutatus
975 4695 1063 4744 est
1088 4708 1099 4756 ;
1125 4694 1182 4743 et
1206 4688 1303 4743 ubi
1331 4687 1608 4759 magister
1638 4688 1814 4742 excel-

160 4779 278 4834 luit
306 4779 527 4850 ingenii
576 4776 896 4847 velocitate,
947 4777 1028 4832 ibi
1086 4794 1147 4832 se
1185 4776 1537 4848 discipulum
1570 4777 1816 4847 praebuit

160 4867 517 4924 humilitate.

1934 4694 2351 4761 concrepantes
2366 4688 2486 4743 risu
2502 4703 2562 4743 se
2583 4686 2810 4741 inﬁnito
2834 4686 3196 4753 concutiunt,
3210 4687 3333 4759 ipse
3352 4704 3584 4760 semper

1926 4780 2074 4836 serio
2099 4780 2164 4813 ’93
2191 4778 2523 4833 lectitabat:
2558 4775 2860 4831 materiam
2889 4792 2991 4847 pro
3022 4774 3289 4843 minimo,
3322 4778 3579 4834 auctori-

1930 4875 2109 4926 tatem
2142 4867 2201 4922 in
2249 4868 2560 4924 verborum
2602 4863 3124 4937 compositionibus
3174 4883 3276 4939 pro
3326 4867 3580 4925 maximo

1519 5036 1781 5094 VARL/E
1832 5037 2132 5095 LECTION
2142 5037 2241 5092 ES.

237 5165 306 5199 ’⁸ο
335 5164 564 5221 decidet
595 5164 649 5217 3.
729 5162 793 5195 εθί
833 5160 1127 5232 supserim
1164 5162 1210 5214 1.
1248 5162 1715 5232 presumpserim
1743 5163 1797 5217 3.
1875 5164 1944 5197 2⁸³
1974 5175 2206 5232 rumore
2236 5159 2292 5223 3,
2338 5159 2437 5232 _“3
2467 5158 2685 5232 sufﬁcit
2715 5159 2879 5232 (deest
2905 5158 2986 5224 in)
3016 5158 3071 5232 3.
3150 5158 3219 5232 ²⁸ξ

3256 5160 3409 5230 quod
3470 5161 3522 5215 1.
3550 5161 3587 5214 2

155 5238 227 5271 ²⁸⁵
252 5251 357 5291 nec
382 5235 639 5308 quesivit
659 5228 1114 5308 entrafgloriam,
1149 5228 1394 5308 sed—sibi
1428 5228 1696 5308 sufficere
1730 5233 2023 5308 estimavit
2054 5228 2458 5308 testimonium
2491 5246 2539 5308 c.
2566 5246 2613 5284 s.
2780 5230 2847 5264 ²⁸⁶
2906 5228 3172 5308 conditor
3197 5230 3251 5283 3.
3274 5228 3297 5308 ί
3328 5231 3394 5308 Ψ
3423 5231 3585 5308 deest.

154 5310 211 5363 3.
291 5308 359 5341 ἐδ

390 5304 795 5379 patrocinalit
815 5343 825 5379 τ

156 5381 226 5415 ’91
263 5380 545 5435 uaccabat
580 5379 636 5433 1.

714 5375 783 5409 ²⁹²
814 5372 1064 5428 Scurilia
1087 5374 1134 5427 1.
1216 5376 1284 5409 293
1310 5375 1457 5429 serie
1490 5377 1543 5431 3.

907 5301 1271 5375 ‘Zﬂtlaicalem
1308 5305 1359 5356 3.
1439 5306 1507 5338 29°
1541 5304 1761 5361 scilicet
1792 5309 1845 5359 2.
1908 5306 2002 5375 qui
2056 5302 2258 5370 saepius
2315 5302 2399 5353 ita
2426 5301 2565 5370 falso
2626 5301 2758 5370 legit
2815 5300 3133 5372 compendio
3188 5303 3451 5373 scriptum
3480 5304 3584 5361 scl.

1760 5505 1995 5563 NOTAE.

270 5637 504 5694 l927lId
530 5637 621 5691 est
642 5635 732 5687 est
760 5630 916 5684 intra
937 5643 1118 5682 annos
1137 5629 1424 5684 935—9110
1446 5633 1501 5684 et
1520 5630 1822 5685 930—945.

270 5638 404 5694 l927
439 5637 504 5693 Id
530 5637 621 5691 est
642 5637 732 5687 est
760 5637 916 5684 intra
937 5643 1118 5682 annos
1137 5637 1424 5684 935—940
1446 5637 1501 5684 et
1520 5637 1822 5685 κάδω-945,

246 5637 427 5783 il928i
460 5711 733 5766 Fortasse
782 5701 935 5756 idem
987 5715 1159 5768 quem
1190 5719 1238 5755 a.
1292 5704 1419 5770 947,
1450 5702 1669 5771 synodo
1700 5703 1828 5758 Vir-

1937 5624 2185 5683 dunensi
2220 5630 2562 5695 praesentem
2597 5631 2882 5686 memorat
2906 5626 3265 5690 Flodoarduo
3296 5633 3356 5689 in
3385 5636 3581 5692 Anna-

1938 5700 2092 5754 libus
2129 5717 2148 5745 α
2185 5698 2431 5755 Israhete
2460 5701 2728 5756 Brittone.
2764 5724 2791 5749 ››
