3970 6212
396 429 512 488 94⁸7

1357 429 1421 488 S.
1470 425 1866 488 BliUNONlS
1913 418 2428 482 COLONIENSIS
2475 420 2843 481 ARCHIEP.

3693 413 3810 485 918

398 562 726 635 reputabat.
759 560 1148 616 Translatitiis
1180 577 1322 615 usus
1354 567 1442 617 est
1466 566 1555 615 est
1576 558 1815 624 scholis,
1840 572 1953 611 non
1974 555 2042 588 ’9‘
2072 554 2124 618 Α
2156 552 2212 606 in
2245 552 2515 607 virtutem
2549 553 2859 624 giganteis,
2887 556 2950 608 ut
2980 554 3060 609 ita
3089 552 3306 622 dicam,
3367 551 3649 625 passibus
3679 555 3808 626 iret,

401 667 638 724 corpore
669 651 904 722 quidem
939 652 1038 704 sed
1073 654 1266 705 mente
1297 651 1532 721 quietus
1555 651 1640 703 29⁵.
1686 651 2042 718 Quocunque

401 741 557 796 enim
589 738 1135 810 circumagebantur
1184 739 1559 795 tabernacula
1603 743 1701 792 aut
1730 741 1920 792 castra
1950 753 2043 790 re-

401 827 989 901 galia,bibliothecam
1006 843 1173 882 suam
1189 828 1360 882 sicuti
1381 845 1574 882 arcam
1594 828 1659 861 ²⁹⁶
1683 826 2042 881 Dominicam

401 917 807 986 circumduxit,
841 916 1030 971 ferens
1055 918 1120 950 29"
1161 933 1359 972 secum
1392 922 1448 971 et
1478 932 1716 971 causam
1751 915 1926 970 studii
1951 912 2043 968 sui

399 1006 954 1074 etinstrumentum,
980 1022 1216 1060 causam
1241 1006 1298 1059 in
1323 1006 1554 1072 divinis,
1586 1007 2042 1060 instrumentum

397 1096 457 1149 in
482 1093 798 1166 gentilibus
826 1092 990 1150 libris
1018 1111 1030 1160 ;
1065 1098 1129 1148 ut
1161 1099 1303 1166 puta
1350 1096 1560 1150 dortus
1602 1092 2043 1165 paterfamilias,

399 1185 499 1256 qui
529 1183 692 1239 novit
719 1183 790 1238 de
837 1183 1134 1238 Thesauro
1166 1201 1271 1239 suo
1313 1185 1565 1256 proferre
1598 1200 1742 1238 nova
1773 1188 1828 1237 et
1853 1186 2045 1236 vetera

395 1273 609 1344 (Matth.
642 1289 765 1339 xm,
797 1272 908 1343 52),
939 1272 1054 1326 Nec
1085 1273 1142 1326 in
1175 1274 1299 1344 ipso
1349 1273 1554 1327 itinere
1605 1272 1840 1327 desidite
1881 1271 2045 1326 locus

397 1366 522 1417 erat
546 1379 560 1427 ;
586 1362 645 1414 in
664 1361 858 1427 turba,
884 1362 1036 1430 quod
1063 1378 1379 1432 paucorum
1403 1366 1510 1428 est,
1527 1362 1693 1432 quasi
1718 1361 1877 1416 solus
1900 1364 2042 1414 erat.

398 1449 898 1505 Confabulabatur
947 1467 1200 1520 namque
1231 1451 1614 1505 utilissimum
1659 1449 1879 1521 aliquid
1910 1465 2042 1503 cum

401 1539 626 1610 quovis,
677 1542 779 1593 aut
822 1537 1213 1593 meditabatur
1264 1540 1318 1592 id
1377 1540 1444 1574 ³9³
1492 1541 1686 1611 ipsum
1729 1540 1786 1593 in
1819 1538 2041 1610 quovis.

469 1628 525 1681 9.
558 1631 699 1681 Cum
733 1627 802 1680 ad
836 1627 1095 1681 divinum
1148 1632 1384 1682 ventum
1417 1634 1572 1683 esset
1604 1629 1882 1696 officium,
1921 1628 2043 1682 ani-

403 1732 565 1771 mum
599 1717 806 1787 agebat
833 1715 1146 1784 intentum,
1198 1717 1355 1771 brevi
1407 1718 1641 1788 quidem
1675 1719 1773 1772 sed
1806 1734 1952 1788 pura
1983 1733 2044 1772 se

400 1805 660 1860 oratione
698 1804 938 1860 Domino
968 1805 1404 1860 commendans.
1438 1806 1559 1875 His,
1595 1807 1810 1876 quibus
1850 1807 2042 1860 convi-

2152 648 2207 694 et
2237 658 2585 713 quocunque
2617 643 2821 714 pedem
2856 642 3125 709 intendit,
3159 657 3393 714 semper
3415 643 3472 697 in
3506 642 3809 702 voluntate

2158 732 2382 786 Domini
2416 733 2734 804 proficeret,
2764 737 2891 788 orta
2945 737 3034 788 est
3083 733 3279 788 subita
3335 738 3660 805 tempestas
3693 737 3811 793 dis-

2157 822 2446 877 sensionis
2478 823 2536 877 in
2564 822 2820 878 Ecclesia
2847 823 3015 894 (953),
3043 822 3369 878 dormiente
3391 825 3720 881 credoJesu
3745 828 3811 863 '0‘

2157 911 2212 966 in
2264 913 2594 982 pectoribus
2640 911 2879 983 vigilum
2932 917 3067 967 ante
3116 913 3269 967 fores
3321 913 3535 969 domus
3579 916 3815 973 Domini

2155 1001 2564 1055 excubantium
2592 1019 2604 1067 ;
2639 1001 2719 1055 ita
2753 1006 2814 1055 ut
2845 1001 3084 1072 quidam
3114 1004 3339 1057 Satanae
3367 1003 3530 1069 socii,
3578 1004 3811 1061 invidiae

2156 1089 2363 1160 spiritu
2389 1090 2648 1160 distenti,
2675 1091 3082 1162 imperatorem
3103 1091 3433 1163 ipsum,per
3449 1107 3624 1164 quem
3650 1094 3814 1151 salus

2155 1184 2279 1234 erat
2311 1179 2368 1232 in
2400 1180 2632 1250 populo,
2664 1179 2933 1235 videlicet
2959 1180 3158 1235 lumen
3190 1180 3348 1236 orbis
3396 1185 3588 1247 terrae,
3631 1200 3814 1239 cona-

2157 1274 2359 1323 rentur
2388 1271 2742 1341 extinguere.
2769 1271 2956 1335 Quare
2990 1270 3118 1336 hoc,
3145 1269 3254 1325 nisi
3278 1275 3342 1325 ut
3365 1288 3479 1326 non
3507 1273 3577 1307 30‘
3603 1289 3813 1346 argue-

2159 1364 2361 1414 rentur
2399 1375 2598 1414 eorum
2644 1358 2799 1413 mala
2837 1357 3056 1430 opera?
3102 1359 3246 1414 Nam
3297 1365 3444 1415 teste
3474 1362 3817 1434 evangelica

2155 1448 2432 1516 Veritate,
2467 1465 2644 1502 omms
2674 1450 2767 1518 qui
2795 1450 2940 1503 male
2968 1450 3101 1518 agit,
3133 1448 3245 1504 odit
3293 1450 3473 1504 lucem
3513 1453 3690 1521 (Joan.
3723 1469 3814 1520 ιιι,

2154 1537 2527 1607 20).Cassato
2549 1537 2726 1608 igitur
2756 1553 2857 1608 per
2905 1537 2997 1591 Dei
3050 1537 3484 1594 miserationem
3547 1539 3657 1596 hoc
3710 1558 3820 1612 per

2157 1627 2556 1698 serpentinum
2583 1628 2650 1661 ³⁰⁶
2681 1626 2916 1682 sibilum
2945 1632 3223 1698 concepto
3246 1627 3514 1695 consilio,
3538 1631 3813 1702 nequitiae

2157 1733 2276 1771 sum
2307 1716 2466 1771 virus
2496 1732 2598 1786 per
2628 1717 2808 1770 totius
2840 1715 3000 1787 regni
3031 1717 3160 1786 ejus
3181 1715 3402 1772 viscera
3423 1717 3810 1775 diffuderunt.

2155 1806 2315 1872 Quod
2349 1805 2482 1859 licet
2513 1805 2725 1875 ubique
2757 1809 2814 1858 et
2843 1804 3038 1875 legum
3074 1805 3397 1861 minaretur
3426 1806 3724 1862 silentium
3749 1813 3814 1863 et.

397 1898 559 1948 xerat
598 1894 686 1959 ’99,
718 1892 919 1947 habitu
951 1897 1007 1947 et
1055 1897 1220 1963 gestu
1271 1893 1607 1965 aliquando,
1662 1900 1853 1950 mente
1885 1895 2043 1950 aliud
2077 1925 2121 1988 Β
2156 1894 2343 1967 plebis
2386 1910 2484 1964 per
2513 1895 2696 1948 caedes
2745 1898 2800 1949 et
2850 1892 3083 1965 rapinas
3135 1894 3462 1964 interitum,
3509 1913 3808 1968 nusquam

397 1982 666 2052 actitans,
694 1981 995 2037 satisfecit.
1028 1981 1152 2035 Non
1185 1982 1339 2036 enim
1373 1982 1541 2038 aliter
1560 1987 1679 2038 tam
1701 2001 1830 2039 vere
1861 2001 2042 2055 popu-

394 2070 534 2127 laris
557 2073 729 2140 esset,
759 2086 949 2140 neque
979 2074 1099 2125 tam
1125 2070 1328 2126 multis
1361 2071 1601 2127 meliora
1631 2074 2041 2144 persuasisset.

391 2159 684 2230 Quidquid
708 2160 1076 2215 sacerdotum
1101 2159 1328 2215 Domini
1353 2166 1454 2215 aut
1481 2163 1870 2233 perfectorum
1893 2163 2044 2218 viro-

395 2267 525 2305 rum
561 2249 853 2321 quispiam
883 2247 984 2304 illo
1010 2248 1068 2303 in
1092 2253 1352 2320 tempore
1375 2267 1654 2322 magnum
1687 2251 1744 2307 in
1769 2253 2046 2324 religione

393 2338 760 2402 moliebatur,
794 2337 904 2392 hoc
934 2337 1106 2408 quasi
1139 2338 1262 2393 solo
1292 2340 1547 2409 quodam
1581 2341 1791 2397 comite
1817 2341 2044 2397 niteba-

393 2433 521 2498 tur;
555 2443 661 2482 nec
693 2427 929 2482 rebatur
950 2427 1356 2482 auctoritatem
1388 2446 1553 2484 suam
1579 2430 1721 2484 satis
1745 2447 1847 2502 per
1868 2447 1929 2486 se
1949 2448 2042 2485 ve-

392 2515 750 2582 hementem,
807 2515 918 2569 nisi
975 2515 1154 2582 hunc,
1208 2517 1374 2587 quasi
1423 2519 1922 2574 succenturiatum
1953 2521 2040 2587 ³ου,

395 2607 595 2660 nosset
611 2621 673 2658 se
696 2604 752 2658 in
775 2603 972 2659 divina
994 2604 1114 2658 acie
1138 2611 1585 2661 sustentantem.
1611 2612 1822 2662 Servus
1846 2613 2041 2664 autem

393 2692 495 2749 Dei
527 2708 639 2747 non
674 2692 1043 2747 mediocriter
1087 2692 1144 2746 in
1195 2693 1427 2765 incepto
1459 2695 1738 2766 profecit;
1777 2715 2042 2754 rumores

393 2781 551 2853 vulgi
583 2797 687 2853 pro
731 2781 912 2835 nihilo
953 2781 1155 2848 duxit;
1189 2799 1293 2837 nec
1341 2784 1493 2854 quod
1543 2790 1673 2840 ante
1707 2787 1879 2857 pedes
1932 2786 2043 2843 fuit

395 2869 586 2926 solum
617 2871 720 2925 sed
781 2869 969 2926 multa
1025 2887 1255 2942 quoque
1290 2872 1346 2926 in
1405 2878 1707 2944 posterum
1759 2876 2038 2948 praevidit.

394 2959 538 3014 Hinc
570 2963 675 3025 est,
709 2959 863 3030 quod
884 2959 953 3014 de
975 2959 1153 3015 fratre
1176 2977 1282 3016 suo
1315 2967 1696 3033 cognomento
1721 2965 1903 3036 patris
1926 2967 2038 3036 sui,

392 3051 449 3103 et
480 3048 552 3102 de
602 3047 874 3104 Cuonone
920 3049 986 3084 ³⁰¹
1041 3048 1098 3103 in
1143 3049 1484 3105 afﬁnitatem
1536 3052 1755 3124 regiam
1809 3071 2036 3109 assum-

300 3143 306 3146 ’
390 3140 488 3208 pto
517 3136 722 3209 (i929),
757 3137 895 3191 dum
931 3137 1172 3192 nimiam
1195 3138 1346 3193 inter
1366 3156 1464 3194 eos
1486 3141 1758 3213 colloquii
1793 3142 2039 3198 familia-

387 3226 704 3292 ritatem,et
724 3225 830 3280 hoc
846 3227 1097 3283 maxime
1122 3227 1439 3284 missarum
1453 3233 1732 3299 tempore,
1753 3237 2032 3293 cerneret.

389 3330 649 3386 praesago
681 3315 891 3386 spiritu
913 3315 1096 3370 fertur
1137 3317 1352 3372 dixise:
1390 3318 1429 3372 0
1460 3321 1518 3373 in
1550 3294 1814 3389 quantum
1844 3323 2035 3376 inimi-
2069 3294 2110 3360 C

387 3405 647 3458 ciliarum
678 3405 1111 3460 amaritudinem
1141 3406 1249 3460 ista
1279 3407 1336 3460 in
1369 3407 1469 3462 hoc
1496 3417 1732 3480 tempore
1762 3410 2039 3465 tremendo

388 3494 533 3549 male
557 3501 718 3564 parta
747 3494 1106 3549 contubernia
1136 3495 1505 3550 resolvantur!
1528 3497 1779 3553 Eventus
1811 3499 1890 3553 rei
1923 3516 2037 3554 non

391 3582 576 3636 multo
607 3586 739 3652 post
762 3583 935 3636 dictis
962 3581 1134 3637 ﬁdem
1171 3583 1322 3637 fecit.

460 3669 548 3723 40.
576 3669 775 3723 Prima
803 3669 1164 3740 dispensatio
1194 3671 1413 3727 credita
1442 3677 1532 3728 est
1559 3673 1643 3728 illi
1673 3676 1864 3732 adhuc
1895 3679 2037 3734 ado-

375 3756 622 3812 lescenti
642 3756 701 3810 in
721 3757 1075 3828 quibusdam
1113 3761 1483 3816 monasteriis
1507 3762 1687 3836 (4930)
1710 3783 1722 3832 ;
1743 3765 1801 3820 in
1821 3767 2036 3837 quibus

374 3845 652 3916 degentes
666 3845 1311 3903 cumidoneo’Ecclesiaz
1336 3849 1405 3884 ⁸⁰²
1428 3853 1784 3922 testimonio,
1821 3855 2033 3926 partim

373 3933 715 4001 voluntarie,
745 3935 956 4007 partim
972 3934 1046 4003 vi,
1067 3937 1136 3991 ad
1153 3940 1482 4010 regularem
1497 3942 1672 3997 vitam
1690 3945 2036 4000 constrinxit

377 4023 570 4078 sciens
592 4024 746 4093 quod
770 4029 824 4077 et
848 4023 1041 4079 invitis
1065 4025 1218 4080 bona
1237 4033 1610 4098 praestantur.
1629 4032 1876 4104 Ipsaque
1902 4042 2033 4105 post

378 4110 684 4184 paululum
710 4116 822 4168 Deo
864 4118 1091 4169 sacrata
1120 4113 1270 4186 loca,
1309 4124 1599 4174 annuente
1638 4121 1797 4193 regia
1827 4121 2030 4180 libera-

377 4199 558 4267 litate,
592 4200 909 4274 privilegiis
950 4207 1005 4258 et
1035 4204 1511 4263 immunitatibus
1554 4210 1817 4280 pristinis
1848 4215 2025 4269 refor-

376 4289 575 4358 mavit,
612 4290 757 4345 nihil
790 4290 902 4346 sibi
934 4293 1130 4347 suisve
1158 4294 1226 4328 ³⁰³
1250 4294 1455 4350 exinde
1487 4297 1748 4353 beneficii
1773 4301 1908 4371 jure
1939 4321 2026 4358 re-

374 4394 634 4445 servans,
669 4379 782 4433 nisi
833 4384 1118 4449 quantum
1173 4384 1569 4440 coenobiorum
1596 4392 1792 4456 patres
1823 4395 2027 4461 sponte

374 4482 553 4522 causa
582 4466 882 4522 charitatis
914 4469 1264 4525 obtulerant.
1302 4473 1364 4526 In
1387 4472 1481 4527 his
1498 4479 1686 4530 exstat
1709 4477 2024 4533 Lorcsham

374 4555 538 4610 locus
552 4570 755 4626 regum
771 4571 867 4609 mu
878 4556 1165 4612 niiicentia
1182 4559 1392 4614 nobilis
1406 4560 1595 4615 adhuc
1609 4561 1665 4615 in
1684 4564 2022 4618 memoriam

2155 1989 2351 2039 tamen
2376 1984 2624 2038 ferocius
2643 1999 2818 2053 quam
2832 1982 2888 2036 in
2905 1982 3301 2039 occidentibus
3319 1985 3581 2056 partibus
3599 1989 3814 2040 aestua-

2153 2073 2253 2127 bat
2272 2073 2359 2126 30".
2397 2072 2480 2127 Ibi
2511 2072 2803 2145 principes
2832 2072 2885 2126 vi
2918 2075 2974 2126 et
3005 2076 3169 2143 rapto
3209 2073 3442 2140 assueti,
3476 2073 3681 2145 populi
3719 2091 3815 2129 re-

2155 2179 2285 2216 rum
2340 2178 2615 2216 novarum
2652 2161 2869 2232 cupidi,
2907 2160 3178 2217 civilibus
3207 2178 3404 2217 omnes
3433 2163 3502 2198 3°“
3533 2161 3814 2220 cladibus

2155 2251 2385 2318 intenti,
2419 2250 2666 2306 aliorum
2700 2249 2980 2306 ditescere
3013 2250 3266 2305 miseriis
3308 2252 3730 2322 preoptabant.

2229 2341 2313 2395 Η.
2375 2341 2538 2395 Tunc
2591 2343 2801 2396 sanctae
2858 2338 3221 2395 Coloniensis
3282 2338 3546 2394 Ecclesiae
3605 2344 3806 2411 pastor

2153 2429 2467 2485 Wicfridus
2496 2429 2564 2463 ³⁰⁹
2593 2429 2691 2484 diu
2713 2427 3029 2482 admodum
3055 2426 3385 2495 imbecillis,
3405 2427 3576 2500 regia:
3608 2431 3804 2484 tamen

2156 2518 2446 2589 majestati
2465 2522 2521 2572 et
2541 2518 2740 2589 patriae
2765 2517 2909 2572 satis
2931 2516 3104 2583 tidus,
3133 2516 3300 2571 fessis
3323 2517 3562 2571 tandem
3587 2515 3801 2572 relictis

2149 2610 2314 2665 terra;
2338 2607 2602 2677 artubus,
2627 2606 2898 2678 supernis
2921 2604 3226 2676 spiritibus
3241 2603 3498 2660 sociatus
3511 2609 3615 2660 est.
3637 2603 3803 2660 Plebs

2152 2701 2345 2752 autem
2379 2696 2656 2750 destituta
2688 2699 2941 2767 postore,
2974 2695 3030 2748 in
3063 2693 3192 2766 ipsa
3221 2694 3566 2749 confusione
3599 2692 3676 2746 nil
3699 2710 3800 2748 an-

2152 2801 2286 2856 ceps
2329 2785 2407 2839 nil
2438 2785 2664 2840 varium
2693 2784 2918 2851 molita,
2951 2782 3188 2838 unicum
3221 2783 3391 2838 unice
3447 2786 3713 2854 optatum
3741 2781 3799 2836 in

2151 2875 2366 2928 domno
2398 2877 2689 2939 Bruuone,
2723 2871 3033 2944 magniﬁco
3083 2871 3205 2926 viro
3253 2875 3310 2926 et
3365 2871 3802 2943 probatissimo,

2151 2963 2263 3020 sibi
2296 2962 2511 3033 delegit
2540 2961 2835 3032 solatium,
2887 2967 3088 3016 secuta
3136 2965 3480 3032 magnatum
3530 2965 3588 3015 et
3624 2960 3801 3016 totius

2150 3051 2287 3108 cleri
2316 3049 2652 3108 consilium.
2669 3051 2775 3114 Qui
2797 3051 2855 3105 in
2871 3049 3118 3120 juvenili
3153 3065 3393 3121 corpore
3406 3049 3674 3105 moribus
3688 3065 3805 3106 ma-

2150 3146 2339 3208 turus,
2371 3143 2429 3194 in
2463 3141 2716 3195 maximo
2749 3138 3067 3195 nobilitatis
3101 3137 3256 3193 fastu
3290 3136 3532 3193 humilis
3563 3143 3622 3193 et
3643 3155 3804 3194 man-

2151 3236 2353 3286 suetus
2368 3235 2514 3297 erat;
2540 3230 2597 3283 in
2617 3229 2978 3283 sublimitate
2996 3227 3506 3298 sapientim,quam
3525 3227 3804 3300 percepit,

2150 3337 2264 3374 non
2288 3319 2420 3390 plus
2444 3333 2646 3390 sapere
2677 3335 2852 3388 quam
2901 3320 3126 3388 oportet
3156 3331 3359 3388 sapere
3381 3316 3556 3385 (Rom.
3588 3333 3692 3380 χιι,
3726 3317 3802 3385 3),

2126 3410 2247 3465 -sed
2274 3425 2476 3480 sapere
2497 3408 2569 3462 ad
2593 3407 2965 3463 sobrietatem
3016 3405 3287 3461 animum
3320 3404 3588 3460 induxit:
3621 3407 3679 3460 in
3716 3421 3802 3460 re-

2148 3497 2263 3570 gali
2287 3497 2587 3552 affluentia
2618 3511 2828 3568 parcus
2859 3495 2992 3565 sibi,
3051 3494 3211 3550 dives
3244 3493 3447 3548 amicis
3476 3493 3608 3549 fuit.
3644 3494 3708 3548 In
3739 3510 3804 3549 ea

2148 3587 2406 3660 primum
2431 3585 2709 3640 electione
2733 3589 2942 3657 prater
2965 3587 3206 3639 caeteros
3231 3582 3583 3638 Godefridus
3607 3582 3802 3638 floruit

2146 3676 2453 3747 episcopus
2484 3675 2696 3746 (1932);
2733 3674 2832 3728 sed
2866 3673 2916 3728 si
2946 3674 3017 3709 ³¹⁰
3046 3673 3180 3741 quis
3223 3672 3400 3726 alium
3460 3677 3600 3727 voto
3631 3672 3797 3744 praei-

2145 3770 2248 3832 ret,
2284 3763 2521 3819 difﬁcile
2570 3763 2863 3834 quispiam
2924 3761 3241 3833 expediret.
3301 3765 3420 3815 Hoc
3477 3777 3598 3817 uno
3647 3761 3799 3816 inter

2142 3871 2305 3925 spem
2326 3857 2667 3924 metumque
2692 3851 2854 3906 dubii
2879 3851 3234 3916 ferebantur,
3261 3851 3414 3921 quod
3440 3849 3683 3906 honoris
3709 3851 3794 3905 di-

2143 3942 2425 4014 gnitatem
2459 3945 2515 3996 et
2543 3941 2647 3995 viri
2679 3939 2925 4012 gloriam
2960 3938 3290 4004 metientes,
3334 3938 3649 4010 indignum
3675 3939 3798 3994 fore

2139 4034 2314 4085 tanta:
2333 4029 2677 4085 sublimitati
2709 4028 3063 4094 metuebant,
3089 4027 3241 4097 quod
3264 4027 3315 4082 ei
3338 4043 3473 4082 cum
3489 4031 3656 4082 tanto
3669 4042 3796 4082 am-

2139 4120 2259 4174 bito
2291 4119 2713 4190 praeparabant.
2742 4121 2811 4171 Et
2840 4133 3039 4172 revera
3068 4115 3118 4171 si
3152 4117 3284 4188 quis
3314 4115 3374 4169 in
3405 4119 3527 4170 toto
3559 4116 3667 4171 hoc
3698 4132 3796 4171 re-

2139 4225 2253 4280 gno
2274 4208 2437 4262 locus
2469 4210 2624 4262 esset
2653 4206 2977 4277 augustior,
3012 4209 3114 4260 aut
3141 4209 3294 4261 certe
3324 4204 3499 4260 clero.
3552 4205 3792 4277 populo,

2137 4297 2418 4364 ecclesiis,
2455 4296 2732 4367 omnique
2787 4298 3070 4367 apparatu
3129 4293 3469 4365 elegantior,
3514 4293 3611 4348 hic
3642 4293 3795 4348 tanti

2138 4387 2392 4460 pastoris
2421 4384 2677 4456 receptui
2706 4386 2774 4420 3“
2809 4385 2880 4440 ab
2911 4383 3187 4439 omnibus
3213 4383 3310 4454 qui
3341 4399 3478 4437 eum
3509 4387 3797 4438 noverant

2135 4477 2367 4549 dignior
2397 4478 2717 4546 putaretur.

2207 4567 2292 4620 12.
2323 4561 2805 4634 ConSpirantibus
2855 4561 3052 4632 itaque
3101 4561 3378 4616 omnibus
3427 4565 3485 4616 et
3535 4560 3687 4616 idem
3732 4560 3794 4616 in

375 4643 522 4698 tanti
553 4643 659 4695 viri
689 4644 942 4700 retinens
965 4650 1022 4700 et
1060 4648 1498 4718 praerogativam
1530 4649 1816 4707 libertatis
1837 4653 2021 4726 (i93i)
2054 4661 2100 4724 Ι)
2132 4655 2360 4710 Christo
2391 4651 2796 4718 sentientibus,
2827 4666 2958 4706 cum
2991 4649 3180 4705 adhuc
3219 4649 3598 4704 inhumatum
3629 4654 3687 4705 et
3719 4649 3794 4704 ad

375 4736 434 4786 et
463 4728 823 4788 monimenta
871 4733 1186 4807 religionis.
1249 4735 1464 4791 Deinde
1513 4753 1646 4792 cum
1697 4740 1769 4796 de
1814 4742 2027 4801 virtute

2139 4743 2336 4801 oculos
2350 4741 2604 4814 positum
2619 4740 2941 4797 secundum
2955 4738 3438 4795 consuetudinem
3453 4737 3564 4793 loci
3579 4753 3796 4808 corpus

1727 4919 1985 4978 VARL/E
2016 4921 2428 4980 LECTIONES.

447 5060 517 5096 ’9‘
546 5059 796 5146 deest3.’
852 5061 1164 5146 295quietis
1223 5063 1274 5117 3.
1355 5064 1742 5146 mnaquamt
1819 5073 1897 5146 "77
1915 5073 2190 5146 frequen
2221 5077 2273 5128 3.
2354 5073 2421 5146 29$
2451 5071 2714 5146 deest.2._
2761 5067 3078 5146 sed__corr._
3128 5069 3209 5146 ὀο-
3253 5067 3611 5146 quibuscum
3647 5086 3700 5124 v.
3735 5071 3796 5146 3.

375 5131 902 5189 msuceentarium
1067 5133 1130 5168 ³⁰¹
1167 5150 1386 5192 conone
1416 5139 1469 5192 3.
1501 5131 1514 5139 ’
1546 5140 1615 5174 ³⁰²
1666 5143 1717 5197 4.
1777 5145 1932 5200 modo
1986 5131 2241 5202 ecclesiae
2300 5144 2454 5200 modo
2511 5140 2787 5198 ecclesiae.
2868 5140 2935 5177 ³⁰³
2992 5138 3213 5196 suisuel
3270 5131 3321 5194 ἶ.

855 5205 922 5240 ³⁰⁸
971 5206 1332 5278 serpentium
1392 5210 1444 5264 3.
1523 5212 1588 5246 307
1647 5215 1955 5271 estuabant
2012 5219 2066 5273 3.

374 5202 442 5240 ³⁰⁸
496 5205 645 5260 deest
701 5204 753 5257 3.

359 5275 443 5316 ι³¹ι
475 5274 775 5349 preceptui
804 5276 857 5332 3.

3399 5140 3470 5175 θοι
3527 5139 3701 5196 illum
3734 5144 3795 5196 2-

2170 5219 2236 5253 ⁸0⁸
2288 5215 2437 5271 deest
2484 5214 2539 5270 3.
2616 5212 2684 5247 ⁸⁰⁹
2741 5209 3076 5266 wiikfridus
3131 5211 3186 5266 2.
3264 5209 3335 5247 ³¹⁰
3383 5209 3551 5269 deest.
3611 5213 3670 5267 2.
3735 5213 3793 5267 3-

1962 5421 2196 5477 NOTAE.

446 5532 626 5608 (1959)
650 5533 868 5608 Qenere
899 5537 1072 5608 regis.

448 5604 571 5666 (192
601 5611 630 5673 ι)
662 5605 813 5660 Jam.
839 5625 890 5662 a.
923 5604 1028 5661 97’i7
1054 5606 1238 5660 abbas
1269 5611 1434 5672 erat;
1466 5609 1766 5664 Flodoard.
1803 5613 1860 5666 h.
1897 5631 1950 5668 θ.

447 5673 626 5747 (193λ)
660 5680 723 5731 Α.
757 5678 880 5730 956.
907 5679 1008 5747 jus
1041 5677 1238 5730 liberae
1268 5677 1566 5733 electionis
1607 5682 1896 5736 redditum
1929 5701 2022 5740 ac-

379 5746 548 5816 cepit.
566 5751 726 5803 Cont.
761 5746 1098 5819 Reginonis.

2212 5545 2392 5616 (1632)
2415 5544 2747 5616 Spirensem
2774 5541 2952 5616 fuisse
2969 5541 3268 5616 Cornelius
3291 5543 3478 5616 Byeus
3509 5542 3795 5616 coniicit;

2138 5612 2236 5671 sed
2272 5612 2406 5686 quid
2442 5612 2618 5686 officii
2647 5614 2902 5685 Spirensi
2935 5613 3204 5686 episcopo
3251 5614 3309 5686 in
3341 5612 3586 5686 'diocesi
3620 5612 3803 5668 Colo-

2137 5684 2346 5752 niensi,
2381 5686 2492 5739 nisi
2523 5684 2779 5758 legatum
2840 5684 3065 5757 regium
3120 5684 3384 5741 electioni
3433 5685 3799 5758 deputatum

2137 5703 2346 5752 mensi,
2381 5703 2492 5739 mei
2523 5701 2616 5809 leg

2134 5758 2312 5814 fuisse
2342 5760 2565 5813 statuas
