3970 6212
175 378 314 442 953

1804 374 1987 437 VITA
2004 418 2017 435 .

3489 377 3606 440 954

262 513 359 568 19.
391 510 523 567 Hec
554 514 611 567 et
640 510 732 567 his
760 510 977 567 similia
998 511 1253 567 domnus
1276 513 1487 579 Bruno,
1521 509 1609 565 vir
1634 509 1846 573 bonus,
1877 510 1932 575 Α
1964 529 2111 583 quos
2144 513 2289 570 fidos
2322 513 2543 581 habuit,
2578 513 2906 570 consultam
2938 512 3198 586 partibus
3222 510 3359 581 illis,
3402 512 3607 569 festiue

176 602 431 658 dicendi
501 601 745 672 peritus,
796 602 865 655 de
930 600 1115 655 salute
1185 600 1560 671 pulcherrimi
1616 600 1848 669 juvenis

177 692 365 746 valde
426 689 713 745 sailicitus
761 690 1088 760 perorabat.
1146 689 1243 743 Ille
1275 706 1429 753 vero,
1483 690 1648 759 quasi
1682 690 1849 757 cujus

182 786 461 835 mentem
490 780 720 833 Erinnis
746 780 811 813 3‘7
836 780 905 833 ad
931 785 1183 850 emptum
1205 780 1270 811 3‘“
1296 779 1456 833 nefas
1490 779 1849 847 instigasset,

181 886 402 926 aurem
464 870 653 922 cordis
716 869 807 923 sui
860 868 1199 939 neutiquam
1254 886 1463 938 passus
1510 874 1596 922 est
1644 868 1848 935 hujus-

187 959 360 1013 modi
397 958 639 1012 monitis
672 958 961 1011 admoveri
994 977 1005 1023 ;
1060 958 1152 1012 vix
1200 958 1401 1011 auditu
1447 957 1748 1025 exteriore,
1781 973 1852 1011 ne

185 1048 499 1102 videretur
544 1046 720 1100 nimis
771 1046 1051 1109 insolens,
1107 1047 1533 1117 propinquavit.
1572 1047 1851 1100 Innocens

187 1138 361 1195 enim
379 1138 449 1191 ab
464 1137 640 1206 hujus
657 1135 1041 1191 dissensionis
1063 1136 1297 1189 miseria
1318 1136 1495 1189 videri
1512 1152 1686 1205 quam
1703 1150 1848 1197 esse,

188 1227 489 1283 honestus
548 1226 731 1279 duxit.
794 1225 971 1279 Movit
1028 1226 1153 1295 ejus
1212 1224 1528 1294 juvenilem
1588 1224 1850 1277 animum

190 1317 471 1371 anxietas
499 1320 553 1369 et.
586 1320 779 1370 motus
811 1314 1381 1385 elegantissimorum
1416 1314 1717 1375 comitum,
1751 1311 1849 1382 qui

192 1406 320 1459 nisi
358 1404 514 1459 illius
564 1404 753 1475 impia
787 1403 1204 1473 conjuratiouis
1236 1404 1368 1457 tabo
1417 1404 1485 1436 3‘9
1535 1407 1729 1455 essent
1760 1401 1847 1454 in-

193 1494 611 1559 fecti,ornatus
635 1497 689 1547 et
712 1493 1055 1563 jucunditas
1082 1509 1208 1546 esse
1236 1496 1471 1562 possent
1502 1492 1569 1523 ²¹³⁰
1599 1491 1847 1559 impera-

191 1584 371 1639 toriae
410 1583 698 1655 dignitati.
750 1584 915 1636 Tunc
965 1582 1165 1652 utique
1214 1587 1333 1635 tam
1379 1579 1848 1646 desiderabilem,

192 1678 323 1727 tam
398 1690 576 1727 manu
648 1672 876 1735 fortem,
940 1676 1060 1725 tam
1109 1671 1399 1741 egregiam
1450 1672 1577 1739 ejus
1628 1668 1847 1739 prolem

197 1760 437 1814 deceret
485 1759 593 1813 hoc
650 1758 882 1829 agmine
940 1758 1165 1827 stipari,
1200 1759 1268 1811 de
1299 1758 1407 1811 hac
1439 1757 1659 1811 delecta
1682 1757 1847 1826 juve-

195 1864 348 1902 num
400 1845 741 1902 excellentia
799 1846 1054 1918 gloriari.
1120 1848 1253 1900 Erat
1312 1864 1422 1917 pres
1484 1846 1847 1899 omnibusin
1881 1872 1928 1935 Β

197 1938 334 2005 ejus
362 1936 557 1991 animo
589 1935 757 2006 quasi
789 1935 1028 2005 quidam
1061 1935 1338 1989 stimulus
1370 1935 1485 1989 dux
1516 1933 1685 2004 paulo
1716 1938 1850 1989 ante

198 2024 585 2094 fortissimus,
620 2029 759 2078 tunc
790 2029 984 2078 autem
1019 2024 1209 2093 praedo
1244 2024 1847 2087 audacissimus,Cuo-

199 2130 278 2169 no
310 2133 323 2181 ;
360 2114 535 2169 etiam
570 2118 755 2185 parta,
790 2118 855 2167 ut
896 2113 1007 2183 ipsi
1058 2114 1379 2183 jactabant,
1414 2112 1746 2166 divitiarum
1796 2118 1850 2166 et

200 2204 368 2274 regni
425 2202 628 2274 gloria,
691 2202 792 2256 sed
851 2218 1047 2256 revera
1080 2202 1241 2256 labor
1298 2202 1512 2257 sterilis
1554 2219 1653 2272 pro
1684 2206 1848 2256 tran-

202 2292 496 2363 quilitate,
534 2290 869 2346 sollicitudo
903 2306 1135 2361 semper
1168 2291 1337 2346 auxia
1382 2308 1485 2362 pro
1517 2292 1845 2347 securitate.

199 2386 332 2436 Nan
367 2381 418 2435 is
448 2380 562 2447 cui,
594 2385 657 2435 ut
688 2380 769 2434 ita
799 2379 1010 2445 dicam,
1043 2380 1239 2434 omnia
1268 2385 1431 2434 erant
1464 2380 1519 2433 in
1553 2381 1847 2447 manibus,

204 2470 440 2541 agendo
474 2474 537 2523 ut
594 2470 721 2540 plus
755 2469 1015 2533 haberet,
1075 2473 1138 2522 ut
1190 2468 1331 2522 nihil
1389 2469 1625 2523 haberet
1660 2470 1847 2524 omni-

200 2558 401 2613 modis
458 2558 789 2613 effecerunt.
830 2558 1054 2612 Interea
1090 2561 1283 2611 tamen
1332 2559 1519 2612 modis
1551 2559 1845 2625 omnibus,

203 2664 313 2702 nec
360 2646 507 2702 dolis
555 2648 753 2701 minus
804 2664 980 2717 quam
1032 2646 1253 2702 viribus
1285 2652 1522 2711 certare,
1550 2665 1735 2718 neque
1781 2649 1843 2681 3“

208 2738 334 2792 dies
368 2752 553 2807 neque
613 2740 810 2791 noctes
840 2736 1221 2805 requiescere,
1283 2737 1643 2791 adversarios
1700 2737 1851 2792 inter

208 2843 273 2881 se
328 2827 396 2859 ³⁵²
455 2830 760 2897 suspectos
819 2826 1023 2892 facere,
1077 2824 1221 2879 nihil
1275 2824 1624 2879 intentatum
1676 2826 1847 2881 relin-

212 2931 388 2985 quere
443 2932 631 2986 neque
685 2913 1004 2984 quidquam
1058 2914 1219 2986 pensi
1276 2913 1486 2969 habere
1530 2916 1848 2970 dummodo

206 3005 263 3059 id
295 3006 611 3073 efficerent,
643 3009 709 3057 ut
764 3004 1034 3058 maximis
1087 3004 1240 3058 intra
1297 3020 1539 3074 regnum
1582 3004 1846 3073 urbibus,

208 3098 261 3149 et
295 3093 389 3148 his
418 3091 911 3163 opulentissimis,
952 3109 1303 3163 quocunque
1332 3092 1564 3163 ingenio
1596 3095 1848 3163 potiren-

202 3188 300 3237 tur
350 3182 484 3237 inde
537 3184 763 3237 cunctis
824 3182 979 3253 regni
1043 3181 1257 3235 finibus
1328 3181 1491 3235 facile
1546 3199 1607 3236 se
1664 3182 1846 3253 impe-

1962 603 2247 671 proﬁcisci
2284 604 2576 675 disposuit
2608 623 2619 670 ;
2657 606 2891 659 fratrem
2917 620 3089 657 suum
3116 608 3442 657 Brunonem
3465 603 3609 658 occi-

1962 691 2117 745 denti
2170 698 2419 747 tutorem
2466 699 2521 747 et
2572 694 2946 764 provisorem,
2999 698 3075 757 et,
3126 695 3189 744 ut
3232 691 3362 745 dica
3391 689 3604 757 dicam,

1963 780 2354 847 archiducem,
2392 782 2445 835 in
2480 787 2596 836 tam
2632 781 2953 853 periculoso
2988 785 3246 851 tempore
3280 779 3477 843 misit;
3512 778 3603 833 cui

1962 869 2102 923 talia
2136 872 2414 925 mandata
2446 872 2640 925 dedit:
2676 892 2696 919 ε
2725 872 2915 925 Unum
2946 888 3049 924 nos
3085 868 3604 940 semperidemque

1963 958 2237 1025 sensisse,
2290 977 2394 1013 nec
2445 977 2702 1031 unquam
2756 967 2889 1013 vota
2939 959 3221 1014 nostrain
3257 973 3605 1028 quocunque

1964 1048 2193 1117 negotio
2253 1048 2639 1118 discrepasse,
2696 1049 2805 1102 dici
2868 1067 2980 1102 non
3033 1052 3243 1118 potest,
3307 1048 3481 1100 frater
3512 1045 3602 1099 di-

1962 1135 2298 1205 lectissime,
2359 1144 2647 1207 quantum
2708 1138 3006 1201 delector;
3050 1142 3104 1189 et
3161 1136 3267 1190 hoc
3325 1135 3599 1206 estquod

1962 1225 2019 1277 in
2054 1225 2277 1278 acerbis
2313 1226 2456 1280 meis
2514 1228 2580 1259 ³⁵9
2638 1242 2729 1279 me
2782 1226 3031 1280 maxime
3080 1226 3431 1289 consolatur,
3466 1240 3599 1277 cum

1958 1313 2121 1367 video
2151 1332 2250 1384 per
2304 1314 2400 1368 Dei
2450 1314 2870 1384 omnipotentis
2901 1314 3147 1384 gratiam
3187 1319 3384 1369 nostro
3416 1312 3599 1384 impe-

1961 1404 2043 1456 rio
2103 1402 2292 1471 regale
2352 1404 2739 1457 sacerdotium
2789 1406 3126 1466 accessisse,
3171 1406 3229 1457 in
3262 1408 3316 1456 te
3348 1419 3602 1474 namque

1959 1496 2014 1545 et
2067 1492 2439 1547 sacerdotalis
2490 1493 2688 1563 religio
2748 1498 2803 1547 et
2856 1494 3012 1563 regia
3068 1492 3241 1563 pollet
3302 1492 3597 1559 fortitudo,

1960 1586 2025 1633 ut
2054 1586 2107 1634 et
2138 1582 2288 1635 scias
2320 1599 2427 1637 sua
2483 1582 2688 1650 cuique
2736 1583 3013 1645 tribuere,
3074 1582 3227 1651 quod
3288 1585 3375 1634 est
3425 1580 3600 1650 justi-

1958 1670 2070 1735 tiaz,
2132 1676 2187 1723 et
2247 1671 2437 1740 possis
2493 1671 2953 1725 adversariorum
3031 1670 3148 1725 sive
3222 1670 3421 1724 terrori
3483 1668 3603 1723 sive

1960 1759 2149 1813 fraudi
2209 1760 2501 1825 resistere,
2562 1760 2714 1830 quod
2776 1764 2865 1813 est
2926 1759 3285 1813 fortitudinis
3340 1758 3601 1827 etjusti-

1960 1848 2051 1902 tiaz
2078 1849 2163 1902 ³⁸0.
2206 1848 2319 1902 Nec
2353 1849 2555 1903 abesse
2589 1849 3067 1919 tibijamdudum
3102 1847 3377 1919 perpendi
3411 1849 3600 1917 ipsam

1960 1936 2345 2007 ingenuarum
2377 1938 2590 1991 artium
2612 1938 2678 1972 ³⁶¹
2716 1941 2960 1991 matrem
2994 1941 3049 1991 et
3076 1953 3206 1991 vere
3237 1937 3510 1991 virtutem
3534 1936 3601 1967 3‘”

1960 2026 2361 2098 philosophiaz,
2394 2043 2520 2097 quea
2552 2032 2608 2081 te
2638 2027 2707 2081 ad
2761 2027 2911 2081 hanc
2970 2026 3315 2081 modestiam
3375 2024 3603 2095 magni-

1959 2116 2345 2186 tudinemque
2370 2115 2549 2170 animi
2582 2116 2849 2170 erudivit.
2880 2116 3009 2170 Scio
3039 2116 3254 2185 itaque,
3286 2114 3463 2168 frater
3493 2114 3605 2167 mi-

1960 2205 2102 2271 scio,
2136 2206 2287 2275 quod
2324 2221 2491 2259 nemo
2552 2204 2870 2275 prudentiae
2930 2209 3043 2258 tuae
3101 2202 3495 2274 persuadebit,
3543 2202 3600 2256 id

1958 2298 2059 2347 tua
2118 2310 2230 2347 non
2290 2294 2594 2359 interesse,
2640 2296 2925 2363 quantum
2986 2292 3237 2362 perversi
3289 2292 3359 2345 de
3418 2292 3603 2346 bono-

1960 2399 2090 2437 rum
2150 2382 2393 2451 pernitie
2445 2382 2788 2453 glorientur,
2848 2397 3191 2452 quacunque
3234 2380 3289 2433 id
3324 2379 3476 2449 quod
3511 2379 3599 2432 in-

1960 2471 2252 2525 tenderint
2304 2471 2607 2525 honestate
2666 2472 2974 2524 verborum
3006 2468 3198 2524 velent
3253 2469 3339 2521 3““.
3400 2468 3603 2522 Dicent

1964 2562 2227 2623 fortasse,
2264 2559 2429 2614 bellis
2459 2559 2579 2613 hrrc
2612 2560 2871 2613 sedanda
2920 2575 3067 2627 esse,
3102 2574 3227 2628 qua:
3283 2558 3352 2611 ad
3386 2560 3440 2611 te
3485 2572 3600 2611 non

1914 2651 2307 2721 ipertineant,
2379 2665 2505 2719 quae
2565 2648 2647 2701 tui
2714 2646 3023 2701 ministerii
3084 2644 3425 2716 dignitatem
3486 2662 3601 2698 non

1959 2740 2219 2793 deceant.
2256 2738 2599 2807 llujusmodi
2634 2736 3001 2791 fraudulenta
3041 2736 3348 2790 verborum
3372 2735 3603 2805 jactan-

1961 2828 2044 2882 tia
2073 2828 2243 2881 istius
2278 2826 2615 2897 metropolis
2648 2825 2857 2897 praesul
2911 2826 3115 2896 (1936),
3170 2825 3351 2891 vides,
3412 2840 3603 2893 quan-

1962 2921 2049 2971 tos
2099 2917 2331 2970 seduxit
2376 2918 2461 2979 35‘,
2524 2920 2776 2985 quantos
2829 2915 2900 2969 ad
2934 2914 3118 2968 civilis
3168 2912 3349 2968 cladis
3383 2912 3599 2967 rabiem

1960 3005 2175 3069 illexit;
2230 3006 2327 3075 qui
2384 3005 2431 3058 si
2489 3005 2813 3059 subducere
2847 3020 2906 3058 se
2952 3003 3122 3058 vellet
3153 3020 3186 3057 a
3214 3001 3600 3067 dissensione,

1962 3095 2453 3165 quemadmodum
2508 3093 2709 3163 fingit,
2761 3098 2816 3147 et
2865 3092 3151 3147 bellorum
3204 3091 3480 3162 periculo,
3541 3095 3606 3146 ut

1960 3182 2229 3255 religioso
2295 3184 2499 3251 degere
2568 3185 2763 3252 posset
2810 3180 2866 3234 in
2934 3181 3071 3247 otio,
3133 3180 3299 3234 nobis
3350 3180 3602 3248 profecto

206 3276 439 3325 raturos
496 3272 565 3305 ³⁵³
623 3244 996 3325 arbitrantes.
1049 3272 1126 3323 Ac
1167 3286 1236 3323 ne
1284 3271 1422 3340 quid
1458 3272 1689 3341 penitus
1723 3244 1848 3326 sine
1881 3244 1922 3309 C
1961 3278 2017 3327 et
2069 3244 2289 3325 “nostro
2341 3244 2670 3341 reipublicae
2723 3268 2934 3323 melius
2983 3244 3068 3334 id,
3121 3268 3271 3335 quod
3325 3244 3375 3321 ei
3426 3267 3603 3336 regali

205 3359 404 3413 fraude
438 3359 618 3425 fieret,
646 3374 778 3411 cum
811 3358 1085 3421 Arnoldo,
1113 3362 1349 3412 strenuo
1383 3358 1675 3429 imprimis
1706 3360 1849 3424 viro,

202 3448 291 3503 cui
337 3463 572 3501 summa
622 3462 816 3501 rerum
868 3462 970 3516 per
1018 3447 1175 3501 idem
1226 3451 1457 3516 tempus
1504 3448 1559 3500 in
1602 3448 1849 3501 Bauwa-

202 3537 423 3591 riorum
484 3541 638 3589 terra
668 3535 851 3604 (1935)
911 3534 1227 3589 commissa
1287 3534 1413 3600 fuit,
1476 3537 1754 3590 secretius
1785 3538 1852 3570 ³⁵⁸

200 3624 730 3697 pollicitationibus
761 3623 1026 3691 infinitis,
1062 3624 1573 3678 commemorando
1613 3623 1851 3694 insuper

202 3715 399 3769 odium
434 3717 619 3779 vetus,
654 3716 915 3784 egerunt,
960 3717 1025 3765 ut
1083 3729 1145 3765 se
1176 3712 1455 3783 primum,
1520 3712 1728 3767 deinde
1783 3713 1849 3747 ³⁵³

208 3804 409 3858 urbem
462 3801 823 3872 praeclaram,
859 3806 1153 3871 postremo
1186 3805 1373 3856 totum
1427 3800 1569 3854 illud
1605 3818 1846 3873 regnum

198 3891 467 3947 Heinrico
526 3889 661 3944 duci
722 3891 994 3961 perjurus
1045 3890 1363 3944 abdicaret.
1429 3891 1680 3944 Tantum
1738 3892 1846 3946 sibi

203 3980 429 4036 roboris
486 3980 634 4034 inter
700 3995 797 4033 eos
866 3979 1085 4033 invidia
1140 3984 1196 4032 et
1253 3980 1450 4033 odium
1514 3980 1843 4035 vindicavit.

202 4068 387 4124 Simul
424 4068 672 4140 Ungros,
708 4068 1009 4137 antiquam
1064 4072 1288 4138 pestem
1322 4069 1541 4138 patria,
1576 4068 1846 4125 sollicita-

199 4158 354 4227 bant,
414 4161 481 4210 ut
530 4173 775 4228 regnum
828 4157 885 4209 in
948 4173 1009 4210 se
1042 4156 1235 4226 ipsum
1297 4155 1547 4211 divisum
1610 4158 1843 4213 invade-

208 4250 373 4313 rent;
403 4246 777 4314 arbitrantes,
796 4245 902 4299 hoc
925 4246 1096 4299 modo
1130 4246 1332 4301 sibi,356
1364 4244 1843 4313 sollicitudinem,

200 4352 314 4405 qua
332 4335 881 4405 premebantur,aut
902 4334 1131 4405 penitus
1152 4334 1329 4388 adimi
1352 4338 1454 4387 aut
1476 4334 1845 4405 aliquatenus

200 4424 385 4479 minui
420 4440 613 4494 posse.

264 4514 353 4566 20.
389 4516 509 4565 Hac
541 4512 611 4565 de
643 4528 723 4575 re,
758 4516 821 4565 ut
852 4516 993 4583 puta
1022 4512 1085 4544 ³⁵⁷
1114 4515 1235 4565 tam
1287 4510 1483 4565 subita
1514 4515 1569 4565 et
1627 4511 1842 4582 impro-

1962 3360 2360 3414 munilicentia
2392 3358 2773 3421 contulimus,
2823 3358 3175 3412 reddidisset
3208 3372 3383 3426 quam
3418 3355 3604 3410 hosti-

1961 3450 2091 3503 bus.
2144 3448 2350 3501 Hostes
2400 3448 2548 3511 dico,
2600 3451 2664 3500 ut
2712 3447 2827 3500 fere
2879 3462 3081 3501 omnes
3126 3444 3409 3510 sentiunt,
3445 3444 3605 3499 nefa-

1961 3537 2078 3591 rios
2143 3536 2357 3589 civium
2412 3535 2736 3605 praedones,
2794 3535 2988 3605 patriae
3041 3532 3385 3603 proditores,
3445 3531 3604 3600 regni

1958 3630 2298 3693 vastatores,
2360 3624 2580 3678 militias
2614 3625 2937 3677 desertores
2994 3624 3081 3691 ³⁵⁸,
3133 3622 3231 3692 qui
3262 3637 3353 3676 me
3410 3620 3606 3691 ipsum

1960 3715 2161 3786 utique
2219 3713 2506 3783 sacrilega
2560 3713 2803 3768 audacia
2857 3712 3019 3777 suis,
3080 3712 3271 3777 credo,
3335 3710 3609 3765 manibus

1959 3808 2249 3869 necatum,
2311 3808 2411 3857 aut
2464 3803 2672 3873 quovis
2731 3819 2907 3873 quam
2968 3800 3343 3857 acerbissimo
3405 3797 3610 3854 mortis

1957 3909 2164 3963 genere
2226 3892 2443 3963 perisse
2500 3891 2756 3961 vellent;
2819 3892 2909 3946 cui
2972 3890 3157 3945 ﬁlium
3217 3889 3611 3957 sustulerunt,

1958 3985 2197 4036 fratrem
2250 3984 2316 4015 ³⁸⁸⁵
2370 3998 2573 4051 regno,
2625 3981 2845 4045 liberis,
2879 3980 3123 4051 ipsaque
3153 3978 3306 4032 dulci
3340 3979 3609 4046 conjuge,

1954 4070 2073 4125 vita
2102 4070 2355 4141 denique
2376 4071 2503 4140 ipsa
2532 4070 2757 4139 privare
2777 4068 3251 4122 contendunt.Tu
3276 4065 3437 4120 solus
3460 4064 3604 4118 mihi

1955 4160 2191 4212 demum
2227 4176 2288 4211 es
2323 4158 2599 4223 solidum,
2651 4156 2836 4209 fidum
2892 4158 3246 4225 firmumque
3306 4152 3604 4215 solatium,

1956 4248 2053 4317 qui
2106 4252 2335 4299 tantum
2395 4246 2465 4299 ab
2516 4246 2752 4299 ineunte
2787 4248 2949 4298 astate
2982 4244 3038 4297 in
3074 4243 3240 4296 bonis
3271 4242 3497 4295 actibus
3544 4242 3611 4277 W

1954 4335 2270 4406 profecisti,
2304 4338 2368 4387 ut
2402 4334 2746 4387 benefacere
2777 4347 3127 4402 summaque
3149 4329 3449 4401 diligentia
3480 4345 3606 4383 om-

1953 4424 2053 4479 nia
2082 4422 2534 4493 circumspicere
2570 4421 2672 4474 tibi
2700 4422 2826 4490 jam
2860 4437 2927 4475 ex
2956 4418 3378 4474 consuetudine
3410 4417 3468 4471 in
3500 4433 3603 4471 na-

1952 4518 2146 4568 turam
2176 4511 2398 4567 venerit
2430 4511 2517 4564 353.
2550 4510 2630 4563 Te
2662 4508 2832 4581 plane
2892 4508 3113 4580 sospite
3169 4508 3217 4561 si
3260 4506 3522 4576 jucunde
3552 4513 3608 4561 et

194 4602 340 4667 visa,
375 4604 711 4656 commotus
760 4600 1098 4671 imperator,
1154 4605 1210 4654 et
1241 4599 1429 4671 magis
1460 4599 1692 4654 illorum
1747 4602 1857 4655 mi-
1888 4609 1935 4673 ι)
1969 4619 2036 4657 ex
2086 4606 2308 4672 integro
2357 4600 2571 4653 l'ruitus
2630 4599 2813 4665 fuero,
2866 4604 2928 4652 ut
2974 4613 3139 4651 mens
3189 4611 3319 4650 mea
3376 4610 3605 4663 semper

198 4689 356 4745 seria
412 4704 591 4760 quam
652 4705 758 4743 suo
790 4690 1005 4743 damno
1054 4689 1279 4758 dolens,
1335 4688 1699 4743 obsidionem
1735 4690 1851 4744 Ma-

196 4778 429 4850 gontiaz,
492 4781 729 4848 accepto
795 4778 1031 4833 tandem
1090 4778 1244 4848 quod
1306 4778 1617 4848 petebatur
1660 4784 1848 4849 pacto,

200 4866 466 4933 dimisit;
498 4882 529 4920 e
582 4866 649 4901 ³⁵⁸
704 4866 911 4922 castris
970 4864 1253 4922 orientem
1313 4883 1515 4922 versus
1572 4883 1703 4922 cum
1736 4867 1848 4933 his,

1962 4693 2208 4764 ﬂagitat,
2265 4687 2618 4744 desiderium
2680 4686 2959 4756 postulat,
3018 4686 3252 4741 animus
3284 4683 3603 4755 implorat:

1964 4786 2086 4835 tum
2119 4780 2397 4851 dignitas,
2428 4783 2553 4832 tum
2587 4775 2791 4847 gloria,
2825 4780 2951 4829 tum
2986 4774 3163 4829 decus
3215 4774 3417 4829 aderit.
3453 4778 3602 4827 Prae-

1963 4870 2095 4924 sidii
2128 4871 2271 4925 satis
2305 4867 2653 4937 abundeque
2696 4864 2864 4920 nobis
2894 4869 2983 4919 est
3011 4881 3024 4932 ;
3066 4880 3138 4919 ne
3164 4863 3335 4919 nobis
3365 4880 3471 4919 nos
3501 4864 3605 4917 de-

1529 5026 1767 5083 VARIJS
1799 5029 2214 5085 LECTIONES.

262 5147 327 5182 “7
356 5143 539 5200 erinis
568 5142 621 5197 4.
657 5144 707 5195 2.
788 5142 855 5180 ³⁸³
888 5145 1187 5212 acceptum
1220 5142 1271 5197 4.
1303 5144 1355 5196 2.
1390 5144 1442 5195 3.
1519 5143 1587 5177 3‘9
1616 5144 1747 5197 tabe
1778 5145 1829 5198 2.

191 5220 325 5273 dum
350 5220 402 5271 3.
485 5216 552 5250 ³⁵³
575 5215 991 5285 impetraturos
1023 5213 1189 5267 1.2.3.
1269 5215 1339 5248 ³⁵⁸
1360 5218 1610 5269 secretas
1640 5218 1693 5268 2.

213 5292 360 5345 deest
392 5287 627 5353 castris)
649 5284 702 5339 3.
781 5285 849 5319 35°
877 5284 1084 5338 addunt
1113 5286 1288 5340 rebus
1316 5289 1368 5338 2.
1404 5288 1457 5340 3.

234 5362 252 5395 ‘3
282 5359 501 5415 uellent
531 5359 584 5413 4.
616 5360 673 5412 2.
708 5356 776 5390 ³⁶⁴
806 5372 861 5426 q.
898 5372 943 5412 s.
979 5356 1172 5411 demint
1204 5358 1255 5411 3.

184 5433 405 5489 ueniret
435 5430 489 5486 4.
518 5433 575 5483 2.

1909 5144 1979 5179 ³⁵0
2008 5162 2063 5215 p.
2098 5141 2271 5197 etiam
2330 5143 2394 5215 i._
2428 5146 2483 5197 2.
2535 5145 2586 5199 3.

1776 5216 1845 5249 ³⁵⁵
1874 5216 1931 5271 d.
1966 5212 2417 5285 Regenesburgh
2452 5232 2487 5268 u
2519 5215 2571 5269 3.

1536 5287 1602 5319 ⁵⁵0
1632 5291 1950 5342 constantes

1333 5357 1400 5391 ³⁸⁵⁸
1433 5374 1479 5412 r.
1513 5374 1567 5412 v.
1602 5374 1681 5413 m.
1714 5360 1770 5413 d.
1804 5358 2001 5414 desunt
2031 5358 2082 5408 3.

2666 5143 2726 5177 33'
2780 5145 2839 5195 ut
2886 5153 3073 5210 neque
3102 5139 3155 5193 3.
3236 5137 3304 5171 ³⁵²
3337 5152 3388 5210 εις
3422 5135 3603 5210 in_t_8r_-

2648 5216 2714 5249 ³⁵⁸
2733 5214 2952 5268 deest.3.
2978 5207 2994 5210 “
3031 5212 3096 5246 ³⁵τ
3118 5210 3347 5281 imputa
3364 5207 3384 5262 4
3402 5248 3414 5261 .
3453 5207 3520 5241 ³³⁸
3545 5208 3603 5281 et

2650 5286 2713 5319 ³⁶¹
2750 5286 2969 5340 arcium
3004 5286 3052 5338 1.
3134 5277 3516 5335 ‘Gg'uirtutum
3548 5277 3601 5331 4.

1980 5288 2225 5357 ρνξιίίεηζζΔ
2245 5287 2573 5339 Leibnitius.

2162 5355 2229 5388 ³⁸⁸
2266 5357 2512 5411 fratrum
2565 5358 2618 5409 2.
2677 5357 2849 5411 fratre
2898 5358 2949 5410 3.
3026 5356 3091 5388 ³⁸⁷
3124 5353 3348 5410 artibus
3405 5352 3458 5404 3.
3534 5348 3601 5383 ⁸⁸⁸

1767 5526 1995 5581 NOTE.

253 5644 433 5715 (1935)
468 5642 693 5715 Comes
710 5635 1027 5715 palatinos,
1041 5636 1472 5715 cui_Heinricus
1504 5638 1829 5695 Bafoariam

188 5706 730 5775 commendaverat;
750 5707 881 5764 Vita
910 5706 1185 5779 Udalrici,
1219 5727 1268 5765 c.
1304 5709 1389 5766 48.

2013 5634 2192 5707 (1936)
2227 5634 2567 5695 Fredericus
2597 5635 2995 5709 Moguntinus.
