3970 6212
366 399 484 477 953

1326 418 1389 478 S.
1437 417 1834 480 BRUNONIS
1882 415 2388 478 COLONIENSIS
2438 416 2802 479 ARCHIEP.

3654 407 3786 479 956

369 551 590 608 simus!
629 549 744 606 Hoc
775 567 906 606 vero
965 566 1335 624 summepere
1393 551 1715 607 curandum
1762 557 1868 606 est.
1920 551 2005 606 Tu
2038 547 2090 617 Α
2122 551 2335 606 habere
2368 567 2591 622 pacem.
2630 573 2654 599 n
2693 549 2909 606 Deinde
2941 552 3256 622 postquam
3287 553 3534 606 ruerunt
3562 549 3622 606 in
3677 568 3778 608 os-

362 641 534 706 mihi,
565 646 627 696 tu
663 642 898 712 inquam
960 639 1144 707 testis,
1206 645 1425 712 quanta
1482 657 1622 696 cura
1681 646 2011 713 quantaque

368 730 770 786 benevolentia
830 731 1102 795 foverem,
1159 733 1371 796 tuerer,
1445 731 1824 802 amplecterer
1882 731 2008 799 hos,

369 837 515 891 quos
572 820 743 873 modo
797 823 914 872 tam
951 818 1215 874 crudeles
1272 818 1479 890 patior,
1542 821 1755 890 quibus
1815 825 2008 873 tamen

370 909 559 964 adhuc
617 926 788 979 quam
847 907 1236 963 libentissime
1296 902 1515 963 mederi
1544 907 1769 974 vellem,
1819 908 1867 961 si
1899 907 2009 964 sibi

368 997 479 1070 ipsi
515 1014 746 1068 parcere
777 997 1007 1052 vellent.
1045 998 1126 1052 Ah
1155 999 1166 1052 !
1221 1003 1442 1070 quanta
1471 998 1538 1032 ³⁸⁷
1569 997 2010 1069 importunitate

366 1085 690 1157 praecipites
722 1087 907 1158 perire
941 1088 1554 1155 festinant,secumque
1576 1086 1795 1158 prolem
1819 1103 2006 1141 meam

365 1173 704 1230 innocenter
752 1176 1055 1231 educatam
1109 1177 1166 1230 in
1217 1176 1413 1230 omnia
1466 1176 1684 1230 scelera
1725 1176 2003 1230 versant!

363 1263 445 1318 Ita
506 1264 564 1318 in
624 1264 1010 1335 potestatibus
1041 1271 1364 1335 temperare
1424 1264 1543 1319 illis
1602 1265 1743 1318 adeo
1776 1264 2009 1318 difﬁcile

359 1356 466 1415 est,
499 1352 596 1424 qui
660 1370 762 1424 per
809 1352 1184 1408 ambitionem
1247 1354 1459 1424 probos
1491 1371 1551 1408 se
1583 1371 1694 1407 non
1727 1370 1873 1423 esse,
1907 1353 2007 1408 sed

361 1439 561 1509 sideri,
626 1447 963 1513 praeoptent.
1017 1443 1199 1511 Nosti,
1233 1442 1630 1508 dilectissime,
1667 1443 1816 1513 quod
1874 1441 2006 1513 qui-

363 1530 496 1584 dem
529 1547 659 1584 cum
720 1531 916 1585 dolore
948 1530 1156 1598 recolo,
1213 1548 1310 1586 eos
1353 1531 1495 1585 mihi
1528 1532 1859 1602 frequenter
1898 1531 2004 1584 du-

366 1619 546 1674 riores
569 1623 622 1673 et
657 1619 844 1692 magis
875 1620 1175 1675 310infidos
1209 1620 1409 1687 fuisse,
1435 1636 1582 1691 quos
1617 1619 1868 1690 amplius
1898 1619 2005 1673 fovi

366 1706 513 1778 Quos
571 1708 628 1763 in
689 1709 888 1764 multis
948 1709 1477 1764 necessitudinibus
1529 1709 2004 1762 fmderatissimos

362 1796 570 1865 amavi,
603 1812 750 1868 quos
781 1797 1032 1869 denique
1092 1797 1236 1852 mihi
1306 1797 1819 1867 conjunctissimos
1851 1797 2002 1851 aesti-

361 1885 511 1938 mavi
544 1885 632 1940 3'“.
668 1885 848 1940 Grave
889 1886 996 1941 hoc
1029 1903 1306 1958 perpessu
1359 1886 1428 1921 3"
1490 1887 1617 1951 fuit,
1652 1885 1863 1956 duplex
1895 1886 2003 1939 mi-

358 1971 528 2029 seria.
587 1973 745 2037 Quod
815 1980 1012 2029 autem
1083 1991 1174 2030 me
1236 1981 1427 2046 urget,
1493 1975 1647 2030 mala
1706 1973 2006 2046 superiora

356 2063 916 2135 praeponderat,cum
950 2063 1045 2119 ille
1078 2081 1251 2134 quem
1284 2063 1456 2134 genui
1490 2068 1809 2136 praereptus
1833 2063 1998 2134 mihi,

358 2153 610 2221 paternae
667 2152 862 2223 pietati
925 2152 1128 2208 didicit
1178 2153 1465 2210 insidiari.
1527 2153 1757 2207 Enitere
1804 2151 2002 2224 igitur,

359 2243 446 2294 vir
475 2241 589 2296 Deo
622 2241 836 2310 dedite,
871 2260 984 2298 non
1033 2261 1146 2316 quo
1184 2244 1353 2298 modo
1386 2244 1660 2314 primum,
1695 2243 1792 2298 sed
1833 2242 2002 2297 modo

361 2329 755 2402 potissimum,
810 2333 1048 2399 enitere,
1084 2350 1298 2404 quaso,
1355 2331 1597 2388 consilio
1629 2331 1725 2385 illo
1759 2337 1858 2386 tuo
1888 2347 2002 2400 quo

358 2419 535 2474 ealles
611 2419 952 2490 plurimum,
1009 2425 1073 2475 ut
1143 2437 1245 2494 pro
1303 2420 1426 2476 loco
1485 2426 1541 2476 et
1587 2425 1847 2491 tempore
1904 2423 2006 2474 aut

357 2521 524 2561 arma
570 2508 914 2578 desuadeas,
974 2515 1075 2564 aut
1129 2526 1361 2581 quoquo
1420 2514 1586 2580 pacto
1646 2524 1999 2579 compescas.

358 2595 578 2651 Absens
635 2597 741 2650 tibi
796 2613 1055 2669 corpore,
1119 2598 1455 2670 ubicunque
1529 2615 1645 2667 ero,
1717 2597 2000 2669 gaudeam

355 2683 483 2752 tibi,
518 2685 774 2756 gratuler
805 2687 1180 2756 providentia:
1238 2692 1293 2741 et
1337 2686 1714 2742 moderationi
1750 2691 1878 2739 tuae.
1941 2685 2000 2739 Id

361 2772 506 2828 mihi
537 2779 804 2843 reputare
830 2774 971 2829 libet
1019 2775 1171 2846 quod
1205 2775 1432 2843 feceris,
1492 2775 1548 2829 id
1585 2774 1802 2829 ibidem
1835 2775 1900 2818 ³⁷³
1933 2773 1998 2827 li-

361 2861 493 2917 beat
543 2860 648 2916 tibi
708 2863 861 2934 quod
924 2862 1128 2918 fecero.
1181 2865 1326 2935 Opto
1386 2868 1442 2918 et
1494 2863 1786 2919 cumulate
1846 2863 1997 2919 desi-

358 2950 494 3005 dero
555 2954 619 3005 ut
665 2966 732 3005 ea
800 2951 966 3006 nobis
1027 2952 1103 3007 sit
1160 2959 1424 3008 votorum
1481 2957 1537 3008 et
1592 2952 1998 3008 oblectamenti

360 3055 613 3104 summa,
691 3056 804 3094 non
881 3045 1111 3097 tantum
1190 3058 1384 3097 coram
1463 3043 1598 3112 Deo,
1668 3044 1767 3097 sed
1821 3042 1996 3098 etiam

358 3142 551 3181 coram
611 3125 994 3198 hominibus,
1073 3131 1358 3202 provideri
1419 3131 1572 3187 bona
1651 3130 1995 3186 alterutrum

355 3230 423 3270 ea
478 3232 608 3288 qua:
665 3222 824 3284 sunt,
884 3223 941 3274 et
988 3219 1034 3274 si
1092 3219 1212 3274 fieri
1264 3224 1470 3292 potest,
1531 3237 1665 3276 cum
1726 3221 1998 3276 omnibus

2122 640 2270 705 cula,
2307 657 2417 694 non
2453 641 2577 694 sine
2633 638 2905 712 lacrymis
2963 639 3033 693 ab
3066 639 3312 694 invicem
3345 639 3775 712 digredientes,

2119 729 2438 800 imperator
2467 730 2770 798 orientem,
2810 728 2986 784 frater
3043 729 3170 800 ejus
3224 728 3587 784 occidentem
3619 732 3774 803 peti-

2118 835 2192 872 Vl.

2187 908 2275 962 2i.
2337 908 2583 978 Moxque
2631 909 2700 963 ad
2757 909 2954 980 Aquas
3013 905 3214 963 Grani’
3249 905 3450 980 palatii
3512 909 3582 942 ⁸⁷⁴
3633 925 3771 980 pro-

2120 999 2340 1068 peravit
2397 998 2601 1069 (1937).
2662 998 2741 1052 Ibi
2806 998 3100 1069 principes
3156 997 3342 1068 regni,
3403 1013 3656 1068 quorum
3710 998 3769 1054 id

2119 1087 2412 1151 intererat,
2458 1087 2742 1156 convenit,
2804 1103 2902 1140 eos
2958 1085 3134 1139 variis
3190 1085 3516 1157 multisque
3573 1087 3772 1143 modis

2119 1175 2416 1241 instruxit,
2449 1180 2621 1247 atque
2677 1175 2783 1230 hoc
2814 1191 2946 1229 cum
2979 1175 3062 1229 eis
3113 1175 3490 1246 potissimum
3524 1177 3663 1248 egit,
3696 1193 3772 1232 ne

2119 1265 2522 1319 seductoribus
2581 1269 2683 1319 aut
2738 1265 2903 1318 vanis
2947 1280 3147 1318 corum
3200 1264 3506 1335 promissis
3566 1266 3768 1320 crede-

2117 1359 2266 1418 rent,
2301 1371 2370 1408 ne
2400 1355 2589 1408 minas
2648 1354 2925 1408 timerent
2971 1353 3060 1421 3"",
3122 1353 3292 1424 regiae
3354 1354 3647 1424 majestati
3711 1359 3770 1409 et

2117 1460 2236 1498 suae
2268 1443 2525 1513 ipsorum
2590 1442 2719 1496 fidei
2777 1441 3224 1513 pollicitationes
3283 1441 3767 1514 nullas‘przepo-

2117 1537 2362 1600 nerent;
2399 1532 2692 1603 spondens
2724 1547 2785 1586 se
2818 1536 2951 1586 ante
3008 1531 3074 1566 ³⁷⁸
3128 1533 3363 1602 tempus
3421 1535 3477 1586 et
3520 1531 3575 1586 in
3611 1536 3769 1586 tem-

2117 1637 2252 1692 pore
2301 1637 2530 1688 semper
2584 1624 2852 1692 paratum
2912 1620 3054 1685 fore,
3089 1624 3154 1675 ut
3211 1621 3278 1654 ³⁷⁷
3334 1637 3535 1692 pacem
3570 1620 3765 1676 Eccle-

2116 1711 2211 1765 siae
2268 1709 2564 1780 violatam,
2627 1711 2672 1764 si
2735 1709 2818 1763 sic
2870 1725 3106 1764 necesse
3171 1711 3344 1779 esset,
3403 1709 3531 1763 vitae
3585 1710 3766 1764 etiam

2115 1815 2232 1852 sua
2267 1798 2520 1869 periculo
2579 1799 2940 1852 reformaret.
3002 1795 3118 1850 Hoc
3150 1796 3302 1851 facto
3331 1794 3630 1851 Coloniam
3664 1795 3765 1850 lte-

2115 1892 2210 1943 tus
2245 1887 2386 1941 adiit
2419 1905 2431 1954 ;
2492 1886 2942 1959 exspectabatur
2985 1885 3386 1941 ordonationis
3416 1889 3651 1956 tempus
3709 1889 3768 1940 et

2115 1976 2408 2031 unctionis
2463 1975 2664 2030 laetitia
2716 1974 3011 2030 salutaris.
3067 1975 3182 2029 Hoc
3213 1974 3383 2038 facto,
3415 1974 3766 2029 innovatum

2113 2070 2201 2121 est
2230 2065 2510 2136 gaudium
2543 2065 2749 2136 plebis,
2809 2069 2865 2118 et
2903 2062 3133 2118 refulsit
3163 2061 3221 2116 in
3253 2067 3562 2132 conspuctu
3621 2078 3760 2116 om-

2116 2154 2277 2210 nium
2330 2155 2429 2226 qui
2489 2157 2896 2218 convenerant,
2957 2155 3200 2206 ornatus
3247 2149 3389 2206 stola
3410 2149 3764 2220 jucundita—

2114 2244 2212 2306 tis,
2270 2243 2542 2298 sacerdos
2601 2241 2831 2297 Domini
2887 2241 3221 2306 Salvatoris,
3277 2240 3479 2294 Postea
3532 2239 3765 2294 nardus

2113 2332 2370 2404 pretiosa
2400 2332 2559 2386 dedit
2589 2331 2823 2386 odorem
2886 2345 3061 2385 suum
3096 2347 3109 2396 ;
3165 2329 3223 2383 in
3271 2329 3460 2384 medio
3491 2327 3764 2383 Ecclesiae

2114 2422 2342 2493 aperuit
2370 2438 2434 2476 os
2484 2437 2658 2475 suum
2719 2419 2913 2491 (Exod.
2976 2435 3165 2486 xxvm,
3224 2418 3338 2489 35).
3397 2417 3766 2472 Audiebatur

2114 2511 2436 2566 secundum
2461 2509 2642 2580 legale
2665 2509 3001 2563 institutum
3027 2507 3252 2562 sonitus
3278 2506 3557 2561 intrantis
3578 2505 3638 2560 in
3668 2508 3763 2561 do-

2116 2615 2278 2654 mum
2302 2597 2533 2653 Domini
2552 2598 2645 2653 Dei
2668 2616 2678 2664 ;
2701 2596 3030 2668 exemplum
3053 2599 3110 2650 et
3132 2596 3550 2652 documentum
3577 2596 3762 2650 factus

2117 2694 2203 2743 est
2233 2687 2506 2742 omnibus
2539 2686 3078 2758 obtemperantibus
3102 2684 3212 2740 sibi
3233 2685 3291 2739 in
3324 2683 3761 2747 salutem.0uid

2115 2783 2306 2831 autem
2336 2776 2852 2846 fecerit,quomodo
2884 2775 3163 2841 docuerit,
3206 2772 3456 2845 qualiter
3487 2790 3591 2845 pro
3626 2789 3761 2845 pace

2114 2865 2503 2920 Ecclesiarum
2565 2865 2665 2919 Dei
2723 2880 2783 2919 se
2840 2864 3038 2935 ipsum
3091 2861 3467 2934 impenderit,
3502 2866 3637 2916 actu
3693 2862 3760 2897 ⁸⁷⁸

2115 2960 2203 3010 cst
2233 2953 2520 3021 mirabile,
2581 2951 2738 3008 dictu
2799 2951 3054 3008 difficile.
3086 2951 3339 3006 Tantum
3396 2951 3554 3006 enim
3587 2966 3761 3021 supe-

2114 3043 2332 3098 riorum
2391 3041 2646 3114 insignia
2695 3041 2873 3111 hujus
2929 3040 3268 3112 quotidiano
3328 3055 3505 3110 opera
3539 3055 3761 3110 praece-

2113 3133 2347 3201 debant,
2384 3138 2448 3186 ut
2477 3136 2686 3198 totum,
2739 3130 2892 3202 quod
2925 3129 2983 3183 in
3011 3128 3286 3184 Ecclesiis
3316 3129 3438 3184 sive
3461 3127 3761 3200 amplian-

2110 3222 2201 3276 dis
2232 3221 2351 3276 sive
2381 3218 2804 3285 restaurandis,
2848 3218 3000 3291 quod
3065 3217 3123 3272 in
3155 3216 3419 3289 reliquiis
3477 3221 3534 3272 et
3565 3232 3771 3289 corpo-

1731 3362 1975 3419 VARI/E
2014 3362 2425 3418 LECTIONES.

431 3457 500 3492 3”
529 3458 611 3531 ita
635 3460 872 3531 corrigo.
907 3458 1224 3530 Aliquanta
1247 3461 1296 3513 1.
1322 3462 1396 3531 (2.
1419 3461 1502 3530 3?)

359 3529 428 3563 ⁸⁷⁴
466 3528 750 3600 palatium
781 3528 836 3585 3.

1579 3461 1647 3496 ³⁷⁰
1676 3460 1906 3532 magnis
1941 3462 1989 3516 1.
2066 3462 2133 3497 ⁸⁷1
2155 3458 2478 3516 existimavi
2513 3459 2565 3532 3.
2642 3459 3069 3532 3“perpessum
3098 3458 3152 3512 3.
3230 3458 3300 3493 37*
3322 3456 3692 3513 f.identidem
3715 3458 3773 3511 3.

937 3532 1004 3565 ³⁷⁵
1030 3529 1400 3589 ⁷ιθττθτθηι3.
1476 3533 1544 3567 ³⁷⁸
1573 3529 1877 3588 autem—3.
1937 3533 2101 3601 (deest
2153 3533 2252 3602 se).
2328 3532 2394 3565 ³⁷⁷
2452 3529 2539 3587 vel
2588 3531 2642 3584 2.
2716 3530 2782 3564 ³⁷⁸
2813 3534 2946 3586 actu
2977 3546 3122 3584 corr.
3149 3532 3347 3586 actum
3376 3545 3518 3584 corr.
3553 3534 3688 3584 actu
3719 3533 3771 3584 1.

1949 3689 2173 3746 NOTAE.

430 3785 616 3859 (1937)
651 3787 726 3841 De
756 3789 1017 3859 tempore
1073 3786 1376 3859 electionis
1425 3790 1495 3859 et,
1514 3787 1898 3843 ordinationis
1930 3788 2002 3844 cf.
2038 3792 2081 3859 C

356 3855 778 3930 Ballerinorum
815 3855 1128 3930 editionem
1162 3859 1307 3930 Opp.
1343 3857 1652 3930 Rattherii,
1679 3859 2001 3930 p.LXXVII.

363 3927 672 3984 Ratherius
730 3929 932 3983 eodem
993 3930 1083 3984 die
1115 3927 1230 4000 quo
1254 3927 1472 3985 ‘Bruno
1529 3927 1750 3985 eleétus
1786 3936 1842 3986 et
1873 3948 2007 3985 con-

360 4005 624 4072 secratus
682 4006 790 4069 est,
834 4002 1216 4070 praesentibus
1248 4006 1525 4072 praeterea
1577 4003 1824 4057 Roberto
1871 4003 2009 4057 Tre-

360 4071 578 4144 virensi
603 4073 1064 4144 archiepiscopo,
1097 4071 1388 4128 Balderico
1444 4073 1839 4143 Ultrajectino,
1882 4073 2011 4128 Hil-

363 4141 609 4216 debaldo
643 4141 1282 4216 Mimigardevordensi,
1347 4141 1654 4215 Druogone
1710 4145 2004 4200 Osuabru~

361 4214 549 4288 gensi,
604 4214 948 4288 Berengiarie
999 4215 1373 4288 Virdunensi,
1432 4217 1698 4288 Folberto
1745 4218 2008 4288 Camera-

361 4287 518 4342 censi
575 4287 1252 4360 episcopistBatherius
1313 4287 1370 4341 in
1412 4287 1701 4360 _Phrenesi
1761 4287 2010 4360 haeciita

364 4366 559 4430 narrat
590 4361 662 4428 (c.
699 4358 812 4421 I.)*:
849 4382 876 4407 «
912 4359 1122 4413 Pulsus
1167 4358 1460 4430 episcopio
1521 4359 1840 4414 Veronensi
1895 4359 2007 4414 Ita-

364 4429 805 4502 lits,ordinatus
854 4430 951 4502 ubi
1012 4429 1220 4496 fuerat,
1281 4446 1415 4485 cum
1479 4430 1549 4502 ad
1601 4430 2010 4502 gloriosissimi

363 4501 520 4572 regis
559 4518 621 4557 se
677 4501 1045 4572 contulisset
1079 4502 1306 4557 Ottonis
1364 4501 1669 4569 auxilium,
1729 4504 2010 4572 cepisque

365 4571 754 4628 restitutionis
785 4571 1175 4642 praecessisset
1205 4572 1386 4640 nulla,
1417 4572 1545 4643 ipso
1587 4571 1821 4643 quoque
1871 4571 2009 4642 piis-

367 4643 516 4698 simo
548 4659 682 4716 rege
714 4641 978 4716 conante,
1039 4645 1175 4698 data
1230 4641 1485 4716 optione,
1535 4641 2010 4697 interventufra-

367 4715 475 4769 tris
523 4714 650 4783 ejus
705 4715 990 4786 Brunonis
1036 4714 1467 4786 archipraesulis
1525 4720 1700 4786 atque
1757 4718 2008 4784 patrata,

371 4791 682 4856 postquam
721 4784 939 4841 electus
969 4804 1164 4843 coram
1203 4784 1419 4841 eodem
1457 4785 1544 4856 _ad
1602 4787 1797 4856 Aquas
1856 4786 2010 4856 quod

371 4854 590 4930 dicitur
645 4855 819 4912 Grani
878 4858 1184 4930 palatium,
1238 4873 1353 4930 non
1385 4854 1578 4930 solum
1636 4854 1707 4930 ab
1742 4856 1833 4930 his
1868 4854 2008 4930 quo-

370 4944 499 5000 rum
534 4925 808 4983 intererat
839 4925 1173 5000 specialius,
1228 4927 1325 4982 sed
1386 4931 1447 5000 et
1476 4927 1554 5000 ab
1579 4925 2013 5000 episcopis,_ab-

370 4997 1276 5078 batib_us,comi_til_)us,_totiusque.
1290 4997 1450 5068 regni
1471 4997 2012 5078 primipribusguar-

367 5076 425 5127 ta
456 5069 734 5128 solemnis
776 5072 984 5143 jejunii
1047 5069 1281 5143 septimi
1325 5069 1559 5143 imensis
1619 5071 1761 5126 feria
1822 5071 2011 5126 fuerat

361 5143 699 5219 expetitus:
736 5141 977 5219 rursum
1005 5141 1278 5219 sequenti
1321 5141 1624 5219 Dominica
1669 5143 1739 5219 ab
1783 5145 2006 5212 eodem,
2040 5155 2086 5219 ι)
2120 5141 2344 5219 lihelmi

362 5212 471 5271 hoc
501 5221 590 5271 est
644 5214 1014 5286 Leodicensis
1067 5212 1334 5269 Ecclesiae
1375 5213 1587 5286 pepulo
1635 5214 1878 5278 electus,
1911 5231 2005 5286 se-

364 5294 518 5356 ptem
553 5304 585 5342 a
638 5285 997 5358 coepiscopis
1054 5287 1169 5340 duo
1218 5285 1467 5356 quorum
1531 5287 1759 5342 fuerant
1818 5285 2005 5358 archi-

363 5359 663 5428 prasules,
696 5358 884 5430 caeteri
912 5357 1217 5430 praesules,
1280 5358 1576 5430 prselibato
1611 5357 1833 5414 scilicet
1863 5357 2006 5410 Bru-

364 5446 532 5498 none,
571 5430 876 5497 Hodber'to,
921 5429 1253 5498 ’Baldrico,
1290 5429 1619 5494 Hildihado,
1683 5435 2004 5498 Druogone,

373 5499 952 5571 Berengario,atque.
991 5501 1276 5571 Folberto,
1329 5500 1697 5556 conniventia
1749 5500 2001 5571 decreto-

365 5568 813 5636 rum,cOnsensu
843 5568 1018 5641 atque
1039 5570 1318 5639 exemplis
1347 5568 2008 5639 nonnullorum,quibus

364 5645 420 5696 et
452 5645 506 5698 id
566 5642 905 5712 contigerat,
939 5642 1343 5713 antiquorum,
1393 5658 1624 5698 summo
1667 5641 1852 5697 totius
1882 5654 2009 5708 quae

434 5751 518 5822 (a)
551 5747 734 5804 Plebis
763 5745 850 5802 vel
880 5746 1170 5818 ejusmodi
1197 5745 1546 5802 vocabulum
1576 5746 1757 5802 deest.

2119 3788 2322 3843 aderat
2351 3786 2426 3858 (a)
2459 3786 3007 3858 favore,destinatus
3037 3787 3258 3842 eisdem
3293 3789 3468 3857 atque
3497 3783 3775 3841 solemni-

2120 3867 2209 3938 ter
2238 3858 2693 3938 intbronnisatus
2729 3857 2994 3938 Ecclesiae
3017 3873 3318 3938 ,cumque
3375 3859 3583 3938 postea
3613 3858 3770 3928 inge-

2120 3931 2216 3984 nio
2241 3932 2365 3999 jam
2427 3929 2528 3983 fati
2563 3928 2827 3996 Baldrici,
2863 3928 3236 4000 patratuque,
3293 3928 3393 3998 qui
3425 3943 3562 3982 eum
3598 3944 3774 4000 super

2118 4002 2428 4056 ambonem
2486 4000 2754 4054 Ecclesia:
2819 3999 3180 4056 Celoniens’is
3211 3999 3500 4056 spectanti
3557 4005 3770 4055 cuncto

2121 4071 2431 4143 specialius
2477 4071 2909 4128 collaudaverat
2963 4072 3200 4143 populo.
3236 4070 3515 4143 Rodberti
3571 4071 3767 4143 Trevig

2121 4141 2317 4200 rerum
2341 4143 2795 4215 archiepiscopi,
2830 4145 2885 4201 vi
2915 4141 3147 4213 publica
3175 4141 3774 4215 comitumRegeneri

2121 4221 2294 4295 atque
2327 4214 2644 4295 Ruodpdlti
2692 4245 2795 4295 το.
2821 4231 3002 4295 nepos
3034 4215 3344 4295 ‘ip'sorum,
3378 4214 3478 4295 qui
3519 4219 3581 4268 et
3615 4214 3774 4295 filius

2121 4285 2315 4341 fratris
2347 4287 2644 4341 exstiterat
2703 4285 2970 4351 BaldriCi,
3028 4285 3169 4340 talia
3226 4290 3290 4338 ut
3321 4285 3462 4355 quid
3511 4286 3772 4354 contige-

2121 4358 2241 4413 rint
2271 4373 2343 4412 ne
2376 4357 2613 4413 difﬁcile
2673 4358 2750 4413 sit
2805 4357 3141 4427 conjectari,
3203 4357 3469 4427 ejusdem
3511 4356 3775 4412 nominis

2121 4446 2264 4501 puer
2312 4430 2553 4499 quidam
2613 4433 2677 4483 ut
2726 4429 3131 4501 institueretur
3160 4458 3225 4468 —
3256 4432 3313 4481 et
3342 4431 3406 4482 ut
3435 4444 3538 4498 per
3571 4427 3776 4501 omnia

2122 4498 2393 4572 materies
2452 4517 2835 4572 personarum
2894 4500 3227 4572 acceptione
3259 4503 3453 4572 pateat
3483 4498 3772 4572 neglecta,

2120 4569 2604 4643 timiditate—jam
2665 4571 2804 4625 dicti
2864 4570 3018 4643 regis
3033 4569 3315 4643 germani
3341 4600 3410 4610 —
3441 4586 3514 4624 ne
3547 4569 3774 4643 scilicet

2114 4645 2240 4714 jam
2273 4643 2376 4697 fati
2409 4640 2648 4696 comites
2709 4659 2741 4697 a
2788 4640 2958 4714 rege'
2979 4640 3436 4714 ad'Conradum,
3493 4641 3597 4712 qui
3631 4647 3773 4696 tunc

2121 4712 2323 4770 contra
2377 4713 2573 4784 ipsum
2632 4712 3206 4784 agebat,'deﬁcerent
3258 4712 3488 4782 sibique
3517 4727 3654 4768 cum
3705 4727 3773 4768 eo

2120 4783 2697 4856 inimiearentur,vel,
2733 4785 2887 4856 quod
2916 4783 3330 4856 veriusiipsius
3361 4789 3644 4856 asserunt
3671 4784 3773 4856 de-

2121 4858 2399 4937 fensores,
2431 4853 2781 4937 resistendo,
2837 4857 2976 4937 quia
3003 4853 3250 4937 nul-lum
3304 4855 3521 4937 _habere
3580 4853 3775 4937 potuit

2121 4929 2287 5000 idem,
2331 4927 2824 5000 archiepiscopus,
2856 4925 2945 5000 _rut
3000 4926 3359 5000 inhiaverat,_
3402 4942 3475 5000 _ex
3507 4925 3770 5000 episcopi

2121 4999 2326 5055 amicis
2359 4999 2442 5054 vel
2500 4997 2788 5054 militibus
2819 4999 3150 5069 adjutorem
3205 5027 3275 5070 —-_
3309 4997 3774 5070 Afuisset’expul-

2120 5088 2242 5135 sus,
2277 5070 2707 5195 Moguntiaeque
2764 5068 3129 5142 benignitate
3161 5068 3592 5140 archiepiscopi
3623 5068 3772 5123 Wil-

2120 5141 2344 5195 lihelmi
2393 5141 2478 5195 ilii
2537 5142 2690 5195 regis
2749 5139 3304 5195 muniﬁcentissima
3360 5139 3772 5195 couiosissime

2393 5139 2478 5196 ilii
2537 5139 2690 5213 regis
2726 5139 3304 5213 Amuni'ﬁcentissima
3345 5139 3774 5213 copiosissime

2122 5217 2410 5268 frueretur
2445 5229 2457 5268 :
2493 5211 2628 5268 data
2658 5211 2758 5268 otii
2793 5213 3117 5279 occasione,
3179 5211 3424 5276 curavit,
3455 5228 3588 5279 quae
3617 5212 3777 5267 circa

2115 5302 2251 5340 eum
2285 5290 2412 5340 acta
2446 5285 2693 5354 fuerant,
2726 5285 2786 5339 in
2834 5283 3015 5340 libros
3047 5284 3328 5354 digerere,
3363 5283 3622 5354 qualitas
3653 5283 3773 5354 ela-

2119 5359 2332 5435 borans
2390 5373 2461 5411 ne
2490 5357 2576 5435 vel
2608 5351 2822 5435 curiosi
2865 5355 3086 5435 lateret
3112 5351 3232 5410 _sui
3261 5351 3566 5435 temporis.
3590 5425 3601 5435 .
3621 5351 3771 5435 Utti-
3793 5362 3808 5366 “

2117 5444 2231 5553 aue
2260 5427 2368 5479 hoc
2399 5427 2703 5509 audientes
2727 5428 2840 5482 duo
2863 5427 2945 5481 illi
2980 5426 3106 5508 ejus
3152 5423 3483 5509 specialius
3509 5425 3773 5494 inimici,

2171 5498 2447 5553 odbertus
2464 5497 2731 5553 Videlicet
2747 5503 2802 5553 et
2815 5497 3416 5553 Baldricus.dixerunt
3437 5513 3576 5553 eum
3599 5497 3674 5553 ob
3684 5514 3772 5552 re-

2171 5498 2447 5553 odbertus
2464 5497 2731 5554 videlicet
2747 5503 2802 5554 et
2815 5497 3416 5563 Baldricus,dixerunt
3437 5513 3576 5553 eum
3599 5497 3674 5568 pb
3684 5514 3772 5552 re-

2119 5569 2373 5623 neticum
2405 5584 2550 5624 esse.
2591 5594 2612 5622 ι
