3970 6212
235 382 363 447 957

1849 387 2059 450 VITA.

3537 382 3658 445 958

236 520 410 576 ribus
442 522 781 577 sanctorum
812 518 871 574 in
905 537 1072 576 suam
1096 521 1430 594 parochiam
1455 520 1896 589 transferendis,
1929 524 1982 589 Α
2016 520 2224 593 ignari,
2261 537 2439 593 quare
2461 519 2769 593 episcopus
2792 537 2912 577 rem
2946 517 3142 593 populi
3177 523 3232 575 et
3250 517 3505 592 pericula
3521 519 3637 574 bell

239 611 400 682 quod
452 610 509 665 in
572 610 811 681 privatis
860 610 943 665 vel
1018 611 1265 682 publicis
1320 614 1389 647 379
1448 612 1705 667 eediﬁciis
1748 627 1899 666 com-

238 699 552 772 ponendis,
587 702 741 770 quod
776 699 833 753 in
865 700 1203 755 ordinandis
1236 701 1506 757 domibus
1549 700 1898 772 familiaeque

238 794 464 844 sanctas
526 788 625 842 Dei
690 788 958 844 Ecclesiaa
1012 791 1184 844 rebus
1236 790 1465 859 fecerat,
1527 791 1597 844 ad
1650 789 1896 845 aliorum

236 892 420 948 opera
448 878 516 911 ³³0
568 894 713 947 pene
760 876 1215 949 incomparabile
1264 879 1576 934 videretur.
1631 880 1775 933 Nam
1818 879 1895 932 si-

235 970 339 1020 cut
374 982 554 1037 super
583 981 785 1020 omnes
809 967 873 1000 ³⁸¹
900 966 1171 1021 docentes
1196 983 1256 1021 se
1282 967 1583 1036 intellexit,
1607 968 1688 1022 ita
1705 968 1895 1023 cordis

237 1056 330 1109 sui
365 1056 437 1088 ³⁸³
467 1056 671 1119 aciem,
706 1055 921 1125 ingenii
973 1064 1239 1123 acumen,
1291 1057 1468 1111 animi
1502 1060 1778 1126 vigorem,
1822 1057 1893 1111 ad

237 1145 471 1213 majora
528 1143 824 1214 sapientia}
885 1149 941 1199 et
999 1145 1229 1199 virtutis
1287 1162 1462 1216 opera
1537 1146 1748 1200 direxit
1804 1146 1891 1199 ³⁸³.

235 1237 321 1286 De
384 1231 663 1301 religione
722 1234 909 1303 primo
977 1238 1033 1287 et
1090 1233 1249 1288 cultu
1324 1236 1439 1301 Dei,
1500 1236 1653 1305 quod
1713 1236 1893 1289 Graeci

238 1321 555 1375 lheosebian
602 1321 672 1357 ³⁸⁸
713 1321 937 1387 dicunt,
998 1324 1321 1377 secundum
1387 1324 1583 1377 datam
1645 1324 1756 1377 sibi
1808 1341 1895 1377 sa-

239 1409 544 1481 pientiam,
577 1410 918 1465 canonicam
950 1416 1007 1465 et
1064 1411 1444 1481 apostolicam
1491 1412 1892 1467 auctoritatem

236 1503 501 1565 secutus,
535 1497 812 1565 instituit,
847 1505 911 1553 ut
955 1501 1369 1569 multitudinis,
1426 1518 1551 1571 quae
1602 1502 1659 1554 in
1701 1500 1884 1555 diver-

236 1586 323 1643 sis
356 1588 425 1623 ³⁸⁵
456 1588 1006 1659 congregationibus
1055 1590 1123 1643 ad
1175 1590 1301 1659 ejus
1350 1589 1747 1644 honorabilem
1799 1606 1891 1643 se-

236 1677 374 1731 dem
408 1676 839 1747 pertinentibus
870 1681 1012 1743 erat,
1049 1694 1229 1732 unum
1264 1694 1363 1732 cor
1393 1686 1544 1732 esset
1599 1683 1654 1732 et
1698 1678 1896 1732 anima

235 1782 395 1833 una;
434 1771 500 1819 ut
528 1768 777 1820 vestium
811 1766 1203 1837 superfluitas,
1238 1784 1467 1821 morum
1507 1766 1893 1837 inaequalitas,

2008 611 2356 677 tractaverit,
2410 628 2542 666 cum
2593 610 2924 665 animarum
3002 609 3410 665 tantummodo
3455 626 3655 665 curam

2008 702 2349 773 susceperit.
2384 701 2605 765 Quibus
2638 718 2727 755 res
2760 702 2887 771 ipsa
2919 699 3103 763 facile,
3165 700 3211 753 si
3265 698 3403 769 quid
3445 716 3654 754 sanum

2009 790 2264 861 sapiunt,
2300 790 2607 855 satisfecit,
2641 806 2773 844 cum
2809 794 3037 843 tantum
3072 793 3129 843 et
3184 794 3304 842 tam
3357 787 3655 842 insuetum

2006 879 2121 933 illis
2150 880 2469 951 praasertim
2498 879 2759 950 partibus
2788 879 2946 950 pacis
2969 880 3186 932 bonum
3213 892 3314 949 per
3332 876 3486 931 hunc
3510 880 3657 931 tuto-

2008 984 2126 1022 rern
2152 974 2205 1022 et
2231 968 2521 1022 doctorem
2550 966 2736 1021 fidelis
2760 967 2958 1038 pepuli
2985 966 3154 1037 longe
3187 966 3415 1038 lateque
3448 982 3656 1037 propa-

2005 1063 2205 1125 gatum
2242 1056 2556 1127 aspiciunt,
2590 1073 2658 1109 ne
2692 1074 2793 1127 pro
2826 1056 2933 1109 hac
2962 1072 3018 1109 re
3068 1055 3231 1126 quasi
3283 1056 3340 1109 in
3382 1056 3651 1109 tenebras

2005 1145 2277 1215 amplius,
2312 1146 2406 1199 ubi
2435 1162 2547 1199 non
2582 1152 2667 1199 est
2700 1143 3198 1214 praesentialucis,
3232 1145 3527 1199 offendant
3556 1144 3646 1196 3“.

2002 1234 2115 1288 Nec
2147 1251 2277 1288 vero
2300 1251 2444 1287 nova
2470 1235 2575 1287 fuit
2607 1233 2785 1303 hujus
2818 1234 3017 1286 mundi
3051 1233 3118 1267 ³9⁵
3174 1233 3515 1304 gubernatio
3548 1236 3652 1287 aut

2004 1328 2217 1377 sanctae
2269 1322 2366 1376 Dei
2426 1321 2689 1376 Ecclesia}
2736 1321 3057 1376 rectoribus
3112 1327 3281 1376 antea
3326 1323 3649 1388 inusitata;

2005 1411 2173 1479 cujus
2205 1409 2471 1480 exempla
2503 1408 2549 1461 si
2598 1409 2732 1479 quis
2782 1409 3113 1479 requisierit
3144 1411 3230 1475 3",
3291 1409 3348 1463 in
3377 1416 3649 1482 promptu

2004 1503 2141 1553 sunt
2172 1498 2257 1551 ³⁸⁷.
2293 1498 2409 1552 Nos
2439 1514 2571 1553 vero
2603 1498 2675 1553 ad
2728 1497 2842 1552 alia
2900 1497 3263 1567 festinantes,
3326 1500 3464 1571 quid
3498 1498 3653 1569 quis-

2004 1606 2117 1659 que
2140 1590 2205 1623 3”
2229 1590 2297 1643 de
2314 1589 2529 1661 piohoc
2548 1588 2668 1643 viro
2691 1588 3099 1660 loquatur,suo
3124 1587 3540 1659 ipsiusjudicio
3564 1606 3651 1643 re-

2003 1677 2358 1748 linquimus:
2388 1677 2657 1743 scientes,
2678 1678 2805 1733 sani
2839 1678 3050 1749 capitis
3083 1694 3210 1732 esse
3231 1676 3651 1748 neminem,qui

2004 1768 2219 1821 bonum
2272 1767 2777 1822 evidentissimum
2831 1765 2947 1821 ullo
3006 1766 3298 1821 maledicti
3343 1766 3653 1838 opprobrio

235 1861 294 1910 et
340 1855 637 1925 quidquid
674 1854 781 1955 hoc
832 1856 1003 1910 modo
1050 1856 1119 1893 ³⁸6
1176 1857 1574 1911 eiieminatum
1632 1861 1687 1911 et
1731 1856 1895 1911 inde-
1924 1892 1970 1955 Β
2006 1857 2231 1910 fuscare
2256 1856 2497 1910 nitatur.
2532 1855 2853 1911 Honestum
2892 1856 3046 1911 enim
3080 1862 3136 1910 et
3165 1854 3304 1909 utile
3333 1855 3399 1889 3”
3444 1860 3655 1910 nostra:

238 1960 379 1999 cens
437 1944 495 1997 in
556 1945 683 2012 ejus
734 1943 991 1999 Ecclesia
1046 1945 1361 2010 videretur,
1422 1962 1551 2000 vera
1608 1952 1663 1999 et
1719 1946 1890 2017 spiri-

235 2032 383 2088 tuali
416 2032 884 2099 circumcisione,
948 2034 1101 2103 quod
1160 2038 1246 2089 est
1300 2034 1531 2088 initium
1567 2034 1889 2106 sapientiae,

232 2122 705 2193 diligentissime
742 2122 1180 2189 abscideretur;
1246 2127 1311 2177 ut
1367 2123 1576 2178 divinis
1629 2124 1890 2178 ministe-

232 2212 338 2265 riis
368 2211 437 2247 ³⁸⁷
469 2226 693 2280 omnes,
714 2226 963 2281 quorum
995 2212 1051 2265 id
1085 2212 1792 2276 intererat,intentissime
1822 2212 1888 2247 ³⁸⁸

230 2299 563 2355 secundum
617 2300 911 2370 praeﬁxum
964 2300 1079 2354 sibi
1139 2300 1401 2371 regulam
1461 2302 1741 2368 viverent,
1784 2316 1889 2357 nec

230 2388 417 2444 aliam
450 2388 560 2443 sibi
591 2406 710 2444 suae
741 2388 949 2444 salutis
1006 2405 1245 2445 causam
1312 2389 1605 2445 ullatenus
1638 2390 1887 2446 aestima-

233 2482 396 2533 rent.

298 2568 394 2621 25.
430 2569 559 2620 Haec
588 2571 643 2621 et
672 2566 763 2621 his
796 2565 1017 2622 similia
1048 2583 1180 2621 cum
1216 2567 1563 2623 venerandis
1620 2569 1887 2640 patribus

226 2661 285 2711 ct
339 2655 480 2710 cleri
528 2656 617 2710 sui
667 2656 998 2711 senioribus
1048 2657 1320 2727 frequens
1368 2657 1507 2728 egit,
1568 2674 1784 2729 eosque
1827 2658 1885 2715 in

226 2745 501 2800 custodia
530 2744 817 2799 Dominici
862 2744 1055 2816 gregis
1104 2761 1304 2799 secum
1340 2746 1554 2815 pariter
1583 2746 1885 2817 invigilare

228 2834 525 2889 sollicitus
589 2833 931 2899 admonuit;
999 2838 1055 2888 et
1123 2834 1261 2905 quia
1317 2834 1487 2906 culpa
1554 2840 1884 2906 temporum

229 2925 571 2994 urgebatur.
598 2927 665 2977 ut
695 2922 884 2977 rarius
906 2923 1023 2977 haec
1048 2939 1180 2977 cum
1214 2922 1331 2979 illis
1353 2928 1549 2995 ageret
1578 2942 1756 2995 quam
1786 2943 1886 2981 vo-

228 3012 408 3081 lebat,
434 3010 745 3066 sollicitius
768 3012 978 3067 absens
1011 3028 1125 3066 non
1158 3012 1353 3067 minus
1380 3028 1556 3083 quam
1607 3030 1882 3085 praesens,

228 3101 442 3172 spiritu
466 3101 695 3155 fervens
714 3100 1058 3169 33°,Domino
1082 3101 1339 3155 serviens
1364 3101 1665 3157 aestuabat.
1708 3103 1887 3157 Erant

228 3190 280 3246 ei
303 3191 460 3245 foras
490 3191 559 3225 39°
589 3206 818 3261 pugnae,
850 3189 1009 3245 intus
1038 3190 1300 3244 timores.
1336 3191 1637 3262 Pugnabat
1684 3196 1887 3247 contra

224 3280 506 3351 luporum
527 3279 844 3334 Ecclesiam
877 3278 977 3333 Dei
1039 3280 1341 3334 devastare
1400 3261 1762 3352 cupientium
1797 3299 1881 3336 ra-
1915 3261 1957 3327 Ο

225 3366 707 3433 biem;timebat
768 3364 994 3420 Domini
1054 3366 1247 3421 ovium
1309 3366 1693 3437 simplicitati,
1734 3367 1886 3423 sicut

222 3456 585 3527 Apostolus:
628 3456 829 3518 Timeo,
860 3453 1076 3524 inquit,
1137 3472 1207 3510 ne
1257 3472 1480 3527 serpens
1536 3458 1679 3511 sicut
1718 3458 1885 3512 Evam

218 3546 454 3599 seduxit
481 3545 681 3598 astutia
708 3559 830 3613 sua,
854 3544 937 3597 ita
962 3559 1149 3598 sensus
1180 3545 1349 3598 vestri
1378 3548 1804 3616 corrumpantur
1850 3563 1883 3601 a

218 3633 598 3703 simplicitate,
622 3646 746 3702 quae
777 3635 854 3686 est
884 3633 942 3686 in
972 3631 1183 3687 Christo
1212 3634 1339 3688 Iesu.
1397 3635 1469 3703 (II
1525 3635 1645 3689 Cor.
1689 3650 1769 3700 x1,
1803 3635 1877 3705 3).

220 3722 309 3777 Ita
340 3720 652 3776 exercitato
683 3724 911 3791 pectore
941 3723 1145 3774 contra
1175 3721 1417 3775 adversa
1480 3722 1677 3776 omnia
1707 3724 1879 3777 robu-

221 3810 528 3865 stissimus
559 3813 683 3863 erat
711 3832 727 3873 -,
759 3807 817 3862 in
849 3809 1145 3880 prosperis
1176 3826 1407 3881 quoque
1469 3810 1602 3864 talis
1648 3811 1882 3867 animus

223 3899 472 3954 minime
507 3896 832 3963 vacillabat,
869 3898 1043 3953 rebus
1075 3915 1237 3968 atque
1269 3903 1326 3952 et
1358 3899 1577 3953 crebris
1609 3900 1881 3955 exercita-

220 3988 488 4044 tionibus
513 3988 726 4042 docens
748 4002 950 4041 omnes
973 3987 1673 4057 sibisubditos,sollicitos
1688 4006 1881 4044 serva-

222 4094 285 4131 re
335 4075 623 4131 unitatem
674 4073 917 4146 spiritus
967 4076 1025 4129 in
1066 4076 1295 4131 vinculo
1340 4077 1519 4148 pacis.
1572 4078 1745 4133 Visus
1793 4083 1882 4135 est

220 4164 512 4237 singulari
544 4163 646 4219 illa
678 4164 892 4219 mentis
924 4181 1041 4219 sua:
1072 4165 1332 4237 agilitate
1363 4183 1509 4236 pene
1560 4167 1880 4223 excessisse

216 4252 495 4327 generale
527 4252 693 4318 illud,
727 4269 843 4324 quo
876 4252 1112 4321 dicitur,
1138 4258 1414 4321 mentem,
1440 4272 1573 4309 cum
1601 4255 1879 4310 dividitur

217 4344 293 4398 ad
326 4341 680 4409 multa,fieri
702 4342 986 4397 minorem
1015 4344 1085 4397 ad
1108 4343 1360 4413 singula.
1429 4344 1677 4415 Cogente
1700 4344 1880 4415 igitur

214 4432 285 4468 ³⁸1
322 4430 614 4503 imperiali
646 4431 1014 4502 auctoritate,
1045 4432 1321 4502 suscepit,
1384 4436 1448 4485 ut
1497 4433 1621 4501 jam
1656 4432 1877 4487 dictum

217 4524 333 4588 est,
366 4523 618 4574 tractare
649 4518 879 4590 negotia
912 4520 1073 4591 regni
1124 4521 1278 4591 apud
1340 4519 1646 4575 Lotharios
1678 4521 1766 4574 392.
1812 4524 1879 4575 Et

2002 1945 2332 2015 reipublicae
2392 1946 2501 1999 fuit
2531 1961 2701 2001 omne
2734 1946 2886 2015 quod
2923 1945 3073 1999 fecit.
3108 1944 3297 1999 Factis
3348 1960 3480 1999 vero
3528 1944 3652 1998 suis

2003 2034 2157 2089 hunc
2190 2035 2362 2089 finem
2395 2051 2770 2105 nequaquam
2803 2032 3125 2103 constituit,
3158 2038 3221 2087 ut
3279 2032 3511 2087 nonnisi
3552 2048 3654 2104 per

2000 2122 2305 2177 hominum
2339 2139 2439 2177 ora
2471 2122 2723 2177 favorem
2757 2122 3044 2193 captando
3096 2120 3377 2187 volarent,
3436 2121 3536 2175 sed
3568 2122 3651 2175 ita

1999 2211 2154 2277 vixit,
2187 2211 2266 2266 ita
2297 2228 2471 2282 opera
2502 2228 2610 2267 sua
2640 2227 2835 2266 coram
2896 2210 3236 2265 hominibus
3280 2208 3645 2280 temperavit,

2000 2304 2063 2355 ut
2092 2300 2363 2371 pessimis
2385 2300 2629 2368 horrori,
2665 2300 2833 2355 bonis
2864 2304 3017 2355 esset
3046 2298 3283 2354 honore.
3318 2298 3419 2353 His
3450 2302 3645 2371 aperte

1998 2391 2220 2445 cunctis
2254 2390 2527 2457 innotuit,
2564 2390 2716 2461 quod
2750 2389 2809 2444 in
2840 2388 3177 2460 episcopatu
3240 2388 3458 2443 bonum
3498 2405 3645 2459 opus

1998 2479 2367 2549 desideravit,
2402 2478 2459 2533 in
2493 2496 2609 2550 quo
2644 2495 2749 2533 nec
2784 2480 2853 2533 ab
2887 2478 3100 2533 invidis
3148 2481 3204 2531 et
3262 2475 3487 2531 ramulis
3520 2478 3647 2533 suis

1998 2568 2162 2623 facile
2193 2570 2381 2639 potuit
2412 2568 2777 2639 reprehendi,
2812 2568 2925 2623 nisi
2976 2568 3082 2622 hoc
3133 2568 3326 2639 ipsum
3376 2565 3434 2621 in
3478 2564 3648 2621 laude

1997 2658 2125 2727 ejus
2156 2657 2341 2729 magis
2374 2658 2695 2728 proficeret,
2721 2658 2873 2728 quod
2909 2655 3120 2712 talibus
3152 2654 3502 2726 displiceret.
3530 2659 3649 2709 Hac

1996 2746 2175 2817 igitur
2206 2746 2451 2801 mirifica
2482 2747 2816 2818 operatione
2850 2747 3123 2800 detentus
3155 2742 3397 2817 pervigil
3426 2744 3644 2798 summi

1996 2834 2435 2906 patrisfamilias
2457 2840 2724 2905 operator
2737 2839 2791 2889 et
2814 2852 3083 2890 summus
3107 2832 3644 2906 praesulJucernam

1994 2925 2319 2987 ardentem,
2344 2924 2481 2979 boni
2504 2924 2768 2979 videlicet
2789 2924 2980 2994 operis
3012 2922 3328 2993 exemplar,
3362 2922 3420 2976 in
3455 2922 3641 2976 mani-

1995 3013 2105 3066 bus
2134 3013 2349 3081 ferens,
2385 3013 2456 3067 ad
2488 3028 2556 3068 ea
2586 3030 2712 3084 quae
2737 3011 2835 3067 Dei
2856 3017 2993 3067 sunt
3014 3011 3155 3067 alios
3180 3010 3432 3067 volentes
3455 3010 3639 3081 duxit,

1994 3099 2140 3155 alios
2170 3100 2432 3155 nolentes
2466 3102 2659 3156 traxit.

2062 3190 2151 3242 24.
2178 3189 2325 3259 (954)
2357 3189 2465 3244 Sed
2500 3189 2651 3244 inter
2680 3189 2802 3244 haec
2832 3188 3077 3243 humani
3122 3188 3351 3260 generis
3400 3186 3644 3258 antiqua

1996 3277 2179 3348 pestis
2212 3294 2324 3332 non
2358 3278 2603 3332 cessavit
2633 3278 2860 3331 invidia:
2895 3294 3012 3332 suae
3044 3276 3203 3331 virus
3224 3293 3326 3347 per
3356 3291 3529 3346 Opera
3562 3277 3641 3346 pii

1995 3367 2251 3421 doctoris
2275 3367 2399 3436 jam
2434 3366 2490 3419 in
2522 3367 2671 3420 bona
2696 3382 2796 3437 spe
2820 3364 3640 3437 germinantialongelatequs

1996 3454 2352 3526 dispergere.
2380 3458 2524 3508 Nam
2551 3471 2683 3509 cum
2704 3453 2957 3525 primum
2979 3453 3267 3509 Lotharici
3284 3453 3442 3525 regni
3464 3469 3643 3524 popu-

1993 3542 2087 3599 lus
2110 3543 2863 3615 multimodamagnihujus
2892 3541 2997 3598 viri
3028 3542 3424 3598 exhortatione
3452 3542 3520 3576 “’0
3548 3541 3643 3598 vix

1994 3633 2227 3688 tandem
2289 3633 2587 3701 inductus,
2639 3632 3041 3688 blandimenta
3088 3631 3246 3703 pacis
3307 3631 3473 3686 valde
3532 3631 3646 3687 sibi

1994 3722 2225 3777 insueta
2250 3727 2517 3788 tentaret,
2549 3726 2605 3777 et
2632 3722 2725 3777 his
2759 3722 2855 3794 qui
2911 3722 3034 3777 sola
3087 3720 3240 3777 civili
3284 3720 3648 3777 dissensione

1991 3815 2184 3866 tutum
2218 3812 2326 3867 sibi
2360 3811 2578 3882 aliquid
2613 3812 3054 3883 pollicebantur,
3109 3828 3414 3866 assensum
3466 3811 3521 3864 in
3554 3810 3646 3866 sui

1994 3900 2309 3971 perniciem
2341 3917 2408 3955 ex
2441 3906 2602 3972 parte
2640 3901 2889 3972 plurima
2946 3902 3198 3972 prabere
3226 3902 3292 3938 m
3324 3904 3639 3971 respueret,

1991 4007 2141 4044 saeva
2171 3990 2497 4061 Ungrorum
2540 4006 2702 4059 gens,
2754 3996 2810 4045 et
2851 3990 3087 4061 qualem
3150 4005 3453 4059 nunquam
3484 3994 3640 4042 terra

1991 4084 2193 4133 nostra
2218 4078 2403 4131 sensit
2424 4079 2774 4143 barbariem,
2799 4095 2831 4131 a
2851 4078 3135 4147 perversis
3167 4076 3357 4131 illecta
3386 4075 3630 4147 civibus,

1989 4167 2252 4220 transitis
2284 4166 2604 4220 Germanize
2639 4168 2705 4201 ‘0’
2738 4166 3033 4235 plerisque
3054 4163 3386 4235 provinciis,
3412 4162 3634 4235 Galliae,

1989 4254 2080 4308 cui
2106 4254 2231 4323 jam
2259 4252 2397 4307 olim
2434 4252 2645 4307 nobilis
2696 4253 3049 4306 Francorum
3102 4251 3350 4322 populus
3396 4250 3630 4317 insedit,

1988 4342 2185 4398 omnia
2208 4342 2353 4395 ferro
2374 4345 2431 4395 et
2453 4340 2685 4412 ignibus
2705 4346 3001 4395 vastatura
3022 4355 3083 4395 se
3114 4346 3294 4394 totam
3320 4338 3550 4393 infudit.
3570 4340 3631 4393 In

1989 4431 2095 4486 hac
2129 4430 2248 4485 acie
2277 4430 2493 4493 Cuono,
2519 4430 2617 4499 qui
2646 4429 2808 4499 prius
2830 4429 2896 4462 “’3
2916 4430 3034 4483 dux
3056 4434 3179 4483 erat
3198 4428 3631 4499 egregius,cum

1989 4520 2112 4575 suis
2145 4517 2494 4589 sequacibus
2529 4516 2797 4571 militavit
2816 4548 2884 4557 —-
2906 4521 3101 4572 utrum
3126 4518 3198 4572 ad
3229 4516 3357 4584 hoc,
3411 4518 3473 4569 ut
3501 4515 3631 4569 odio

217 4626 361 4665 cum
415 4607 734 4679 unicuique
791 4609 863 4663 de
922 4608 1287 4679 principibus
1346 4614 1403 4663 et
1436 4609 1880 4681 magistratibus
1911 4629 1957 4693 D
1990 4626 2118 4677 suo,
2145 4607 2373 4680 quodin
2393 4606 2583 4661 virum
2615 4605 2715 4661 Dei
2740 4606 3071 4661 Brunonem
3095 4606 3263 4661 bonis
3286 4610 3437 4661 certe
3469 4621 3631 4658 man-

220 4712 402 4753 suum
435 4697 752 4769 partiretur
777 4713 927 4752 onus
956 4697 1044 4766 3’3,
1079 4697 1396 4768 unicuique
1421 4698 1531 4752 sibi
1554 4712 1881 4770 congruum

217 4786 543 4858 imperaret
573 4800 743 4856 opus,
775 4785 920 4840 nihil
950 4790 1144 4839 tamen
1178 4790 1322 4855 erat,
1383 4786 1538 4857 quod
1599 4804 1713 4841 non
1755 4787 1881 4859 ipse

216 4875 452 4943 obiret;
486 4874 595 4930 hoc
617 4873 873 4929 maxima
902 4872 1131 4929 consilii
1187 4874 1489 4930 vivacitate
1546 4876 1877 4946 providens,

219 4964 381 5036 quod
416 4963 694 5019 omnibus
725 4963 1039 5033 expediret.

288 5052 381 5107 23.
406 5052 742 5109 Causantur
773 5051 917 5106 forte
948 5051 1130 5123 aliqui
1163 5052 1372 5107 divina
1424 5052 1882 5122 dispensationis

1993 4698 2393 4753 suetissimum
2417 4695 2901 4767 conceperat,hazc
2924 4696 3073 4750 foeda
3096 4694 3437 4750 crudelitate
3458 4692 3635 4748 satis-

1991 4788 2221 4856 faceret,
2254 4803 2328 4841 an
2360 4789 2425 4841 ut
2453 4785 2667 4857 quibus
2698 4789 2895 4856 posset
2924 4784 2984 4839 in
3015 4788 3176 4840 tanto
3208 4783 3465 4856 periculo
3495 4783 3636 4837 sub-

1988 4876 2229 4945 veniret,
2259 4876 2584 4939 incertum;
2621 4874 2721 4928 sed
2754 4872 2895 4927 illud
2930 4874 3092 4944 prius
3144 4873 3322 4928 latius
3366 4872 3636 4945 opinione

1993 4965 2438 5021 disseminatum
2498 4968 2603 5019 est.
2664 4962 2808 5017 Nam
2883 4966 2940 5017 et
3016 4967 3218 5017 contra
3288 4979 3423 5017 eum
3490 4963 3639 5015 dura

1993 5062 2236 5124 quaeque
2268 5051 2687 5119 fraudulenter,
2722 5051 2861 5122 quia
2889 5051 3039 5108 vires
3069 5052 3415 5117 defecerant,
3450 5054 3635 5104 tenta-

1579 5149 1839 5205 VARLZE
1871 5150 2173 5206 LECTION
2185 5152 2283 5207 ES.

286 5239 354 5277 ⁸⁷9
388 5238 446 5293 in
479 5240 625 5310 p.»2.
658 5236 710 5291 3.

210 5310 281 5344 ³⁸⁵
311 5310 371 5366 h.
406 5308 498 5365 mf
519 5308 719 5365 desunt
737 5308 793 5361 3.

205 5382 278 5416 ³⁹²
309 5380 630 5437 lotharicos
659 5379 714 5431 2.
748 5378 800 5431 3.

794 5236 862 5271 39°
892 5253 1125 5307 operam
1158 5240 1208 5291 2.
1289 5238 1355 5273 3‘“
1390 5255 1634 5307 superos
1662 5239 1721 5292 L.

869 5308 935 5380 3°?
968 5308 1259 5380 mysteriis
1290 5311 1343 5364 3.
1420 5310 1462 5380 3?

877 5379 943 5413 ³³³
1005 5379 1057 5434 of.
1119 5397 1176 5433 u.
1238 5397 1285 5435 s.
1338 5397 1389 5435 c.
1449 5379 1487 5433 i.
1545 5379 1737 5435 desunt
1795 5383 1847 5435 3.

1588 5255 1641 5319 is
1662 5239 1721 5292 L.
1771 5238 2026 5319 Af’ﬁ’ejus

1543 5309 1993 5380 diligentissime
2044 5312 2103 5364 L.
2181 5309 2249 5343 33°
2308 5312 2508 5364 fruens
2568 5310 2619 5365 4.
2698 5313 2757 5346 39‘

1545 5380 1737 5435 desunt
1795 5383 1847 5435 3.
1925 5378 2343 5435 39‘offenditl.
2378 5382 2757 5438 offendunti.

2647 5240 2715 5273 33"
2748 5239 3076 5294 theofebian
3107 5239 3160 5293 4.
3235 5238 3303 5272 ³⁸⁵
3334 5236 3544 5291 diversi
3580 5237 3631 5290 1·

2698 5313 2766 5346 ³⁹ο
2822 5311 2962 5366 foris
3018 5315 3068 5365 2.
3132 5311 3182 5366 3.
3262 5310 3328 5344 3‘“
3363 5308 3530 5363 deest.
3575 5308 3630 5377 3;

2835 5384 2903 5417 3”
2960 5381 3295 5452 hujusmodi
3328 5381 3382 5434 3.
3461 5380 3530 5415 3“
3581 5386 3629 5434 s1

2189 5238 2257 5273 ³⁸³
2290 5238 2489 5292 dilexit
2518 5241 2569 5294 4.

2181 5308 2249 5343 ³⁸9
2308 5312 2508 5364 fruens
2568 5310 2619 5365 4.

212 5453 498 5528 quesierit
516 5453 571 5506 3.
650 5450 718 5483 ³⁹⁷
745 5449 833 5528 hic
924 5450 1076 5504 addit
1091 5466 1121 5528 _:_
1145 5450 1325 5528 Nemo
1357 5450 1537 5521 igitur
1564 5467 1744 5528 super
1776 5450 1883 5505 hac
1902 5449 2355 5528 ‘rehculpabilem
2390 5468 2523 5528 eum
2548 5452 2737 5528 dicat,
2763 5471 2895 5508 cum
2928 5449 3255 5528 Samuelem
3279 5456 3549 5528 sanctum
3572 5454 3629 5505 et

212 5518 357 5581 alies
389 5523 594 5596 plures
610 5520 952 5596 sacerdotes
982 5520 1202 5596 pariter
1226 5518 1491 5593 legamus
1523 5526 1579 5575 et
1601 5518 1831 5596 judiees
1863 5518 2267 5596 ethDaniel-em

2360 5521 2659 5590 rophetam
2710 5526 2857 5579 duos
2915 5525 3245 5581 sacerdotes
3277 5525 3346 5579 ad
3381 5529 3627 5578 mortem

211 5596 346 5650 dam
354 5588 578 5667 ρήωςεθ
610 5588 1018 5667 legamus._$cii
1034 5592 1131 5667 [ioc
1150 5588 1411 5667 αἰρδδέγηα
1438 5596 1516 5646 est
1538 5588 1744 5667 partim
1775 5608 1843 5667 ea;
1881 5588 2207 5667 nfidulgigzdo
2240 5588 2394 5667 1,317,
2427 5588 2877 5667 haustugn,_quoil
2905 5602 2958 5651 2.
3009 5599 3170 5651 solito
3226 5612 3374 5652 more
3421 5598 3479 5667 in
3517 5599 3631 5667 tea:-

216 5684 308 5722 am
338 5660 561 5739 fecepitj
636 5662 710 5739 f’”
743 5660 874 5739 quis
903 5664 953 5739 3,

510 5737 581 5771 ‘01
616 5731 765 5788 deest
793 5731 844 5783 3.
921 5732 990 5767 ⁴⁰²
1020 5732 1085 5787 G.
1120 5736 1175 5787 et
1204 5750 1261 5805 p.
1296 5750 1352 5804 p.
1386 5734 1438 5788 3.
1517 5733 1583 5766 ⁴⁰³
1607 5732 1740 5803 pius
1762 5732 1812 5786 4ο

217 5742 343 5796 ctus
374 5740 430 5794 3.

1032 5662 1099 5696 399
1130 5662 1276 5717 uelle
1305 5678 1447 5718 corr'
1484 5662 1625 5716 utile
1658 5662 1707 5715 1.
1741 5661 1882 5716 eelle
1908 5663 1966 5716 2.

2054 5660 2119 5695 ⁴⁰⁰
2148 5662 2507 5718 exortatione
2538 5662 2589 5718 4.
2626 5660 2802 5735 huius
2834 5668 3244 5726 exercitatione
3298 5684 3352 5723 ν.
3382 5670 3426 5721 t.
3460 5665 3627 5720 indo-
