3970 6212
362 341 481 403 959

1331 351 1395 414 S.
1442 350 1841 416 BRUNONIS
1886 352 2397 418 COLONIENSIS
2443 358 2809 423 ARCHIEP.

3665 362 3791 427 960

362 474 466 566 vit,
496 474 579 532 ita
617 480 682 532 ut
729 477 972 550 Mettim,
1032 480 1236 538 urbem
1292 482 1819 557 opulentissimam,
1875 486 2004 542 dolo
2034 485 2392 552 Atraditam
2426 508 2460 547 a
2514 492 2682 548 beato
2734 492 2900 549 Petro
2956 491 3219 566 apostolo
3276 510 3485 551 sanam
3547 512 3788 555 servare

365 563 681 632 invaderet,
714 567 825 638 ipsi
859 570 1105 625 Coloniae
1132 576 1188 626 et
1219 573 1437 629 emeris
1466 576 1624 648 regni
1675 577 2011 633 munitioni-

366 654 480 710 bus
514 662 850 728 suspectum
885 675 945 713 se
989 659 1213 733 faceret,
1262 664 1474 734 probra
1521 667 1789 735 jactaret,
1826 666 2014 722 minas

367 743 705 799 etfunderet.
743 746 809 800 Et.
842 752 1041 818 postea
1071 748 1501 820 aliquantulum
1533 754 1600 814 {0‘
1642 756 1923 827 temporis
1955 756 2013 810 in

367 832 479 887 hac
506 833 705 889 eadem
740 852 857 906 qua
887 838 1109 893 dudum
1134 845 1257 894 erat
1278 841 1645 898 immanitate
1671 844 2012 915 permansit.

368 920 521 977 Nihil
547 922 780 994 reliquit
802 925 1297 1000 intentatum,quo
1315 931 1572 987 t'mdusin
1587 932 1800 1004 populo
1818 938 2014 988 nostro

365 1026 467 1081 per
496 1011 842 1082 sapientiam
900 1015 1152 1072 doctoris
1197 1019 1287 1072 sui
1340 1026 1575 1091 pactum
1608 1021 1923 1078 dissolvere
1954 1038 2017 1077 se

366 1115 536 1171 posse
566 1104 814 1171 putaret.
843 1103 1026 1160 Homo
1059 1123 1313 1179 namque
1330 1114 1454 1165 erat
1483 1111 1657 1181 paulo
1688 1116 1822 1167 ante
1855 1129 2015 1166 sum-

368 1202 465 1241 ma
491 1190 752 1259 potentia
780 1209 1131 1265 summaque
1164 1196 1415 1261 fortuna,
1449 1200 1549 1253 sed
1582 1200 1840 1270 ignarus,
1877 1216 2017 1270 quo-

368 1275 541 1331 modo
575 1280 848 1336 secundis
882 1283 1056 1338 rebus
1088 1284 1170 1339 uti
1190 1286 1541 1343 conveniret.
1569 1292 1684 1343 Ilas
1714 1289 2019 1359 quoniam,

365 1369 678 1437 postquam
711 1369 932 1425 abusus
951 1376 1058 1437 est,
1079 1374 1352 1444 perdidit,
1378 1376 1434 1431 in
1490 1378 1673 1432 bonos
1715 1377 1868 1432 ultra
1897 1394 2019 1433 mo-

373 1454 516 1508 dum
554 1455 868 1527 impatiens
899 1461 1082 1516 saaviit
1111 1463 1216 1528 ‘05;
1248 1464 1348 1519 sed
1380 1483 1414 1519 a
1445 1466 1681 1521 nefariis
1708 1466 1832 1521 suis
1854 1483 2023 1522 cona-

376 1542 536 1598 tibus
563 1561 812 1617 semper,
839 1548 920 1604 ita
949 1550 1064 1605 Deo
1096 1551 1492 1623 dispensante,
1527 1554 1796 1625 repulsus
1818 1562 1926 1623 est,
1960 1563 2023 1613 ut

372 1629 481 1687 hoc
511 1648 645 1689 eum
680 1652 794 1691 non
829 1636 1029 1694 leviter
1053 1642 1375 1710 paeniteret,
1404 1645 1557 1715 quod
1582 1661 1860 1717 magnum
1886 1645 2021 1700 faci-

373 1736 486 1775 nus
517 1726 681 1777 tanta
703 1723 936 1782 levitate
968 1745 1278 1801 aggressus
1309 1738 1417 1788 est.

442 1811 534 1867 25.
568 1811 829 1884 Pepercit
859 1821 1054 1872 autem
1087 1819 1144 1874 in
1179 1821 1452 1877 omnibus
1512 1823 1799 1879 sacerdoti
1831 1840 1937 1879 suo
1967 1826 2025 1877 et
2056 1860 2103 1924 B

442 1914 466 1924 Α
501 1900 780 1924 ...ι--.2--..3
817 1920 941 1924 __A_.
973 1904 1010 1924 1ο
1150 1908 1160 1918 ο
1290 1910 1300 1920 ο
1408 1911 1417 1921 ι
1651 1916 1660 1924 .
1782 1912 1794 1924 ο
1941 1917 1949 1924 .

374 1896 468 1968 pio
501 1900 782 1970 provisori
813 1904 1011 1975 populi
1072 1908 1160 1963 sui
1223 1910 1555 1967 misericors
1613 1916 1669 1967 et
1718 1912 2028 1968 miserator

372 1984 679 2061 Dominus,
710 1994 768 2046 et
796 1992 875 2048 ita
903 1995 1101 2052 omnia
1130 1998 1439 2067 ordinavit,
1464 2005 1530 2056 ut
1549 2003 1773 2074 absque
1795 2000 1947 2057 bello
1969 2005 2026 2056 et

371 2074 633 2134 humana
649 2081 902 2151 pernicie
925 2085 1181 2142 maxima
1201 2104 1351 2161 saepe
1372 2090 1632 2161 pericula
1657 2092 2024 2147 sedarentur.

375 2164 529 2220 Inter
559 2184 686 2238 quae
721 2170 1054 2243 frequenter
1082 2175 1205 2247 ipse
1237 2177 1537 2235 interritus
1577 2185 1678 2236 aut
1708 2198 1905 2236 secum
1940 2182 2022 2236 in-

371 2256 567 2311 tentus
590 2255 748 2329 legit,
780 2265 882 2317 aut
908 2261 979 2317 de
1004 2264 1275 2323 maximis
1294 2268 1626 2341 quibusque
1649 2270 2020 2342 rebus,quasi

373 2359 647 2400 curarum
674 2347 1020 2406 instantium
1041 2353 1293 2422 nescius,
1318 2356 1658 2428 disputavit.
1684 2364 1800 2414 Hoc
1816 2360 2018 2415 Treve-

374 2431 509 2497 rim,
541 2432 650 2488 hoc
681 2434 739 2487 in
769 2435 1010 2494 Alisatio
1054 2443 1325 2511 gentibus
1364 2450 1420 2499 et
1465 2446 1698 2518 p0pulis
1742 2448 2015 2515 innotuit,

375 2524 598 2591 quanta
628 2525 955 2580 constantia
1000 2531 1057 2582 et
1103 2532 1410 2587 securitate
1460 2534 1641 2590 animi
1697 2536 1787 2591 sui
1816 2536 2017 2591 incon-

374 2612 599 2663 stantes
639 2613 694 2664 et
723 2614 1061 2671 temerarios
1090 2617 1558 2679 adversariorum
1593 2629 1787 2680 motus
1819 2626 2019 2681 redar-

373 2696 521 2767 guit,
546 2713 677 2752 cum
701 2702 926 2772 eos,qui
944 2703 1001 2758 in
1024 2704 1228 2763 alienis
1249 2726 1311 2764 se
1328 2710 2017 2784 fortissimosjactabant,

375 2784 435 2840 in
474 2786 725 2858 propriis
773 2795 892 2847 tam
940 2792 1261 2853 imbecilles
1328 2815 1456 2855 esse
1519 2803 1903 2859 monstrabat.
1950 2805 2020 2859 Et

377 2890 573 2929 revera
605 2892 751 2949 quos
778 2878 941 2936 nulla
970 2898 1229 2955 unquam
1258 2887 1431 2956 acies,
1483 2888 1646 2946 nulla
1702 2892 1923 2948 inﬂexit
1953 2893 2020 2928 ⁸0⁸

377 2963 683 3037 asperitas,
715 2965 825 3023 hos
855 2968 1032 3041 hujus
1063 2973 1168 3028 viri
1202 2976 1385 3047 pietas
1419 2978 1681 3036 imbelles
1703 2984 1761 3035 et
1780 2981 2019 3038 timidos

377 3050 643 3108 faciebat.
694 3054 949 3114 Consilio
998 3077 1253 3134 namque
1299 3070 1356 3120 et
1400 3067 1684 3123 bonorum
1712 3069 2016 3125 hominum

377 3140 775 3212 multitudine,
811 3163 923 3202 non
958 3149 1182 3207 saevitia
1230 3152 1531 3212 timendus
1586 3157 1734 3227 fuit;
1766 3166 1823 3214 et
1863 3159 2017 3231 quod

2128 578 2309 649 (l938)
2328 580 2675 645 doctrinam,
2700 580 2996 637 catholicae
3019 582 3150 638 ﬁdei
3181 582 3537 656 integritate,
3568 586 3630 641 in
3653 604 3790 643 vera

2125 669 2489 724 confessione
2545 674 2602 724 et
2657 670 2982 727 inviolabili
3050 672 3288 727 veritate
3348 674 3787 745 pradicationis

2126 758 2277 813 uniri
2301 776 2313 813 :
2339 760 2675 831 synodicam
2705 775 2871 816 suam
2905 761 3215 833 epistolam
3235 779 3337 834 per
3357 763 3784 833 Hadamarum,

2124 848 2512 904 venerabilem
2538 850 2878 905 monasterii
2905 850 3211 907 Fuldensis
3228 852 3782 924 abbatem,ltomam

2125 937 2196 991 ad
2228 938 2561 1008 Agapitum,
2596 939 2753 992 mirae
2785 939 3117 994 sanctitatis
3146 957 3379 1011 papam,
3431 941 3689 1007 direxit;
3724 945 3783 1001 in

2127 1042 2262 1097 qua,
2297 1028 2467 1097 cujus
2497 1027 2745 1098 spiritus
2777 1033 2954 1095 esset,
2977 1033 3035 1084 et
3064 1028 3203 1100 quia
3233 1035 3436 1101 pastor
3464 1032 3539 1086 ab
3573 1032 3783 1089 ovibus

2127 1114 2370 1182 electus,
2402 1133 2435 1170 a
2467 1116 2715 1172 Domino
2746 1117 2963 1173 missus
2993 1122 3167 1188 esset,
3190 1118 3468 1175 innotuit.
3502 1121 3783 1193 Appella-

2128 1208 2342 1274 tusque
2364 1208 2452 1259 est
2472 1205 2551 1259 ibi
2575 1222 2814 1261 concors
2831 1211 2888 1261 et
2914 1206 3167 1262 concivis
3189 1206 3783 1281 apostolorum,prin-

2130 1309 2264 1364 ceps
2289 1294 2356 1328 ‘09
2377 1311 2442 1349 ac
2464 1296 3055 1367 prepagatorDomini
3072 1299 3781 1370 praeceptorumLegatus

2131 1382 2265 1436 inde
2291 1398 2421 1437 cum
2456 1398 2668 1454 magna
2726 1385 2938 1439 mentis
2996 1383 3295 1440 alacritate
3354 1402 3647 1456 reversus,
3690 1388 3783 1459 pio

2132 1471 2372 1543 pastori,
2405 1472 2497 1525 cui
2530 1472 2771 1528 antehac
2801 1472 2989 1543 gratia
3018 1473 3118 1528 Dei
3151 1472 3428 1529 collatum
3459 1478 3553 1530 est
3574 1492 3781 1532 secun-

2132 1560 2271 1613 dum
2305 1559 2646 1630 prophetam
2678 1561 2868 1616 oleum
2900 1561 3098 1632 gaudii
3144 1563 3234 1631 “0,
3294 1579 3398 1634 pro
3445 1562 3610 1619 luctu
3654 1567 3781 1636 (Ιδα.

2132 1665 2242 1715 LxI,
2275 1650 2328 1719 3)
2360 1653 2499 1704 tunc
2529 1649 2723 1705 attulit
2750 1649 2992 1722 pallium
3024 1650 3215 1706 laudis
3247 1668 3351 1723 pro
3383 1653 3595 1724 spiritu
3640 1671 3781 1710 mas-

2132 1738 2300 1792 roris.
2354 1739 2606 1810 Spiritus
2663 1756 2917 1811 namque
2965 1740 3066 1795 Dei
3124 1740 3361 1796 cordate
3420 1740 3669 1811 homini,
3728 1747 3785 1799 et

2134 1828 2481 1882 sacramenti
2528 1828 2597 1863 ⁴¹¹
2650 1827 2828 1898 hujus
2869 1828 3189 1901 magnificae
3249 1828 3449 1885 virtuti
3480 1832 3553 1866 “5'
3588 1832 3781 1904 magis

2134 1932 2311 1987 quam
2344 1916 2437 1971 his
2468 1934 2594 1988 quae
2616 1917 2923 1973 visibiliter
2944 1919 3297 1989 gerebantur
3322 1918 3784 1987 intento,divini-

2133 2009 2228 2059 tus
2260 2005 2583 2077 inspiravit,
2618 2011 2682 2060 ut
2728 2007 2975 2078 erigeret
3021 2023 3120 2061 cor
3153 2023 3326 2063 suum
3372 2007 3430 2062 in
3480 2025 3652 2079 spem
3674 2026 3783 2081 per

2134 2095 2201 2128 “3
2227 2094 2508 2166 gaudium
2537 2095 2859 2166 spirituale,
2896 2110 2966 2150 ne
3002 2096 3332 2151 tristaretur
3378 2096 3437 2151 in
3494 2113 3561 2152 eo
3594 2114 3779 2167 quem

2131 2183 2316 2239 sensit
2355 2183 2661 2240 imminere
2711 2183 2992 2239 laborem.
3051 2186 3157 2241 Cor
3209 2186 3377 2254 enim,
3429 2186 3571 2257 quod
3628 2189 3783 2241 novit

2128 2272 2557 2327 amaritudinem
2586 2274 2797 2328 animae
2820 2289 2950 2341 sua),
2980 2275 3040 2327 in
3057 2273 3264 2345 gaudio
3293 2273 3411 2344 ejus
3436 2291 3550 2329 non
3578 2276 3775 2329 misce-

2128 2361 2277 2415 bitur
2330 2366 2622 2416 extraneas
2672 2362 2851 2431 (Prov.
2914 2379 3028 2429 xxv,
3104 2363 3213 2431 40).
3287 2361 3602 2433 Sapientiae
3662 2362 3780 2418 haec

2124 2450 2301 2505 verba
2330 2453 2486 2505 sunt.

2196 2540 2286 2594 27.
2322 2539 2570 2611 Legatus
2601 2554 2759 2610 ergo,
2792 2542 2853 2593 ut
2901 2538 3056 2610 loqui
3112 2540 3420 2612 cmpimus,
3481 2539 3671 2595 Roma
3699 2557 3778 2596 re-

2127 2627 2315 2699 diens,
2342 2628 2563 2683 bonum
2596 2628 2869 2683 nuntium
2911 2627 3207 2683 Coloniam
3238 2628 3387 2684 ferre
3415 2628 3778 2697 acceleravit,

2128 2722 2368 2790 portans
2391 2733 2624 2771 sacrum
2648 2716 2915 2772 habitum
2929 2717 3001 2772 ab
3024 2716 3341 2772 universali
3357 2718 3635 2789 pontifice
3648 2718 3782 2773 mis-

2129 2823 2283 2877 sum,
2306 2806 2759 2876 pretendentem
2786 2808 2995 2879 jugum
3027 2806 3261 2862 Domini
3311 2822 3487 2862 suave
3545 2811 3606 2861 et
3635 2822 3780 2862 onus

2128 2895 2257 2967 ejus
2279 2894 2419 2961 leve,
2445 2900 2502 2950 et
2532 2895 2729 2967 ipsum
2752 2896 2907 2967 quod
2942 2896 3052 2951 sub
3071 2911 3138 2950 eo
3159 2894 3539 2966 dispensatur
3560 2894 3783 2951 humile

2129 2983 2704 3055 ministerium,quod
2732 2984 2901 3038 verba
2921 2982 3154 3039 Domini
3180 2987 3475 3039 testantur
3499 2983 3782 3040 dicentis:

2130 3074 2233 3141 Qui
2248 3073 2427 3144 major
2452 3081 2533 3129 est
2559 3077 2816 3140 vestrum,
2834 3074 2943 3128 erit
2981 3073 3235 3127 minister
3275 3076 3454 3128 vester
3493 3073 3691 3143 (Marc.
3722 3088 3782 3139 x,

2131 3164 2222 3230 43)
2243 3181 2254 3230 ;
2282 3164 2471 3217 ferens
2492 3161 2667 3217 simul
2684 3161 2961 3233 reliquias
2983 3162 3054 3217 de
3070 3161 3303 3234 proprio
3324 3177 3566 3234 corpore
3595 3162 3783 3218 sancti

373 3245 545 3286 nemo
579 3231 830 3323 hostium
860 3240 981 3292 tam
1014 3240 1221 3297 acriter
1250 3242 1527 3316 vigilabat
1578 3248 1649 3302 ad
1680 3225 2018 3319 perniciem,
2052 3225 2094 3291 Ε
2134 3225 2503 3307 Pantaleonis
2534 3225 2893 3323 martyris-et
2923 3225 3292 3322 privilegium
3324 3225 3661 3321 apostolicae
3692 3267 3789 3307 su-

375 3335 551 3390 quam
583 3321 708 3393 ipse
728 3324 798 3380 ad
832 3327 1104 3386 salutem.
1131 3331 1308 3388 Fama
1325 3338 1519 3391 autem
1545 3340 1603 3392 et
1625 3337 2020 3396 multitudinis

364 3408 592 3478 judicio
624 3412 938 3473 minimum
973 3426 1164 3475 motus
1190 3426 1279 3476 est
1313 3440 1458 3489 ;suo
1483 3425 1596 3481 sibi
1621 3427 1846 3498 judicio
1877 3446 2018 3485 usus

375 3500 482 3568 est,
517 3504 574 3555 et
604 3500 660 3555 in
694 3518 810 3574 quo
842 3510 998 3561 recta
1027 3509 1313 3578 probavit,
1347 3529 1463 3568 non
1497 3518 1560 3568 ut
1590 3516 1723 3583 sibi,
1757 3519 1858 3573 sed
1911 3523 2020 3574 Deo

374 3584 645 3658 placeret,
697 3593 933 3663 optavit.
983 3594 1183 3668 Itaque
1227 3630 1296 3638 —
1359 3606 1424 3655 ut
1470 3603 1673 3673 paucis
1722 3606 1788 3647 ι⁰⁷
1834 3606 2022 3662 multa

375 3676 891 3769 comprehendam,
937 3682 1107 3753 plura
1149 3688 1508 3744 omittam—
1562 3692 1723 3748 intus
1772 3699 1828 3749 et
1859 3695 2019 3762 foris,

377 3762 536 3852 domi
567 3762 901 3841 militiaaque
924 3770 1251 3831 indefessus
1269 3779 1495 3835 Domini
1521 3780 2021 3852 praellator,animi

378 3848 512 3944 plus
543 3868 720 3944 quam
750 3859 1011 3930 corporis
1036 3862 1257 3920 viribus
1288 3867 1491 3923 tandiu
1521 3848 1724 3927 contra
1748 3872 2021 3944 pestilen-

379 3942 466 3995 tes
488 3944 545 3995 et
564 3941 857 4015 inquietos
880 3952 1228 4024 tantumque
1246 3954 1375 4011 vitae
1405 3958 1582 4014 etiam
1613 3977 1732 4016 suae
1749 3941 2020 4032 plerum-

378 4045 491 4121 que
520 4032 777 4103 periculo
824 4038 1153 4107 decertavit,
1201 4048 1267 4099 ut
1318 4047 1571 4104 nominis
1631 4066 1865 4121 quoque
1893 4050 2022 4120 ejus

379 4117 554 4210 fama,
605 4137 914 4196 quousque
962 4132 1245 4205 pervenit,
1306 4135 1460 4192 bella
1518 4117 1784 4207 sedaret,
1820 4117 2019 4210 pacem

375 4206 673 4277 formaret,
696 4215 957 4272 studium
979 4216 1037 4273 in
1063 4221 1337 4279 omnibus
1368 4224 1538 4282 bonis
1569 4228 1792 4283 artibus
1820 4206 2020 4284 tirma-

378 4299 483 4368 ret,
509 4305 720 4440 sanctas
751 4304 1051 4377 religionis
1080 4315 1137 4364 et
1164 4311 1475 4369 salutifera;
1529 4315 1744 4387 quietis
1774 4317 2020 4388 gratiam

378 4401 511 4440 amn
541 4394 705 4440 taret.

376 4387 705 4457 ampliaret.

446 4476 536 4531 26.
565 4479 848 4541 Quoniam
882 4482 1060 4556 igitur
1079 4486 1319 4545 humilis
1342 4491 1451 4546 iste
1480 4491 1900 4564 philocbristus
1955 4494 2021 4530 ⁴⁰⁸

2129 3340 2439 3396 blimitatis
2469 3340 2809 3395 auctoritate
2824 3339 3106 3396 traditum
3128 3356 3141 3407 ;
3167 3355 3280 3410 quo
3301 3343 3359 3395 et
3378 3340 3587 3395 eodem
3610 3338 3784 3412 pallio

2132 3434 2339 3503 praeter
2369 3428 2853 3485 consuetudinem
2885 3428 3159 3484 sacerdos
3192 3427 3418 3483 Domini
3449 3429 3685 3499 quoties
3715 3430 3789 3465 ιιι

2130 3518 2300 3574 vellet
2326 3517 2492 3573 indui
2524 3518 2871 3590 permissus,
2900 3522 2967 3572 ut
2997 3516 3291 3573 concessis
3346 3516 3630 3573 omnibus
3661 3534 3784 3589 qua:

2131 3610 2495 3680 petebantur,
2519 3623 2638 3678 prm
2659 3607 2728 3649 ‘1‘
2760 3606 3167 3678 magnitudine
3195 3605 3428 3661 virtutis
3462 3611 3523 3661 et
3551 3607 3784 3679 sapien-

2128 3698 2221 3752 tiae
2252 3696 2311 3752 in
2342 3695 2753 3768 participatum
2784 3697 2914 3765 ejus
2943 3696 3135 3766 aperis
3167 3699 3226 3750 et
3254 3710 3432 3767 prope
3461 3696 3523 3750 in
3546 3712 3787 3752 conses-

2131 3802 2262 3842 sum
2281 3790 2453 3841 tantse
2474 3784 2779 3857 dignitatis
2801 3784 3098 3840 admissus
3117 3788 3227 3840 est.
3254 3784 3594 3855 Properavit
3610 3784 3674 3839 in
3691 3801 3789 3841 oc-

2130 3890 2369 3930 cursum
2393 3872 2666 3945 ejuslaeta
2678 3871 3449 3944 civitas,undiquejubilans
3462 3873 3788 3929 multitudo

2131 3963 2382 4021 accurrit
2408 3980 2420 4028 ;
2456 3965 2853 4018 convenerunt
2882 3962 2942 4017 in
2964 3961 3245 4018 suburbio
3268 3978 3448 4034 prope
3469 3962 3787 4034 antiquum

2131 4052 2347 4119 locum,
2381 4051 2478 4107 ubi
2507 4050 2750 4106 ecclesia
2770 4050 3035 4121 ejusdem
3068 4049 3307 4121 pretiosi
3338 4050 3619 4123 martyris
3640 4056 3787 4119 erat,

2130 4140 2355 4197 inculta
2384 4140 2574 4195 adhuc
2602 4145 2659 4194 et
2690 4140 2872 4195 ruinae
2912 4140 3198 4212 proxima.
3233 4138 3317 4193 Ibi
3350 4139 3619 4211 deposita
3651 4145 3792 4197 sunt

2131 4235 2302 4304 grata
2328 4246 2525 4297 onera,
2559 4229 2768 4285 deinde
2795 4245 2902 4284 suo
2932 4244 3177 4301 quisque
3205 4228 3331 4284 loco
3359 4229 3640 4300 reposita.

2200 4321 2271 4374 28
2310 4320 2401 4375 ηδ.
2420 4318 2614 4374 Monet
2627 4334 2720 4373 me
2734 4318 2828 4373 hic
2840 4316 3601 4390 aliquantulumimmorari
3626 4319 3789 4375 festi-

2130 4424 2239 4463 vus
2260 4407 2376 4478 ille,
2399 4411 2456 4461 et
2476 4406 2575 4478 qui
2599 4410 2801 4478 postea
2821 4407 2879 4461 in
2901 4407 2970 4442 ⁴¹⁷
3003 4406 3185 4473 brevi,
3209 4405 3354 4477 proh
3377 4405 3547 4461 dolor
3567 4407 3579 4461 l
3598 4407 3790 4464 factus

2132 4500 2221 4552 est
2243 4496 2572 4563 funerosus,
2597 4495 2861 4565 ejusdem
2882 4493 2991 4550 loci
3004 4511 3302 4551 occursus.
3327 4494 3411 4550 Ibi
3428 4495 3789 4552 venerabilis

377 4567 433 4657 et
463 4564 772 4657 meliorum
801 4572 1010 4630 ardens
1031 4578 1336 4634 aemulator
1355 4579 1802 4645 charismatum,
1826 4598 2025 4640 servus
2053 4591 2103 4657 1)
2133 4585 2244 4643 iste
2265 4584 2515 4641 amictus
2538 4585 2607 4619 “3
2630 4564 2943 4655 iprimo,ibi
2959 4588 3275 4655 postremo,
3312 4583 3495 4639 semel
3511 4584 3669 4654 laeto,
3700 4602 3788 4641 se-

378 4653 607 4744 Domini
639 4655 855 4729 Bruno,
906 4667 1227 4722 secundum
1281 4668 1629 4738 dignitatem
1688 4670 1844 4725 sedis
1885 4688 2023 4744 suae,

2137 4674 2251 4731 mel
2285 4673 2520 4745 lugubri
2542 4673 2799 4728 carmine
2819 4677 3127 4744 susceptus
3146 4677 3256 4728 est.
3278 4673 3504 4744 Corpus
3526 4674 3690 4731 enim
3708 4689 3793 4730 re-

377 4738 650 4835 Romanae
681 4761 911 4835 quoque
940 4753 1097 4809 sedis
1126 4759 1184 4808 et
1237 4755 1567 4826 apostolicae
1608 4738 2028 4817 benedictionis
2136 4762 2329 4835 ligiosi
2351 4738 2418 4819 et
2451 4767 2562 4818 Deo
2593 4761 2753 4833 digni
2787 4738 3102 4817 sacerdotis
3126 4761 3346 4817 ibidem
3379 4738 3788 4833 sepeliendum

374 4827 675 4904 privilegio
722 4834 926 4895 debuit
955 4841 1248 4915 insigniri,
1280 4847 1338 4899 et
1364 4860 1498 4900 cum
1528 4845 1611 4904 eis
1658 4849 1896 4921 pariter,
1927 4854 2028 4923 qui
2137 4827 2314 4908 officii
2345 4851 2438 4907 sui
2467 4827 2725 4923 insignia
2752 4866 2870 4906 non
2899 4848 3116 4917 amisit,
3138 4865 3266 4921 qua
3285 4827 3488 4906 tamen
3514 4851 3796 4923 spiritua-

1723 4998 1987 5104 VARLAi
2014 5046 2429 5105 LECTIONES.

440 5163 909 5249 ‘°‘_al_iquantum
1103 5240 1115 5249 _
1154 5169 1222 5211 ‘0‘
1246 5167 1400 5249 seuit
1428 5170 1480 5249 4.
1558 5169 1906 5249 inspexit
1931 5176 1985 5228 2.
2011 5172 2214 5249 infelix
2241 5174 2294 5249 3ἷ
2374 5172 2441 5249 “fl
2460 5170 2625 5249 pacis
2654 5169 2707 5226 4.
2784 5165 3421 5249 I"lliphyloclaristus.4.A
3462 5166 3538 5249 ‘°’_
3552 5172 3792 5249 [ρνεῳξσ

371 5235 773 5316 apostolorum
793 5235 1075 5316 principis
1096 5240 1517 5316 legendvmrerit,
1593 5244 1665 5278 ⁴ί⁰
1689 5235 1773 5298 tui
1792 5259 1935 5299 corr.
1963 5261 2067 5316 pro
2090 5245 2250 5301 luctu
2270 5245 2321 5299 4.
2402 5235 2673 5299 διῖεαθτεθ
2696 5235 2976 5316 mentita;
3036 5239 3107 5275 ⁸³³
3123 5236 3363 5316 virtutis
3388 5239 3445 5316 ξς
3524 5235 3599 5279 ⁸1⁸
3619 5240 3711 5316 vel
3731 5240 3786 5316 3-

370 5308 439 5388 ξξξ
468 5310 696 5388 quoties
811 5308 1105 5388 interdum.
1139 5308 1252 5388 ξξιδ
1282 5313 1343 5388 ip_
1371 5315 1421 5368 4.
1487 5315 1570 5388 με
1598 5316 1706 5371 Hoc
1730 5308 1982 5387 primum'
2008 5316 2119 5373 loco
2147 5318 2305 5387 signa
2334 5316 2363 5388 §
2392 5324 2444 5372 et
2472 5330 2699 5371 numero
2732 5312 2805 5368 III
2828 5313 3071 5384 capitum
3099 5309 3298 5364 divisio
3319 5310 3610 5367 indicatur
3638 5314 3701 5367 in
3731 5311 3784 5382 4,

372 5378 438 5415 ⁴¹⁷
466 5378 528 5437 in
559 5380 620 5436 in
648 5382 685 5436 2
713 5381 882 5454 (decu
908 5384 1055 5456 qui).
1131 5384 1201 5420 ⁴¹⁸
1227 5378 1453 5440 amicus
1479 5385 1533 5440 3.

1954 5568 2192 5628 NOTIE.

441 5690 621 5765 (4938)
654 5691 693 5747 i.
725 5706 776 5747 e.
811 5694 1117 5751 servarunt
1144 5695 1239 5750 aut
1266 5708 1495 5752 servare
1522 5695 1760 5763 habent,
1792 5691 2023 5749 debent.
