3970 6212
144 280 253 339 965

1740 274 1915 335 Vl’l‘A
1927 319 1939 332 .

3421 284 3539 353 9ϋὸ

151 409 420 476 homines,
464 410 521 462 et
569 406 709 479 quia
756 406 1083 463 obedientia
1130 407 1245 463 Deo
1266 408 1332 441 ⁴³⁸
1364 406 1554 477 placet.
1610 424 1786 477 super
1814 408 1869 473 Α
1900 408 2147 463 ﬁrmata.
2172 409 2239 463 Et
2261 426 2452 465 revera
2480 411 2752 468 tribubus
2782 416 2837 469 et
2866 412 3082 485 linguis
3113 413 3545 487 innotuit,quia

154 499 509 563 sacrificium,
545 496 763 551 scirent
810 497 1072 563 fortasse,
1107 514 1240 552 oves
1289 514 1482 552 vocem
1534 495 1783 567 pastoris
1820 518 1827 523 ι

155 589 340 645 audire
368 586 600 655 debere,
632 590 688 641 et
720 585 906 657 magis
938 585 995 639 id
1028 586 1095 619 ’⁸³9
1126 590 1315 639 ratum
1363 589 1783 655 acceptumque

158 681 256 735 Deo
304 678 439 745 fore,
493 675 647 741 quod
680 676 746 708 διο
793 690 895 745 per
941 674 1353 741 obedientiam,
1401 692 1576 745 quam
1628 675 1780 743 quod

154 786 242 839 per
299 765 590 838 propriam
642 763 999 819 voluntatem
1059 770 1405 834 sequuntur.
1457 765 1555 819 Ubi
1602 772 1786 817 autem

153 855 285 910 zelus
330 857 383 906 et
430 852 721 915 contentio,
773 853 855 905 ait
900 852 1154 906 Jacobus
1197 850 1519 922 apostolus,
1574 854 1653 905 ibi
1699 853 1783 905 in-

152 944 441 999 constantia
483 945 535 995 et
573 957 730 995 omne
758 957 890 1011 Opus
920 942 1234 1011 pravum“1
1270 941 1405 1010 (Jac.
1442 958 1521 1010 iu,
1558 942 1663 1007 16).
1699 940 1785 995 Si-

153 1032 353 1088 militer
402 1031 458 1085 in
510 1047 598 1095 eo,
633 1031 783 1101 quod
837 1030 1089 1086 nefarios
1141 1032 1425 1101 quosdam
1478 1029 1676 1100 patria:
1709 1028 1785 1082 ci-

152 1123 412 1192 viumque
443 1121 745 1191 prmdones
785 1120 855 1174 de
896 1136 1093 1189 regno,
1129 1119 1225 1174 ubi
1260 1119 1439 1189 quieti
1473 1124 1528 1172 et
1558 1115 1787 1188 paciﬁci

150 1228 265 1267 esse
296 1209 629 1275 noluerunt,
665 1209 832 1280 quasi
881 1213 1108 1279 pestem
1141 1209 1427 1263 bonorum
1485 1206 1706 1278 expulit
1735 1211 1792 1261 et

148 1298 385 1357 exsulari
419 1298 624 1369 coegit,
678 1297 841 1369 ipsis.
896 1297 1030 1352 licet
1078 1297 1498 1362 nescientibus,
1543 1296 1791 1367 profecto

147 1388 453 1444 consuluit.
489 1386 610 1451 Quo
665 1385 819 1442 enim
872 1386 1204 1441 diuturnior
1256 1403 1531 1455 nequam,
1565 1402 1631 1441 eo
1663 1401 1790 1457 gra-

147 1479 345 1533 viorem
396 1481 457 1530 et
507 1474 876 1547 prolixiorem
933 1476 1044 1530 sibi
1102 1475 1482 1546 comparabat
1536 1490 1790 1546 pmnam.

153 1566 376 1631 Quando
413 1568 609 1618 autem
642 1562 778 1618 boni
811 1563 1197 1633 quiescerent,
1221 1563 1269 1618 si
1294 1562 1579 1617 malorum
1615 1561 1795 1616 furori

155 1671 310 1709 nemo
343 1651 683 1709 resisteret?
716 1652 1003 1707 Nimirum
1038 1652 1294 1723 pepercit
1325 1651 1442 1705 illis
1473 1652 1646 1714 Deus,
1678 1650 1800 1722 qui-

1897 500 2042 551 Deus
2068 498 2451 554 dissensionis
2476 518 2587 555 non
2620 506 2727 565 est,
2753 503 2852 557 sed
2886 503 3044 573 pacis
3071 506 3121 573 (Ι
3141 502 3260 557 Cor.
3286 521 3402 571 xiv,
3426 506 3539 574 33);

1894 590 2117 641 tantam
2146 588 2211 621 “0
2242 587 2420 658 hujus
2454 589 2617 644 initio
2640 596 2913 662 operatus
2934 597 3021 646 est
3047 591 3296 647 salutem
3332 592 3543 664 populo

1894 691 2020 728 suo.
2051 676 2417 747 Imperatoris
2438 679 2671 749 quidem
2697 680 2938 750 spiritus
2962 681 3291 751 agitabatur
3310 681 3366 736 in
3392 682 3543 753 ipso,

1895 764 2031 833 quia
2064 782 2175 819 non
2226 773 2349 820 erat
2379 767 2425 819 ei
2475 772 2703 839 tempus
2749 768 3064 823 exercitum
3114 774 3542 842 congregandi;

1897 853 1996 905 sed
2032 854 2304 907 tlduciam
2357 856 2559 909 habuit
2608 874 2707 925 per
2736 858 3031 911 Christum
3084 859 3152 912 ad
3202 860 3407 928 Deum,
3442 863 3539 932 qui

1900 946 2102 1011 potens
2135 947 2223 996 est
2254 943 2474 998 salvere
2508 944 2563 998 in
2601 946 2801 1015 paucis
2836 946 2986 999 sicut
3014 948 3069 1000 in
3104 947 3306 1023 multis
3338 952 3381 1019 (ι
3412 952 3542 1021 lteg.

1898 1032 2110 1099 x1v,t3).
2146 1032 2363 1085 Aderat
2403 1032 2479 1085 ibi
2521 1034 2737 1103 Cuono,
2775 1051 2885 1088 non
2911 1036 3035 1103 jam
3070 1037 3185 1090 dux
3220 1039 3317 1092 sed
3356 1040 3547 1105 miles,

1900 1122 2040 1185 toto,
2079 1125 2140 1172 ut
2189 1121 2522 1189 putabatur,
2574 1123 2768 1176 animo
2820 1140 3134 1178 conversus
3195 1126 3262 1179 ad
3321 1144 3547 1199 pacem,

1902 1222 2077 1275 quam
2141 1207 2310 1277 paulo
2368 1214 2499 1262 ante
2557 1210 2827 1264 atrociter
2885 1211 3297 1282 impugnabat;
3365 1217 3551 1273 cilicio

1905 1294 2169 1349 membra
2199 1296 2465 1363 domans,
2506 1298 2679 1351 Deum
2723 1299 3061 1368 gemitibus,
3094 1305 3157 1353 ut
3186 1302 3387 1370 fertur,
3420 1321 3553 1360 exo-

1906 1398 2062 1448 rans,
2099 1389 2161 1437 ut
2192 1385 2240 1438 si
2272 1385 2357 1439 sic
2400 1386 2523 1453 ejus
2563 1392 2767 1440 sancta
2798 1386 3066 1441 voluntas
3100 1389 3388 1457 existeret,
3425 1411 3550 1464 per-

1908 1472 2090 1526 missa
2122 1474 2240 1544 regi
2273 1479 2474 1528 nostro
2524 1479 2578 1528 et
2625 1475 2899 1529 exercitui
2950 1478 3077 1546 ejus
3124 1479 3383 1548 victoria,
3419 1499 3551 1537 cum

1910 1560 1979 1615 ab
2014 1561 2229 1631 impiis,
2264 1562 2479 1632 quibus
2512 1580 2573 1617 se
2604 1564 2765 1635 prius
2813 1564 2961 1619 male
2993 1567 3392 1639 conjunxerat,
3427 1587 3553 1641 per-

1910 1649 2163 1704 mitteret
2194 1652 2496 1716 trucidari,
2541 1658 2604 1705 ut
2650 1653 2833 1721 possit
2862 1652 2919 1706 in
2951 1660 3298 1725 perpetuum
3350 1659 3420 1714 ab
3458 1676 3557 1714 eo-

156 1744 254 1798 bus
286 1743 389 1798 hoc
432 1757 646 1813 magna
678 1758 786 1795 sua
818 1740 1097 1812 patientia
1127 1745 1183 1795 et
1215 1740 1473 1795 bonitate
1508 1739 1792 1810 permisit,
1827 1770 1873 1835 B
1911 1755 2039 1792 rum
2073 1739 2363 1793 consortio
2404 1738 2656 1795 liberari.
2690 1740 3013 1812 Imperator
3044 1744 3221 1798 indici
3255 1748 3559 1818 sanxitje-

154 1838 210 1888 ut
238 1834 302 1887 de
331 1848 478 1903 pace
510 1836 566 1886 et
594 1835 750 1887 statu
784 1830 980 1900 patria:
1032 1847 1148 1884 sua:
1200 1831 1471 1884 absentes
1501 1830 1789 1894 audirent,

156 1922 294 1993 quod
336 1924 656 1993 praesentes
706 1936 1013 1990 nunquam
1065 1919 1255 1974 videre
1302 1917 1538 1985 vellent;
1574 1918 1791 1986 felices,

158 2010 200 2065 si
228 2012 371 2065 bona
402 2027 517 2064 sua
546 2008 751 2063 saltem
794 2008 851 2061 in
894 2007 1368 2079 peregniuatione
1400 2006 1789 2078 cognoverint,

159 2104 206 2155 et
251 2099 493 2170 patriam
547 2096 831 2169 cupierint
854 2097 921 2129 “9
955 2097 1023 2150 de
1074 2114 1189 2166 qua
1240 2096 1441 2166 expelli
1494 2114 1607 2150 non
1661 2113 1790 2167 pos-

160 2192 293 2258 sent,
325 2188 421 2241 ubi
466 2186 624 2241 beati
675 2203 876 2240 omnes
928 2186 1173 2258 paciﬁci,
1209 2186 1481 2255 quoniam
1533 2184 1633 2239 filii
1694 2185 1791 2239 Dei

160 2283 284 2333 sunt
312 2277 522 2331 vocati.
548 2274 704 2330 Talis
730 2275 926 2346 itaque
960 2292 1060 2346 per
1083 2275 1181 2329 Dei
1215 2274 1633 2346 omnipotentis
1664 2292 1792 2346 gra-

159 2366 292 2420 tiam
321 2365 408 2419 vir
437 2364 552 2418 iste
582 2364 708 2430 fuit,
742 2369 806 2417 ut
857 2380 959 2418 nec
990 2363 1120 2418 odio
1155 2379 1255 2419 nec
1286 2364 1504 2417 invidia
1552 2364 1621 2417 ad
1670 2379 1794 2433 per-

159 2453 527 2525 sequendum
559 2467 650 2506 eos
700 2452 799 2523 qui
834 2452 979 2507 tales
1011 2456 1175 2507 erant
1221 2451 1337 2506 ullo
1385 2453 1555 2506 modo
1586 2453 1795 2507 excita-

162 2549 336 2609 retur,
372 2558 475 2596 nec
509 2558 541 2595 a
573 2542 899 2596 miserendo
949 2547 1050 2595 aut
1098 2543 1383 2613 parcendo
1414 2541 1644 2596 miseris
1694 2542 1798 2595 du—

165 2631 290 2686 ritia
321 2636 423 2686 aut
470 2630 814 2685 crudelitate
862 2630 1060 2701 aliqua
1110 2630 1574 2701 restringeretur,
1608 2632 1705 2685 sed
1740 2640 1803 2684 ut

168 2726 353 2791 pastor
399 2719 693 2776 sollicitus
724 2723 779 2773 et
808 2735 936 2773 vere
989 2720 1103 2773 dux
1156 2719 1353 2790 pepuli
1404 2719 1505 2773 Dei
1554 2720 1802 2774 salutem

169 2810 416 2863 omnium
449 2813 509 2863 et
543 2807 851 2862 utilitatem
884 2808 940 2861 in
975 2807 1131 2862 omni
1165 2808 1429 2878 quaesivit
1459 2809 1716 2878 negotio;
1750 2811 1808 2861 et

167 2914 297 2968 quos
328 2898 453 2970 ipse
486 2897 549 2951 in
582 2896 673 2951 via
702 2897 797 2951 Dei
830 2898 995 2952 duxit
1026 2902 1081 2951 et
1110 2896 1324 2965 docuit,
1354 2914 1424 2952 ne
1457 2914 1489 2951 a
1523 2897 1809 2969 perversis

168 2987 578 3042 seducerentur
618 2990 674 3040 et
723 2987 782 3041 in
830 3002 1081 3041 errorem
1137 2986 1525 3053 mitterentur,
1575 2992 1810 3040 strenue

168 3076 487 3131 decertavit.
533 3074 787 3129 Tantum
819 3079 1014 3129 autem
1049 3075 1249 3129 aberat
1278 3092 1309 3129 a
1341 3074 1578 3141 saevitia,
1613 3078 1676 3129 ut
1709 3091 1810 3146 pro

1900 1827 2135 1896 junium
2170 1826 2317 1898 ipsa,
2353 1844 2477 1898 qum
2514 1834 2649 1884 tunc
2695 1836 2838 1893 erat,
2872 1832 2928 1884 in
2964 1830 3162 1902 vigilia
3191 1837 3374 1890 sancti
3414 1838 3560 1893 Lau-

1902 1916 2071 1970 rentii
2108 1917 2399 1987 martyris,
2433 1934 2535 1988 per
2576 1919 2746 1986 cujus
2796 1919 3186 1975 interventum
3222 1924 3329 1977 sibi
3366 1943 3552 1997 popu-

1904 2004 2075 2075 loque
2121 2022 2225 2059 suo
2286 2006 2477 2076 ipsum
2513 2007 2693 2061 Deum
2731 2008 2991 2078 poposcit
3048 2026 3174 2065 esse
3233 2013 3554 2085 refugium.

1905 2094 2269 2163 Propositum
2302 2096 2552 2165 suscepti
2580 2097 2769 2165 operis
2793 2101 2985 2167 negat,
3011 2099 3278 2169 expedire
3309 2101 3548 2172 bellum,

1906 2182 2091 2253 primo
2125 2190 2337 2237 sancta)
2371 2184 2701 2238 festivitatis
2744 2185 3001 2240 diluculo
3047 2195 3407 2259 susceptum,
3438 2192 3558 2247 vix-

1905 2271 2043 2325 dum
2076 2272 2405 2341 vespertino
2438 2272 2801 2343 crepusculo,
2839 2279 2947 2328 Deo
2990 2276 3444 2333 misericorditer
3473 2282 3567 2338 di.

1907 2364 2221 2431 spensante
2251 2365 2305 2414 et
2339 2377 2439 2431 pro
2472 2360 2595 2415 suis
2645 2367 2960 2432 pugnante,
2995 2362 3137 2417 satis
3188 2363 3432 2420 feliciter
3464 2348 3565 2437 pes

1912 2452 2159 2514 ractum,
2213 2450 2697 2503 miserendum‘“
2745 2453 2875 2520 post
2923 2450 3223 2506 victoriam
3272 2454 3567 2511 Cuononis

1914 2537 2243 2603 interitum,
2264 2538 2755 2607 gloriosissimum
2782 2538 3150 2609 imperatoris
3176 2540 3567 2613 triumphum,

1914 2643 2107 2697 regem
2131 2627 2321 2695 ipsum
2350 2627 2754 2689 barbarorum,
2780 2627 2958 2682 duces
2977 2632 3033 2682 et
3064 2630 3356 2701 principes
3387 2634 3568 2703 capti-

1913 2734 2034 2783 vos,
2076 2722 2290 2787 “‘0me
2342 2732 2442 2786 per
2491 2720 2670 2769 totam
2732 2716 2893 2785 regni
2957 2716 3142 2788 ipsius
3196 2717 3568 2780 latitudinem

1917 2824 2102 2878 usque
2134 2806 2202 2860 ad
2228 2805 2489 2875 ejusdem
2511 2805 2703 2875 gentis
2728 2806 2873 2861 lines
2903 2806 3407 2878 frequentissima:
3437 2827 3567 2882 qua:

1918 2896 2116 2953 omnia
2165 2894 2381 2965 proprii
2442 2894 2792 2948 industriam
2855 2896 3045 2965 operis
3103 2897 3172 2951 ad
3232 2898 3478 2970 gloriam
3510 2904 3569 2955 et

1918 2986 2151 3041 laudem
2186 2983 2285 3037 Dei
2315 2983 2736 3051 omnipotentis
2768 2988 3105 3054 exspectant
3125 2986 3210 3041 ⁸⁵³.

1992 3076 2079 3127 36.
2114 3073 2228 3128 Nos
2261 3076 2343 3134 ut,
2378 3089 2411 3126 a
2441 3088 2554 3142 quo
2594 3070 2899 3142 paululum
2933 3072 3295 3141 deﬂeximus,
3329 3080 3400 3133 ad
3436 3096 3570 3150 pro-

168 3163 252 3219 bis
288 3165 490 3231 etiam,
529 3164 744 3235 quibus
792 3180 1057 3218 amarum
1106 3162 1324 3235 aliquid
1378 3180 1479 3234 pro
1532 3132 1812 3233 qualitate
1844 3132 1885 3199 Ο
1926 3163 2179 3233 positum
2199 3132 2679 3230 redeamus,quid
2706 3160 2928 3215 interea
2951 3160 3080 3232 pius
3098 3132 3573 3238 archiepiscdpus

167 3252 439 3308 factorum
460 3251 799 3309 necessario
823 3251 1256 3322 inferebat,ipse
1276 3253 1603 3323 frequenter
1618 3268 1813 3307 amare

168 3341 348 3411 fieret;
379 3343 464 3398 ita
496 3342 758 3414 gaudere
788 3357 918 3395 cum
945 3340 1358 3412 gaudentibus,
1384 3358 1517 3395 cum
1541 3341 1814 3395 ﬂentibus

167 3431 291 3488 flere
316 3430 649 3488 consuevit.
682 3430 828 3485 Nam
881 3433 939 3485 et
984 3430 1085 3501 qui
1136 3430 1245 3485 hoc
1294 3430 1455 3497 dixit,
1503 3431 1814 3501 quemdam

166 3521 379 3577 Satanae
421 3523 481 3575 in
541 3520 845 3575 interitum
884 3519 1077 3575 carnis
1110 3520 1333 3574 tradere
1373 3520 1572 3589 jussit,
1604 3524 1667 3573 ut
1695 3518 1815 3589 spi—

171 3609 311 3665 ritus
341 3612 400 3665 in
436 3610 541 3664 die
574 3607 799 3663 Domini
833 3608 1025 3663 salvus
1055 3624 1182 3663 esse
1213 3607 1399 3679 possit
1422 3609 1507 3661 “3.

235 3701 320 3756 35.
345 3699 497 3770 (955)
540 3698 725 3771 Igitur
782 3714 916 3752 cum
968 3699 1092 3768 jam
1152 3714 1328 3769 prope
1383 3702 1536 3752 esset
1592 3714 1824 3752 summa

166 3788 279 3845 dies
309 3794 365 3845 et
390 3786 772 3846 inelectabile
818 3791 1072 3857 tempus,
1094 3803 1208 3857 quo
1240 3786 1395 3842 Deus
1428 3787 1820 3858 omnipotens,

168 3878 449 3949 propitius
494 3882 690 3938 terrae,
725 3874 923 3946 populi
957 3874 1049 3929 sui
1092 3874 1252 3930 ultus
1300 3875 1667 3947 sanguinem,
1703 3892 1823 3930 ser-

167 3981 357 4022 verum
390 3980 647 4023 suorum
678 3964 993 4019 vindictam
1029 3964 1375 4019 retribueret
1406 3964 1463 4019 in
1498 3964 1697 4022 hostes
1728 3984 1823 4023 eo-

167 4071 309 4122 rum,
360 4052 791 4128 aggravata.m
821 4058 911 4109 est
958 4052 1114 4107 ultra
1174 4054 1412 4109 modum
1470 4058 1527 4110 et
1587 4056 1826 4113 omnino

166 4143 615 4201 intolerabiliter
655 4141 928 4212 superbia
961 4141 1333 4197 ferocissimae
1382 4143 1573 4214 gentis
1606 4144 1827 4216 Ungro-

168 4248 313 4299 rum,
342 4234 617 4300 seducta,
652 4230 843 4297 credo,
880 4230 1199 4301 superioris
1252 4230 1387 4285 onni
1439 4248 1717 4289 successu
1740 4234 1826 4289 Μ.

168 4319 485 4391 Siquidem,
517 4324 582 4375 ut
613 4319 982 4375 veracissime
1024 4321 1248 4375 dictum
1288 4323 1412 4374 est:
1443 4321 1577 4375 Ante
1608 4325 1831 4379 ruinam

170 4410 442 4466 excitatur
492 4426 596 4466 cor
625 4408 944 4480 (Prov.xv1,
974 4409 1080 4479 18),
1120 4409 1198 4463 ibi
1249 4408 1581 4464 ceciderunt
1629 4428 1831 4468 omnes

1923 3253 2137 3317 Bruno,
2170 3250 2350 3305 totius
2397 3264 2628 3319 semper
2661 3264 2902 3319 perosus
2952 3249 3185 3304 malitias
3214 3258 3271 3306 et
3303 3254 3570 3309 indefati-

1924 3345 2096 3412 gatus
2119 3336 2360 3407 justitiae
2404 3340 2728 3399 exsecutor,
2765 3336 2976 3403 fecerit,
3011 3337 3393 3396 disseramus.
3428 3347 3572 3400 Cum

1924 3429 2144 3484 videret
2167 3443 2226 3481 se
2249 3427 2317 3479 ad
2356 3424 2743 3495 praestitutum
2776 3424 2930 3479 diem
2962 3426 3174 3481 seniori
3200 3433 3257 3483 et
3284 3430 3443 3485 fratri
3468 3449 3576 3488 suo

1929 3534 2140 3589 magno
2161 3514 2492 3586 imperatori
2512 3529 2644 3568 cum
2664 3512 3042 3570 auxiliaribus
3060 3517 3244 3588 copiis
3267 3535 3380 3574 non
3406 3536 3579 3592 posse

1930 3622 2250 3670 occurrere,
2312 3602 2606 3674 simulque
2665 3606 2818 3658 esset
2840 3604 2907 3637 “‘3
2956 3604 3260 3678 sollicitus,
3302 3625 3374 3664 ne
3432 3610 3582 3667 forte

1931 3695 2159 3753 barbari
2195 3692 2410 3748 bellum
2444 3693 2692 3748 vitantes
2734 3694 2790 3747 in
2823 3692 3067 3749 Galliam
3114 3713 3220 3752 suo
3261 3698 3381 3769 juri
3415 3716 3583 3755 com-

1935 3788 2176 3843 missam
2229 3782 2585 3856 provinciam
2636 3783 3449 3853 declinarent,—arbitratus
3499 3789 3585 3845 sic

1935 3893 1995 3934 se
2028 3891 2204 3946 regno
2251 3872 2555 3928 consulere
2597 3872 2861 3943 votisque
2909 3873 3282 3945 imperatoris
3328 3878 3411 3933 sic
3461 3894 3592 3934 am-

1937 3966 2091 4039 plius
2140 3963 2427 4019 deservire
2458 3993 2526 4001 ———
2558 3962 2888 4017 Liudollum
2941 3965 3158 4033 prolem
3211 3967 3453 4037 regiam,
3486 3983 3587 4023 ne-

1937 4059 2129 4127 potem
2161 4069 2358 4116 suum,
2381 4051 2667 4116 convenit,
2699 4066 2918 4121 aegrum
2963 4052 3090 4121 ejus
3122 4052 3386 4109 animum
3420 4054 3585 4110 blan-

1939 4143 2095 4197 ditiis
2119 4143 2187 4177 ‘5‘
2220 4140 2387 4195 melle
2420 4138 2781 4194 dulcioribus
2820 4138 3099 4201 delinivit.
3133 4146 3350 4197 statum
3384 4142 3583 4213 pristi-

1940 4248 2103 4295 num,
2137 4230 2184 4284 si
2218 4244 2347 4298 quae
2378 4243 2484 4281 sua
2531 4230 2695 4281 erant
2744 4226 3073 4283 accuratius
3102 4227 3275 4283 vellet
3321 4230 3587 4287 atiende-

1940 4337 2020 4389 re,
2054 4316 2404 4389 repromisit.
2440 4312 2485 4367 Α
2527 4331 2640 4385 quo
2691 4320 2996 4386 postquam
3048 4316 3417 4373 medicinalis
3466 4335 3588 4375 ser-

1942 4424 2181 4465 monum
2214 4409 2268 4459 et
2297 4403 2765 4459 exbortationum
2810 4421 3049 4460 suarum
3086 4406 3346 4461 antidota
3376 4424 3491 4463 non
3522 4412 3588 4463 ut

170 4499 261 4567 qui
302 4499 710 4570 operabantur
732 4498 798 4532 “5
828 4498 1203 4568 iniquitatem
1227 4498 1315 4550 “7.
1349 4496 1629 4553 Pravenit
1678 4498 1827 4555 hanc
1860 4495 1906 4559 D
1938 4498 2101 4572 prius
2129 4494 2383 4564 obliquis
2412 4492 2761 4564 ambagibus
2796 4492 3097 4560 declinari,
3132 4495 3235 4549 sed
3268 4495 3438 4551 solito
3472 4497 3589 4552 avi-

168 4603 509 4656 pressurarn
554 4586 959 4642 imminentem
999 4586 1264 4641 Ecclesiae
1297 4602 1408 4657 pax
1438 4586 1497 4640 in
1530 4586 1739 4657 placito
1761 4589 1829 4635 “3.

169 4677 366 4747 regali,
389 4675 558 4747 quod
593 4674 648 4729 in
681 4678 955 4731 Arnestat
977 4676 1160 4745 (1941)
1192 4674 1458 4731 habitum
1492 4675 1619 4743 fuit,
1652 4692 1719 4731 ex
1748 4675 1833 4733 in-

167 4767 319 4837 tegro
371 4765 623 4821 condita
644 4766 732 4833 “9,
763 4769 820 4821 et
849 4782 916 4819 ex
967 4765 1324 4835 magnajam
1360 4769 1521 4835 parte
1572 4782 1673 4835 per
1721 4766 1831 4820 im-

168 4856 454 4923 peratoris
492 4854 685 4909 nostri
735 4856 1096 4924 fratrumque
1142 4855 1268 4924 ejus
1298 4854 1647 4925 sapientiam
1696 4872 1831 4911 con-

1942 4589 2073 4644 dius
2118 4582 2461 4659 prcegustari
2488 4582 2553 4615 ‘55
2582 4586 2638 4636 et
2666 4582 2736 4635 ad
2788 4582 3065 4637 interiora
3114 4585 3366 4654 pectoris
3414 4585 3591 4658 recipi

1942 4677 2148 4744 sensit,
2182 4690 2315 4729 eum
2352 4688 2485 4726 mox
2515 4669 2790 4742 episcopii
2823 4671 2915 4724 sui
2950 4671 3141 4726 locum
3178 4673 3590 4747 venerabilem,

1944 4768 2204 4822 Bonnam
2248 4759 2821 4829 videlicet,jucunde
2872 4760 3014 4814 satis
3068 4761 3345 4829 invitavit,
3373 4765 3592 4833 jucun-

1944 4855 2077 4910 dius
2117 4851 2396 4922 suscepit,
2429 4848 2585 4904 omni
2633 4847 2927 4919 voluptate
2976 4850 3282 4923 utriusque
3330 4852 3507 4925 digna
3539 4856 3597 4909 et

1550 4997 1780 5053 VARL‘E
1833 4996 2237 5054 LECTIONES.

234 5124 299 5161 ⁴³⁸
328 5124 405 5179 (10
462 5124 517 5179 1.
608 5122 676 5158 ⁴⁸⁹
709 5123 776 5177 ad
826 5139 964 5177 corr.
1017 5121 1071 5175 id
1119 5123 1173 5175 2.
1254 5123 1320 5157 “0
1351 5138 1525 5193 quam
1562 5124 1610 5176 1.

164 5194 229 5227 “5
256 5209 625 5251 successum
658 5196 711 5249 3.
790 5195 855 5227 “6
887 5198 1203 5264 operantur
1230 5194 1279 5245 1.
1312 5197 1365 5248 2.
1401 5195 1540 5249 F010.

162 5265 226 5298 “9
258 5266 545 5321 condicta
601 5266 659 5319 2.
694 5265 744 5319 3.
795 5265 935 5319 Folc.

159 5336 224 5370 ‘“
253 5338 584 5393 blandiens
618 5339 675 5389 2.
752 5336 817 5369 “5
847 5353 895 5391 s.
932 5353 977 5391 s.
1013 5353 1065 5390 a.
1098 5353 1155 5405 p.
1188 5335 1379 5389 desunt
1406 5336 1460 5389 3.

1688 5124 1753 5157 “1
1788 5128 1878 5177 est
1926 5122 2060 5178 add.
2115 5121 2166 5174 3.

1620 5193 1685 5226 “7
1716 5194 1858 5248 deest
1891 5196 1940 5249 1.

1015 5264 1079 5298 ιδο
1112 5269 1389 5333 tanquam
1441 5265 1492 5318 3.
1545 5274 1594 5320 et
1645 5266 1961 5321 Folcuinus.

2245 5118 2312 5150 “9
2343 5122 2640 5186 cuperent.
2718 5118 2786 5151 “3
2823 5123 3015 5188 posset
3054 5120 3107 5172 3.
3184 5117 3251 5153 ⁴⁴⁸
3281 5120 3491 5174 etenim
3541 5120 3593 5175 3.

2020 5193 2083 5226 ’διδ
2118 5189 2440 5262 itarorrcxt’
2486 5189 2744 5262 Folcuz’no
2792 5191 3163 5260 suﬂrogante;
3200 5189 3412 5262 palatio
3442 5190 3593 5247 codd.

2043 5264 2108 5297 ιιι
2142 5258 2543 5314 miserandum
2574 5262 2628 5315 2.
2708 5260 2777 5297 ⁸⁵³
2809 5258 3126 5334 θΧρεοὶθΝἱὶ
3151 5258 3217 5317 3.’
3282 5262 3352 5298 ⁴¹⁵³
3384 5279 3512 5320 esse
3544 5264 3595 5321 1.

1772 5432 2004 5489 NOT/E.

243 5562 434 5635 (1941)
468 5556 765 5617 Arnstadt
793 5560 849 5614 in
880 5556 1236 5629 Thuringia;
1270 5558 1343 5615 cf.
1373 5575 1509 5615 ann.
1540 5558 1722 5630 Augg.
1758 5576 1809 5614 a.
1842 5558 1966 5613 954.
