3970 6212
404 300 522 360 96⁵7

1373 295 1438 354 S.
1487 292 1888 355 BRUNONIS
1937 287 2448 350 COLONIENSIS
2492 289 2851 352 ARCHIEP.

3703 290 3842 354 968

405 433 713 488 commoda
745 429 1085 499 cunctisque
1116 428 1211 497 qui
1253 427 1495 480 aderant
1543 424 1904 497 gratissima,
1937 439 2050 476 non
2082 425 2135 489 Α
2167 422 2342 487 tione,
2376 423 2617 478 consilio
2656 428 2713 479 et
2762 421 3177 494 disputatione,
3211 419 3311 476 sed
3363 420 3540 476 etiam
3592 422 3655 476 in
3709 424 3842 480 acie

402 522 716 577 immemor
746 520 910 589 regiae
942 516 1265 587 dignitatis,
1299 516 1508 570 ati'ecit.
1543 515 1649 577 Qui
1695 516 1833 568 dum
1867 512 2057 566 adhuc

404 611 582 667 simul
613 613 826 676 essent,
859 607 929 660 de
976 605 1066 659 his
1117 621 1244 674 quae
1301 604 1357 656 in
1408 603 1775 674 expeditione
1828 601 2054 665 bellica,

402 702 521 755 imo
551 699 762 761 divina,
791 697 1001 750 virtute
1035 695 1184 748 facta
1215 698 1374 758 sunt,
1409 693 1648 746 nuntios
1682 693 2053 761 acceperunt.

402 787 618 844 Institit
639 789 905 857 nepotem
931 788 1174 854 patruus
1196 781 1452 853 amplius
1476 781 1786 836 consolari.
1816 780 2055 833 Factum

399 883 487 933 est
517 879 575 931 in
607 874 764 930 brevi
790 872 1068 928 instinctu
1103 872 1279 941 hujus
1306 869 1656 933 consiliarii,
1682 874 1745 923 ut
1777 867 1892 921 lilio
1927 882 2053 949 suo,

400 967 500 1037 qui
535 965 784 1037 perierat
811 966 868 1017 et
905 962 1180 1016 inventus
1209 965 1317 1027 est,
1351 959 1673 1030 imperator
1718 961 1899 1012 totam
1953 956 2059 1011 lta-

395 1055 534 1109 liam
564 1053 873 1124 delegaret,
907 1055 964 1106 et
994 1051 1146 1122 quod
1199 1050 1392 1119 majus
1461 1048 1591 1114 fuit,
1623 1052 1925 1119 paternam
1958 1044 2056 1097 fir-

397 1143 662 1198 missime
707 1142 979 1212 pietatem
1031 1139 1416 1209 impenderet.
1461 1137 1567 1191 Ubi
1617 1137 1756 1190 dum
1806 1133 2055 1188 maxime

393 1232 610 1304 placuit
641 1229 874 1302 populo,
903 1229 1174 1299 viamque
1205 1226 1496 1282 affectavit
1524 1225 1792 1296 Olympo,
1823 1225 2056 1294 repente

393 1322 498 1376 ﬂos
528 1319 623 1374 ille
650 1317 1062 1388 integerrimus
1093 1321 1150 1371 et
1197 1319 1376 1370 robur
1415 1314 1578 1385 regni
1627 1312 1992 1367 tutissimum
2027 1326 2055 1364 e

393 1408 586 1464 medio
628 1405 874 1462 excessit
904 1405 1267 1476 (957).Pater
1313 1407 1507 1458 autem
1559 1404 1686 1472 ejus
1739 1401 2053 1471 imperator

394 1515 460 1552 ac
510 1511 742 1566 semper
791 1492 1140 1564 magnificus
1190 1491 1609 1561 triumphator,
1659 1495 1787 1559 post
1828 1489 2054 1542 luctum

392 1585 788 1641 consolatione
833 1585 1084 1653 recepta,
1113 1597 1246 1634 cum
1284 1581 1461 1634 fratre
1511 1596 1619 1634 suo
1671 1583 1921 1632 veterem
1955 1593 2052 1631 ne-

392 1673 812 1731 cessitudinem
845 1687 991 1725 nova
1035 1669 1462 1724 consuetudine
1484 1668 1716 1737 junxit;
1751 1665 2050 1720 Coloniam

2168 513 2420 567 vidimus
2452 514 2815 584 providentes
2849 513 2999 567 bona
3042 528 3156 565 non
3189 515 3416 565 tantum
3451 527 3653 566 coram
3687 511 3833 584 Deo,

2169 610 2265 663 sed
2300 611 2477 664 etiam
2510 627 2703 664 coram
2737 609 3098 665 hominibus.
3136 612 3268 662 Erat
3299 624 3555 679 namque
3586 610 3648 664 in
3680 612 3835 666 occi-

2168 697 2500 753 dentalibus
2543 698 2834 753 Lotharici
2866 699 3025 769 regni
3079 698 3295 752 finibus
3325 696 3483 752 velut
3532 699 3836 756 indomita

2168 787 2486 853 barbaries,
2520 804 2586 841 ea
2636 805 2762 858 qua:
2795 787 3100 842 videbatur
3128 786 3396 841 Ecclesiai
3448 786 3664 858 proles,
3700 789 3832 844 feli-

2168 873 2326 929 citati
2360 875 2623 930 invidens
2653 876 2871 941 alienae,
2907 892 3010 930 nec
3032 876 3228 930 minus
3251 875 3426 930 saluti
3460 893 3600 947 suae,
3625 878 3830 950 despi-

2167 963 2323 1018 ciens
2355 970 2606 1035 paternaa
2639 963 3041 1019 blandimenta
3069 964 3510 1029 exhortationis,
3534 970 3827 1023 terrorem

2164 1053 2257 1106 vix
2287 1055 2545 1108 sentiens
2579 1054 2901 1124 potestatis.
2937 1053 3043 1118 Qui
3093 1054 3142 1107 si
3183 1053 3307 1123 juri
3357 1070 3462 1108 suo
3513 1055 3826 1125 permitte-

2167 1147 2368 1197 antur
2391 1144 2477 1208 “0,
2512 1144 2635 1197 suis
2687 1143 2959 1213 perversi,
2992 1143 3228 1197 sibimet
3259 1143 3399 1213 ipsis
3453 1143 3695 1214 pessimi
3728 1145 3821 1199 vi-

2165 1232 2457 1286 derentur.
2484 1230 2582 1286 Ille
2603 1248 2734 1286 vero
2766 1235 2898 1286 ante
2918 1230 3112 1286 omnia
3141 1230 3378 1301 provido
3403 1249 3548 1286 usus
3578 1238 3667 1287 est
3697 1250 3824 1289 mo-

2165 1320 2463 1375 deramine
2495 1319 2880 1388 discretionis,
2915 1325 2977 1373 ut
3021 1336 3124 1391 pro
3155 1319 3434 1390 qualitate
3465 1319 3730 1377 locorum
3763 1329 3824 1378 et

2165 1414 2494 1480 temporum
2525 1408 2583 1462 in
2617 1408 2948 1480 prsalatione
2979 1412 3281 1479 pastorum
3306 1409 3368 1442 ⁴⁶¹
3403 1409 3474 1463 ad
3509 1410 3825 1481 sapientis-

2165 1497 2298 1551 simi
2333 1497 2702 1568 imperatoris
2747 1496 2929 1552 nostri
2965 1497 3273 1568 imperium
3308 1497 3593 1553 Dominici
3623 1500 3821 1570 gregis

2165 1586 2290 1658 paci
2322 1593 2377 1641 et
2409 1585 2816 1658 tranquillitati
2849 1585 3195 1651 consuleret,
3225 1585 3355 1642 illos
3390 1587 3672 1642 nimirum
3703 1605 3820 1643 ce-

2163 1676 2300 1730 teris
2333 1676 2664 1746 pra't‘erens,
2691 1675 2903 1746 quibus
2950 1690 3322 1746 nequaquam
3354 1681 3507 1732 esset
3550 1677 3818 1749 incogni-

389 1763 578 1830 venit;
613 1761 691 1815 ibi
723 1777 784 1815 se
818 1777 933 1814 non
963 1765 1084 1813 tam
1129 1758 1404 1813 fraternis
1437 1757 1682 1821 deliciis,
1711 1772 1887 1828 quam
1921 1771 2050 1808 mu-
2083 1794 2128 1857 B
2161 1769 2308 1834 tum,
2335 1765 2470 1835 quid
2507 1765 2756 1836 pasloris
2798 1769 2953 1819 esset
2995 1765 3274 1831 ofﬁcium,
3299 1765 3435 1835 quid
3470 1767 3817 1822 mercenarii

391 1854 511 1908 tuis
538 1867 669 1907 cum
710 1849 810 1904 illo
852 1848 1212 1920 aspectibus,
1248 1846 1551 1916 alfatibus,
1580 1851 1637 1901 et
1666 1845 1895 1899 cunctis
1925 1860 2048 1897 om-

388 1942 526 1997 nino
573 1937 1027 2012 jucundissimis
1077 1937 1287 1991 usibus
1319 1935 1646 1991 oblectavit.
1698 1934 1812 1988 Nec
1864 1932 2050 1990 defuit

384 2030 602 2085 ibidem
645 2044 843 2082 severa
893 2026 951 2080 in
1001 2026 1301 2096 improbos
1352 2029 1408 2078 et
1466 2025 1835 2094 importunus
1894 2022 2048 2075 cives

382 2118 546 2190 regni
594 2133 842 2172 censura
891 2114 1126 2185 judicii,
1162 2113 1381 2168 blanda
1437 2112 1574 2165 item
1633 2111 1693 2164 in
1757 2111 1940 2164 bonos
1991 2125 2048 2180 et

381 2207 554 2262 mites
593 2207 696 2278 piae
727 2203 1150 2260 dominationis
1201 2200 1544 2256 liberalitas.
1580 2201 1659 2255 De
1694 2204 1847 2253 statu
1883 2215 2043 2269 regni

381 2299 670 2366 rebusque
728 2296 855 2363 ejus
913 2291 1176 2346 tutandis
1238 2295 1293 2344 et
1351 2289 1669 2344 dilatandis
1726 2286 1930 2342 sedulo
1990 2290 2045 2340 et

379 2391 617 2441 strenue
648 2384 706 2436 in
742 2397 1052 2436 commune
1093 2378 1429 2434 consultum
1465 2380 1553 2447 ηδ,
1589 2383 1653 2431 ut
1679 2379 1750 2430 de
1779 2376 2042 2431 sancien-

378 2475 468 2528 dis
498 2469 880 2543 quibuslibet,
913 2469 1044 2523 aliis
1086 2467 1440 2533 resecandis,
1473 2466 1814 2521 cautissime
1848 2480 2040 2535 agere-

375 2569 492 2627 tur,
521 2575 758 2615 summo
786 2557 1031 2612 consilio
1065 2555 1361 2628 provisum
1394 2561 1502 2610 est.

444 2652 534 2705 37.
569 2647 841 2712 Quaesivit
868 2646 1089 2700 interea
1132 2662 1366 2699 summa
1396 2643 1704 2708 diligentia
1735 2642 1868 2714 pius
1900 2659 2028 2713 pas-

375 2745 465 2793 tor
511 2738 726 2805 Bruno,
776 2734 1039 2790 veritatis
1087 2739 1361 2802 assertor,
1395 2732 1690 2803 Evangelii
1749 2747 2032 2802 propaga-

375 2834 484 2894 tor,
518 2843 697 2881 navos
741 2829 797 2878 et
843 2821 1166 2878 industrios
1199 2823 1375 2887 viros,
1410 2820 1510 2892 qui
1562 2837 1683 2874 rem
1737 2820 2031 2890 publicam

376 2933 482 2971 suo
513 2915 761 2986 quisque
789 2912 915 2968 loco
967 2912 1078 2965 ﬁde
1111 2916 1167 2966 et
1198 2910 1422 2965 viribus
1477 2914 1802 2964 tuerentur.
1836 2909 1933 2963 His
1965 2913 2030 2962 ut

377 3021 563 3076 neque
620 3002 929 3058 consilium
991 3017 1178 3072 neque
1236 3000 1412 3071 copize
1471 3001 1762 3065 deessent,
1824 2997 2027 3053 sedulo

375 3094 614 3150 curavit.
649 3094 939 3163 Quotquot
988 3091 1160 3146 etiam
1208 3090 1277 3144 de
1326 3089 1688 3160 principibus
1736 3093 1792 3142 et
1841 3087 2022 3158 regio-

2158 1862 2387 1932 vitium,
2413 1862 2552 1933 quid
2583 1861 2641 1916 in
2671 1861 2995 1916 ministerio
3025 1862 3318 1933 susceptio
3338 1864 3426 1929 ‘5’,
3450 1864 3591 1934 quid
3627 1866 3684 1918 in
3718 1881 3820 1919 an-

2158 1953 2321 2023 garia
2352 1959 2451 2005 aut
2481 1952 2770 2022 agendum
2803 1955 2958 2006 esset
2997 1956 3097 2006 aut
3127 1952 3511 2022 sperandum;
3547 1953 3720 2017 alios,
3748 1958 3815 2008 ut

2159 2041 2324 2109 quasi
2374 2041 2606 2095 cortinae
2655 2040 3078 2110 hyacincthinm
3111 2040 3380 2096 interiora
3427 2042 3639 2096 domus
3688 2047 3810 2097 Do-

2159 2130 2297 2183 mini
2331 2134 2632 2196 ornarent;
2667 2129 2833 2196 alios,
2866 2134 2930 2183 ut
2959 2129 3128 2200 quasi
3159 2146 3297 2201 saga
3325 2129 3549 2184 cilicina
3579 2130 3808 2186 deforis

2154 2219 2487 2274 violentiam
2521 2223 2938 2289 tempestatum
2971 2222 3248 2273 arcerent.

2221 2363 2309 2415 38.
2347 2362 2510 2416 Libet
2540 2360 2879 2416 meminisse
2925 2361 3221 2432 quoddam
3254 2360 3435 2430 hujus
3487 2361 3568 2432 pii
3617 2361 3808 2417 Patris

2153 2451 2311 2521 pium
2345 2456 2402 2504 et
2430 2450 2723 2504 laudabile
2757 2450 2993 2519 factum,
3019 2451 3168 2521 quod
3214 2449 3272 2503 in
3317 2449 3462 2521 ipsis
3492 2452 3802 2507 sacerdotii

2149 2541 2237 2594 sui
2272 2539 2628 2610 primordiis,
2665 2544 2726 2592 ut
2757 2555 2858 2609 pro
2889 2539 3047 2593 luctu
3084 2538 3411 2609 spirituque
3444 2541 3708 2596 maeroris
3743 2542 3797 2596 in

2147 2645 2494 2698 oppressoru
2507 2645 2560 2681 m
2579 2628 2854 2682 cordibus
2871 2627 3145 2682 excitaret
3161 2643 3325 2698 spem
3344 2625 3800 2698 saliitis,ell‘ecis-

2145 2733 2206 2771 se
2229 2715 2899 2788 cognoscitur,quamvis
2918 2716 3025 2770 hoc
3055 2715 3272 2785 ipsum,
3297 2717 3370 2771 ob
3398 2716 3655 2787 inopiam
3681 2735 3796 2774 rec-

2143 2810 2197 2859 te
2229 2805 2634 2869 dividentium,
2660 2805 2872 2875 lingua:
2904 2803 3283 2859 calumnianti
3319 2805 3427 2860 fuit
3451 2805 3790 2862 obnoxium.

2139 2903 2283 2965 Quid
2315 2903 2468 2957 enim
2493 2920 2606 2957 non
2636 2901 2910 2973 pervertit
2931 2901 3396 2972 invidentia,qua
3419 2902 3584 2958 nulla
3605 2905 3795 2975 major

2139 3008 2267 3046 esse
2297 2992 2526 3046 videtur
2564 2991 2856 3045 amentia?
2878 2990 3177 3061 Siquidem
3213 2990 3523 3058 Ratherus,
3553 2991 3792 3048 Verona:

2137 3111 2204 3120 ——
2227 3098 2351 3151 quae
2397 3080 2600 3135 civitas
2632 3085 2720 3134 est
2752 3079 2925 3133 Italiae
2949 3111 3014 3119 —
3047 3079 3354 3134 ordinatus
3385 3081 3620 3150 praesul,
3655 3098 3791 3138 cum

373 3183 552 3239 ηειιιίίε
600 3181 922 3255 prioribus,
985 3181 1322 3250 omet-isque
1390 3196 1640 3249 quorum
1712 3177 2015 3247 dispositio
2049 3156 2090 3222 C
2131 3171 2468 3240 exquadam
2493 3168 2598 3223 levi
2625 3168 3294 3239 suspicionc,utmosest
3314 3169 3504 3238 gentis
3527 3169 3789 3241 illius,ab

372 3272 531 3345 regni
567 3272 863 3339 intererat,
897 3267 1300 3324 saluberrimis
1349 3268 1474 3323 suis
1524 3266 2025 3322 admonitionibus

371 3363 441 3417 ad
475 3361 807 3416 communis
858 3360 1144 3414 bonorum
1195 3357 1461 3413 omnium
1515 3355 1786 3410 utilitatis
1839 3355 2026 3409 foedus

368 3451 481 3506 ﬁde
527 3451 699 3523 plena
755 3453 1194 3513 consenserant,
1226 3447 1334 3502 hos
1385 3447 1507 3518 ipse
1559 3447 1709 3499 inter
1759 3460 2025 3498 summos

367 3545 423 3595 et
473 3539 788 3594 familiares
836 3537 1106 3605 habebat,
1161 3536 1379 3590 eisdem
1434 3535 1869 3604 imperatorem,
1901 3548 2025 3603 ger-

365 3644 610 3683 manum
670 3643 867 3689 suum,
917 3624 1181 3696 apprime
1239 3623 1710 3687 conciliabat“;
1769 3637 2021 3692 pensans

364 3732 480 3771 non
527 3719 745 3769 temere
777 3730 809 3767 a
839 3713 1094 3784 quodam
1148 3712 1410 3782 sapiente
1459 3711 1677 3766 dictum
1715 3727 1780 3763 ;‹‹
1817 3711 2018 3782 Bonus,

359 3803 458 3858 ubi
500 3803 770 3873 negligas,
815 3803 1053 3869 segnior,
1104 3810 1168 3855 at
1196 3801 1263 3834 ‘59
1307 3801 1487 3854 malus
1539 3801 1599 3869 ﬁt
1645 3799 1962 3869 improbior.
1994 3821 2014 3846 -

360 3891 874 3963 Archiepiscopum
909 3889 1172 3944 Treveris
1217 3889 1556 3959 Henricum,
1591 3887 1789 3960 magni
1825 3887 2015 3942 meriti

360 3983 416 4036 et
449 3997 693 4036 summai
737 3978 1043 4051 probitatis
1086 3978 1298 4044 virum,
1334 3978 1434 4048 qui
1485 3978 1764 4031 Rutberto
1789 3976 1856 4010 ‘59
1889 3993 2016 4030 ma-

357 4069 572 4142 gnifico
607 4067 839 4140 prazsuli
865 4067 1112 4124 Colonia:
1146 4067 1202 4122 in
1229 4067 1390 4139 gravi
1423 4065 1773 4138 pestilentia,
1799 4081 1931 4119 cum
1961 4070 2017 4120 et

359 4160 675 4231 imperator
705 4157 918 4212 ibidem
954 4161 1127 4222 esset,
1152 4157 1430 4212 defuncto
1454 4154 1759 4221 successit,
1783 4153 2016 4210 Wilhel-

356 4265 519 4304 mum
566 4246 1109 4321 quoque,praacluis
1156 4250 1212 4300 et
1259 4244 1609 4317 gratissimae
1663 4242 2012 4299 excellentiae

355 4337 895 4402 archimandritam,
924 4339 1193 4406 nepotem
1225 4350 1425 4401 suum,
1451 4332 1753 4388 Fritherici
1781 4336 2012 4404 Mogon-

353 4426 498 4482 tiani
531 4425 815 4481 antistitis
865 4439 1286 4490 successorem,
1322 4423 1525 4478 ambos
1574 4420 1863 4492 egregios,
1885 4437 2009 4475 am-

2135 3258 2353 3312 honore
2378 3257 2700 3329 propria”63
2721 3258 2878 3312 sedis
2909 3261 3063 3312 esset
3090 3256 3390 3328 expulsus,
3416 3258 3790 3315 Leodicensis

2134 3347 2417 3403 ‘5‘cathed
2428 3365 2498 3402 rae
2511 3348 2980 3418 vacanti,magna
2995 3348 3123 3418 ejus
3142 3347 3788 3414 industria,secundum

2136 3442 2354 3491 statuta
2402 3453 2714 3502 canonum,
2757 3436 3157 3491 incardinatus
3196 3440 3305 3490 est.
3339 3435 3500 3499 Quod
3544 3437 3786 3508 quidem

2135 3531 2366 3596 prepter
2396 3526 2790 3580 abundantem
2835 3525 3158 3580 doctrinam
3184 3525 3252 3559 ‘5‘
3281 3529 3338 3580 et
3383 3524 3785 3596 eloquentiam

2132 3615 2449 3686 copiosam,
2466 3631 2583 3685 qua
2605 3614 2754 3668 inter
2776 3614 3242 3684 sapientissimos
3265 3614 3468 3669 ﬂorere
3485 3615 3650 3671 visus
3672 3623 3784 3688 est,

2131 3728 2243 3766 non
2272 3711 2460 3766 eidem
2491 3710 2681 3766 solum
2714 3709 2981 3766 Ecclesia:
3004 3710 3096 3765 cui
3128 3711 3377 3783 praefuit,
3400 3711 3502 3767 sed
3535 3717 3592 3767 et
3623 3713 3782 3768 mul-

2129 3801 2204 3855 tis
2233 3799 2364 3855 aliis
2396 3800 2852 3870 circumquaque
2891 3799 3054 3855 valde
3092 3800 3418 3871 proﬁcuum
3450 3801 3573 3857 fore
3605 3808 3778 3873 puta-

2127 3895 2253 3944 tum
2285 3894 2390 3944 est.
2416 3887 2601 3943 Simul
2626 3889 2764 3960 quia
2793 3888 2853 3942 in
2886 3887 3002 3943 illis
3034 3889 3298 3959 partibus
3347 3905 3450 3960 per
3496 3889 3690 3946 zelum
3723 3897 3779 3948 et

2127 3978 2749 4042 contentionem,unde
2779 3977 2899 4033 fieri
2924 3977 3071 4032 solet
3098 3977 3494 4033 inconstantia
3517 3983 3574 4034 et
3605 3996 3780 4038 omne

2127 4083 2274 4138 opus
2295 4067 2820 4138 praevum,quidam
2844 4067 3018 4122 etiam
3043 4068 3373 4122 sacerdotes
3396 4068 3646 4140 Domini,
3666 4069 3784 4141 ple-

2126 4172 2396 4226 rumque,
2429 4157 2580 4227 quod
2626 4155 2782 4210 dictu
2829 4157 2992 4211 nefas
3032 4160 3392 4225 est,terrenai
3437 4155 3572 4228 plus
3614 4159 3781 4229 justo

2125 4245 2328 4300 conﬁsi
2381 4245 2673 4316 potentiae,
2708 4245 2989 4316 populum
3021 4245 3360 4318 imperitum
3413 4247 3780 4304 scandaliza-

2122 4335 2300 4389 bant:
2335 4351 2484 4405 szepe
2513 4334 2704 4389 dictus
2737 4349 3006 4406 saepeque
3037 4334 3322 4390 dicendus
3352 4335 3609 4392 domnus
3643 4337 3782 4392 Bru-

2124 4439 2218 4490 no,
2247 4423 2337 4476 cui
2362 4423 2487 4493 jam
2519 4422 2696 4477 totius
2728 4423 2890 4494 regni
2921 4422 3300 4495 dispensandi
3331 4440 3472 4478 cura
3500 4425 3780 4481 immine-

352 4516 458 4571 bos
488 4516 545 4570 in
581 4513 806 4569 Domini
840 4513 965 4584 lege
996 4514 1244 4585 perfecte
1293 4512 1633 4576 instructos,
1670 4509 2007 4580 imperatori
2038 4526 2086 4591 Ι)
2121 4511 2237 4574 bat,
2273 4516 2436 4566 ratus
2468 4511 2525 4565 id
2572 4512 2727 4582 quod
2759 4528 2962 4567 verum
3017 4512 3145 4580 fuit,
3179 4511 3335 4567 hunc
3381 4513 3636 4583 ejectum
3667 4531 3779 4570 an-

353 4603 600 4660 allerum
631 4601 1151 4673 consanguinitate,
1178 4600 1422 4655 alterum
1450 4598 1758 4669 probitate,
1785 4600 2004 4653 utrum-

352 4709 466 4764 que
524 4690 918 4748 familiaritate
976 4689 1529 4762 conjunctissimos,
1588 4686 1712 4756 ipse
1770 4703 2000 4758 quoque

350 4781 645 4853 imprimis
693 4797 926 4836 summa
964 4777 1334 4836 veneratione
1383 4774 1626 4830 colebat.
1663 4774 1776 4829 Hos
1824 4775 2003 4847 igitur

351 4871 498 4924 tales
530 4873 649 4924 tam
673 4869 952 4940 illustres,
975 4873 1094 4924 tam
1119 4871 1273 4920 certe
1294 4863 1586 4935 sapientes
1609 4866 1667 4917 et
1697 4863 2000 4922 religiosos

349 4963 406 5015 et
435 4960 494 5014 in
527 4960 801 5015 omnibus
831 4958 1000 5013 bonis
1033 4954 1258 5010 artibus
1288 4955 1545 5008 eruditos
1575 4953 1726 5010 viros
1760 4955 1830 5009 ad
1865 4971 1997 5010 con-

348 5048 567 5117 silium,
602 5066 673 5104 ne
721 5048 869 5101 forte
918 5044 1042 5114 ipse
1094 5059 1195 5114 per
1239 5059 1319 5110 se,
1355 5047 1418 5098 ut
1468 5047 1606 5098 sunt
1654 5044 1932 5110 humana,
1966 5062 1999 5100 a

346 5140 582 5194 tramite
642 5133 904 5191 veritatis
963 5133 1192 5206 uspiam
1251 5134 1618 5197 exorbitaret,
1665 5133 2001 5204 frequenter

345 5226 645 5292 adhibuit;
698 5223 804 5279 hos
853 5240 986 5280 cum
1017 5223 1143 5297 ipso
1175 5223 1352 5280 simul
1385 5241 1499 5278 non
1534 5223 1725 5278 solum
1774 5221 1834 5275 in
1884 5220 2001 5277 lec-

2116 4599 2287 4654 tehac
2320 4604 2376 4654 et
2405 4598 2732 4672 neglectum
2791 4600 2900 4656 hoc
2959 4604 3114 4657 tanto
3171 4601 3452 4658 beneﬁcio
3504 4603 3578 4658 ad
3629 4603 3775 4660 illud

2113 4689 2246 4743 ﬁdei
2277 4692 2334 4744 et
2361 4688 2622 4743 veritatis
2655 4689 2841 4745 fcedus
2881 4689 3116 4757 adduci,
3147 4693 3212 4745 ut
3241 4707 3275 4745 a
3305 4690 3541 4746 nemine
3573 4696 3774 4763 posset

2111 4778 2334 4848 seduci,
2393 4777 2475 4832 ita
2527 4779 2764 4833 demum
2823 4795 2889 4835 os
2942 4778 3307 4851 loquentium
3367 4779 3609 4835 inimica
3668 4782 3775 4836 ob-

2112 4873 2336 4923 struere
2368 4884 2538 4938 posse
2581 4867 2849 4933 credidit,
2883 4868 2930 4922 si
2964 4867 3126 4922 nulla
3155 4868 3381 4923 occasio
3412 4870 3680 4925 scandali
3705 4872 3774 4906 ⁴⁶⁶

2110 4949 2309 5029 posset
2365 4955 2420 5009 in
2481 4973 2680 5011 eorum
2741 4957 3012 5029 episcopo
3065 4957 3326 5028 reperiri.
3370 4959 3480 5013 Sed
3545 4960 3617 5014 ad
3679 4960 3773 5015 sui

2111 5045 2426 5117 perniciem
2475 5062 2610 5118 pars
2657 5046 2896 5101 sinistra
2942 5046 3270 5117 praivaluit;
3323 5047 3613 5118 quidquid
3668 5066 3771 5120 pro

2110 5135 2298 5190 salute
2353 5151 2555 5190 eorum
2616 5140 2846 5206 gestum
2905 5139 3022 5204 est,
3084 5135 3190 5189 hoc
3249 5135 3358 5190 sibi
3421 5136 3768 5206 pestiferum

2108 5222 2497 5280 aestimabant.
2545 5224 2690 5290 Quid
2743 5222 2970 5279 multa?
3021 5224 3288 5279 Erratum
3340 5227 3448 5294 est,
3496 5226 3765 5283 saevitum

1689 5347 1927 5404 νΑΒΙιΕ
1967 5348 2377 5406 LECTIONES.

414 5441 480 5475 ‘56
512 5435 820 5494 consilium
850 5445 903 5495 2.
980 5441 1045 5476 ‘57
1078 5439 1424 5496 consiliabat
1451 5438 1504 5492 2.
1582 5437 1649 5474 “‘3
1680 5442 1780 5494 aut
1829 5438 1880 5492 1.
1913 5437 1964 5492 3.
2042 5439 2111 5474 ‘59
2141 5439 2436 5494 ruotberto
2466 5440 2520 5495 2.
2553 5441 2606 5495 3.
2685 5440 2752 5476 ⁴⁸⁰

342 5524 581 5582 summa
611 5513 973 5582 veneratione
1003 5514 1226 5568 colebat
1255 5510 1389 5582 add.
1419 5510 1471 5582 3.
1549 5511 1612 5544 ⁴⁶¹
1647 5511 1801 5566 deest
1831 5511 1884 5563 3.
1961 5510 2028 5546 ⁴⁶²
2060 5516 2330 5582 suscepto
2371 5511 2426 5567 2.
2472 5510 2623 5568 deest
2654 5513 2708 5568 3.

338 5581 406 5620 “5
437 5577 860 5640 abundantiam
891 5584 1164 5640 doctrinae
1194 5585 1248 5639 3.
1328 5581 1395 5618 ⁴⁶⁶
1425 5579 1571 5636 deest
1601 5582 1653 5638 3.

3307 5455 3413 5512 uos
3461 5438 3762 5512 imprimis

2844 5454 3215 5522 sosoquoque
3266 5454 3413 5548 quos
3461 5456 3757 5522 imprimis

2844 5513 2853 5546 '
2882 5528 3082 5570 primas
3114 5511 3172 5567 L.
3252 5511 3272 5544 ‘
3301 5512 3321 5547 ⁴
3350 5511 3670 5570 leodicensi
3701 5512 3757 5569 3.

2779 5456 2940 5547 ipsos
2956 5511 2966 5522 ο
2981 5456 3172 5511 quoqu

2882 5528 3082 5584 prima:
3114 5511 3172 5567 L.
