  <div class='ocr_page' id='page_1' title='image "/cluster/home/n/w/nwhite01/storage/ocr_20150623/134-135/uva.x000829784/544.png"; bbox 0 0 3970 6212; ppageno 0'>
   <div class='ocr_carea' id='block_1_1' title="bbox 164 327 285 385">
    <p class='ocr_par' dir='ltr' id='par_1_1' title="bbox 164 327 285 385">
     <span class='ocr_line' id='line_1_1' title="bbox 164 327 285 385; baseline 0 -2"><span class='ocrx_word' id='word_1_1' title='bbox 164 327 285 385; x_wconf 84' lang='lat'><strong>973</strong></span> 
     </span>
    </p>
   </div>
   <div class='ocr_carea' id='block_1_2' title="bbox 1770 317 1982 376">
    <p class='ocr_par' dir='ltr' id='par_1_2' title="bbox 1770 317 1982 376">
     <span class='ocr_line' id='line_1_2' title="bbox 1770 317 1982 376; baseline -0.009 0"><span class='ocrx_word' id='word_1_2' title='bbox 1770 317 1982 376; x_wconf 82' lang='lat' dir='ltr'>VlTA.</span> 
     </span>
    </p>
   </div>
   <div class='ocr_carea' id='block_1_3' title="bbox 3457 329 3574 386">
    <p class='ocr_par' dir='ltr' id='par_1_3' title="bbox 3457 329 3574 386">
     <span class='ocr_line' id='line_1_3' title="bbox 3457 329 3574 386; baseline -0.034 0"><span class='ocrx_word' id='word_1_3' title='bbox 3457 329 3574 386; x_wconf 67' lang='lat'>9&#39;74</span> 
     </span>
    </p>
   </div>
   <div class='ocr_carea' id='block_1_4' title="bbox 161 450 3575 524">
    <p class='ocr_par' dir='ltr' id='par_1_4' title="bbox 161 450 3575 524">
     <span class='ocr_line' id='line_1_4' title="bbox 161 450 3575 524; baseline 0 -14"><span class='ocrx_word' id='word_1_4' title='bbox 161 455 439 524; x_wconf 75' lang='lat' dir='ltr'>eri/icium</span> <span class='ocrx_word' id='word_1_5' title='bbox 468 453 652 508; x_wconf 74' lang='lat' dir='ltr'>laudis</span> <span class='ocrx_word' id='word_1_6' title='bbox 696 453 1076 522; x_wconf 80' lang='lat' dir='ltr'>honoriﬁcabit</span> <span class='ocrx_word' id='word_1_7' title='bbox 1131 467 1238 518; x_wconf 78' lang='lat' dir='ltr'>me,</span> <span class='ocrx_word' id='word_1_8' title='bbox 1295 459 1346 506; x_wconf 79' lang='grc' dir='ltr'>ει</span> <span class='ocrx_word' id='word_1_9' title='bbox 1405 452 1523 504; x_wconf 70' lang='lat' dir='ltr'>illic</span> <span class='ocrx_word' id='word_1_10' title='bbox 1580 451 1684 503; x_wconf 75' lang='lat' dir='ltr'>iter</span> <span class='ocrx_word' id='word_1_11' title='bbox 1711 463 1816 518; x_wconf 86' lang='lat' dir='ltr'>quo</span> <span class='ocrx_word' id='word_1_12' title='bbox 1843 450 1898 514; x_wconf 84' lang='grc' dir='ltr'><strong>Α</strong></span> <span class='ocrx_word' id='word_1_13' title='bbox 1929 464 2059 501; x_wconf 92' lang='lat' dir='ltr'>cum</span> <span class='ocrx_word' id='word_1_14' title='bbox 2094 453 2358 518; x_wconf 86' lang='lat' dir='ltr'>nepotem</span> <span class='ocrx_word' id='word_1_15' title='bbox 2393 466 2565 504; x_wconf 88' lang='lat' dir='ltr'>suum</span> <span class='ocrx_word' id='word_1_16' title='bbox 2595 467 2606 502; x_wconf 87' lang='lat'>:</span> <span class='ocrx_word' id='word_1_17' title='bbox 2655 451 2898 515; x_wconf 84' lang='lat' dir='ltr'>Domine,</span> <span class='ocrx_word' id='word_1_18' title='bbox 2944 451 3155 523; x_wconf 82' lang='lat' dir='ltr'>inquit,</span> <span class='ocrx_word' id='word_1_19' title='bbox 3189 470 3284 508; x_wconf 84' lang='lat' dir='ltr'>ora</span> <span class='ocrx_word' id='word_1_20' title='bbox 3310 460 3327 506; x_wconf 73' lang='grc' dir='ltr'>,ν</span> <span class='ocrx_word' id='word_1_21' title='bbox 3357 459 3412 507; x_wconf 80' lang='lat' dir='ltr'>et</span> <span class='ocrx_word' id='word_1_22' title='bbox 3445 472 3575 510; x_wconf 81' lang='lat' dir='ltr'>mox</span> 
     </span>
    </p>
   </div>
   <div class='ocr_carea' id='block_1_5' title="bbox 164 537 1816 611">
    <p class='ocr_par' dir='ltr' id='par_1_5' title="bbox 164 537 1816 611">
     <span class='ocr_line' id='line_1_5' title="bbox 164 537 1816 611; baseline -0.004 -13"><span class='ocrx_word' id='word_1_23' title='bbox 164 542 437 600; x_wconf 77' lang='lat' dir='ltr'>ostendam</span> <span class='ocrx_word' id='word_1_24' title='bbox 469 543 564 597; x_wconf 86' lang='lat' dir='ltr'>illi</span> <span class='ocrx_word' id='word_1_25' title='bbox 610 542 868 597; x_wconf 81' lang='lat' dir='ltr'>Salutarc</span> <span class='ocrx_word' id='word_1_26' title='bbox 923 558 1107 595; x_wconf 86' lang='lat' dir='ltr'>meum</span> <span class='ocrx_word' id='word_1_27' title='bbox 1146 540 1317 611; x_wconf 83' lang='lat' dir='ltr'>(Psal.</span> <span class='ocrx_word' id='word_1_28' title='bbox 1378 557 1522 604; x_wconf 75' lang='lat' dir='ltr'>xmx,</span> <span class='ocrx_word' id='word_1_29' title='bbox 1556 539 1666 607; x_wconf 74' lang='lat'>‘23).</span> <span class='ocrx_word' id='word_1_30' title='bbox 1701 537 1816 591; x_wconf 85' lang='lat' dir='ltr'>Hoc</span> 
     </span>
    </p>
   </div>
   <div class='ocr_carea' id='block_1_6' title="bbox 168 629 1817 698">
    <p class='ocr_par' dir='ltr' id='par_1_6' title="bbox 168 629 1817 698">
     <span class='ocr_line' id='line_1_6' title="bbox 168 629 1817 698; baseline -0.004 -12"><span class='ocrx_word' id='word_1_31' title='bbox 168 632 450 696; x_wconf 87' lang='lat' dir='ltr'>Salutare,</span> <span class='ocrx_word' id='word_1_32' title='bbox 476 630 532 684; x_wconf 90' lang='lat' dir='ltr'><strong><em>id</em></strong></span> <span class='ocrx_word' id='word_1_33' title='bbox 565 636 673 698; x_wconf 90' lang='lat' dir='ltr'>est,</span> <span class='ocrx_word' id='word_1_34' title='bbox 708 630 1022 685; x_wconf 90' lang='lat' dir='ltr'>Dominum</span> <span class='ocrx_word' id='word_1_35' title='bbox 1043 633 1268 694; x_wconf 91' lang='lat' dir='ltr'>Jesum,</span> <span class='ocrx_word' id='word_1_36' title='bbox 1301 646 1395 682; x_wconf 83' lang='lat' dir='ltr'>ore</span> <span class='ocrx_word' id='word_1_37' title='bbox 1430 629 1724 694; x_wconf 79' lang='lat' dir='ltr'>confiteor,</span> <span class='ocrx_word' id='word_1_38' title='bbox 1761 631 1817 679; x_wconf 91' lang='lat' dir='ltr'>et</span> 
     </span>
    </p>
   </div>
   <div class='ocr_carea' id='block_1_7' title="bbox 167 716 1814 790">
    <p class='ocr_par' dir='ltr' id='par_1_7' title="bbox 167 716 1814 790">
     <span class='ocr_line' id='line_1_7' title="bbox 167 716 1814 790; baseline -0.005 -14"><span class='ocrx_word' id='word_1_39' title='bbox 167 721 337 776; x_wconf 89' lang='lat' dir='ltr'>corde</span> <span class='ocrx_word' id='word_1_40' title='bbox 365 721 560 786; x_wconf 83' lang='lat' dir='ltr'>credo,</span> <span class='ocrx_word' id='word_1_41' title='bbox 617 720 770 790; x_wconf 92' lang='lat' dir='ltr'>quod</span> <span class='ocrx_word' id='word_1_42' title='bbox 832 719 984 774; x_wconf 87' lang='lat' dir='ltr'>Deus</span> <span class='ocrx_word' id='word_1_43' title='bbox 1034 717 1198 772; x_wconf 85' lang='lat' dir='ltr'>illum</span> <span class='ocrx_word' id='word_1_44' title='bbox 1250 716 1551 771; x_wconf 79' lang='lat' dir='ltr'>suscitavit</span> <span class='ocrx_word' id='word_1_45' title='bbox 1599 732 1629 768; x_wconf 90' lang='lat' dir='ltr'>a</span> <span class='ocrx_word' id='word_1_46' title='bbox 1662 731 1814 768; x_wconf 87' lang='lat' dir='ltr'>mor-</span> 
     </span>
    </p>
   </div>
   <div class='ocr_carea' id='block_1_8' title="bbox 165 803 1813 876">
    <p class='ocr_par' dir='ltr' id='par_1_8' title="bbox 165 803 1813 876">
     <span class='ocr_line' id='line_1_8' title="bbox 165 803 1813 876; baseline -0.006 -11"><span class='ocrx_word' id='word_1_47' title='bbox 165 809 279 865; x_wconf 87' lang='lat' dir='ltr'>tuis</span> <span class='ocrx_word' id='word_1_48' title='bbox 311 810 397 864; x_wconf 67' lang='lat' dir='ltr'>m.</span> <span class='ocrx_word' id='word_1_49' title='bbox 433 808 536 862; x_wconf 84' lang='lat' dir='ltr'>Hic</span> <span class='ocrx_word' id='word_1_50' title='bbox 567 825 771 862; x_wconf 90' lang='lat' dir='ltr'>omnes</span> <span class='ocrx_word' id='word_1_51' title='bbox 803 808 1112 861; x_wconf 77' lang='lat' dir='ltr'>thesauros</span> <span class='ocrx_word' id='word_1_52' title='bbox 1151 805 1444 876; x_wconf 65' lang='lat' dir='ltr'>sapientiae</span> <span class='ocrx_word' id='word_1_53' title='bbox 1475 809 1531 858; x_wconf 89' lang='lat' dir='ltr'>et</span> <span class='ocrx_word' id='word_1_54' title='bbox 1561 803 1813 858; x_wconf 71' lang='lat' dir='ltr'>scienticc</span> 
     </span>
    </p>
   </div>
   <div class='ocr_carea' id='block_1_9' title="bbox 165 894 1814 969">
    <p class='ocr_par' dir='ltr' id='par_1_9' title="bbox 165 894 1814 969">
     <span class='ocr_line' id='line_1_9' title="bbox 165 894 1814 969; baseline -0.004 -16"><span class='ocrx_word' id='word_1_55' title='bbox 165 897 539 953; x_wconf 75' lang='lat' dir='ltr'>absconditos</span> <span class='ocrx_word' id='word_1_56' title='bbox 570 913 846 969; x_wconf 83' lang='lat' dir='ltr'>agnosco.</span> <span class='ocrx_word' id='word_1_57' title='bbox 876 899 1033 950; x_wconf 81' lang='lat' dir='ltr'>Hunc</span> <span class='ocrx_word' id='word_1_58' title='bbox 1067 895 1375 950; x_wconf 80' lang='lat' dir='ltr'>Dominum</span> <span class='ocrx_word' id='word_1_59' title='bbox 1408 894 1611 948; x_wconf 87' lang='lat' dir='ltr'>Jesum</span> <span class='ocrx_word' id='word_1_60' title='bbox 1645 909 1814 947; x_wconf 85' lang='lat' dir='ltr'>nemo</span> 
     </span>
    </p>
   </div>
   <div class='ocr_carea' id='block_1_10' title="bbox 163 981 1816 1059">
    <p class='ocr_par' dir='ltr' id='par_1_10' title="bbox 163 981 1816 1059">
     <span class='ocr_line' id='line_1_10' title="bbox 163 981 1816 1059; baseline -0.004 -17"><span class='ocrx_word' id='word_1_61' title='bbox 163 991 349 1059; x_wconf 88' lang='lat' dir='ltr'>potest</span> <span class='ocrx_word' id='word_1_62' title='bbox 379 985 710 1050; x_wconf 90' lang='lat' dir='ltr'>dicere,nisi</span> <span class='ocrx_word' id='word_1_63' title='bbox 745 986 802 1040; x_wconf 90' lang='lat' dir='ltr'>in</span> <span class='ocrx_word' id='word_1_64' title='bbox 835 985 1055 1056; x_wconf 80' lang='lat' dir='ltr'>Spiritu</span> <span class='ocrx_word' id='word_1_65' title='bbox 1089 991 1291 1038; x_wconf 75' lang='lat' dir='ltr'>sancto</span> <span class='ocrx_word' id='word_1_66' title='bbox 1321 1003 1334 1051; x_wconf 91' lang='lat'>;</span> <span class='ocrx_word' id='word_1_67' title='bbox 1365 989 1497 1037; x_wconf 82' lang='lat' dir='ltr'>ante</span> <span class='ocrx_word' id='word_1_68' title='bbox 1531 981 1692 1036; x_wconf 91' lang='lat' dir='ltr'>illum</span> <span class='ocrx_word' id='word_1_69' title='bbox 1726 986 1816 1036; x_wconf 90' lang='lat' dir='ltr'>est</span> 
     </span>
    </p>
   </div>
   <div class='ocr_carea' id='block_1_11' title="bbox 163 1072 1813 1145">
    <p class='ocr_par' dir='ltr' id='par_1_11' title="bbox 163 1072 1813 1145">
     <span class='ocr_line' id='line_1_11' title="bbox 163 1072 1813 1145; baseline -0.004 -15"><span class='ocrx_word' id='word_1_70' title='bbox 163 1092 329 1130; x_wconf 89' lang='lat' dir='ltr'>omne</span> <span class='ocrx_word' id='word_1_71' title='bbox 353 1074 712 1130; x_wconf 80' lang='lat' dir='ltr'>desiderium</span> <span class='ocrx_word' id='word_1_72' title='bbox 765 1090 984 1140; x_wconf 89' lang='lat' dir='ltr'>meum,</span> <span class='ocrx_word' id='word_1_73' title='bbox 1043 1078 1096 1127; x_wconf 88' lang='lat' dir='ltr'>et</span> <span class='ocrx_word' id='word_1_74' title='bbox 1146 1074 1400 1145; x_wconf 81' lang='lat' dir='ltr'>gemitus</span> <span class='ocrx_word' id='word_1_75' title='bbox 1448 1089 1613 1127; x_wconf 90' lang='lat' dir='ltr'>meus</span> <span class='ocrx_word' id='word_1_76' title='bbox 1645 1072 1716 1126; x_wconf 92' lang='lat' dir='ltr'>ab</span> <span class='ocrx_word' id='word_1_77' title='bbox 1749 1088 1813 1125; x_wconf 90' lang='lat' dir='ltr'>eo</span> 
     </span>
    </p>
   </div>
   <div class='ocr_carea' id='block_1_12' title="bbox 167 1159 1814 1231">
    <p class='ocr_par' dir='ltr' id='par_1_12' title="bbox 167 1159 1814 1231">
     <span class='ocr_line' id='line_1_12' title="bbox 167 1159 1814 1231; baseline -0.004 -13"><span class='ocrx_word' id='word_1_78' title='bbox 167 1180 275 1218; x_wconf 91' lang='lat' dir='ltr'>non</span> <span class='ocrx_word' id='word_1_79' title='bbox 306 1169 396 1218; x_wconf 89' lang='lat' dir='ltr'>est</span> <span class='ocrx_word' id='word_1_80' title='bbox 426 1163 828 1217; x_wconf 77' lang='lat' dir='ltr'>absconditus.</span> <span class='ocrx_word' id='word_1_81' title='bbox 866 1161 1008 1231; x_wconf 83' lang='lat' dir='ltr'>Dixi,</span> <span class='ocrx_word' id='word_1_82' title='bbox 1038 1162 1356 1215; x_wconf 83' lang='lat' dir='ltr'>contitebor</span> <span class='ocrx_word' id='word_1_83' title='bbox 1379 1159 1688 1214; x_wconf 89' lang='lat' dir='ltr'>adversum</span> <span class='ocrx_word' id='word_1_84' title='bbox 1723 1174 1814 1211; x_wconf 89' lang='lat' dir='ltr'>me</span> 
     </span>
    </p>
   </div>
   <div class='ocr_carea' id='block_1_13' title="bbox 168 1249 1814 1322">
    <p class='ocr_par' dir='ltr' id='par_1_13' title="bbox 168 1249 1814 1322">
     <span class='ocr_line' id='line_1_13' title="bbox 168 1249 1814 1322; baseline -0.004 -16"><span class='ocrx_word' id='word_1_85' title='bbox 168 1252 486 1322; x_wconf 89' lang='lat' dir='ltr'>injustitias</span> <span class='ocrx_word' id='word_1_86' title='bbox 520 1268 679 1306; x_wconf 90' lang='lat' dir='ltr'>meas</span> <span class='ocrx_word' id='word_1_87' title='bbox 706 1249 1130 1321; x_wconf 90' lang='lat' dir='ltr'>Domino,quod</span> <span class='ocrx_word' id='word_1_88' title='bbox 1162 1254 1250 1303; x_wconf 89' lang='lat' dir='ltr'>est</span> <span class='ocrx_word' id='word_1_89' title='bbox 1271 1249 1595 1303; x_wconf 92' lang='lat' dir='ltr'>secundum</span> <span class='ocrx_word' id='word_1_90' title='bbox 1628 1263 1814 1318; x_wconf 89' lang='lat' dir='ltr'>genus</span> 
     </span>
    </p>
   </div>
   <div class='ocr_carea' id='block_1_14' title="bbox 169 1336 1811 1410">
    <p class='ocr_par' dir='ltr' id='par_1_14' title="bbox 169 1336 1811 1410">
     <span class='ocr_line' id='line_1_14' title="bbox 169 1336 1811 1410; baseline -0.005 -14"><span class='ocrx_word' id='word_1_91' title='bbox 169 1341 548 1396; x_wconf 82' lang='lat' dir='ltr'>confessionis</span> <span class='ocrx_word' id='word_1_92' title='bbox 571 1338 946 1394; x_wconf 83' lang='lat' dir='ltr'>lamentabile</span> <span class='ocrx_word' id='word_1_93' title='bbox 977 1339 1033 1393; x_wconf 92' lang='lat' dir='ltr'>in</span> <span class='ocrx_word' id='word_1_94' title='bbox 1068 1337 1339 1410; x_wconf 87' lang='lat' dir='ltr'>peccatis.</span> <span class='ocrx_word' id='word_1_95' title='bbox 1369 1337 1625 1392; x_wconf 90' lang='lat' dir='ltr'>Tertium</span> <span class='ocrx_word' id='word_1_96' title='bbox 1659 1336 1811 1406; x_wconf 87' lang='lat' dir='ltr'>quod</span> 
     </span>
    </p>
   </div>
   <div class='ocr_carea' id='block_1_15' title="bbox 169 1425 1813 1498">
    <p class='ocr_par' dir='ltr' id='par_1_15' title="bbox 169 1425 1813 1498">
     <span class='ocr_line' id='line_1_15' title="bbox 169 1425 1813 1498; baseline -0.004 -14"><span class='ocrx_word' id='word_1_97' title='bbox 169 1429 536 1484; x_wconf 85' lang='lat' dir='ltr'>commendat</span> <span class='ocrx_word' id='word_1_98' title='bbox 594 1429 800 1483; x_wconf 84' lang='lat' dir='ltr'>beatos</span> <span class='ocrx_word' id='word_1_99' title='bbox 855 1427 1107 1482; x_wconf 86' lang='lat' dir='ltr'>Jacobus</span> <span class='ocrx_word' id='word_1_100' title='bbox 1180 1425 1515 1498; x_wconf 81' lang='lat' dir='ltr'>apostolus:</span> <span class='ocrx_word' id='word_1_101' title='bbox 1579 1425 1813 1492; x_wconf 80' lang='lat' dir='ltr'>Con/ite-</span> 
     </span>
    </p>
   </div>
   <div class='ocr_carea' id='block_1_16' title="bbox 166 1517 1815 1589">
    <p class='ocr_par' dir='ltr' id='par_1_16' title="bbox 166 1517 1815 1589">
     <span class='ocr_line' id='line_1_16' title="bbox 166 1517 1815 1589; baseline -0.003 -18"><span class='ocrx_word' id='word_1_102' title='bbox 166 1520 319 1583; x_wconf 83' lang='lat' dir='ltr'>mini,</span> <span class='ocrx_word' id='word_1_103' title='bbox 354 1517 631 1589; x_wconf 86' lang='lat' dir='ltr'>inquiens</span> <span class='ocrx_word' id='word_1_104' title='bbox 679 1518 1008 1571; x_wconf 73' lang='lat' dir='ltr'>alterutrum</span> <span class='ocrx_word' id='word_1_105' title='bbox 1063 1526 1281 1584; x_wconf 62' lang='lat' dir='ltr'>peccata</span> <span class='ocrx_word' id='word_1_106' title='bbox 1344 1519 1543 1579; x_wconf 70' lang='lat' dir='ltr'>vestra,</span> <span class='ocrx_word' id='word_1_107' title='bbox 1578 1523 1628 1567; x_wconf 77' lang='lat' dir='ltr'>et</span> <span class='ocrx_word' id='word_1_108' title='bbox 1660 1519 1815 1567; x_wconf 72' lang='lat' dir='ltr'>orate</span> 
     </span>
    </p>
   </div>
   <div class='ocr_carea' id='block_1_17' title="bbox 163 1602 1814 1677">
    <p class='ocr_par' dir='ltr' id='par_1_17' title="bbox 163 1602 1814 1677">
     <span class='ocr_line' id='line_1_17' title="bbox 163 1602 1814 1677; baseline -0.003 -18"><span class='ocrx_word' id='word_1_109' title='bbox 163 1624 254 1677; x_wconf 86' lang='lat' dir='ltr'>pro</span> <span class='ocrx_word' id='word_1_110' title='bbox 285 1607 540 1674; x_wconf 85' lang='lat' dir='ltr'>invicem,</span> <span class='ocrx_word' id='word_1_111' title='bbox 575 1614 631 1659; x_wconf 83' lang='lat' dir='ltr'>ut</span> <span class='ocrx_word' id='word_1_112' title='bbox 687 1605 993 1658; x_wconf 70' lang='lat' dir='ltr'>Salvemz’ni</span> <span class='ocrx_word' id='word_1_113' title='bbox 1049 1606 1181 1674; x_wconf 71' lang='lat' dir='ltr'>(Jac.</span> <span class='ocrx_word' id='word_1_114' title='bbox 1230 1621 1283 1668; x_wconf 91' lang='lat' dir='ltr'>v,</span> <span class='ocrx_word' id='word_1_115' title='bbox 1345 1604 1450 1670; x_wconf 78' lang='lat'>16),</span> <span class='ocrx_word' id='word_1_116' title='bbox 1484 1603 1590 1656; x_wconf 93' lang='lat' dir='ltr'>hoc</span> <span class='ocrx_word' id='word_1_117' title='bbox 1624 1602 1814 1656; x_wconf 89' lang='lat' dir='ltr'>vobis-</span> 
     </span>
    </p>
   </div>
   <div class='ocr_carea' id='block_1_18' title="bbox 163 1690 1814 1762">
    <p class='ocr_par' dir='ltr' id='par_1_18' title="bbox 163 1690 1814 1762">
     <span class='ocr_line' id='line_1_18' title="bbox 163 1690 1814 1762; baseline -0.004 -12"><span class='ocrx_word' id='word_1_118' title='bbox 163 1713 287 1750; x_wconf 89' lang='lat' dir='ltr'>cum</span> <span class='ocrx_word' id='word_1_119' title='bbox 317 1693 545 1749; x_wconf 86' lang='lat' dir='ltr'>domini</span> <span class='ocrx_word' id='word_1_120' title='bbox 578 1699 633 1747; x_wconf 90' lang='lat' dir='ltr'>et</span> <span class='ocrx_word' id='word_1_121' title='bbox 665 1694 871 1747; x_wconf 78' lang='lat' dir='ltr'>fratres</span> <span class='ocrx_word' id='word_1_122' title='bbox 922 1694 1056 1761; x_wconf 69' lang='lat' dir='ltr'>mei,</span> <span class='ocrx_word' id='word_1_123' title='bbox 1111 1710 1279 1762; x_wconf 81' lang='lat' dir='ltr'>agere</span> <span class='ocrx_word' id='word_1_124' title='bbox 1326 1692 1474 1757; x_wconf 89' lang='lat' dir='ltr'>volo,</span> <span class='ocrx_word' id='word_1_125' title='bbox 1509 1690 1616 1744; x_wconf 87' lang='lat' dir='ltr'>hoc</span> <span class='ocrx_word' id='word_1_126' title='bbox 1648 1691 1814 1744; x_wconf 81' lang='lat' dir='ltr'>anxie</span> 
     </span>
    </p>
   </div>
   <div class='ocr_carea' id='block_1_19' title="bbox 1928 537 3576 613">
    <p class='ocr_par' dir='ltr' id='par_1_19' title="bbox 1928 537 3576 613">
     <span class='ocr_line' id='line_1_19' title="bbox 1928 537 3576 613; baseline 0.006 -25"><span class='ocrx_word' id='word_1_127' title='bbox 1928 542 2080 589; x_wconf 77' lang='lat' dir='ltr'>inter</span> <span class='ocrx_word' id='word_1_128' title='bbox 2139 537 2454 607; x_wconf 77' lang='lat' dir='ltr'>psallentes</span> <span class='ocrx_word' id='word_1_129' title='bbox 2512 539 2758 594; x_wconf 92' lang='lat' dir='ltr'>Domino</span> <span class='ocrx_word' id='word_1_130' title='bbox 2813 544 2869 594; x_wconf 92' lang='lat' dir='ltr'>et</span> <span class='ocrx_word' id='word_1_131' title='bbox 2918 545 3150 595; x_wconf 78' lang='lat' dir='ltr'>orantes</span> <span class='ocrx_word' id='word_1_132' title='bbox 3209 539 3576 613; x_wconf 85' lang='lat' dir='ltr'>nimiumque</span> 
     </span>
    </p>
   </div>
   <div class='ocr_carea' id='block_1_20' title="bbox 1928 625 3578 702">
    <p class='ocr_par' dir='ltr' id='par_1_20' title="bbox 1928 625 3578 702">
     <span class='ocr_line' id='line_1_20' title="bbox 1928 625 3578 702; baseline 0.004 -24"><span class='ocrx_word' id='word_1_133' title='bbox 1928 625 2130 680; x_wconf 81' lang='lat' dir='ltr'>flentes</span> <span class='ocrx_word' id='word_1_134' title='bbox 2162 627 2433 698; x_wconf 84' lang='lat' dir='ltr'>spiritum</span> <span class='ocrx_word' id='word_1_135' title='bbox 2459 627 2807 684; x_wconf 75' lang='lat' dir='ltr'>exalavit‘“.</span> <span class='ocrx_word' id='word_1_136' title='bbox 2844 628 3004 692; x_wconf 89' lang='lat' dir='ltr'>Quod</span> <span class='ocrx_word' id='word_1_137' title='bbox 3029 629 3087 684; x_wconf 92' lang='lat' dir='ltr'>in</span> <span class='ocrx_word' id='word_1_138' title='bbox 3113 629 3209 684; x_wconf 91' lang='lat' dir='ltr'>illo</span> <span class='ocrx_word' id='word_1_139' title='bbox 3242 647 3356 685; x_wconf 90' lang='lat' dir='ltr'>non</span> <span class='ocrx_word' id='word_1_140' title='bbox 3390 632 3578 702; x_wconf 89' lang='lat' dir='ltr'>potuit</span> 
     </span>
    </p>
   </div>
   <div class='ocr_carea' id='block_1_21' title="bbox 1927 714 3576 790">
    <p class='ocr_par' dir='ltr' id='par_1_21' title="bbox 1927 714 3576 790">
     <span class='ocr_line' id='line_1_21' title="bbox 1927 714 3576 790; baseline 0.005 -25"><span class='ocrx_word' id='word_1_141' title='bbox 1927 714 2094 774; x_wconf 84' lang='lat' dir='ltr'>mori.</span> <span class='ocrx_word' id='word_1_142' title='bbox 2148 715 2439 770; x_wconf 88' lang='lat' dir='ltr'>redditum</span> <span class='ocrx_word' id='word_1_143' title='bbox 2489 722 2575 770; x_wconf 90' lang='lat' dir='ltr'>est</span> <span class='ocrx_word' id='word_1_144' title='bbox 2627 717 3162 789; x_wconf 83' lang='lat' dir='ltr'>Creatori;corpus</span> <span class='ocrx_word' id='word_1_145' title='bbox 3220 725 3412 774; x_wconf 86' lang='lat' dir='ltr'>autem</span> <span class='ocrx_word' id='word_1_146' title='bbox 3447 721 3576 790; x_wconf 88' lang='lat' dir='ltr'>ejus</span> 
     </span>
    </p>
   </div>
   <div class='ocr_carea' id='block_1_22' title="bbox 1924 803 3571 878">
    <p class='ocr_par' dir='ltr' id='par_1_22' title="bbox 1924 803 3571 878">
     <span class='ocr_line' id='line_1_22' title="bbox 1924 803 3571 878; baseline 0.004 -22"><span class='ocrx_word' id='word_1_147' title='bbox 1924 803 2210 864; x_wconf 82' lang='lat' dir='ltr'>exanime.</span> <span class='ocrx_word' id='word_1_148' title='bbox 2245 804 2396 859; x_wconf 88' lang='lat' dir='ltr'>sicut</span> <span class='ocrx_word' id='word_1_149' title='bbox 2428 805 2550 877; x_wconf 92' lang='lat' dir='ltr'>ipse</span> <span class='ocrx_word' id='word_1_150' title='bbox 2598 807 2759 860; x_wconf 91' lang='lat' dir='ltr'>vivus</span> <span class='ocrx_word' id='word_1_151' title='bbox 2810 813 3179 878; x_wconf 66' lang='lat' dir='ltr'>praeceperat,</span> <span class='ocrx_word' id='word_1_152' title='bbox 3226 809 3425 863; x_wconf 89' lang='lat' dir='ltr'>eodem</span> <span class='ocrx_word' id='word_1_153' title='bbox 3460 809 3571 875; x_wconf 92' lang='lat' dir='ltr'>die,</span> 
     </span>
    </p>
   </div>
   <div class='ocr_carea' id='block_1_23' title="bbox 1928 891 3573 966">
    <p class='ocr_par' dir='ltr' id='par_1_23' title="bbox 1928 891 3573 966">
     <span class='ocr_line' id='line_1_23' title="bbox 1928 891 3573 966; baseline 0.005 -22"><span class='ocrx_word' id='word_1_154' title='bbox 1928 891 1981 944; x_wconf 90' lang='lat' dir='ltr'>id</span> <span class='ocrx_word' id='word_1_155' title='bbox 2013 897 2105 945; x_wconf 91' lang='lat' dir='ltr'>est</span> <span class='ocrx_word' id='word_1_156' title='bbox 2135 909 2167 945; x_wconf 91' lang='lat' dir='ltr'>v</span> <span class='ocrx_word' id='word_1_157' title='bbox 2197 892 2334 948; x_wconf 92' lang='lat' dir='ltr'>Idus</span> <span class='ocrx_word' id='word_1_158' title='bbox 2367 893 2652 960; x_wconf 88' lang='lat' dir='ltr'>Octobris,</span> <span class='ocrx_word' id='word_1_159' title='bbox 2685 895 2960 951; x_wconf 78' lang='lat' dir='ltr'>indefessi</span> <span class='ocrx_word' id='word_1_160' title='bbox 2992 898 3118 966; x_wconf 87' lang='lat' dir='ltr'>ejus</span> <span class='ocrx_word' id='word_1_161' title='bbox 3150 898 3395 952; x_wconf 87' lang='lat' dir='ltr'>comites</span> <span class='ocrx_word' id='word_1_162' title='bbox 3427 897 3573 953; x_wconf 83' lang='lat' dir='ltr'>leva-</span> 
     </span>
    </p>
   </div>
   <div class='ocr_carea' id='block_1_24' title="bbox 1925 980 3573 1057">
    <p class='ocr_par' dir='ltr' id='par_1_24' title="bbox 1925 980 3573 1057">
     <span class='ocr_line' id='line_1_24' title="bbox 1925 980 3573 1057; baseline 0.005 -24"><span class='ocrx_word' id='word_1_163' title='bbox 1925 984 2049 1034; x_wconf 90' lang='lat' dir='ltr'>tum</span> <span class='ocrx_word' id='word_1_164' title='bbox 2081 980 2140 1034; x_wconf 91' lang='lat' dir='ltr'>in</span> <span class='ocrx_word' id='word_1_165' title='bbox 2177 983 2381 1036; x_wconf 82' lang='lat' dir='ltr'>feretro</span> <span class='ocrx_word' id='word_1_166' title='bbox 2435 984 2872 1046; x_wconf 77' lang='lat' dir='ltr'>transferentes,</span> <span class='ocrx_word' id='word_1_167' title='bbox 2905 991 3106 1040; x_wconf 87' lang='lat' dir='ltr'>octava</span> <span class='ocrx_word' id='word_1_168' title='bbox 3152 987 3219 1021; x_wconf 72' lang='lat'>‘9‘</span> <span class='ocrx_word' id='word_1_169' title='bbox 3249 991 3449 1057; x_wconf 91' lang='lat' dir='ltr'>postea</span> <span class='ocrx_word' id='word_1_170' title='bbox 3478 987 3573 1042; x_wconf 89' lang='lat' dir='ltr'>die</span> 
     </span>
    </p>
   </div>
   <div class='ocr_carea' id='block_1_25' title="bbox 1925 1069 3571 1148">
    <p class='ocr_par' dir='ltr' id='par_1_25' title="bbox 1925 1069 3571 1148">
     <span class='ocr_line' id='line_1_25' title="bbox 1925 1069 3571 1148; baseline 0.005 -26"><span class='ocrx_word' id='word_1_171' title='bbox 1925 1069 1993 1123; x_wconf 89' lang='lat' dir='ltr'>ad</span> <span class='ocrx_word' id='word_1_172' title='bbox 2020 1075 2327 1141; x_wconf 84' lang='lat' dir='ltr'>angustam</span> <span class='ocrx_word' id='word_1_173' title='bbox 2355 1072 2512 1127; x_wconf 89' lang='lat' dir='ltr'>sedis</span> <span class='ocrx_word' id='word_1_174' title='bbox 2535 1071 2722 1143; x_wconf 88' lang='lat' dir='ltr'>ipsius</span> <span class='ocrx_word' id='word_1_175' title='bbox 2740 1074 3105 1144; x_wconf 89' lang='lat' dir='ltr'>metropolim</span> <span class='ocrx_word' id='word_1_176' title='bbox 3125 1074 3419 1130; x_wconf 76' lang='lat' dir='ltr'>Coloniam</span> <span class='ocrx_word' id='word_1_177' title='bbox 3444 1092 3571 1148; x_wconf 85' lang='lat' dir='ltr'>per-</span> 
     </span>
    </p>
   </div>
   <div class='ocr_carea' id='block_1_26' title="bbox 1924 1160 3575 1234">
    <p class='ocr_par' dir='ltr' id='par_1_26' title="bbox 1924 1160 3575 1234">
     <span class='ocr_line' id='line_1_26' title="bbox 1924 1160 3575 1234; baseline 0.006 -24"><span class='ocrx_word' id='word_1_178' title='bbox 1924 1164 2221 1212; x_wconf 90' lang='lat' dir='ltr'>venerunt.</span> <span class='ocrx_word' id='word_1_179' title='bbox 2258 1160 2516 1221; x_wconf 90' lang='lat' dir='ltr'>Quorum</span> <span class='ocrx_word' id='word_1_180' title='bbox 2563 1160 2754 1215; x_wconf 90' lang='lat' dir='ltr'>adhuc</span> <span class='ocrx_word' id='word_1_181' title='bbox 2787 1163 3050 1216; x_wconf 90' lang='lat' dir='ltr'>nonnulli</span> <span class='ocrx_word' id='word_1_182' title='bbox 3093 1164 3477 1234; x_wconf 84' lang='lat' dir='ltr'>jurejurando</span> <span class='ocrx_word' id='word_1_183' title='bbox 3517 1169 3575 1220; x_wconf 86' lang='lat' dir='ltr'>et</span> 
     </span>
    </p>
   </div>
   <div class='ocr_carea' id='block_1_27' title="bbox 1927 1247 3572 1325">
    <p class='ocr_par' dir='ltr' id='par_1_27' title="bbox 1927 1247 3572 1325">
     <span class='ocr_line' id='line_1_27' title="bbox 1927 1247 3572 1325; baseline 0.005 -26"><span class='ocrx_word' id='word_1_184' title='bbox 1927 1247 2138 1300; x_wconf 89' lang='lat' dir='ltr'>mirum</span> <span class='ocrx_word' id='word_1_185' title='bbox 2175 1249 2230 1302; x_wconf 91' lang='lat' dir='ltr'>in</span> <span class='ocrx_word' id='word_1_186' title='bbox 2267 1249 2505 1302; x_wconf 87' lang='lat' dir='ltr'>modum</span> <span class='ocrx_word' id='word_1_187' title='bbox 2555 1250 2902 1304; x_wconf 79' lang='lat' dir='ltr'>afﬁrmando</span> <span class='ocrx_word' id='word_1_188' title='bbox 2951 1256 3261 1318; x_wconf 87' lang='lat' dir='ltr'>testantur,</span> <span class='ocrx_word' id='word_1_189' title='bbox 3309 1254 3365 1307; x_wconf 92' lang='lat' dir='ltr'>in</span> <span class='ocrx_word' id='word_1_190' title='bbox 3399 1253 3572 1325; x_wconf 84' lang='lat' dir='ltr'>longo</span> 
     </span>
    </p>
   </div>
   <div class='ocr_carea' id='block_1_28' title="bbox 1924 1334 3575 1407">
    <p class='ocr_par' dir='ltr' id='par_1_28' title="bbox 1924 1334 3575 1407">
     <span class='ocr_line' id='line_1_28' title="bbox 1924 1334 3575 1407; baseline 0.005 -19"><span class='ocrx_word' id='word_1_191' title='bbox 1924 1334 2022 1389; x_wconf 93' lang='lat' dir='ltr'>illo</span> <span class='ocrx_word' id='word_1_192' title='bbox 2055 1336 2259 1389; x_wconf 90' lang='lat' dir='ltr'>itinere</span> <span class='ocrx_word' id='word_1_193' title='bbox 2294 1335 2516 1391; x_wconf 90' lang='lat' dir='ltr'>nullam</span> <span class='ocrx_word' id='word_1_194' title='bbox 2560 1354 2704 1407; x_wconf 89' lang='lat' dir='ltr'>pene</span> <span class='ocrx_word' id='word_1_195' title='bbox 2753 1337 3162 1394; x_wconf 86' lang='lat' dir='ltr'>lassitudinem</span> <span class='ocrx_word' id='word_1_196' title='bbox 3219 1347 3320 1394; x_wconf 89' lang='lat' dir='ltr'>aut</span> <span class='ocrx_word' id='word_1_197' title='bbox 3358 1341 3575 1397; x_wconf 89' lang='lat' dir='ltr'>laboris</span> 
     </span>
    </p>
   </div>
   <div class='ocr_carea' id='block_1_29' title="bbox 1925 1424 3575 1498">
    <p class='ocr_par' dir='ltr' id='par_1_29' title="bbox 1925 1424 3575 1498">
     <span class='ocr_line' id='line_1_29' title="bbox 1925 1424 3575 1498; baseline 0.006 -22"><span class='ocrx_word' id='word_1_198' title='bbox 1925 1424 2250 1478; x_wconf 81' lang='lat' dir='ltr'>molestiam</span> <span class='ocrx_word' id='word_1_199' title='bbox 2268 1440 2328 1478; x_wconf 89' lang='lat' dir='ltr'>se</span> <span class='ocrx_word' id='word_1_200' title='bbox 2345 1426 2453 1478; x_wconf 90' lang='lat' dir='ltr'>sub</span> <span class='ocrx_word' id='word_1_201' title='bbox 2471 1430 2631 1479; x_wconf 91' lang='lat' dir='ltr'>tanto</span> <span class='ocrx_word' id='word_1_202' title='bbox 2646 1443 2816 1480; x_wconf 81' lang='lat' dir='ltr'>onere</span> <span class='ocrx_word' id='word_1_203' title='bbox 2841 1427 3169 1498; x_wconf 80' lang='lat' dir='ltr'>pertulisse.</span> <span class='ocrx_word' id='word_1_204' title='bbox 3197 1428 3356 1484; x_wconf 90' lang='lat' dir='ltr'>Unde</span> <span class='ocrx_word' id='word_1_205' title='bbox 3378 1436 3575 1486; x_wconf 88' lang='lat' dir='ltr'>autem</span> 
     </span>
    </p>
   </div>
   <div class='ocr_carea' id='block_1_30' title="bbox 1925 1513 3574 1588">
    <p class='ocr_par' dir='ltr' id='par_1_30' title="bbox 1925 1513 3574 1588">
     <span class='ocr_line' id='line_1_30' title="bbox 1925 1513 3574 1588; baseline 0.004 -22"><span class='ocrx_word' id='word_1_206' title='bbox 1925 1513 2104 1577; x_wconf 84' lang='lat' dir='ltr'>ibant,</span> <span class='ocrx_word' id='word_1_207' title='bbox 2141 1531 2492 1584; x_wconf 76' lang='lat' dir='ltr'>quocunque</span> <span class='ocrx_word' id='word_1_208' title='bbox 2526 1515 2706 1582; x_wconf 85' lang='lat' dir='ltr'>ibant,</span> <span class='ocrx_word' id='word_1_209' title='bbox 2754 1531 3138 1586; x_wconf 87' lang='lat' dir='ltr'>quascunque</span> <span class='ocrx_word' id='word_1_210' title='bbox 3171 1523 3226 1571; x_wconf 88' lang='lat' dir='ltr'>et</span> <span class='ocrx_word' id='word_1_211' title='bbox 3255 1517 3319 1556; x_wconf 76' lang='lat'>“7</span> <span class='ocrx_word' id='word_1_212' title='bbox 3351 1522 3574 1588; x_wconf 83' lang='lat' dir='ltr'>gentes,</span> 
     </span>
    </p>
   </div>
   <div class='ocr_carea' id='block_1_31' title="bbox 1923 1605 3580 1673">
    <p class='ocr_par' dir='ltr' id='par_1_31' title="bbox 1923 1605 3580 1673">
     <span class='ocr_line' id='line_1_31' title="bbox 1923 1605 3580 1673; baseline 0.003 -18"><span class='ocrx_word' id='word_1_213' title='bbox 1923 1619 2303 1673; x_wconf 89' lang='lat' dir='ltr'>quascunque</span> <span class='ocrx_word' id='word_1_214' title='bbox 2337 1609 2518 1656; x_wconf 86' lang='lat' dir='ltr'>terras</span> <span class='ocrx_word' id='word_1_215' title='bbox 2570 1605 2948 1673; x_wconf 87' lang='lat' dir='ltr'>attingerant,</span> <span class='ocrx_word' id='word_1_216' title='bbox 2999 1621 3202 1660; x_wconf 89' lang='lat' dir='ltr'>omnes</span> <span class='ocrx_word' id='word_1_217' title='bbox 3234 1605 3580 1660; x_wconf 89' lang='lat' dir='ltr'>mirabiliter</span> 
     </span>
    </p>
   </div>
   <div class='ocr_carea' id='block_1_32' title="bbox 1925 1691 3577 1764">
    <p class='ocr_par' dir='ltr' id='par_1_32' title="bbox 1925 1691 3577 1764">
     <span class='ocr_line' id='line_1_32' title="bbox 1925 1691 3577 1764; baseline 0.003 -20"><span class='ocrx_word' id='word_1_218' title='bbox 1925 1691 2123 1760; x_wconf 88' lang='lat' dir='ltr'>hujus,</span> <span class='ocrx_word' id='word_1_219' title='bbox 2155 1697 2217 1744; x_wconf 92' lang='lat' dir='ltr'>ut</span> <span class='ocrx_word' id='word_1_220' title='bbox 2246 1708 2446 1744; x_wconf 87' lang='lat' dir='ltr'>eorum</span> <span class='ocrx_word' id='word_1_221' title='bbox 2481 1692 2672 1746; x_wconf 84' lang='lat' dir='ltr'>verbis</span> <span class='ocrx_word' id='word_1_222' title='bbox 2707 1698 2856 1757; x_wconf 88' lang='lat' dir='ltr'>utar,</span> <span class='ocrx_word' id='word_1_223' title='bbox 2901 1692 3059 1764; x_wconf 84' lang='lat' dir='ltr'>digni</span> <span class='ocrx_word' id='word_1_224' title='bbox 3089 1694 3203 1748; x_wconf 92' lang='lat' dir='ltr'>Deo</span> <span class='ocrx_word' id='word_1_225' title='bbox 3230 1694 3334 1748; x_wconf 90' lang='lat' dir='ltr'>viri</span> <span class='ocrx_word' id='word_1_226' title='bbox 3373 1694 3577 1750; x_wconf 84' lang='lat' dir='ltr'>merita</span> 
     </span>
    </p>
   </div>
   <div class='ocr_carea' id='block_1_33' title="bbox 168 1779 3574 1878">
    <p class='ocr_par' dir='ltr' id='par_1_33' title="bbox 168 1779 3574 1878">
     <span class='ocr_line' id='line_1_33' title="bbox 168 1779 3574 1878; baseline 0 -40"><span class='ocrx_word' id='word_1_227' title='bbox 168 1799 370 1855; x_wconf 68' lang='lat' dir='ltr'>quaero.</span> <span class='ocrx_word' id='word_1_228' title='bbox 421 1783 608 1854; x_wconf 88' lang='lat' dir='ltr'>Spero</span> <span class='ocrx_word' id='word_1_229' title='bbox 659 1787 875 1846; x_wconf 91' lang='lat' dir='ltr'>autem,</span> <span class='ocrx_word' id='word_1_230' title='bbox 929 1783 1081 1853; x_wconf 88' lang='lat' dir='ltr'>quod</span> <span class='ocrx_word' id='word_1_231' title='bbox 1136 1781 1480 1834; x_wconf 89' lang='lat' dir='ltr'>advocatum</span> <span class='ocrx_word' id='word_1_232' title='bbox 1527 1779 1813 1834; x_wconf 87' lang='lat' dir='ltr'>habemus</span> <span class='ocrx_word' id='word_1_233' title='bbox 1848 1781 1981 1878; x_wconf 86' lang='lat' dir='ltr'>Bin</span> <span class='ocrx_word' id='word_1_234' title='bbox 2043 1780 2488 1850; x_wconf 75' lang='lat' dir='ltr'>rempublicam,</span> <span class='ocrx_word' id='word_1_235' title='bbox 2552 1782 2606 1834; x_wconf 91' lang='lat' dir='ltr'>in</span> <span class='ocrx_word' id='word_1_236' title='bbox 2665 1781 3099 1852; x_wconf 89' lang='lat' dir='ltr'>imperatorem,</span> <span class='ocrx_word' id='word_1_237' title='bbox 3153 1783 3208 1836; x_wconf 91' lang='lat' dir='ltr'>in</span> <span class='ocrx_word' id='word_1_238' title='bbox 3270 1799 3453 1853; x_wconf 88' lang='lat' dir='ltr'>reges,</span> <span class='ocrx_word' id='word_1_239' title='bbox 3516 1784 3574 1838; x_wconf 94' lang='lat' dir='ltr'>in</span> 
     </span>
    </p>
   </div>
   <div class='ocr_carea' id='block_1_34' title="bbox 171 1869 1817 1944">
    <p class='ocr_par' dir='ltr' id='par_1_34' title="bbox 171 1869 1817 1944">
     <span class='ocr_line' id='line_1_34' title="bbox 171 1869 1817 1944; baseline -0.003 -18"><span class='ocrx_word' id='word_1_240' title='bbox 171 1873 314 1944; x_wconf 89' lang='lat' dir='ltr'>apud</span> <span class='ocrx_word' id='word_1_241' title='bbox 347 1871 580 1928; x_wconf 85' lang='lat' dir='ltr'>Patrem</span> <span class='ocrx_word' id='word_1_242' title='bbox 611 1870 813 1925; x_wconf 88' lang='lat' dir='ltr'>Jesum</span> <span class='ocrx_word' id='word_1_243' title='bbox 873 1871 1170 1924; x_wconf 81' lang='lat' dir='ltr'>Christum</span> <span class='ocrx_word' id='word_1_244' title='bbox 1212 1870 1443 1939; x_wconf 89' lang='lat' dir='ltr'>justum</span> <span class='ocrx_word' id='word_1_245' title='bbox 1495 1869 1697 1938; x_wconf 89' lang='lat' dir='ltr'>etipse</span> <span class='ocrx_word' id='word_1_246' title='bbox 1730 1873 1817 1921; x_wconf 82' lang='lat' dir='ltr'>est</span> 
     </span>
    </p>
   </div>
   <div class='ocr_carea' id='block_1_35' title="bbox 178 1957 1818 2033">
    <p class='ocr_par' dir='ltr' id='par_1_35' title="bbox 178 1957 1818 2033">
     <span class='ocr_line' id='line_1_35' title="bbox 178 1957 1818 2033; baseline -0.004 -18"><span class='ocrx_word' id='word_1_247' title='bbox 178 1959 501 2033; x_wconf 84' lang='lat' dir='ltr'>propitiatio</span> <span class='ocrx_word' id='word_1_248' title='bbox 533 1976 637 2030; x_wconf 91' lang='lat' dir='ltr'>pro</span> <span class='ocrx_word' id='word_1_249' title='bbox 661 1960 909 2031; x_wconf 89' lang='lat' dir='ltr'>peccatis</span> <span class='ocrx_word' id='word_1_250' title='bbox 933 1959 1168 2014; x_wconf 89' lang='lat' dir='ltr'>nostris.</span> <span class='ocrx_word' id='word_1_251' title='bbox 1203 1981 1229 2004; x_wconf 87' lang='grc'><strong>››</strong></span> <span class='ocrx_word' id='word_1_252' title='bbox 1261 1957 1478 2012; x_wconf 89' lang='lat' dir='ltr'>Deinde</span> <span class='ocrx_word' id='word_1_253' title='bbox 1506 1962 1818 2027; x_wconf 77' lang='lat' dir='ltr'>postquam</span> 
     </span>
    </p>
   </div>
   <div class='ocr_carea' id='block_1_36' title="bbox 177 2045 1817 2117">
    <p class='ocr_par' dir='ltr' id='par_1_36' title="bbox 177 2045 1817 2117">
     <span class='ocr_line' id='line_1_36' title="bbox 177 2045 1817 2117; baseline -0.003 -15"><span class='ocrx_word' id='word_1_254' title='bbox 177 2049 258 2103; x_wconf 89' lang='lat' dir='ltr'>his</span> <span class='ocrx_word' id='word_1_255' title='bbox 286 2066 344 2104; x_wconf 89' lang='lat' dir='ltr'>se</span> <span class='ocrx_word' id='word_1_256' title='bbox 374 2065 574 2103; x_wconf 90' lang='lat' dir='ltr'>coram</span> <span class='ocrx_word' id='word_1_257' title='bbox 604 2047 843 2102; x_wconf 79' lang='lat' dir='ltr'>Domino</span> <span class='ocrx_word' id='word_1_258' title='bbox 869 2053 1055 2101; x_wconf 87' lang='lat' dir='ltr'>totum</span> <span class='ocrx_word' id='word_1_259' title='bbox 1079 2045 1566 2117; x_wconf 74' lang='lat' dir='ltr'>effudit,corporis</span> <span class='ocrx_word' id='word_1_260' title='bbox 1598 2049 1654 2099; x_wconf 90' lang='lat' dir='ltr'>et</span> <span class='ocrx_word' id='word_1_261' title='bbox 1684 2061 1817 2098; x_wconf 86' lang='lat' dir='ltr'>san-</span> 
     </span>
    </p>
   </div>
   <div class='ocr_carea' id='block_1_37' title="bbox 181 2133 1817 2208">
    <p class='ocr_par' dir='ltr' id='par_1_37' title="bbox 181 2133 1817 2208">
     <span class='ocr_line' id='line_1_37' title="bbox 181 2133 1817 2208; baseline -0.002 -19"><span class='ocrx_word' id='word_1_262' title='bbox 181 2137 362 2208; x_wconf 87' lang='lat' dir='ltr'>guinis</span> <span class='ocrx_word' id='word_1_263' title='bbox 392 2136 689 2191; x_wconf 88' lang='lat' dir='ltr'>Dominici</span> <span class='ocrx_word' id='word_1_264' title='bbox 723 2143 1175 2206; x_wconf 82' lang='lat' dir='ltr'>sacramentum,</span> <span class='ocrx_word' id='word_1_265' title='bbox 1206 2134 1442 2189; x_wconf 90' lang='lat' dir='ltr'>virtutis</span> <span class='ocrx_word' id='word_1_266' title='bbox 1465 2134 1530 2167; x_wconf 70' lang='lat'>‘90</span> <span class='ocrx_word' id='word_1_267' title='bbox 1555 2133 1817 2203; x_wconf 90' lang='lat' dir='ltr'>ejusdem</span> 
     </span>
    </p>
   </div>
   <div class='ocr_carea' id='block_1_38' title="bbox 181 2222 1823 2296">
    <p class='ocr_par' dir='ltr' id='par_1_38' title="bbox 181 2222 1823 2296">
     <span class='ocr_line' id='line_1_38' title="bbox 181 2222 1823 2296; baseline -0.002 -17"><span class='ocrx_word' id='word_1_268' title='bbox 181 2224 525 2280; x_wconf 86' lang='lat' dir='ltr'>sacramenti</span> <span class='ocrx_word' id='word_1_269' title='bbox 560 2242 672 2279; x_wconf 89' lang='lat' dir='ltr'>non</span> <span class='ocrx_word' id='word_1_270' title='bbox 704 2223 1246 2296; x_wconf 85' lang='lat' dir='ltr'>inscius,expetivit.</span> <span class='ocrx_word' id='word_1_271' title='bbox 1269 2223 1429 2288; x_wconf 87' lang='lat' dir='ltr'>Quod</span> <span class='ocrx_word' id='word_1_272' title='bbox 1449 2239 1580 2276; x_wconf 91' lang='lat' dir='ltr'>cum</span> <span class='ocrx_word' id='word_1_273' title='bbox 1616 2222 1823 2276; x_wconf 86' lang='lat' dir='ltr'>fuisset</span> 
     </span>
    </p>
   </div>
   <div class='ocr_carea' id='block_1_39' title="bbox 179 2311 1820 2385">
    <p class='ocr_par' dir='ltr' id='par_1_39' title="bbox 179 2311 1820 2385">
     <span class='ocr_line' id='line_1_39' title="bbox 179 2311 1820 2385; baseline -0.002 -18"><span class='ocrx_word' id='word_1_274' title='bbox 179 2313 431 2385; x_wconf 87' lang='lat' dir='ltr'>allatum,</span> <span class='ocrx_word' id='word_1_275' title='bbox 471 2315 554 2368; x_wconf 90' lang='lat' dir='ltr'>vir</span> <span class='ocrx_word' id='word_1_276' title='bbox 583 2313 679 2368; x_wconf 93' lang='lat' dir='ltr'>ille</span> <span class='ocrx_word' id='word_1_277' title='bbox 714 2313 961 2382; x_wconf 88' lang='lat' dir='ltr'>Domini,</span> <span class='ocrx_word' id='word_1_278' title='bbox 993 2313 1132 2384; x_wconf 91' lang='lat' dir='ltr'>quid</span> <span class='ocrx_word' id='word_1_279' title='bbox 1173 2311 1368 2366; x_wconf 90' lang='lat' dir='ltr'>animo</span> <span class='ocrx_word' id='word_1_280' title='bbox 1399 2311 1667 2380; x_wconf 89' lang='lat' dir='ltr'>senserit,</span> <span class='ocrx_word' id='word_1_281' title='bbox 1701 2315 1820 2365; x_wconf 90' lang='lat' dir='ltr'>toto</span> 
     </span>
    </p>
   </div>
   <div class='ocr_carea' id='block_1_40' title="bbox 177 2399 1821 2475">
    <p class='ocr_par' dir='ltr' id='par_1_40' title="bbox 177 2399 1821 2475">
     <span class='ocr_line' id='line_1_40' title="bbox 177 2399 1821 2475; baseline -0.002 -18"><span class='ocrx_word' id='word_1_282' title='bbox 177 2404 235 2438; x_wconf 77' lang='grc'>⁴⁹¹</span> <span class='ocrx_word' id='word_1_283' title='bbox 269 2419 509 2475; x_wconf 86' lang='lat' dir='ltr'>corpore</span> <span class='ocrx_word' id='word_1_284' title='bbox 541 2408 867 2473; x_wconf 88' lang='lat' dir='ltr'>prostratus</span> <span class='ocrx_word' id='word_1_285' title='bbox 898 2401 1170 2457; x_wconf 88' lang='lat' dir='ltr'>ostendit.</span> <span class='ocrx_word' id='word_1_286' title='bbox 1193 2401 1463 2456; x_wconf 79' lang='lat' dir='ltr'>Refectus</span> <span class='ocrx_word' id='word_1_287' title='bbox 1495 2405 1689 2455; x_wconf 88' lang='lat' dir='ltr'>autem</span> <span class='ocrx_word' id='word_1_288' title='bbox 1715 2399 1821 2454; x_wconf 89' lang='lat' dir='ltr'>hac</span> 
     </span>
    </p>
   </div>
   <div class='ocr_carea' id='block_1_41' title="bbox 176 2490 1817 2563">
    <p class='ocr_par' dir='ltr' id='par_1_41' title="bbox 176 2490 1817 2563">
     <span class='ocr_line' id='line_1_41' title="bbox 176 2490 1817 2563; baseline -0.002 -19"><span class='ocrx_word' id='word_1_289' title='bbox 176 2490 328 2548; x_wconf 87' lang='lat' dir='ltr'>vitali</span> <span class='ocrx_word' id='word_1_290' title='bbox 359 2492 656 2560; x_wconf 87' lang='lat' dir='ltr'>alimonia,</span> <span class='ocrx_word' id='word_1_291' title='bbox 692 2509 794 2563; x_wconf 91' lang='lat' dir='ltr'>spe</span> <span class='ocrx_word' id='word_1_292' title='bbox 838 2491 1080 2546; x_wconf 87' lang='lat' dir='ltr'>validior</span> <span class='ocrx_word' id='word_1_293' title='bbox 1111 2490 1319 2545; x_wconf 91' lang='lat' dir='ltr'>lectulo</span> <span class='ocrx_word' id='word_1_294' title='bbox 1373 2490 1678 2545; x_wconf 89' lang='lat' dir='ltr'>restitutus</span> <span class='ocrx_word' id='word_1_295' title='bbox 1710 2494 1817 2555; x_wconf 90' lang='lat' dir='ltr'>est,</span> 
     </span>
    </p>
   </div>
   <div class='ocr_carea' id='block_1_42' title="bbox 177 2577 1818 2650">
    <p class='ocr_par' dir='ltr' id='par_1_42' title="bbox 177 2577 1818 2650">
     <span class='ocr_line' id='line_1_42' title="bbox 177 2577 1818 2650; baseline -0.001 -18"><span class='ocrx_word' id='word_1_296' title='bbox 177 2579 296 2634; x_wconf 87' lang='lat' dir='ltr'>dies</span> <span class='ocrx_word' id='word_1_297' title='bbox 346 2584 658 2650; x_wconf 81' lang='lat' dir='ltr'>postquam</span> <span class='ocrx_word' id='word_1_298' title='bbox 739 2597 851 2633; x_wconf 93' lang='lat' dir='ltr'>non</span> <span class='ocrx_word' id='word_1_299' title='bbox 914 2580 1108 2634; x_wconf 90' lang='lat' dir='ltr'>minus</span> <span class='ocrx_word' id='word_1_300' title='bbox 1181 2596 1356 2650; x_wconf 89' lang='lat' dir='ltr'>quam</span> <span class='ocrx_word' id='word_1_301' title='bbox 1435 2578 1694 2650; x_wconf 90' lang='lat' dir='ltr'>quinque</span> <span class='ocrx_word' id='word_1_302' title='bbox 1761 2577 1818 2630; x_wconf 93' lang='lat' dir='ltr'>in</span> 
     </span>
    </p>
   </div>
   <div class='ocr_carea' id='block_1_43' title="bbox 179 2667 1817 2740">
    <p class='ocr_par' dir='ltr' id='par_1_43' title="bbox 179 2667 1817 2740">
     <span class='ocr_line' id='line_1_43' title="bbox 179 2667 1817 2740; baseline -0.002 -18"><span class='ocrx_word' id='word_1_303' title='bbox 179 2669 365 2723; x_wconf 88' lang='lat' dir='ltr'>eodem</span> <span class='ocrx_word' id='word_1_304' title='bbox 397 2670 665 2740; x_wconf 91' lang='lat' dir='ltr'>corporis</span> <span class='ocrx_word' id='word_1_305' title='bbox 715 2669 992 2740; x_wconf 85' lang='lat' dir='ltr'>languore</span> <span class='ocrx_word' id='word_1_306' title='bbox 1039 2674 1097 2723; x_wconf 91' lang='lat' dir='ltr'>et</span> <span class='ocrx_word' id='word_1_307' title='bbox 1144 2667 1388 2740; x_wconf 88' lang='lat' dir='ltr'>spiritus</span> <span class='ocrx_word' id='word_1_308' title='bbox 1440 2668 1658 2721; x_wconf 88' lang='lat' dir='ltr'>fervore</span> <span class='ocrx_word' id='word_1_309' title='bbox 1692 2682 1817 2738; x_wconf 91' lang='lat' dir='ltr'>per-</span> 
     </span>
    </p>
   </div>
   <div class='ocr_carea' id='block_1_44' title="bbox 183 2757 400 2812">
    <p class='ocr_par' dir='ltr' id='par_1_44' title="bbox 183 2757 400 2812">
     <span class='ocr_line' id='line_1_44' title="bbox 183 2757 400 2812; baseline 0.005 -1"><span class='ocrx_word' id='word_1_310' title='bbox 183 2757 400 2812; x_wconf 86' lang='lat' dir='ltr'>mansit.</span> 
     </span>
    </p>
   </div>
   <div class='ocr_carea' id='block_1_45' title="bbox 243 2844 1819 2915">
    <p class='ocr_par' dir='ltr' id='par_1_45' title="bbox 243 2844 1819 2915">
     <span class='ocr_line' id='line_1_45' title="bbox 243 2844 1819 2915; baseline -0.003 -14"><span class='ocrx_word' id='word_1_311' title='bbox 243 2848 323 2901; x_wconf 86' lang='grc'>45.</span> <span class='ocrx_word' id='word_1_312' title='bbox 355 2846 621 2902; x_wconf 87' lang='lat' dir='ltr'>Solemni</span> <span class='ocrx_word' id='word_1_313' title='bbox 656 2862 784 2900; x_wconf 90' lang='lat' dir='ltr'>vero</span> <span class='ocrx_word' id='word_1_314' title='bbox 815 2844 909 2900; x_wconf 83' lang='lat' dir='ltr'>die</span> <span class='ocrx_word' id='word_1_315' title='bbox 934 2846 1232 2900; x_wconf 89' lang='lat' dir='ltr'>beatorum</span> <span class='ocrx_word' id='word_1_316' title='bbox 1258 2849 1577 2915; x_wconf 82' lang='lat' dir='ltr'>martyrum</span> <span class='ocrx_word' id='word_1_317' title='bbox 1611 2844 1819 2898; x_wconf 90' lang='lat' dir='ltr'>Gereo-</span> 
     </span>
    </p>
   </div>
   <div class='ocr_carea' id='block_1_46' title="bbox 183 2931 1820 3006">
    <p class='ocr_par' dir='ltr' id='par_1_46' title="bbox 183 2931 1820 3006">
     <span class='ocr_line' id='line_1_46' title="bbox 183 2931 1820 3006; baseline -0.002 -17"><span class='ocrx_word' id='word_1_318' title='bbox 183 2936 265 2990; x_wconf 90' lang='lat' dir='ltr'>nis</span> <span class='ocrx_word' id='word_1_319' title='bbox 285 2943 336 2991; x_wconf 90' lang='lat' dir='ltr'>et</span> <span class='ocrx_word' id='word_1_320' title='bbox 355 2935 658 2992; x_wconf 89' lang='lat' dir='ltr'>sociorum</span> <span class='ocrx_word' id='word_1_321' title='bbox 681 2935 947 3006; x_wconf 86' lang='lat' dir='ltr'>ejusjam</span> <span class='ocrx_word' id='word_1_322' title='bbox 974 2939 1242 3005; x_wconf 86' lang='lat' dir='ltr'>vergente</span> <span class='ocrx_word' id='word_1_323' title='bbox 1275 2935 1364 3002; x_wconf 62' lang='lat'>‘99,</span> <span class='ocrx_word' id='word_1_324' title='bbox 1393 2933 1585 2988; x_wconf 91' lang='lat' dir='ltr'>subito</span> <span class='ocrx_word' id='word_1_325' title='bbox 1608 2931 1820 2986; x_wconf 89' lang='lat' dir='ltr'>mentis</span> 
     </span>
    </p>
   </div>
   <div class='ocr_carea' id='block_1_47' title="bbox 185 3021 1821 3096">
    <p class='ocr_par' dir='ltr' id='par_1_47' title="bbox 185 3021 1821 3096">
     <span class='ocr_line' id='line_1_47' title="bbox 185 3021 1821 3096; baseline -0.003 -17"><span class='ocrx_word' id='word_1_326' title='bbox 185 3040 407 3080; x_wconf 83' lang='lat' dir='ltr'>excessu</span> <span class='ocrx_word' id='word_1_327' title='bbox 449 3030 680 3095; x_wconf 87' lang='lat' dir='ltr'>raptus,</span> <span class='ocrx_word' id='word_1_328' title='bbox 734 3024 1047 3096; x_wconf 77' lang='lat' dir='ltr'>epiSCOpis,</span> <span class='ocrx_word' id='word_1_329' title='bbox 1095 3022 1363 3088; x_wconf 90' lang='lat' dir='ltr'>ducibus,</span> <span class='ocrx_word' id='word_1_330' title='bbox 1398 3021 1731 3088; x_wconf 91' lang='lat' dir='ltr'>comitibus,</span> <span class='ocrx_word' id='word_1_331' title='bbox 1764 3025 1821 3076; x_wconf 90' lang='lat' dir='ltr'>et</span> 
     </span>
    </p>
   </div>
   <div class='ocr_carea' id='block_1_48' title="bbox 187 3110 1822 3186">
    <p class='ocr_par' dir='ltr' id='par_1_48' title="bbox 187 3110 1822 3186">
     <span class='ocr_line' id='line_1_48' title="bbox 187 3110 1822 3186; baseline -0.002 -18"><span class='ocrx_word' id='word_1_332' title='bbox 187 3115 394 3170; x_wconf 89' lang='lat' dir='ltr'>cunctis</span> <span class='ocrx_word' id='word_1_333' title='bbox 425 3115 527 3186; x_wconf 90' lang='lat' dir='ltr'>qui</span> <span class='ocrx_word' id='word_1_334' title='bbox 563 3115 824 3174; x_wconf 88' lang='lat' dir='ltr'>aderant,</span> <span class='ocrx_word' id='word_1_335' title='bbox 848 3114 1068 3167; x_wconf 92' lang='lat' dir='ltr'>luctum</span> <span class='ocrx_word' id='word_1_336' title='bbox 1125 3113 1299 3166; x_wconf 87' lang='lat' dir='ltr'>movit</span> <span class='ocrx_word' id='word_1_337' title='bbox 1334 3112 1647 3183; x_wconf 84' lang='lat' dir='ltr'>ingentem.</span> <span class='ocrx_word' id='word_1_338' title='bbox 1684 3110 1822 3182; x_wconf 84' lang='lat' dir='ltr'>quia</span> 
     </span>
    </p>
   </div>
   <div class='ocr_carea' id='block_1_49' title="bbox 187 3182 1897 3274">
    <p class='ocr_par' dir='ltr' id='par_1_49' title="bbox 187 3182 1897 3274">
     <span class='ocr_line' id='line_1_49' title="bbox 187 3182 1897 3274; baseline -0.002 -17"><span class='ocrx_word' id='word_1_339' title='bbox 187 3182 620 3260; x_wconf 81' lang='lat' dir='ltr'>dissolutionem</span> <span class='ocrx_word' id='word_1_340' title='bbox 644 3201 997 3274; x_wconf 88' lang='lat' dir='ltr'>optatissimi</span> <span class='ocrx_word' id='word_1_341' title='bbox 1021 3202 1281 3273; x_wconf 89' lang='lat' dir='ltr'>corporis</span> <span class='ocrx_word' id='word_1_342' title='bbox 1301 3182 1514 3256; x_wconf 83' lang='lat' dir='ltr'>instare</span> <span class='ocrx_word' id='word_1_343' title='bbox 1538 3203 1821 3274; x_wconf 89' lang='lat' dir='ltr'>putabant</span> <span class='ocrx_word' id='word_1_344' title='bbox 1855 3182 1897 3248; x_wconf 66' lang='grc' dir='ltr'>(ἶ</span> 
     </span>
    </p>
   </div>
   <div class='ocr_carea' id='block_1_50' title="bbox 188 3290 1822 3362">
    <p class='ocr_par' dir='ltr' id='par_1_50' title="bbox 188 3290 1822 3362">
     <span class='ocr_line' id='line_1_50' title="bbox 188 3290 1822 3362; baseline -0.002 -16"><span class='ocrx_word' id='word_1_345' title='bbox 188 3298 540 3362; x_wconf 70' lang='lat' dir='ltr'>pra-sentem.</span> <span class='ocrx_word' id='word_1_346' title='bbox 577 3290 697 3358; x_wconf 88' lang='lat' dir='ltr'>Ille,</span> <span class='ocrx_word' id='word_1_347' title='bbox 723 3295 787 3344; x_wconf 92' lang='lat' dir='ltr'>ut</span> <span class='ocrx_word' id='word_1_348' title='bbox 810 3290 1051 3355; x_wconf 90' lang='lat' dir='ltr'>solebat,</span> <span class='ocrx_word' id='word_1_349' title='bbox 1077 3290 1380 3361; x_wconf 89' lang='lat' dir='ltr'>paululum</span> <span class='ocrx_word' id='word_1_350' title='bbox 1415 3290 1822 3346; x_wconf 89' lang='lat' dir='ltr'>convalescens</span> 
     </span>
    </p>
   </div>
   <div class='ocr_carea' id='block_1_51' title="bbox 185 3379 1821 3451">
    <p class='ocr_par' dir='ltr' id='par_1_51' title="bbox 185 3379 1821 3451">
     <span class='ocr_line' id='line_1_51' title="bbox 185 3379 1821 3451; baseline -0.002 -17"><span class='ocrx_word' id='word_1_351' title='bbox 185 3382 492 3438; x_wconf 88' lang='lat' dir='ltr'>tumultum</span> <span class='ocrx_word' id='word_1_352' title='bbox 514 3397 695 3436; x_wconf 90' lang='lat' dir='ltr'>manu</span> <span class='ocrx_word' id='word_1_353' title='bbox 716 3380 1154 3447; x_wconf 82' lang='lat' dir='ltr'>sedabat,tletus</span> <span class='ocrx_word' id='word_1_354' title='bbox 1177 3384 1233 3433; x_wconf 89' lang='lat' dir='ltr'>et</span> <span class='ocrx_word' id='word_1_355' title='bbox 1252 3379 1478 3451; x_wconf 88' lang='lat' dir='ltr'>rugitus</span> <span class='ocrx_word' id='word_1_356' title='bbox 1502 3379 1821 3434; x_wconf 88' lang='lat' dir='ltr'>astantium</span> 
     </span>
    </p>
   </div>
   <div class='ocr_carea' id='block_1_52' title="bbox 186 3468 1823 3543">
    <p class='ocr_par' dir='ltr' id='par_1_52' title="bbox 186 3468 1823 3543">
     <span class='ocr_line' id='line_1_52' title="bbox 186 3468 1823 3543; baseline -0.002 -19"><span class='ocrx_word' id='word_1_357' title='bbox 186 3471 502 3543; x_wconf 86' lang='lat' dir='ltr'>mitigabat,</span> <span class='ocrx_word' id='word_1_358' title='bbox 530 3471 785 3540; x_wconf 85' lang='lat' dir='ltr'>majores</span> <span class='ocrx_word' id='word_1_359' title='bbox 807 3475 862 3524; x_wconf 91' lang='lat' dir='ltr'>ct</span> <span class='ocrx_word' id='word_1_360' title='bbox 881 3469 990 3524; x_wconf 89' lang='lat' dir='ltr'>hoc</span> <span class='ocrx_word' id='word_1_361' title='bbox 1011 3470 1077 3503; x_wconf 71' lang='lat'>‘93</span> <span class='ocrx_word' id='word_1_362' title='bbox 1099 3469 1274 3523; x_wconf 78' lang='lat' dir='ltr'>aifatu</span> <span class='ocrx_word' id='word_1_363' title='bbox 1301 3469 1506 3523; x_wconf 90' lang='lat' dir='ltr'>ultimo</span> <span class='ocrx_word' id='word_1_364' title='bbox 1529 3468 1823 3540; x_wconf 87' lang='lat' dir='ltr'>digniores</span> 
     </span>
    </p>
   </div>
   <div class='ocr_carea' id='block_1_53' title="bbox 186 3555 1819 3628">
    <p class='ocr_par' dir='ltr' id='par_1_53' title="bbox 186 3555 1819 3628">
     <span class='ocr_line' id='line_1_53' title="bbox 186 3555 1819 3628; baseline -0.002 -15"><span class='ocrx_word' id='word_1_365' title='bbox 186 3576 247 3614; x_wconf 80' lang='lat' dir='ltr'>ex</span> <span class='ocrx_word' id='word_1_366' title='bbox 278 3560 514 3615; x_wconf 90' lang='lat' dir='ltr'>nomine</span> <span class='ocrx_word' id='word_1_367' title='bbox 546 3560 821 3614; x_wconf 88' lang='lat' dir='ltr'>vocabat:</span> <span class='ocrx_word' id='word_1_368' title='bbox 864 3580 889 3610; x_wconf 72' lang='grc' dir='ltr'><strong><em>α</em></strong></span> <span class='ocrx_word' id='word_1_369' title='bbox 920 3557 1128 3624; x_wconf 89' lang='lat' dir='ltr'>Nolite,</span> <span class='ocrx_word' id='word_1_370' title='bbox 1165 3580 1191 3605; x_wconf 83' lang='lat'>»</span> <span class='ocrx_word' id='word_1_371' title='bbox 1229 3557 1523 3628; x_wconf 89' lang='lat' dir='ltr'>inquiens,</span> <span class='ocrx_word' id='word_1_372' title='bbox 1562 3579 1588 3604; x_wconf 86' lang='lat'><strong>«</strong></span> <span class='ocrx_word' id='word_1_373' title='bbox 1625 3555 1819 3620; x_wconf 91' lang='lat' dir='ltr'>nolite,</span> 
     </span>
    </p>
   </div>
   <div class='ocr_carea' id='block_1_54' title="bbox 186 3644 1820 3717">
    <p class='ocr_par' dir='ltr' id='par_1_54' title="bbox 186 3644 1820 3717">
     <span class='ocr_line' id='line_1_54' title="bbox 186 3644 1820 3717; baseline -0.003 -14"><span class='ocrx_word' id='word_1_374' title='bbox 186 3650 400 3717; x_wconf 88' lang='lat' dir='ltr'>fratres,</span> <span class='ocrx_word' id='word_1_375' title='bbox 435 3649 548 3704; x_wconf 87' lang='lat' dir='ltr'>bac</span> <span class='ocrx_word' id='word_1_376' title='bbox 582 3665 709 3703; x_wconf 89' lang='lat' dir='ltr'>mea</span> <span class='ocrx_word' id='word_1_377' title='bbox 741 3653 892 3703; x_wconf 91' lang='lat' dir='ltr'>sorte</span> <span class='ocrx_word' id='word_1_378' title='bbox 924 3647 1166 3702; x_wconf 90' lang='lat' dir='ltr'>tristari.</span> <span class='ocrx_word' id='word_1_379' title='bbox 1213 3647 1428 3700; x_wconf 71' lang='lat' dir='ltr'>Divinze</span> <span class='ocrx_word' id='word_1_380' title='bbox 1459 3644 1820 3700; x_wconf 88' lang='lat' dir='ltr'>animadver-</span> 
     </span>
    </p>
   </div>
   <div class='ocr_carea' id='block_1_55' title="bbox 187 3734 1825 3810">
    <p class='ocr_par' dir='ltr' id='par_1_55' title="bbox 187 3734 1825 3810">
     <span class='ocr_line' id='line_1_55' title="bbox 187 3734 1825 3810; baseline -0.003 -18"><span class='ocrx_word' id='word_1_381' title='bbox 187 3738 358 3793; x_wconf 89' lang='lat' dir='ltr'>sionis</span> <span class='ocrx_word' id='word_1_382' title='bbox 380 3737 610 3810; x_wconf 91' lang='lat' dir='ltr'>judicio</span> <span class='ocrx_word' id='word_1_383' title='bbox 655 3737 880 3790; x_wconf 91' lang='lat' dir='ltr'>cunctis</span> <span class='ocrx_word' id='word_1_384' title='bbox 912 3735 1258 3791; x_wconf 87' lang='lat' dir='ltr'>mortalibus</span> <span class='ocrx_word' id='word_1_385' title='bbox 1290 3734 1566 3806; x_wconf 89' lang='lat' dir='ltr'>imposita</span> <span class='ocrx_word' id='word_1_386' title='bbox 1596 3737 1683 3789; x_wconf 88' lang='lat' dir='ltr'>est</span> <span class='ocrx_word' id='word_1_387' title='bbox 1713 3734 1825 3788; x_wconf 89' lang='lat' dir='ltr'>ista</span> 
     </span>
    </p>
   </div>
   <div class='ocr_carea' id='block_1_56' title="bbox 189 3822 1826 3896">
    <p class='ocr_par' dir='ltr' id='par_1_56' title="bbox 189 3822 1826 3896">
     <span class='ocr_line' id='line_1_56' title="bbox 189 3822 1826 3896; baseline -0.004 -14"><span class='ocrx_word' id='word_1_388' title='bbox 189 3829 466 3894; x_wconf 87' lang='lat' dir='ltr'>conditio;</span> <span class='ocrx_word' id='word_1_389' title='bbox 502 3843 623 3882; x_wconf 89' lang='lat' dir='ltr'>non</span> <span class='ocrx_word' id='word_1_390' title='bbox 651 3824 784 3880; x_wconf 90' lang='lat' dir='ltr'>licet</span> <span class='ocrx_word' id='word_1_391' title='bbox 833 3824 1003 3891; x_wconf 91' lang='lat' dir='ltr'>nolle,</span> <span class='ocrx_word' id='word_1_392' title='bbox 1037 3825 1192 3896; x_wconf 89' lang='lat' dir='ltr'>quod</span> <span class='ocrx_word' id='word_1_393' title='bbox 1224 3824 1606 3895; x_wconf 90' lang='lat' dir='ltr'>Omnipotens</span> <span class='ocrx_word' id='word_1_394' title='bbox 1637 3822 1826 3876; x_wconf 86' lang='lat' dir='ltr'>sanxit</span> 
     </span>
    </p>
   </div>
   <div class='ocr_carea' id='block_1_57' title="bbox 188 3911 1824 3978">
    <p class='ocr_par' dir='ltr' id='par_1_57' title="bbox 188 3911 1824 3978">
     <span class='ocr_line' id='line_1_57' title="bbox 188 3911 1824 3978; baseline -0.002 -10"><span class='ocrx_word' id='word_1_395' title='bbox 188 3915 529 3972; x_wconf 87' lang='lat' dir='ltr'>inevitabile.</span> <span class='ocrx_word' id='word_1_396' title='bbox 567 3915 860 3970; x_wconf 88' lang='lat' dir='ltr'>Tristibus</span> <span class='ocrx_word' id='word_1_397' title='bbox 891 3914 1019 3969; x_wconf 85' lang='lat' dir='ltr'>istis</span> <span class='ocrx_word' id='word_1_398' title='bbox 1042 3913 1099 3968; x_wconf 91' lang='lat' dir='ltr'>in</span> <span class='ocrx_word' id='word_1_399' title='bbox 1133 3914 1288 3968; x_wconf 90' lang='lat' dir='ltr'>brevi</span> <span class='ocrx_word' id='word_1_400' title='bbox 1319 3912 1450 3968; x_wconf 65' lang='lat' dir='ltr'>laeta</span> <span class='ocrx_word' id='word_1_401' title='bbox 1480 3911 1824 3978; x_wconf 89' lang='lat' dir='ltr'>succedunt,</span> 
     </span>
    </p>
   </div>
   <div class='ocr_carea' id='block_1_58' title="bbox 190 4000 1824 4074">
    <p class='ocr_par' dir='ltr' id='par_1_58' title="bbox 190 4000 1824 4074">
     <span class='ocr_line' id='line_1_58' title="bbox 190 4000 1824 4074; baseline -0.002 -16"><span class='ocrx_word' id='word_1_402' title='bbox 190 4003 321 4059; x_wconf 89' lang='lat' dir='ltr'>Illuc</span> <span class='ocrx_word' id='word_1_403' title='bbox 345 4022 458 4060; x_wconf 90' lang='lat' dir='ltr'>non</span> <span class='ocrx_word' id='word_1_404' title='bbox 483 4001 1041 4074; x_wconf 87' lang='lat' dir='ltr'>assumptavita,sed</span> <span class='ocrx_word' id='word_1_405' title='bbox 1067 4001 1361 4057; x_wconf 85' lang='lat' dir='ltr'>mutatain</span> <span class='ocrx_word' id='word_1_406' title='bbox 1390 4000 1824 4072; x_wconf 79' lang='lat' dir='ltr'>melius,pcrgo,</span> 
     </span>
    </p>
   </div>
   <div class='ocr_carea' id='block_1_59' title="bbox 192 4091 1826 4164">
    <p class='ocr_par' dir='ltr' id='par_1_59' title="bbox 192 4091 1826 4164">
     <span class='ocr_line' id='line_1_59' title="bbox 192 4091 1826 4164; baseline -0.002 -18"><span class='ocrx_word' id='word_1_407' title='bbox 192 4094 281 4147; x_wconf 90' lang='lat' dir='ltr'>ubi</span> <span class='ocrx_word' id='word_1_408' title='bbox 310 4097 463 4152; x_wconf 90' lang='lat' dir='ltr'>viros</span> <span class='ocrx_word' id='word_1_409' title='bbox 495 4095 669 4164; x_wconf 91' lang='lat' dir='ltr'>longe</span> <span class='ocrx_word' id='word_1_410' title='bbox 721 4091 917 4164; x_wconf 88' lang='lat' dir='ltr'>plures</span> <span class='ocrx_word' id='word_1_411' title='bbox 947 4096 1005 4145; x_wconf 88' lang='lat' dir='ltr'>et</span> <span class='ocrx_word' id='word_1_412' title='bbox 1049 4091 1342 4158; x_wconf 90' lang='lat' dir='ltr'>clariores,</span> <span class='ocrx_word' id='word_1_413' title='bbox 1387 4108 1564 4161; x_wconf 88' lang='lat' dir='ltr'>quam</span> <span class='ocrx_word' id='word_1_414' title='bbox 1599 4091 1688 4144; x_wconf 91' lang='lat' dir='ltr'>hic</span> <span class='ocrx_word' id='word_1_415' title='bbox 1721 4107 1826 4144; x_wconf 87' lang='lat' dir='ltr'>un-</span> 
     </span>
    </p>
   </div>
   <div class='ocr_carea' id='block_1_60' title="bbox 192 4171 1826 4252">
    <p class='ocr_par' dir='ltr' id='par_1_60' title="bbox 192 4171 1826 4252">
     <span class='ocr_line' id='line_1_60' title="bbox 192 4171 1826 4252; baseline -0.002 -16"><span class='ocrx_word' id='word_1_416' title='bbox 192 4198 355 4252; x_wconf 84' lang='lat' dir='ltr'>quam</span> <span class='ocrx_word' id='word_1_417' title='bbox 384 4183 653 4248; x_wconf 89' lang='lat' dir='ltr'>viderim,</span> <span class='ocrx_word' id='word_1_418' title='bbox 676 4181 790 4236; x_wconf 89' lang='lat' dir='ltr'>cito</span> <span class='ocrx_word' id='word_1_419' title='bbox 810 4180 1035 4236; x_wconf 89' lang='lat' dir='ltr'>videbo.</span> <span class='ocrx_word' id='word_1_420' title='bbox 1070 4203 1091 4228; x_wconf 75' lang='grc' dir='ltr'><strong><em>ιο</em></strong></span> <span class='ocrx_word' id='word_1_421' title='bbox 1117 4180 1230 4234; x_wconf 87' lang='lat' dir='ltr'>Nec</span> <span class='ocrx_word' id='word_1_422' title='bbox 1265 4180 1432 4250; x_wconf 90' lang='lat' dir='ltr'>plura</span> <span class='ocrx_word' id='word_1_423' title='bbox 1453 4180 1543 4234; x_wconf 92' lang='lat' dir='ltr'>bis</span> <span class='ocrx_word' id='word_1_424' title='bbox 1575 4171 1826 4245; x_wconf 86' lang='lat' dir='ltr'>locutus,</span> 
     </span>
    </p>
   </div>
   <div class='ocr_carea' id='block_1_61' title="bbox 192 4267 1829 4340">
    <p class='ocr_par' dir='ltr' id='par_1_61' title="bbox 192 4267 1829 4340">
     <span class='ocr_line' id='line_1_61' title="bbox 192 4267 1829 4340; baseline -0.001 -16"><span class='ocrx_word' id='word_1_425' title='bbox 192 4269 391 4328; x_wconf 90' lang='lat' dir='ltr'>lectulo</span> <span class='ocrx_word' id='word_1_426' title='bbox 407 4274 706 4328; x_wconf 83' lang='lat' dir='ltr'>fessamox</span> <span class='ocrx_word' id='word_1_427' title='bbox 727 4271 988 4324; x_wconf 90' lang='lat' dir='ltr'>membra</span> <span class='ocrx_word' id='word_1_428' title='bbox 1002 4270 1640 4340; x_wconf 89' lang='lat' dir='ltr'>reposuit.Consuetum</span> <span class='ocrx_word' id='word_1_429' title='bbox 1659 4267 1829 4338; x_wconf 90' lang='lat' dir='ltr'>paulo</span> 
     </span>
    </p>
   </div>
   <div class='ocr_carea' id='block_1_62' title="bbox 195 4353 1829 4429">
    <p class='ocr_par' dir='ltr' id='par_1_62' title="bbox 195 4353 1829 4429">
     <span class='ocr_line' id='line_1_62' title="bbox 195 4353 1829 4429; baseline -0.004 -16"><span class='ocrx_word' id='word_1_430' title='bbox 195 4365 332 4429; x_wconf 90' lang='lat' dir='ltr'>post,</span> <span class='ocrx_word' id='word_1_431' title='bbox 351 4361 480 4414; x_wconf 89' lang='lat' dir='ltr'>luce</span> <span class='ocrx_word' id='word_1_432' title='bbox 502 4359 696 4413; x_wconf 90' lang='lat' dir='ltr'>adhuc</span> <span class='ocrx_word' id='word_1_433' title='bbox 714 4358 958 4428; x_wconf 90' lang='lat' dir='ltr'>integra,</span> <span class='ocrx_word' id='word_1_434' title='bbox 975 4354 1317 4427; x_wconf 70' lang='lat' dir='ltr'>vespertinae</span> <span class='ocrx_word' id='word_1_435' title='bbox 1337 4353 1526 4408; x_wconf 90' lang='lat' dir='ltr'>laudis</span> <span class='ocrx_word' id='word_1_436' title='bbox 1549 4354 1829 4421; x_wconf 84' lang='lat' dir='ltr'>ofticium,</span> 
     </span>
    </p>
   </div>
   <div class='ocr_carea' id='block_1_63' title="bbox 195 4442 1834 4519">
    <p class='ocr_par' dir='ltr' id='par_1_63' title="bbox 195 4442 1834 4519">
     <span class='ocr_line' id='line_1_63' title="bbox 195 4442 1834 4519; baseline -0.002 -20"><span class='ocrx_word' id='word_1_437' title='bbox 195 4455 349 4503; x_wconf 91' lang='lat' dir='ltr'>nocte</span> <span class='ocrx_word' id='word_1_438' title='bbox 371 4449 499 4519; x_wconf 89' lang='lat' dir='ltr'>jam</span> <span class='ocrx_word' id='word_1_439' title='bbox 535 4446 824 4519; x_wconf 79' lang='lat' dir='ltr'>profunda</span> <span class='ocrx_word' id='word_1_440' title='bbox 849 4444 1293 4516; x_wconf 89' lang='lat' dir='ltr'>completorium</span> <span class='ocrx_word' id='word_1_441' title='bbox 1317 4444 1440 4514; x_wconf 90' lang='lat' dir='ltr'>ipse</span> <span class='ocrx_word' id='word_1_442' title='bbox 1472 4459 1603 4496; x_wconf 93' lang='lat' dir='ltr'>cum</span> <span class='ocrx_word' id='word_1_443' title='bbox 1639 4442 1834 4496; x_wconf 90' lang='lat' dir='ltr'>fratri-</span> 
     </span>
    </p>
   </div>
   <div class='ocr_carea' id='block_1_64' title="bbox 1932 1868 3576 1943">
    <p class='ocr_par' dir='ltr' id='par_1_64' title="bbox 1932 1868 3576 1943">
     <span class='ocr_line' id='line_1_64' title="bbox 1932 1868 3576 1943; baseline 0.003 -22"><span class='ocrx_word' id='word_1_444' title='bbox 1932 1868 2309 1940; x_wconf 60' lang='lat' dir='ltr'>principesjn</span> <span class='ocrx_word' id='word_1_445' title='bbox 2342 1885 2574 1922; x_wconf 87' lang='lat' dir='ltr'>omnem</span> <span class='ocrx_word' id='word_1_446' title='bbox 2611 1869 3154 1940; x_wconf 85' lang='lat' dir='ltr'>pepulum,eximia,</span> <span class='ocrx_word' id='word_1_447' title='bbox 3179 1888 3293 1942; x_wconf 88' lang='lat' dir='ltr'>qua</span> <span class='ocrx_word' id='word_1_448' title='bbox 3324 1872 3576 1943; x_wconf 88' lang='lat' dir='ltr'>quisque</span> 
     </span>
    </p>
   </div>
   <div class='ocr_carea' id='block_1_65' title="bbox 1931 1957 2897 2028">
    <p class='ocr_par' dir='ltr' id='par_1_65' title="bbox 1931 1957 2897 2028">
     <span class='ocr_line' id='line_1_65' title="bbox 1931 1957 2897 2028; baseline 0 -18"><span class='ocrx_word' id='word_1_449' title='bbox 1931 1957 2203 2010; x_wconf 85' lang='lat' dir='ltr'>facultate</span> <span class='ocrx_word' id='word_1_450' title='bbox 2236 1963 2480 2028; x_wconf 84' lang='lat' dir='ltr'>poterat,</span> <span class='ocrx_word' id='word_1_451' title='bbox 2513 1957 2897 2012; x_wconf 72' lang='lat' dir='ltr'>mstimabant.</span> 
     </span>
    </p>
   </div>
   <div class='ocr_carea' id='block_1_66' title="bbox 2003 2047 3577 2118">
    <p class='ocr_par' dir='ltr' id='par_1_66' title="bbox 2003 2047 3577 2118">
     <span class='ocr_line' id='line_1_66' title="bbox 2003 2047 3577 2118; baseline 0.003 -20"><span class='ocrx_word' id='word_1_452' title='bbox 2003 2047 2089 2099; x_wconf 74' lang='lat'>46.</span> <span class='ocrx_word' id='word_1_453' title='bbox 2123 2047 2254 2100; x_wconf 86' lang='lat' dir='ltr'>Jam</span> <span class='ocrx_word' id='word_1_454' title='bbox 2286 2062 2416 2100; x_wconf 88' lang='lat' dir='ltr'>vero</span> <span class='ocrx_word' id='word_1_455' title='bbox 2453 2063 2582 2100; x_wconf 91' lang='lat' dir='ltr'>cum</span> <span class='ocrx_word' id='word_1_456' title='bbox 2636 2047 2923 2114; x_wconf 88' lang='lat' dir='ltr'>ejusmodi</span> <span class='ocrx_word' id='word_1_457' title='bbox 2969 2048 3254 2118; x_wconf 69' lang='lat' dir='ltr'>exsequias</span> <span class='ocrx_word' id='word_1_458' title='bbox 3282 2047 3577 2103; x_wconf 83' lang='lat' dir='ltr'>Coloniam</span> 
     </span>
    </p>
   </div>
   <div class='ocr_carea' id='block_1_67' title="bbox 1931 2135 3576 2208">
    <p class='ocr_par' dir='ltr' id='par_1_67' title="bbox 1931 2135 3576 2208">
     <span class='ocr_line' id='line_1_67' title="bbox 1931 2135 3576 2208; baseline 0.001 -20"><span class='ocrx_word' id='word_1_459' title='bbox 1931 2135 2326 2203; x_wconf 85' lang='lat' dir='ltr'>adventarent,</span> <span class='ocrx_word' id='word_1_460' title='bbox 2377 2139 2432 2189; x_wconf 92' lang='lat' dir='ltr'>et</span> <span class='ocrx_word' id='word_1_461' title='bbox 2478 2135 2585 2189; x_wconf 91' lang='lat' dir='ltr'>hoc</span> <span class='ocrx_word' id='word_1_462' title='bbox 2649 2151 2748 2206; x_wconf 91' lang='lat' dir='ltr'>per</span> <span class='ocrx_word' id='word_1_463' title='bbox 2804 2152 3034 2190; x_wconf 92' lang='lat' dir='ltr'>omnem</span> <span class='ocrx_word' id='word_1_464' title='bbox 3095 2137 3256 2208; x_wconf 88' lang='lat' dir='ltr'>regni</span> <span class='ocrx_word' id='word_1_465' title='bbox 3288 2137 3576 2192; x_wconf 85' lang='lat' dir='ltr'>Lotharici</span> 
     </span>
    </p>
   </div>
   <div class='ocr_carea' id='block_1_68' title="bbox 1933 2223 3579 2296">
    <p class='ocr_par' dir='ltr' id='par_1_68' title="bbox 1933 2223 3579 2296">
     <span class='ocr_line' id='line_1_68' title="bbox 1933 2223 3579 2296; baseline 0.001 -18"><span class='ocrx_word' id='word_1_466' title='bbox 1933 2223 2210 2294; x_wconf 91' lang='lat' dir='ltr'>populum</span> <span class='ocrx_word' id='word_1_467' title='bbox 2240 2225 2392 2278; x_wconf 84' lang='lat' dir='ltr'>fama</span> <span class='ocrx_word' id='word_1_468' title='bbox 2408 2223 2583 2277; x_wconf 90' lang='lat' dir='ltr'>nimis</span> <span class='ocrx_word' id='word_1_469' title='bbox 2608 2223 3286 2296; x_wconf 88' lang='lat' dir='ltr'>odiosadispergeret,ita</span> <span class='ocrx_word' id='word_1_470' title='bbox 3307 2225 3579 2282; x_wconf 89' lang='lat' dir='ltr'>dissoluti</span> 
     </span>
    </p>
   </div>
   <div class='ocr_carea' id='block_1_69' title="bbox 1931 2312 3582 2382">
    <p class='ocr_par' dir='ltr' id='par_1_69' title="bbox 1931 2312 3582 2382">
     <span class='ocr_line' id='line_1_69' title="bbox 1931 2312 3582 2382; baseline 0.002 -17"><span class='ocrx_word' id='word_1_471' title='bbox 1931 2318 2070 2366; x_wconf 88' lang='lat' dir='ltr'>sunt</span> <span class='ocrx_word' id='word_1_472' title='bbox 2097 2329 2320 2374; x_wconf 88' lang='lat' dir='ltr'>omnes,</span> <span class='ocrx_word' id='word_1_473' title='bbox 2355 2312 2674 2382; x_wconf 71' lang='lat' dir='ltr'>priesertim</span> <span class='ocrx_word' id='word_1_474' title='bbox 2722 2313 3104 2367; x_wconf 73' lang='lat' dir='ltr'>sanctissima:</span> <span class='ocrx_word' id='word_1_475' title='bbox 3150 2314 3306 2370; x_wconf 89' lang='lat' dir='ltr'>sedis</span> <span class='ocrx_word' id='word_1_476' title='bbox 3335 2314 3494 2369; x_wconf 90' lang='lat' dir='ltr'>illius</span> <span class='ocrx_word' id='word_1_477' title='bbox 3525 2319 3582 2370; x_wconf 85' lang='lat' dir='ltr'>et</span> 
     </span>
    </p>
   </div>
   <div class='ocr_carea' id='block_1_70' title="bbox 1934 2400 3584 2475">
    <p class='ocr_par' dir='ltr' id='par_1_70' title="bbox 1934 2400 3584 2475">
     <span class='ocr_line' id='line_1_70' title="bbox 1934 2400 3584 2475; baseline 0.002 -20"><span class='ocrx_word' id='word_1_478' title='bbox 1934 2400 2195 2455; x_wconf 74' lang='lat' dir='ltr'>Ecclesia:</span> <span class='ocrx_word' id='word_1_479' title='bbox 2228 2401 2473 2471; x_wconf 91' lang='lat' dir='ltr'>alumni,</span> <span class='ocrx_word' id='word_1_480' title='bbox 2507 2401 2674 2470; x_wconf 91' lang='lat' dir='ltr'>quasi</span> <span class='ocrx_word' id='word_1_481' title='bbox 2715 2401 3011 2457; x_wconf 89' lang='lat' dir='ltr'>discessus</span> <span class='ocrx_word' id='word_1_482' title='bbox 3064 2403 3208 2456; x_wconf 89' lang='lat' dir='ltr'>tanti</span> <span class='ocrx_word' id='word_1_483' title='bbox 3243 2402 3494 2475; x_wconf 88' lang='lat' dir='ltr'>pastoris</span> <span class='ocrx_word' id='word_1_484' title='bbox 3526 2408 3584 2458; x_wconf 87' lang='lat' dir='ltr'>et</span> 
     </span>
    </p>
   </div>
   <div class='ocr_carea' id='block_1_71' title="bbox 1931 2489 3580 2559">
    <p class='ocr_par' dir='ltr' id='par_1_71' title="bbox 1931 2489 3580 2559">
     <span class='ocr_line' id='line_1_71' title="bbox 1931 2489 3580 2559; baseline 0.001 -14"><span class='ocrx_word' id='word_1_485' title='bbox 1931 2492 2125 2545; x_wconf 88' lang='lat' dir='ltr'>obitus</span> <span class='ocrx_word' id='word_1_486' title='bbox 2142 2489 2404 2559; x_wconf 88' lang='lat' dir='ltr'>ejusdem</span> <span class='ocrx_word' id='word_1_487' title='bbox 2422 2495 2573 2544; x_wconf 89' lang='lat' dir='ltr'>esset</span> <span class='ocrx_word' id='word_1_488' title='bbox 2596 2489 2859 2544; x_wconf 63' lang='lat' dir='ltr'>Ecclesiae</span> <span class='ocrx_word' id='word_1_489' title='bbox 2885 2491 3231 2546; x_wconf 87' lang='lat' dir='ltr'>funus.Nam</span> <span class='ocrx_word' id='word_1_490' title='bbox 3256 2492 3580 2546; x_wconf 87' lang='lat' dir='ltr'>secundum</span> 
     </span>
    </p>
   </div>
   <div class='ocr_carea' id='block_1_72' title="bbox 1932 2578 3582 2650">
    <p class='ocr_par' dir='ltr' id='par_1_72' title="bbox 1932 2578 3582 2650">
     <span class='ocr_line' id='line_1_72' title="bbox 1932 2578 3582 2650; baseline 0.001 -16"><span class='ocrx_word' id='word_1_491' title='bbox 1932 2580 2382 2650; x_wconf 84' lang='lat' dir='ltr'>amplitudinem</span> <span class='ocrx_word' id='word_1_492' title='bbox 2407 2578 2614 2650; x_wconf 86' lang='lat' dir='ltr'>prioris</span> <span class='ocrx_word' id='word_1_493' title='bbox 2633 2579 3044 2635; x_wconf 89' lang='lat' dir='ltr'>consolationis</span> <span class='ocrx_word' id='word_1_494' title='bbox 3067 2585 3207 2634; x_wconf 91' lang='lat' dir='ltr'>tunc</span> <span class='ocrx_word' id='word_1_495' title='bbox 3229 2579 3473 2635; x_wconf 89' lang='lat' dir='ltr'>invaluit</span> <span class='ocrx_word' id='word_1_496' title='bbox 3494 2581 3582 2636; x_wconf 87' lang='lat' dir='ltr'>vis</span> 
     </span>
    </p>
   </div>
   <div class='ocr_carea' id='block_1_73' title="bbox 1931 2665 3580 2741">
    <p class='ocr_par' dir='ltr' id='par_1_73' title="bbox 1931 2665 3580 2741">
     <span class='ocr_line' id='line_1_73' title="bbox 1931 2665 3580 2741; baseline 0.001 -18"><span class='ocrx_word' id='word_1_497' title='bbox 1931 2675 1986 2724; x_wconf 86' lang='lat' dir='ltr'>et</span> <span class='ocrx_word' id='word_1_498' title='bbox 2018 2668 2358 2740; x_wconf 86' lang='lat' dir='ltr'>magnitudo</span> <span class='ocrx_word' id='word_1_499' title='bbox 2391 2665 2627 2721; x_wconf 91' lang='lat' dir='ltr'>doloris.</span> <span class='ocrx_word' id='word_1_500' title='bbox 2652 2666 3086 2739; x_wconf 80' lang='lat' dir='ltr'>Flebantigitur</span> <span class='ocrx_word' id='word_1_501' title='bbox 3113 2669 3178 2702; x_wconf 76' lang='grc'>⁴⁹⁶</span> <span class='ocrx_word' id='word_1_502' title='bbox 3209 2685 3434 2734; x_wconf 88' lang='lat' dir='ltr'>omnes,</span> <span class='ocrx_word' id='word_1_503' title='bbox 3462 2667 3580 2741; x_wconf 88' lang='lat' dir='ltr'>ple-</span> 
     </span>
    </p>
   </div>
   <div class='ocr_carea' id='block_1_74' title="bbox 1931 2755 3580 2830">
    <p class='ocr_par' dir='ltr' id='par_1_74' title="bbox 1931 2755 3580 2830">
     <span class='ocr_line' id='line_1_74' title="bbox 1931 2755 3580 2830; baseline -0.001 -18"><span class='ocrx_word' id='word_1_504' title='bbox 1931 2758 2095 2829; x_wconf 86' lang='lat' dir='ltr'>rique</span> <span class='ocrx_word' id='word_1_505' title='bbox 2129 2758 2309 2812; x_wconf 91' lang='lat' dir='ltr'>donec</span> <span class='ocrx_word' id='word_1_506' title='bbox 2364 2756 2793 2811; x_wconf 83' lang='lat' dir='ltr'>exsiccarentur</span> <span class='ocrx_word' id='word_1_507' title='bbox 2855 2757 2908 2810; x_wconf 89' lang='lat' dir='ltr'>in</span> <span class='ocrx_word' id='word_1_508' title='bbox 2953 2756 3037 2812; x_wconf 91' lang='lat' dir='ltr'>eis</span> <span class='ocrx_word' id='word_1_509' title='bbox 3095 2755 3383 2830; x_wconf 73' lang='lat' dir='ltr'>lacryme.</span> <span class='ocrx_word' id='word_1_510' title='bbox 3412 2755 3580 2812; x_wconf 89' lang='lat' dir='ltr'>Multi</span> 
     </span>
    </p>
   </div>
   <div class='ocr_carea' id='block_1_75' title="bbox 1929 2845 3584 2919">
    <p class='ocr_par' dir='ltr' id='par_1_75' title="bbox 1929 2845 3584 2919">
     <span class='ocr_line' id='line_1_75' title="bbox 1929 2845 3584 2919; baseline 0.001 -17"><span class='ocrx_word' id='word_1_511' title='bbox 1929 2845 2246 2919; x_wconf 89' lang='lat' dir='ltr'>congelatis</span> <span class='ocrx_word' id='word_1_512' title='bbox 2271 2845 2550 2900; x_wconf 89' lang='lat' dir='ltr'>membris</span> <span class='ocrx_word' id='word_1_513' title='bbox 2577 2845 2829 2909; x_wconf 90' lang='lat' dir='ltr'>attoniti,</span> <span class='ocrx_word' id='word_1_514' title='bbox 2855 2845 2909 2899; x_wconf 90' lang='lat' dir='ltr'>in</span> <span class='ocrx_word' id='word_1_515' title='bbox 2935 2850 3097 2900; x_wconf 87' lang='lat' dir='ltr'>tanta</span> <span class='ocrx_word' id='word_1_516' title='bbox 3117 2846 3382 2902; x_wconf 86' lang='lat' dir='ltr'>orbitatis</span> <span class='ocrx_word' id='word_1_517' title='bbox 3403 2846 3584 2919; x_wconf 85' lang='lat' dir='ltr'>hujus</span> 
     </span>
    </p>
   </div>
   <div class='ocr_carea' id='block_1_76' title="bbox 1933 2934 3582 3005">
    <p class='ocr_par' dir='ltr' id='par_1_76' title="bbox 1933 2934 3582 3005">
     <span class='ocr_line' id='line_1_76' title="bbox 1933 2934 3582 3005; baseline 0.001 -15"><span class='ocrx_word' id='word_1_518' title='bbox 1933 2935 2168 2990; x_wconf 90' lang='lat' dir='ltr'>miseria</span> <span class='ocrx_word' id='word_1_519' title='bbox 2199 2934 2548 3005; x_wconf 89' lang='lat' dir='ltr'>semetipsos</span> <span class='ocrx_word' id='word_1_520' title='bbox 2569 2937 2636 2968; x_wconf 62' lang='lat'>‘9&#39;</span> <span class='ocrx_word' id='word_1_521' title='bbox 2663 2934 2850 2989; x_wconf 88' lang='lat' dir='ltr'>vivere</span> <span class='ocrx_word' id='word_1_522' title='bbox 2895 2935 3058 2990; x_wconf 89' lang='lat' dir='ltr'>obliti</span> <span class='ocrx_word' id='word_1_523' title='bbox 3093 2942 3248 2990; x_wconf 90' lang='lat' dir='ltr'>sunt.</span> <span class='ocrx_word' id='word_1_524' title='bbox 3281 2939 3426 2991; x_wconf 87' lang='lat' dir='ltr'>Ante</span> <span class='ocrx_word' id='word_1_525' title='bbox 3457 2953 3582 2992; x_wconf 93' lang='lat' dir='ltr'>om-</span> 
     </span>
    </p>
   </div>
   <div class='ocr_carea' id='block_1_77' title="bbox 1932 3022 3584 3094">
    <p class='ocr_par' dir='ltr' id='par_1_77' title="bbox 1932 3022 3584 3094">
     <span class='ocr_line' id='line_1_77' title="bbox 1932 3022 3584 3094; baseline 0.001 -16"><span class='ocrx_word' id='word_1_526' title='bbox 1932 3041 2035 3078; x_wconf 89' lang='lat' dir='ltr'>nes</span> <span class='ocrx_word' id='word_1_527' title='bbox 2064 3024 2221 3077; x_wconf 90' lang='lat' dir='ltr'>luctu</span> <span class='ocrx_word' id='word_1_528' title='bbox 2255 3039 2315 3077; x_wconf 92' lang='lat' dir='ltr'>se</span> <span class='ocrx_word' id='word_1_529' title='bbox 2347 3022 2757 3094; x_wconf 78' lang='lat' dir='ltr'>lacrymisque,</span> <span class='ocrx_word' id='word_1_530' title='bbox 2783 3023 2972 3094; x_wconf 88' lang='lat' dir='ltr'>magis</span> <span class='ocrx_word' id='word_1_531' title='bbox 2997 3029 3189 3079; x_wconf 84' lang='lat' dir='ltr'>autem</span> <span class='ocrx_word' id='word_1_532' title='bbox 3218 3025 3448 3079; x_wconf 88' lang='lat' dir='ltr'>interno</span> <span class='ocrx_word' id='word_1_533' title='bbox 3481 3026 3584 3080; x_wconf 84' lang='lat' dir='ltr'>do-</span> 
     </span>
    </p>
   </div>
   <div class='ocr_carea' id='block_1_78' title="bbox 1936 3111 3586 3184">
    <p class='ocr_par' dir='ltr' id='par_1_78' title="bbox 1936 3111 3586 3184">
     <span class='ocr_line' id='line_1_78' title="bbox 1936 3111 3586 3184; baseline 0.001 -17"><span class='ocrx_word' id='word_1_534' title='bbox 1936 3112 2054 3167; x_wconf 90' lang='lat' dir='ltr'>lore</span> <span class='ocrx_word' id='word_1_535' title='bbox 2086 3111 2277 3167; x_wconf 86' lang='lat' dir='ltr'>cordis</span> <span class='ocrx_word' id='word_1_536' title='bbox 2334 3112 2542 3176; x_wconf 78' lang='lat' dir='ltr'>affecit,</span> <span class='ocrx_word' id='word_1_537' title='bbox 2595 3112 2692 3182; x_wconf 91' lang='lat' dir='ltr'>qui</span> <span class='ocrx_word' id='word_1_538' title='bbox 2754 3111 2910 3166; x_wconf 88' lang='lat' dir='ltr'>hunc</span> <span class='ocrx_word' id='word_1_539' title='bbox 2960 3117 3180 3182; x_wconf 88' lang='lat' dir='ltr'>patrem</span> <span class='ocrx_word' id='word_1_540' title='bbox 3240 3112 3438 3184; x_wconf 64' lang='lat' dir='ltr'>patriai</span> <span class='ocrx_word' id='word_1_541' title='bbox 3470 3130 3586 3183; x_wconf 61' lang='lat' dir='ltr'>pra:</span> 
     </span>
    </p>
   </div>
   <div class='ocr_carea' id='block_1_79' title="bbox 1936 3199 3588 3271">
    <p class='ocr_par' dir='ltr' id='par_1_79' title="bbox 1936 3199 3588 3271">
     <span class='ocr_line' id='line_1_79' title="bbox 1936 3199 3588 3271; baseline -0.001 -14"><span class='ocrx_word' id='word_1_542' title='bbox 1936 3201 2157 3257; x_wconf 79' lang='lat' dir='ltr'>caeteris</span> <span class='ocrx_word' id='word_1_543' title='bbox 2189 3199 2426 3265; x_wconf 90' lang='lat' dir='ltr'>amavit,</span> <span class='ocrx_word' id='word_1_544' title='bbox 2461 3199 2819 3264; x_wconf 84' lang='lat' dir='ltr'>Folcmarus,</span> <span class='ocrx_word' id='word_1_545' title='bbox 2854 3200 3249 3254; x_wconf 88' lang='lat' dir='ltr'>memorabilis</span> <span class='ocrx_word' id='word_1_546' title='bbox 3281 3201 3588 3271; x_wconf 85' lang='lat' dir='ltr'>probitatis</span> 
     </span>
    </p>
   </div>
   <div class='ocr_carea' id='block_1_80' title="bbox 1935 3287 3586 3358">
    <p class='ocr_par' dir='ltr' id='par_1_80' title="bbox 1935 3287 3586 3358">
     <span class='ocr_line' id='line_1_80' title="bbox 1935 3287 3586 3358; baseline 0 -14"><span class='ocrx_word' id='word_1_547' title='bbox 1935 3296 1990 3345; x_wconf 90' lang='lat' dir='ltr'>et</span> <span class='ocrx_word' id='word_1_548' title='bbox 2021 3288 2318 3343; x_wconf 68' lang='lat' dir='ltr'>industria:</span> <span class='ocrx_word' id='word_1_549' title='bbox 2349 3288 2630 3340; x_wconf 90' lang='lat' dir='ltr'>diaconus</span> <span class='ocrx_word' id='word_1_550' title='bbox 2675 3303 2740 3341; x_wconf 93' lang='lat' dir='ltr'>ac</span> <span class='ocrx_word' id='word_1_551' title='bbox 2774 3287 3030 3357; x_wconf 90' lang='lat' dir='ltr'>prudens</span> <span class='ocrx_word' id='word_1_552' title='bbox 3073 3287 3377 3358; x_wconf 80' lang='lat' dir='ltr'>ﬁdelisque</span> <span class='ocrx_word' id='word_1_553' title='bbox 3407 3287 3586 3358; x_wconf 89' lang='lat' dir='ltr'>hujus</span> 
     </span>
    </p>
   </div>
   <div class='ocr_carea' id='block_1_81' title="bbox 1935 3375 3585 3446">
    <p class='ocr_par' dir='ltr' id='par_1_81' title="bbox 1935 3375 3585 3446">
     <span class='ocr_line' id='line_1_81' title="bbox 1935 3375 3585 3446; baseline -0.001 -13"><span class='ocrx_word' id='word_1_554' title='bbox 1935 3383 2146 3433; x_wconf 75' lang='lat' dir='ltr'>sanctze</span> <span class='ocrx_word' id='word_1_555' title='bbox 2181 3375 2443 3430; x_wconf 65' lang='lat' dir='ltr'>Ecclesia:</span> <span class='ocrx_word' id='word_1_556' title='bbox 2477 3380 2681 3446; x_wconf 85' lang='lat' dir='ltr'>protus</span> <span class='ocrx_word' id='word_1_557' title='bbox 2729 3380 2786 3428; x_wconf 90' lang='lat' dir='ltr'>et</span> <span class='ocrx_word' id='word_1_558' title='bbox 2839 3375 3164 3440; x_wconf 87' lang='lat' dir='ltr'>iconomus,</span> <span class='ocrx_word' id='word_1_559' title='bbox 3199 3392 3314 3446; x_wconf 90' lang='lat' dir='ltr'>quo</span> <span class='ocrx_word' id='word_1_560' title='bbox 3347 3377 3585 3433; x_wconf 88' lang='lat' dir='ltr'>nomine</span> 
     </span>
    </p>
   </div>
   <div class='ocr_carea' id='block_1_82' title="bbox 1934 3464 3581 3537">
    <p class='ocr_par' dir='ltr' id='par_1_82' title="bbox 1934 3464 3581 3537">
     <span class='ocr_line' id='line_1_82' title="bbox 1934 3464 3581 3537; baseline 0 -16"><span class='ocrx_word' id='word_1_561' title='bbox 1934 3484 2066 3521; x_wconf 90' lang='lat' dir='ltr'>eum</span> <span class='ocrx_word' id='word_1_562' title='bbox 2100 3468 2223 3537; x_wconf 88' lang='lat' dir='ltr'>ipse</span> <span class='ocrx_word' id='word_1_563' title='bbox 2256 3470 2435 3536; x_wconf 90' lang='lat' dir='ltr'>pater,</span> <span class='ocrx_word' id='word_1_564' title='bbox 2467 3468 2530 3517; x_wconf 92' lang='lat' dir='ltr'>ut</span> <span class='ocrx_word' id='word_1_565' title='bbox 2578 3468 2718 3534; x_wconf 90' lang='lat' dir='ltr'>puta</span> <span class='ocrx_word' id='word_1_566' title='bbox 2748 3464 3030 3517; x_wconf 86' lang='lat' dir='ltr'>vicarium</span> <span class='ocrx_word' id='word_1_567' title='bbox 3086 3480 3258 3518; x_wconf 84' lang='lat' dir='ltr'>suum</span> <span class='ocrx_word' id='word_1_568' title='bbox 3291 3469 3349 3520; x_wconf 89' lang='lat' dir='ltr'>et</span> <span class='ocrx_word' id='word_1_569' title='bbox 3377 3465 3487 3518; x_wconf 88' lang='lat' dir='ltr'>sibi</span> <span class='ocrx_word' id='word_1_570' title='bbox 3523 3466 3581 3521; x_wconf 90' lang='lat' dir='ltr'>in</span> 
     </span>
    </p>
   </div>
   <div class='ocr_carea' id='block_1_83' title="bbox 1933 3552 3578 3625">
    <p class='ocr_par' dir='ltr' id='par_1_83' title="bbox 1933 3552 3578 3625">
     <span class='ocr_line' id='line_1_83' title="bbox 1933 3552 3578 3625; baseline -0.001 -15"><span class='ocrx_word' id='word_1_571' title='bbox 1933 3555 2090 3610; x_wconf 89' lang='lat' dir='ltr'>omni</span> <span class='ocrx_word' id='word_1_572' title='bbox 2111 3553 2340 3625; x_wconf 85' lang='lat' dir='ltr'>negotio</span> <span class='ocrx_word' id='word_1_573' title='bbox 2361 3552 3224 3623; x_wconf 84' lang='lat' dir='ltr'>conjunctissimuni,bonorare</span> <span class='ocrx_word' id='word_1_574' title='bbox 3246 3554 3578 3622; x_wconf 65' lang='lat' dir='ltr'>consuevit;</span> 
     </span>
    </p>
   </div>
   <div class='ocr_carea' id='block_1_84' title="bbox 1933 3640 3579 3715">
    <p class='ocr_par' dir='ltr' id='par_1_84' title="bbox 1933 3640 3579 3715">
     <span class='ocr_line' id='line_1_84' title="bbox 1933 3640 3579 3715; baseline 0 -16"><span class='ocrx_word' id='word_1_575' title='bbox 1933 3647 1990 3700; x_wconf 92' lang='lat' dir='ltr'>in</span> <span class='ocrx_word' id='word_1_576' title='bbox 2019 3661 2133 3715; x_wconf 88' lang='lat' dir='ltr'>quo</span> <span class='ocrx_word' id='word_1_577' title='bbox 2166 3643 2286 3698; x_wconf 93' lang='lat' dir='ltr'>solo</span> <span class='ocrx_word' id='word_1_578' title='bbox 2317 3648 2454 3697; x_wconf 91' lang='lat' dir='ltr'>tunc</span> <span class='ocrx_word' id='word_1_579' title='bbox 2486 3641 2749 3696; x_wconf 90' lang='lat' dir='ltr'>omnium</span> <span class='ocrx_word' id='word_1_580' title='bbox 2782 3640 3177 3697; x_wconf 88' lang='lat' dir='ltr'>desolatorum</span> <span class='ocrx_word' id='word_1_581' title='bbox 3205 3644 3273 3686; x_wconf 80' lang='grc' dir='ltr'>ι⁰⁰</span> <span class='ocrx_word' id='word_1_582' title='bbox 3302 3659 3402 3698; x_wconf 88' lang='lat' dir='ltr'>ora</span> <span class='ocrx_word' id='word_1_583' title='bbox 3426 3643 3579 3699; x_wconf 90' lang='lat' dir='ltr'>oculi</span> 
     </span>
    </p>
   </div>
   <div class='ocr_carea' id='block_1_85' title="bbox 1933 3731 3582 3802">
    <p class='ocr_par' dir='ltr' id='par_1_85' title="bbox 1933 3731 3582 3802">
     <span class='ocr_line' id='line_1_85' title="bbox 1933 3731 3582 3802; baseline -0.001 -13"><span class='ocrx_word' id='word_1_584' title='bbox 1933 3740 1988 3789; x_wconf 90' lang='lat' dir='ltr'>et</span> <span class='ocrx_word' id='word_1_585' title='bbox 2016 3733 2194 3788; x_wconf 88' lang='lat' dir='ltr'>animi</span> <span class='ocrx_word' id='word_1_586' title='bbox 2226 3732 2626 3799; x_wconf 87' lang='lat' dir='ltr'>versabantur,</span> <span class='ocrx_word' id='word_1_587' title='bbox 2645 3747 2891 3802; x_wconf 89' lang='lat' dir='ltr'>quorum</span> <span class='ocrx_word' id='word_1_588' title='bbox 2914 3739 3067 3786; x_wconf 90' lang='lat' dir='ltr'>certe</span> <span class='ocrx_word' id='word_1_589' title='bbox 3089 3732 3354 3788; x_wconf 88' lang='lat' dir='ltr'>omnium</span> <span class='ocrx_word' id='word_1_590' title='bbox 3375 3731 3582 3788; x_wconf 86' lang='lat' dir='ltr'>volun-</span> 
     </span>
    </p>
   </div>
   <div class='ocr_carea' id='block_1_86' title="bbox 1932 3820 3583 3893">
    <p class='ocr_par' dir='ltr' id='par_1_86' title="bbox 1932 3820 3583 3893">
     <span class='ocr_line' id='line_1_86' title="bbox 1932 3820 3583 3893; baseline -0.001 -15"><span class='ocrx_word' id='word_1_591' title='bbox 1932 3828 2049 3878; x_wconf 88' lang='lat' dir='ltr'>tate</span> <span class='ocrx_word' id='word_1_592' title='bbox 2079 3827 2251 3893; x_wconf 88' lang='lat' dir='ltr'>atque</span> <span class='ocrx_word' id='word_1_593' title='bbox 2273 3820 2696 3891; x_wconf 89' lang='lat' dir='ltr'>desideriojam</span> <span class='ocrx_word' id='word_1_594' title='bbox 2719 3820 2958 3886; x_wconf 88' lang='lat' dir='ltr'>electus,</span> <span class='ocrx_word' id='word_1_595' title='bbox 2985 3820 3121 3877; x_wconf 90' lang='lat' dir='ltr'>licet</span> <span class='ocrx_word' id='word_1_596' title='bbox 3145 3824 3404 3878; x_wconf 89' lang='lat' dir='ltr'>nondum</span> <span class='ocrx_word' id='word_1_597' title='bbox 3428 3822 3583 3878; x_wconf 89' lang='lat' dir='ltr'>desi-</span> 
     </span>
    </p>
   </div>
   <div class='ocr_carea' id='block_1_87' title="bbox 1933 3909 3583 3985">
    <p class='ocr_par' dir='ltr' id='par_1_87' title="bbox 1933 3909 3583 3985">
     <span class='ocr_line' id='line_1_87' title="bbox 1933 3909 3583 3985; baseline 0 -19"><span class='ocrx_word' id='word_1_598' title='bbox 1933 3916 2166 3985; x_wconf 89' lang='lat' dir='ltr'>gnatus,</span> <span class='ocrx_word' id='word_1_599' title='bbox 2193 3911 2376 3965; x_wconf 84' lang='lat' dir='ltr'>fuerat</span> <span class='ocrx_word' id='word_1_600' title='bbox 2400 3909 2782 3982; x_wconf 66' lang='lat' dir='ltr'>praesulJiuic</span> <span class='ocrx_word' id='word_1_601' title='bbox 2809 3911 2942 3981; x_wconf 89' lang='lat' dir='ltr'>pius</span> <span class='ocrx_word' id='word_1_602' title='bbox 2972 3915 3135 3982; x_wconf 85' lang='lat' dir='ltr'>pater</span> <span class='ocrx_word' id='word_1_603' title='bbox 3155 3912 3402 3978; x_wconf 88' lang='lat' dir='ltr'>absenti,</span> <span class='ocrx_word' id='word_1_604' title='bbox 3428 3911 3583 3981; x_wconf 90' lang='lat' dir='ltr'>quod</span> 
     </span>
    </p>
   </div>
   <div class='ocr_carea' id='block_1_88' title="bbox 1934 3998 3590 4070">
    <p class='ocr_par' dir='ltr' id='par_1_88' title="bbox 1934 3998 3590 4070">
     <span class='ocr_line' id='line_1_88' title="bbox 1934 3998 3590 4070; baseline -0.002 -13"><span class='ocrx_word' id='word_1_605' title='bbox 1934 4018 2067 4057; x_wconf 89' lang='lat' dir='ltr'>eum</span> <span class='ocrx_word' id='word_1_606' title='bbox 2100 4004 2318 4066; x_wconf 90' lang='lat' dir='ltr'>nosset,</span> <span class='ocrx_word' id='word_1_607' title='bbox 2353 4016 2419 4052; x_wconf 85' lang='lat' dir='ltr'>ex</span> <span class='ocrx_word' id='word_1_608' title='bbox 2465 3998 2701 4053; x_wconf 89' lang='lat' dir='ltr'>nomine</span> <span class='ocrx_word' id='word_1_609' title='bbox 2759 4015 2850 4053; x_wconf 89' lang='lat' dir='ltr'>res</span> <span class='ocrx_word' id='word_1_610' title='bbox 2881 4015 3020 4054; x_wconf 89' lang='lat' dir='ltr'>suas</span> <span class='ocrx_word' id='word_1_611' title='bbox 3069 4015 3271 4054; x_wconf 90' lang='lat' dir='ltr'>omnes</span> <span class='ocrx_word' id='word_1_612' title='bbox 3302 3999 3500 4070; x_wconf 84' lang='lat' dir='ltr'>egenis</span> <span class='ocrx_word' id='word_1_613' title='bbox 3531 4005 3590 4054; x_wconf 90' lang='lat' dir='ltr'>et</span> 
     </span>
    </p>
   </div>
   <div class='ocr_carea' id='block_1_89' title="bbox 1935 4086 3585 4157">
    <p class='ocr_par' dir='ltr' id='par_1_89' title="bbox 1935 4086 3585 4157">
     <span class='ocr_line' id='line_1_89' title="bbox 1935 4086 3585 4157; baseline -0.001 -14"><span class='ocrx_word' id='word_1_614' title='bbox 1935 4088 2209 4143; x_wconf 89' lang='lat' dir='ltr'>Ecclesiis</span> <span class='ocrx_word' id='word_1_615' title='bbox 2232 4086 2509 4157; x_wconf 90' lang='lat' dir='ltr'>episcopii</span> <span class='ocrx_word' id='word_1_616' title='bbox 2534 4087 2624 4140; x_wconf 91' lang='lat' dir='ltr'>sui</span> <span class='ocrx_word' id='word_1_617' title='bbox 2652 4087 3394 4157; x_wconf 77' lang='lat' dir='ltr'>distribuendas,przescius</span> <span class='ocrx_word' id='word_1_618' title='bbox 3416 4088 3585 4143; x_wconf 86' lang='lat' dir='ltr'>credo</span> 
     </span>
    </p>
   </div>
   <div class='ocr_carea' id='block_1_90' title="bbox 1936 4173 3423 4246">
    <p class='ocr_par' dir='ltr' id='par_1_90' title="bbox 1936 4173 3423 4246">
     <span class='ocr_line' id='line_1_90' title="bbox 1936 4173 3423 4246; baseline -0.002 -15"><span class='ocrx_word' id='word_1_619' title='bbox 1936 4178 2145 4231; x_wconf 70' lang='lat' dir='ltr'>futura:</span> <span class='ocrx_word' id='word_1_620' title='bbox 2179 4173 2589 4242; x_wconf 88' lang='lat' dir='ltr'>successionis,</span> <span class='ocrx_word' id='word_1_621' title='bbox 2623 4190 2856 4228; x_wconf 91' lang='lat' dir='ltr'>summo</span> <span class='ocrx_word' id='word_1_622' title='bbox 2887 4174 3084 4228; x_wconf 90' lang='lat' dir='ltr'>studio</span> <span class='ocrx_word' id='word_1_623' title='bbox 3114 4174 3423 4246; x_wconf 82' lang='lat' dir='ltr'>delegavit.</span> 
     </span>
    </p>
   </div>
   <div class='ocr_carea' id='block_1_91' title="bbox 2010 4261 3590 4332">
    <p class='ocr_par' dir='ltr' id='par_1_91' title="bbox 2010 4261 3590 4332">
     <span class='ocr_line' id='line_1_91' title="bbox 2010 4261 3590 4332; baseline 0.001 -16"><span class='ocrx_word' id='word_1_624' title='bbox 2010 4266 2098 4316; x_wconf 73' lang='grc'>47.</span> <span class='ocrx_word' id='word_1_625' title='bbox 2150 4265 2247 4317; x_wconf 83' lang='lat' dir='ltr'>Est</span> <span class='ocrx_word' id='word_1_626' title='bbox 2280 4278 2457 4332; x_wconf 89' lang='lat' dir='ltr'>prope</span> <span class='ocrx_word' id='word_1_627' title='bbox 2490 4277 2688 4315; x_wconf 88' lang='lat' dir='ltr'>muros</span> <span class='ocrx_word' id='word_1_628' title='bbox 2721 4261 2971 4317; x_wconf 88' lang='lat' dir='ltr'>civitatis</span> <span class='ocrx_word' id='word_1_629' title='bbox 2993 4263 3256 4327; x_wconf 89' lang='lat' dir='ltr'>ecclesia,</span> <span class='ocrx_word' id='word_1_630' title='bbox 3292 4267 3590 4318; x_wconf 83' lang='lat' dir='ltr'>structura</span> 
     </span>
    </p>
   </div>
   <div class='ocr_carea' id='block_1_92' title="bbox 1941 4349 3590 4424">
    <p class='ocr_par' dir='ltr' id='par_1_92' title="bbox 1941 4349 3590 4424">
     <span class='ocr_line' id='line_1_92' title="bbox 1941 4349 3590 4424; baseline -0.001 -18"><span class='ocrx_word' id='word_1_631' title='bbox 1941 4353 2179 4424; x_wconf 87' lang='lat' dir='ltr'>quidem</span> <span class='ocrx_word' id='word_1_632' title='bbox 2212 4358 2267 4405; x_wconf 90' lang='lat' dir='ltr'>et</span> <span class='ocrx_word' id='word_1_633' title='bbox 2298 4367 2469 4419; x_wconf 86' lang='lat' dir='ltr'>opere</span> <span class='ocrx_word' id='word_1_634' title='bbox 2504 4349 2873 4413; x_wconf 82' lang='lat' dir='ltr'>huniilis,sed</span> <span class='ocrx_word' id='word_1_635' title='bbox 2908 4351 3303 4420; x_wconf 88' lang='lat' dir='ltr'>apostolorum</span> <span class='ocrx_word' id='word_1_636' title='bbox 3334 4351 3590 4416; x_wconf 90' lang='lat' dir='ltr'>nomine,</span> 
     </span>
    </p>
   </div>
   <div class='ocr_carea' id='block_1_93' title="bbox 1943 4437 3592 4513">
    <p class='ocr_par' dir='ltr' id='par_1_93' title="bbox 1943 4437 3592 4513">
     <span class='ocr_line' id='line_1_93' title="bbox 1943 4437 3592 4513; baseline -0.002 -16"><span class='ocrx_word' id='word_1_637' title='bbox 1943 4445 2001 4497; x_wconf 90' lang='lat' dir='ltr'>in</span> <span class='ocrx_word' id='word_1_638' title='bbox 2036 4456 2286 4513; x_wconf 90' lang='lat' dir='ltr'>quorum</span> <span class='ocrx_word' id='word_1_639' title='bbox 2318 4437 2687 4491; x_wconf 84' lang='lat' dir='ltr'>veneratione</span> <span class='ocrx_word' id='word_1_640' title='bbox 2738 4443 3075 4492; x_wconf 90' lang='lat' dir='ltr'>consecrata</span> <span class='ocrx_word' id='word_1_641' title='bbox 3116 4439 3470 4509; x_wconf 90' lang='lat' dir='ltr'>perhibetur,</span> <span class='ocrx_word' id='word_1_642' title='bbox 3506 4439 3592 4493; x_wconf 87' lang='lat' dir='ltr'>in-</span> 
     </span>
    </p>
   </div>
   <div class='ocr_carea' id='block_1_94' title="bbox 197 4525 3597 4610">
    <p class='ocr_par' dir='ltr' id='par_1_94' title="bbox 197 4525 3597 4610">
     <span class='ocr_line' id='line_1_94' title="bbox 197 4525 3597 4610; baseline -0.002 -22"><span class='ocrx_word' id='word_1_643' title='bbox 197 4535 296 4591; x_wconf 91' lang='lat' dir='ltr'>bus</span> <span class='ocrx_word' id='word_1_644' title='bbox 325 4537 796 4601; x_wconf 89' lang='lat' dir='ltr'>consummavit;</span> <span class='ocrx_word' id='word_1_645' title='bbox 830 4533 1074 4589; x_wconf 90' lang='lat' dir='ltr'>Domino</span> <span class='ocrx_word' id='word_1_646' title='bbox 1096 4533 1211 4588; x_wconf 90' lang='lat' dir='ltr'>Deo</span> <span class='ocrx_word' id='word_1_647' title='bbox 1244 4549 1349 4586; x_wconf 91' lang='lat' dir='ltr'>suo</span> <span class='ocrx_word' id='word_1_648' title='bbox 1381 4537 1837 4601; x_wconf 88' lang='lat' dir='ltr'>sanctorumque</span> <span class='ocrx_word' id='word_1_649' title='bbox 1868 4546 1912 4610; x_wconf 75' lang='grc' dir='ltr'>Ι)</span> <span class='ocrx_word' id='word_1_650' title='bbox 1945 4532 2129 4602; x_wconf 88' lang='lat' dir='ltr'>signis</span> <span class='ocrx_word' id='word_1_651' title='bbox 2155 4547 2167 4595; x_wconf 87' lang='lat'><strong>;</strong></span> <span class='ocrx_word' id='word_1_652' title='bbox 2191 4527 2250 4582; x_wconf 91' lang='lat' dir='ltr'>in</span> <span class='ocrx_word' id='word_1_653' title='bbox 2273 4525 2681 4597; x_wconf 88' lang='lat' dir='ltr'>eadepositum</span> <span class='ocrx_word' id='word_1_654' title='bbox 2705 4527 2958 4597; x_wconf 89' lang='lat' dir='ltr'>pastoris</span> <span class='ocrx_word' id='word_1_655' title='bbox 2980 4527 3070 4582; x_wconf 91' lang='lat' dir='ltr'>sui</span> <span class='ocrx_word' id='word_1_656' title='bbox 3095 4544 3307 4600; x_wconf 91' lang='lat' dir='ltr'>corpus</span> <span class='ocrx_word' id='word_1_657' title='bbox 3331 4527 3597 4582; x_wconf 83' lang='lat' dir='ltr'>exanime</span> 
     </span>
    </p>
   </div>
   <div class='ocr_carea' id='block_1_95' title="bbox 194 4620 1836 4696">
    <p class='ocr_par' dir='ltr' id='par_1_95' title="bbox 194 4620 1836 4696">
     <span class='ocr_line' id='line_1_95' title="bbox 194 4620 1836 4696; baseline -0.004 -19"><span class='ocrx_word' id='word_1_658' title='bbox 194 4624 311 4692; x_wconf 85' lang='lat' dir='ltr'>ejus</span> <span class='ocrx_word' id='word_1_659' title='bbox 335 4626 608 4696; x_wconf 88' lang='lat' dir='ltr'>precibus</span> <span class='ocrx_word' id='word_1_660' title='bbox 629 4641 756 4680; x_wconf 91' lang='lat' dir='ltr'>sese</span> <span class='ocrx_word' id='word_1_661' title='bbox 779 4624 947 4695; x_wconf 87' lang='lat' dir='ltr'>quasi</span> <span class='ocrx_word' id='word_1_662' title='bbox 972 4640 1104 4677; x_wconf 83' lang='lat' dir='ltr'>mox</span> <span class='ocrx_word' id='word_1_663' title='bbox 1126 4623 1345 4676; x_wconf 90' lang='lat' dir='ltr'>iturum</span> <span class='ocrx_word' id='word_1_664' title='bbox 1375 4620 1656 4674; x_wconf 89' lang='lat' dir='ltr'>attentius</span> <span class='ocrx_word' id='word_1_665' title='bbox 1679 4634 1836 4672; x_wconf 89' lang='lat' dir='ltr'>com-</span> 
     </span>
    </p>
   </div>
   <div class='ocr_carea' id='block_1_96' title="bbox 196 4707 1837 4783">
    <p class='ocr_par' dir='ltr' id='par_1_96' title="bbox 196 4707 1837 4783">
     <span class='ocr_line' id='line_1_96' title="bbox 196 4707 1837 4783; baseline -0.005 -15"><span class='ocrx_word' id='word_1_666' title='bbox 196 4715 520 4780; x_wconf 77' lang='lat' dir='ltr'>mandavit;</span> <span class='ocrx_word' id='word_1_667' title='bbox 557 4714 666 4768; x_wconf 89' lang='lat' dir='ltr'>iter</span> <span class='ocrx_word' id='word_1_668' title='bbox 697 4730 870 4768; x_wconf 91' lang='lat' dir='ltr'>suum</span> <span class='ocrx_word' id='word_1_669' title='bbox 895 4729 1107 4783; x_wconf 90' lang='lat' dir='ltr'>magno</span> <span class='ocrx_word' id='word_1_670' title='bbox 1139 4710 1236 4765; x_wconf 92' lang='lat' dir='ltr'>illo</span> <span class='ocrx_word' id='word_1_671' title='bbox 1267 4710 1495 4772; x_wconf 89' lang='lat' dir='ltr'>viatico,</span> <span class='ocrx_word' id='word_1_672' title='bbox 1529 4713 1728 4762; x_wconf 91' lang='lat' dir='ltr'>sancto</span> <span class='ocrx_word' id='word_1_673' title='bbox 1753 4707 1837 4761; x_wconf 82' lang='lat' dir='ltr'>vi-</span> 
     </span>
    </p>
   </div>
   <div class='ocr_carea' id='block_1_97' title="bbox 195 4795 1839 4873">
    <p class='ocr_par' dir='ltr' id='par_1_97' title="bbox 195 4795 1839 4873">
     <span class='ocr_line' id='line_1_97' title="bbox 195 4795 1839 4873; baseline -0.004 -18"><span class='ocrx_word' id='word_1_674' title='bbox 195 4801 393 4858; x_wconf 89' lang='lat' dir='ltr'>delicet</span> <span class='ocrx_word' id='word_1_675' title='bbox 413 4809 470 4857; x_wconf 90' lang='lat' dir='ltr'>et</span> <span class='ocrx_word' id='word_1_676' title='bbox 495 4801 665 4857; x_wconf 92' lang='lat' dir='ltr'>unico</span> <span class='ocrx_word' id='word_1_677' title='bbox 691 4801 1112 4873; x_wconf 88' lang='lat' dir='ltr'>redemptionis</span> <span class='ocrx_word' id='word_1_678' title='bbox 1133 4804 1341 4854; x_wconf 69' lang='lat' dir='ltr'>nostris</span> <span class='ocrx_word' id='word_1_679' title='bbox 1367 4797 1626 4869; x_wconf 85' lang='lat' dir='ltr'>pignore,</span> <span class='ocrx_word' id='word_1_680' title='bbox 1653 4795 1839 4850; x_wconf 92' lang='lat' dir='ltr'>muni-</span> 
     </span>
    </p>
   </div>
   <div class='ocr_carea' id='block_1_98' title="bbox 194 4886 1842 4962">
    <p class='ocr_par' dir='ltr' id='par_1_98' title="bbox 194 4886 1842 4962">
     <span class='ocr_line' id='line_1_98' title="bbox 194 4886 1842 4962; baseline -0.002 -22"><span class='ocrx_word' id='word_1_681' title='bbox 194 4890 308 4956; x_wconf 86' lang='lat' dir='ltr'>vit;</span> <span class='ocrx_word' id='word_1_682' title='bbox 343 4890 650 4962; x_wconf 89' lang='lat' dir='ltr'>episcopos</span> <span class='ocrx_word' id='word_1_683' title='bbox 681 4890 1060 4961; x_wconf 89' lang='lat' dir='ltr'>seipsumque</span> <span class='ocrx_word' id='word_1_684' title='bbox 1087 4893 1145 4942; x_wconf 92' lang='lat' dir='ltr'>et</span> <span class='ocrx_word' id='word_1_685' title='bbox 1174 4903 1271 4942; x_wconf 89' lang='lat' dir='ltr'>eos</span> <span class='ocrx_word' id='word_1_686' title='bbox 1302 4886 1401 4956; x_wconf 88' lang='lat' dir='ltr'>qui</span> <span class='ocrx_word' id='word_1_687' title='bbox 1437 4890 1646 4956; x_wconf 68' lang='lat' dir='ltr'>praesto</span> <span class='ocrx_word' id='word_1_688' title='bbox 1676 4888 1842 4938; x_wconf 89' lang='lat' dir='ltr'>erant</span> 
     </span>
    </p>
   </div>
   <div class='ocr_carea' id='block_1_99' title="bbox 196 4971 1842 5047">
    <p class='ocr_par' dir='ltr' id='par_1_99' title="bbox 196 4971 1842 5047">
     <span class='ocr_line' id='line_1_99' title="bbox 196 4971 1842 5047; baseline -0.003 -18"><span class='ocrx_word' id='word_1_689' title='bbox 196 4974 596 5031; x_wconf 88' lang='lat' dir='ltr'>benedictione</span> <span class='ocrx_word' id='word_1_690' title='bbox 618 4976 1001 5047; x_wconf 89' lang='lat' dir='ltr'>consignavit.</span> <span class='ocrx_word' id='word_1_691' title='bbox 1027 4977 1112 5030; x_wconf 92' lang='lat' dir='ltr'>Ita</span> <span class='ocrx_word' id='word_1_692' title='bbox 1124 4975 1487 5028; x_wconf 89' lang='lat' dir='ltr'>tremendam</span> <span class='ocrx_word' id='word_1_693' title='bbox 1511 4971 1842 5026; x_wconf 84' lang='lat' dir='ltr'>dissolutio-</span> 
     </span>
    </p>
   </div>
   <div class='ocr_carea' id='block_1_100' title="bbox 196 5061 1842 5131">
    <p class='ocr_par' dir='ltr' id='par_1_100' title="bbox 196 5061 1842 5131">
     <span class='ocr_line' id='line_1_100' title="bbox 196 5061 1842 5131; baseline -0.002 -15"><span class='ocrx_word' id='word_1_694' title='bbox 196 5064 279 5118; x_wconf 89' lang='lat' dir='ltr'>nis</span> <span class='ocrx_word' id='word_1_695' title='bbox 305 5083 424 5120; x_wconf 66' lang='lat' dir='ltr'>sua:</span> <span class='ocrx_word' id='word_1_696' title='bbox 446 5066 655 5121; x_wconf 86' lang='lat' dir='ltr'>horam</span> <span class='ocrx_word' id='word_1_697' title='bbox 680 5066 873 5121; x_wconf 89' lang='lat' dir='ltr'>animo</span> <span class='ocrx_word' id='word_1_698' title='bbox 895 5067 1113 5119; x_wconf 90' lang='lat' dir='ltr'>intento</span> <span class='ocrx_word' id='word_1_699' title='bbox 1133 5064 1204 5118; x_wconf 85' lang='lat' dir='ltr'>ad</span> <span class='ocrx_word' id='word_1_700' title='bbox 1230 5063 1515 5118; x_wconf 88' lang='lat' dir='ltr'>Creatoris</span> <span class='ocrx_word' id='word_1_701' title='bbox 1539 5063 1628 5116; x_wconf 92' lang='lat' dir='ltr'>sui</span> <span class='ocrx_word' id='word_1_702' title='bbox 1653 5061 1842 5131; x_wconf 88' lang='lat' dir='ltr'>impe-</span> 
     </span>
    </p>
   </div>
   <div class='ocr_carea' id='block_1_101' title="bbox 195 5151 1840 5224">
    <p class='ocr_par' dir='ltr' id='par_1_101' title="bbox 195 5151 1840 5224">
     <span class='ocr_line' id='line_1_101' title="bbox 195 5151 1840 5224; baseline -0.001 -19"><span class='ocrx_word' id='word_1_703' title='bbox 195 5151 339 5209; x_wconf 86' lang='lat' dir='ltr'>rium</span> <span class='ocrx_word' id='word_1_704' title='bbox 371 5155 730 5224; x_wconf 79' lang='lat' dir='ltr'>exspectavit</span> <span class='ocrx_word' id='word_1_705' title='bbox 760 5155 848 5209; x_wconf 54' lang='grc' dir='ltr'>δν.</span> <span class='ocrx_word' id='word_1_706' title='bbox 883 5155 952 5208; x_wconf 86' lang='lat' dir='ltr'>Et</span> <span class='ocrx_word' id='word_1_707' title='bbox 999 5155 1056 5207; x_wconf 90' lang='lat' dir='ltr'>in</span> <span class='ocrx_word' id='word_1_708' title='bbox 1092 5153 1283 5208; x_wconf 89' lang='lat' dir='ltr'>media</span> <span class='ocrx_word' id='word_1_709' title='bbox 1333 5158 1497 5207; x_wconf 87' lang='lat' dir='ltr'>nocte</span> <span class='ocrx_word' id='word_1_710' title='bbox 1529 5155 1840 5214; x_wconf 87' lang='lat' dir='ltr'>transacta,</span> 
     </span>
    </p>
   </div>
   <div class='ocr_carea' id='block_1_102' title="bbox 193 5237 1843 5314">
    <p class='ocr_par' dir='ltr' id='par_1_102' title="bbox 193 5237 1843 5314">
     <span class='ocr_line' id='line_1_102' title="bbox 193 5237 1843 5314; baseline -0.001 -22"><span class='ocrx_word' id='word_1_711' title='bbox 193 5255 503 5298; x_wconf 87' lang='lat' dir='ltr'>conversus</span> <span class='ocrx_word' id='word_1_712' title='bbox 525 5243 662 5299; x_wconf 90' lang='lat' dir='ltr'>nisu</span> <span class='ocrx_word' id='word_1_713' title='bbox 685 5260 799 5313; x_wconf 91' lang='lat' dir='ltr'>quo</span> <span class='ocrx_word' id='word_1_714' title='bbox 825 5247 1050 5314; x_wconf 85' lang='lat' dir='ltr'>poterat</span> <span class='ocrx_word' id='word_1_715' title='bbox 1069 5244 1140 5297; x_wconf 88' lang='lat' dir='ltr'>ad</span> <span class='ocrx_word' id='word_1_716' title='bbox 1164 5243 1497 5313; x_wconf 90' lang='lat' dir='ltr'>episcopum</span> <span class='ocrx_word' id='word_1_717' title='bbox 1533 5237 1843 5295; x_wconf 86' lang='lat' dir='ltr'>Theoderi-</span> 
     </span>
    </p>
   </div>
   <div class='ocr_carea' id='block_1_103' title="bbox 1948 4613 3597 4685">
    <p class='ocr_par' dir='ltr' id='par_1_103' title="bbox 1948 4613 3597 4685">
     <span class='ocr_line' id='line_1_103' title="bbox 1948 4613 3597 4685; baseline -0.005 -10"><span class='ocrx_word' id='word_1_718' title='bbox 1948 4616 2256 4676; x_wconf 88' lang='lat' dir='ltr'>sacerdotii</span> <span class='ocrx_word' id='word_1_719' title='bbox 2288 4614 2557 4669; x_wconf 89' lang='lat' dir='ltr'>velabant</span> <span class='ocrx_word' id='word_1_720' title='bbox 2579 4614 2643 4648; x_wconf 72' lang='grc' dir='ltr'>δυί</span> <span class='ocrx_word' id='word_1_721' title='bbox 2675 4613 3006 4685; x_wconf 89' lang='lat' dir='ltr'>insignibus</span> <span class='ocrx_word' id='word_1_722' title='bbox 3033 4632 3045 4680; x_wconf 86' lang='lat'><strong>;</strong></span> <span class='ocrx_word' id='word_1_723' title='bbox 3079 4631 3194 4684; x_wconf 94' lang='lat' dir='ltr'>quo</span> <span class='ocrx_word' id='word_1_724' title='bbox 3229 4614 3451 4685; x_wconf 89' lang='lat' dir='ltr'>paucis,</span> <span class='ocrx_word' id='word_1_725' title='bbox 3486 4613 3597 4668; x_wconf 89' lang='lat' dir='ltr'>nisi</span> 
     </span>
    </p>
   </div>
   <div class='ocr_carea' id='block_1_104' title="bbox 1946 4701 3599 4779">
    <p class='ocr_par' dir='ltr' id='par_1_104' title="bbox 1946 4701 3599 4779">
     <span class='ocr_line' id='line_1_104' title="bbox 1946 4701 3599 4779; baseline -0.004 -15"><span class='ocrx_word' id='word_1_726' title='bbox 1946 4707 2237 4779; x_wconf 85' lang='lat' dir='ltr'>episcOpis</span> <span class='ocrx_word' id='word_1_727' title='bbox 2254 4703 2670 4774; x_wconf 89' lang='lat' dir='ltr'>etquibusdam</span> <span class='ocrx_word' id='word_1_728' title='bbox 2688 4701 2928 4756; x_wconf 89' lang='lat' dir='ltr'>secundi</span> <span class='ocrx_word' id='word_1_729' title='bbox 2941 4701 3162 4756; x_wconf 87' lang='lat' dir='ltr'>ordinis</span> <span class='ocrx_word' id='word_1_730' title='bbox 3176 4702 3599 4774; x_wconf 86' lang='lat' dir='ltr'>sacerdotibus,</span> 
     </span>
    </p>
   </div>
   <div class='ocr_carea' id='block_1_105' title="bbox 1949 4789 3600 4868">
    <p class='ocr_par' dir='ltr' id='par_1_105' title="bbox 1949 4789 3600 4868">
     <span class='ocr_line' id='line_1_105' title="bbox 1949 4789 3600 4868; baseline -0.002 -18"><span class='ocrx_word' id='word_1_731' title='bbox 1949 4797 2486 4868; x_wconf 88' lang='lat' dir='ltr'>patebataccessus.</span> <span class='ocrx_word' id='word_1_732' title='bbox 2509 4791 2641 4846; x_wconf 89' lang='lat' dir='ltr'>[nde</span> <span class='ocrx_word' id='word_1_733' title='bbox 2665 4806 2796 4845; x_wconf 88' lang='lat' dir='ltr'>mox</span> <span class='ocrx_word' id='word_1_734' title='bbox 2818 4789 3126 4856; x_wconf 88' lang='lat' dir='ltr'>elevatum,</span> <span class='ocrx_word' id='word_1_735' title='bbox 3142 4789 3331 4847; x_wconf 88' lang='lat' dir='ltr'>clerus</span> <span class='ocrx_word' id='word_1_736' title='bbox 3343 4795 3400 4847; x_wconf 90' lang='lat' dir='ltr'>et</span> <span class='ocrx_word' id='word_1_737' title='bbox 3416 4807 3600 4863; x_wconf 84' lang='lat' dir='ltr'>popu-</span> 
     </span>
    </p>
   </div>
   <div class='ocr_carea' id='block_1_106' title="bbox 1949 4879 3602 4954">
    <p class='ocr_par' dir='ltr' id='par_1_106' title="bbox 1949 4879 3602 4954">
     <span class='ocr_line' id='line_1_106' title="bbox 1949 4879 3602 4954; baseline -0.003 -15"><span class='ocrx_word' id='word_1_738' title='bbox 1949 4885 2039 4939; x_wconf 92' lang='lat' dir='ltr'>lus</span> <span class='ocrx_word' id='word_1_739' title='bbox 2062 4890 2300 4939; x_wconf 90' lang='lat' dir='ltr'>cantum</span> <span class='ocrx_word' id='word_1_740' title='bbox 2325 4881 2736 4954; x_wconf 88' lang='lat' dir='ltr'>planctumque</span> <span class='ocrx_word' id='word_1_741' title='bbox 2769 4879 3114 4950; x_wconf 89' lang='lat' dir='ltr'>permistum</span> <span class='ocrx_word' id='word_1_742' title='bbox 3149 4880 3602 4951; x_wconf 84' lang='lat' dir='ltr'>ingeminantes,</span> 
     </span>
    </p>
   </div>
   <div class='ocr_carea' id='block_1_107' title="bbox 1950 4967 3606 5039">
    <p class='ocr_par' dir='ltr' id='par_1_107' title="bbox 1950 4967 3606 5039">
     <span class='ocr_line' id='line_1_107' title="bbox 1950 4967 3606 5039; baseline -0.002 -12"><span class='ocrx_word' id='word_1_743' title='bbox 1950 4974 2009 5027; x_wconf 89' lang='lat' dir='ltr'>in</span> <span class='ocrx_word' id='word_1_744' title='bbox 2031 4972 2337 5028; x_wconf 89' lang='lat' dir='ltr'>ecclesiam</span> <span class='ocrx_word' id='word_1_745' title='bbox 2363 4969 2688 5026; x_wconf 88' lang='lat' dir='ltr'>beatissimi</span> <span class='ocrx_word' id='word_1_746' title='bbox 2717 4967 2863 5023; x_wconf 81' lang='lat' dir='ltr'>Petri</span> <span class='ocrx_word' id='word_1_747' title='bbox 2885 4968 3277 5039; x_wconf 88' lang='lat' dir='ltr'>apostolorum</span> <span class='ocrx_word' id='word_1_748' title='bbox 3299 4969 3606 5039; x_wconf 87' lang='lat' dir='ltr'>principis,</span> 
     </span>
    </p>
   </div>
   <div class='ocr_carea' id='block_1_108' title="bbox 1952 5055 3603 5123">
    <p class='ocr_par' dir='ltr' id='par_1_108' title="bbox 1952 5055 3603 5123">
     <span class='ocr_line' id='line_1_108' title="bbox 1952 5055 3603 5123; baseline -0.003 -7"><span class='ocrx_word' id='word_1_749' title='bbox 1952 5061 2052 5116; x_wconf 93' lang='lat' dir='ltr'>ubi</span> <span class='ocrx_word' id='word_1_750' title='bbox 2085 5061 2253 5115; x_wconf 77' lang='lat' dir='ltr'>sedes</span> <span class='ocrx_word' id='word_1_751' title='bbox 2285 5067 2407 5114; x_wconf 86' lang='lat' dir='ltr'>erat</span> <span class='ocrx_word' id='word_1_752' title='bbox 2427 5058 2792 5123; x_wconf 85' lang='lat' dir='ltr'>venerabilis,</span> <span class='ocrx_word' id='word_1_753' title='bbox 2817 5055 3417 5112; x_wconf 88' lang='lat' dir='ltr'>detulerunt.Noctem</span> <span class='ocrx_word' id='word_1_754' title='bbox 3440 5055 3603 5111; x_wconf 90' lang='lat' dir='ltr'>illam</span> 
     </span>
    </p>
   </div>
   <div class='ocr_carea' id='block_1_109' title="bbox 1951 5142 3610 5218">
    <p class='ocr_par' dir='ltr' id='par_1_109' title="bbox 1951 5142 3610 5218">
     <span class='ocr_line' id='line_1_109' title="bbox 1951 5142 3610 5218; baseline -0.002 -14"><span class='ocrx_word' id='word_1_755' title='bbox 1951 5148 2325 5204; x_wconf 89' lang='lat' dir='ltr'>celeberrime</span> <span class='ocrx_word' id='word_1_756' title='bbox 2375 5148 2434 5202; x_wconf 91' lang='lat' dir='ltr'>in</span> <span class='ocrx_word' id='word_1_757' title='bbox 2475 5145 2688 5217; x_wconf 80' lang='lat' dir='ltr'>vigiliis</span> <span class='ocrx_word' id='word_1_758' title='bbox 2709 5153 2766 5201; x_wconf 86' lang='lat' dir='ltr'>et</span> <span class='ocrx_word' id='word_1_759' title='bbox 2790 5143 3119 5218; x_wconf 89' lang='lat' dir='ltr'>psalmodii,</span> <span class='ocrx_word' id='word_1_760' title='bbox 3146 5145 3239 5200; x_wconf 81' lang='lat' dir='ltr'>vix</span> <span class='ocrx_word' id='word_1_761' title='bbox 3271 5142 3610 5200; x_wconf 80' lang='lat' dir='ltr'>rei’ocillatis</span> 
     </span>
    </p>
   </div>
   <div class='ocr_carea' id='block_1_110' title="bbox 1954 5233 3609 5307">
    <p class='ocr_par' dir='ltr' id='par_1_110' title="bbox 1954 5233 3609 5307">
     <span class='ocr_line' id='line_1_110' title="bbox 1954 5233 3609 5307; baseline 0 -15"><span class='ocrx_word' id='word_1_762' title='bbox 1954 5236 2318 5307; x_wconf 90' lang='lat' dir='ltr'>corporibus,</span> <span class='ocrx_word' id='word_1_763' title='bbox 2344 5237 2672 5290; x_wconf 90' lang='lat' dir='ltr'>insomnem</span> <span class='ocrx_word' id='word_1_764' title='bbox 2697 5237 3008 5291; x_wconf 83' lang='lat' dir='ltr'>duxerunt.</span> <span class='ocrx_word' id='word_1_765' title='bbox 3031 5234 3200 5290; x_wconf 86' lang='lat' dir='ltr'>Mane</span> <span class='ocrx_word' id='word_1_766' title='bbox 3219 5237 3416 5288; x_wconf 86' lang='lat' dir='ltr'>autem</span> <span class='ocrx_word' id='word_1_767' title='bbox 3437 5233 3609 5301; x_wconf 60' lang='lat' dir='ltr'>facta,</span> 
     </span>
    </p>
   </div>
   <div class='ocr_carea' id='block_1_111' title="bbox 1552 5384 2252 5443">
    <p class='ocr_par' dir='ltr' id='par_1_111' title="bbox 1552 5384 2252 5443">
     <span class='ocr_line' id='line_1_111' title="bbox 1552 5384 2252 5443; baseline -0.007 -1"><span class='ocrx_word' id='word_1_768' title='bbox 1552 5388 1788 5443; x_wconf 77' lang='lat' dir='ltr'>VARI/E</span> <span class='ocrx_word' id='word_1_769' title='bbox 1836 5384 2252 5442; x_wconf 85' lang='lat' dir='ltr'>LECTIONES.</span> 
     </span>
    </p>
   </div>
   <div class='ocr_carea' id='block_1_112' title="bbox 264 5493 1922 5618">
    <p class='ocr_par' dir='ltr' id='par_1_112' title="bbox 264 5493 1922 5618">
     <span class='ocr_line' id='line_1_112' title="bbox 264 5493 1890 5556; baseline -0.005 -1"><span class='ocrx_word' id='word_1_770' title='bbox 264 5497 328 5532; x_wconf 58' lang='lat'><strong>‘3’</strong></span> <span class='ocrx_word' id='word_1_771' title='bbox 355 5516 446 5555; x_wconf 90' lang='lat' dir='ltr'>me</span> <span class='ocrx_word' id='word_1_772' title='bbox 476 5505 536 5554; x_wconf 91' lang='lat' dir='ltr'>et</span> <span class='ocrx_word' id='word_1_773' title='bbox 568 5529 638 5539; x_wconf 92' lang='lat'>—</span> <span class='ocrx_word' id='word_1_774' title='bbox 658 5499 961 5556; x_wconf 87' lang='lat' dir='ltr'>suscitavit</span> <span class='ocrx_word' id='word_1_775' title='bbox 983 5500 1182 5554; x_wconf 78' lang='lat' dir='ltr'>desunt</span> <span class='ocrx_word' id='word_1_776' title='bbox 1202 5500 1255 5552; x_wconf 92' lang='lat'>3.</span> <span class='ocrx_word' id='word_1_777' title='bbox 1330 5499 1397 5538; x_wconf 74' lang='lat'>‘90</span> <span class='ocrx_word' id='word_1_778' title='bbox 1449 5496 1720 5551; x_wconf 88' lang='lat' dir='ltr'>virtutem</span> <span class='ocrx_word' id='word_1_779' title='bbox 1751 5497 1805 5548; x_wconf 90' lang='lat'>2.</span> <span class='ocrx_word' id='word_1_780' title='bbox 1836 5493 1890 5548; x_wconf 91' lang='lat'>3.</span> 
     </span>
     <span class='ocr_line' id='line_1_113' title="bbox 295 5565 1922 5618; baseline 0 0"><span class='ocrx_word' id='word_1_781' title='bbox 295 5570 619 5618; x_wconf 75' lang='lat' dir='ltr'>exnentavit</span> <span class='ocrx_word' id='word_1_782' title='bbox 647 5570 839 5618; x_wconf 77' lang='lat' dir='ltr'>desunt</span> <span class='ocrx_word' id='word_1_783' title='bbox 894 5573 945 5618; x_wconf 78' lang='grc'>2.</span> <span class='ocrx_word' id='word_1_784' title='bbox 1023 5570 1090 5604; x_wconf 76' lang='lat'>‘95</span> <span class='ocrx_word' id='word_1_785' title='bbox 1139 5568 1372 5618; x_wconf 77' lang='lat' dir='ltr'>oxilavit</span> <span class='ocrx_word' id='word_1_786' title='bbox 1432 5569 1480 5618; x_wconf 88' lang='grc'>1.</span> <span class='ocrx_word' id='word_1_787' title='bbox 1558 5567 1624 5602; x_wconf 75' lang='grc'>⁴⁹⁶</span> <span class='ocrx_word' id='word_1_788' title='bbox 1680 5581 1830 5618; x_wconf 90' lang='lat' dir='ltr'>nono</span> <span class='ocrx_word' id='word_1_789' title='bbox 1889 5565 1922 5618; x_wconf 91' lang='lat'>3</span> 
     </span>
    </p>
   </div>
   <div class='ocr_carea' id='block_1_113' title="bbox 1680 5581 1942 5620">
    <p class='ocr_par' dir='ltr' id='par_1_113' title="bbox 1680 5581 1942 5620">
     <span class='ocr_line' id='line_1_114' title="bbox 1680 5581 1942 5620; baseline 0 -1"><span class='ocrx_word' id='word_1_790' title='bbox 1680 5581 1830 5620; x_wconf 91' lang='lat' dir='ltr'>nono</span> <span class='ocrx_word' id='word_1_791' title='bbox 1889 5581 1942 5619; x_wconf 72' lang='grc' dir='ltr'>δ.</span> 
     </span>
    </p>
   </div>
   <div class='ocr_carea' id='block_1_114' title="bbox 201 5568 1480 5642">
    <p class='ocr_par' dir='ltr' id='par_1_114' title="bbox 201 5568 1480 5642">
     <span class='ocr_line' id='line_1_115' title="bbox 201 5568 1480 5642; baseline 0.002 -20"><span class='ocrx_word' id='word_1_792' title='bbox 201 5599 264 5642; x_wconf 76' lang='lat'>_—_—_</span> <span class='ocrx_word' id='word_1_793' title='bbox 295 5570 619 5642; x_wconf 84' lang='lat' dir='ltr'>expectavit</span> <span class='ocrx_word' id='word_1_794' title='bbox 647 5570 839 5625; x_wconf 77' lang='lat' dir='ltr'>desunt</span> <span class='ocrx_word' id='word_1_795' title='bbox 894 5573 946 5624; x_wconf 84' lang='lat'>3.</span> <span class='ocrx_word' id='word_1_796' title='bbox 1023 5570 1111 5642; x_wconf 46' lang='lat' dir='ltr'>f9?</span> <span class='ocrx_word' id='word_1_797' title='bbox 1139 5568 1372 5642; x_wconf 80' lang='lat' dir='ltr'>exilavit</span> <span class='ocrx_word' id='word_1_798' title='bbox 1432 5569 1480 5625; x_wconf 88' lang='grc'>1.</span> 
     </span>
    </p>
   </div>
   <div class='ocr_carea' id='block_1_115' title="bbox 203 5637 1326 5698">
    <p class='ocr_par' dir='ltr' id='par_1_115' title="bbox 203 5637 1326 5698">
     <span class='ocr_line' id='line_1_116' title="bbox 203 5637 1326 5698; baseline 0.001 -3"><span class='ocrx_word' id='word_1_799' title='bbox 203 5637 265 5674; x_wconf 81' lang='grc'>⁵⁰⁰</span> <span class='ocrx_word' id='word_1_800' title='bbox 293 5637 692 5698; x_wconf 77' lang='lat' dir='ltr'>desolatorum</span> <span class='ocrx_word' id='word_1_801' title='bbox 726 5642 774 5696; x_wconf 83' lang='lat'>1.</span> <span class='ocrx_word' id='word_1_802' title='bbox 850 5643 914 5683; x_wconf 72' lang='grc' dir='ltr'>ιοι</span> <span class='ocrx_word' id='word_1_803' title='bbox 948 5640 1243 5698; x_wconf 84' lang='lat' dir='ltr'>vallahant</span> <span class='ocrx_word' id='word_1_804' title='bbox 1273 5641 1326 5696; x_wconf 91' lang='lat'>3.</span> 
     </span>
    </p>
   </div>
   <div class='ocr_carea' id='block_1_116' title="bbox 1967 5491 2867 5546">
    <p class='ocr_par' dir='ltr' id='par_1_116' title="bbox 1967 5491 2867 5546">
     <span class='ocr_line' id='line_1_117' title="bbox 1967 5491 2867 5546; baseline 0.001 -3"><span class='ocrx_word' id='word_1_805' title='bbox 1967 5494 2028 5528; x_wconf 72' lang='grc' dir='ltr'>⁴ν¹</span> <span class='ocrx_word' id='word_1_806' title='bbox 2065 5491 2221 5546; x_wconf 76' lang='lat' dir='ltr'>deest</span> <span class='ocrx_word' id='word_1_807' title='bbox 2263 5491 2316 5544; x_wconf 88' lang='lat'>3.</span> <span class='ocrx_word' id='word_1_808' title='bbox 2394 5491 2463 5525; x_wconf 58' lang='lat'>“9</span> <span class='ocrx_word' id='word_1_809' title='bbox 2523 5494 2784 5544; x_wconf 89' lang='lat' dir='ltr'>vertente</span> <span class='ocrx_word' id='word_1_810' title='bbox 2813 5492 2867 5544; x_wconf 88' lang='lat'>3.</span> 
     </span>
    </p>
   </div>
   <div class='ocr_carea' id='block_1_117' title="bbox 2020 5560 2478 5616">
    <p class='ocr_par' dir='ltr' id='par_1_117' title="bbox 2020 5560 2478 5616">
     <span class='ocr_line' id='line_1_118' title="bbox 2020 5560 2478 5616; baseline 0 -3"><span class='ocrx_word' id='word_1_811' title='bbox 2020 5563 2084 5598; x_wconf 73' lang='lat'>‘97</span> <span class='ocrx_word' id='word_1_812' title='bbox 2118 5560 2262 5616; x_wconf 76' lang='lat' dir='ltr'>:leest</span> <span class='ocrx_word' id='word_1_813' title='bbox 2315 5563 2370 5615; x_wconf 88' lang='lat'>2.</span> <span class='ocrx_word' id='word_1_814' title='bbox 2426 5561 2478 5614; x_wconf 91' lang='lat'>3.</span> 
     </span>
    </p>
   </div>
   <div class='ocr_carea' id='block_1_118' title="bbox 2945 5490 3620 5548">
    <p class='ocr_par' dir='ltr' id='par_1_118' title="bbox 2945 5490 3620 5548">
     <span class='ocr_line' id='line_1_119' title="bbox 2945 5490 3620 5548; baseline -0.003 -1"><span class='ocrx_word' id='word_1_815' title='bbox 2945 5492 3012 5534; x_wconf 73' lang='grc' dir='ltr'>¹ο⁹³</span> <span class='ocrx_word' id='word_1_816' title='bbox 3042 5493 3111 5547; x_wconf 83' lang='lat' dir='ltr'>ad</span> <span class='ocrx_word' id='word_1_817' title='bbox 3175 5493 3283 5548; x_wconf 86' lang='lat' dir='ltr'>hoc</span> <span class='ocrx_word' id='word_1_818' title='bbox 3309 5492 3363 5545; x_wconf 88' lang='lat'>2.</span> <span class='ocrx_word' id='word_1_819' title='bbox 3441 5491 3510 5526; x_wconf 71' lang='lat'>‘9‘</span> <span class='ocrx_word' id='word_1_820' title='bbox 3537 5490 3620 5546; x_wconf 80' lang='lat' dir='ltr'>ita</span> 
     </span>
    </p>
   </div>
   <div class='ocr_carea' id='block_1_119' title="bbox 2581 5553 3619 5636">
    <p class='ocr_par' dir='ltr' id='par_1_119' title="bbox 2581 5553 3619 5636">
     <span class='ocr_line' id='line_1_120' title="bbox 2581 5553 3619 5636; baseline 0.005 -24"><span class='ocrx_word' id='word_1_821' title='bbox 2581 5559 2623 5593; x_wconf 72' lang='lat'>9°</span> <span class='ocrx_word' id='word_1_822' title='bbox 2653 5559 2801 5614; x_wconf 79' lang='lat' dir='ltr'>deest</span> <span class='ocrx_word' id='word_1_823' title='bbox 2857 5561 2911 5615; x_wconf 90' lang='lat'>3.</span> <span class='ocrx_word' id='word_1_824' title='bbox 2989 5553 3056 5599; x_wconf 73' lang='grc' dir='ltr'>⁴ν⁹</span> <span class='ocrx_word' id='word_1_825' title='bbox 3088 5561 3421 5636; x_wconf 81' lang='lat' dir='ltr'>semetipsis</span> <span class='ocrx_word' id='word_1_826' title='bbox 3475 5565 3530 5629; x_wconf 89' lang='lat'>2,</span> <span class='ocrx_word' id='word_1_827' title='bbox 3562 5562 3619 5618; x_wconf 86' lang='lat'>3.</span> 
     </span>
    </p>
   </div>
  </div>
