3970 6212
207 364 330 425 9'17

1644 370 1829 430 Vl'l‘A
1874 370 2216 434 ALTERA.

3513 360 3633 420 978

206 495 383 551 dente
412 492 692 561 ecclesia,
716 494 883 551 beato
917 495 1191 569 Gregorio
1225 515 1436 572 magno
1468 500 1729 573 martyri,
1764 501 1865 573 qui
1896 505 1949 572 Α
1981 520 2119 559 vasa
2148 505 2283 569 duo,
2318 501 2668 560 candelabra
2720 501 2856 568 duo,
2890 495 3066 572 pallia
3094 495 3229 565 duo,
3262 490 3506 562 cortina,
3538 496 3630 545 ta-

204 599 409 640 recens
441 583 737 639 adductus
767 583 1115 651 est,tiat,ubi
1152 589 1618 644 sacratissimum
1653 607 1867 661 corpus

205 675 337 743 ejus
360 672 885 728 recondatur.Huic
908 674 1211 729 fundando
1236 682 1468 732 centum
1494 678 1654 734 librae
1677 679 1868 751 legen-

206 768 325 818 tur.
360 764 596 833 Cuppas
627 778 837 817 aureas
887 763 1167 819 fratribus
1218 767 1433 822 nostris
1484 769 1552 823 ad
1595 774 1865 824 sanctum

207 856 472 917 Petrum,
533 850 719 905 libras
751 850 981 922 viginti,
1030 856 1335 920 cortinam,
1386 857 1669 912 mensalia
1726 859 1863 925 duo,

207 940 538 995 scamnalia
568 941 834 994 totidem.
866 942 949 995 Ad
976 943 1161 996 sancti
1186 944 1466 999 Gereonis
1498 947 1677 1001 altare
1708 948 1863 1001 urcei

207 1028 437 1100 magni,
472 1027 647 1099 pallia
683 1028 819 1095 duo,
852 1034 1043 1100 tapete
1066 1047 1133 1085 ex
1167 1034 1492 1102 majoribus
1527 1053 1539 1095 :
1588 1036 1863 1089 fratribus

206 1134 388 1172 naves
410 1121 467 1171 et
497 1116 657 1171 librae
679 1118 1280 1187 duodecim,mensa|e
1301 1126 1357 1175 et
1378 1123 1700 1179 scamnalia
1723 1125 1858 1179 duo.

202 1208 297 1261 Ad
327 1205 508 1260 altare
541 1206 729 1260 sancti
757 1208 1007 1261 Severini
1042 1212 1576 1266 consummandum
1608 1218 1864 1283 quatuor

204 1296 374 1350 librae
406 1295 531 1349 auri
560 1313 574 1361 ;
609 1295 891 1349 fratribus
914 1296 1072 1350 libra:
1104 1304 1399 1358 octo.vasa
1433 1302 1856 1367 duo,mensale,

202 1383 531 1439 scamnalia
560 1383 914 1440 duo.Sancto
945 1387 1259 1443 Cuniberto
1291 1390 1528 1444 scutulzc
1559 1390 1857 1445 dure.San-

202 1473 320 1528 ctis
350 1473 419 1508 ⁸³⁵
448 1471 703 1526 Ewaldis
754 1473 985 1527 duobus
1019 1475 1196 1544 pallia
1226 1478 1337 1531 tria
1364 1496 1374 1539 ;
1411 1479 1688 1533 fratribus
1723 1496 1859 1535 vasa

201 1563 347 1628 duo,
382 1560 542 1615 libras
575 1566 724 1623 octo,
759 1562 1041 1627 mensale.
1101 1566 1419 1620 scamnalia
1476 1569 1611 1633 duo,
1666 1573 1857 1639 tapete

201 1668 416 1706 unum.
441 1652 653 1705 Sancto
676 1652 918 1706 Andreae
939 1652 1097 1707 librae
1119 1654 1562 1727 triginta,pallia
1585 1662 1853 1727 quatuor,

200 1740 453 1795 totidem
481 1755 642 1806 vasa,
677 1739 1025 1795 candelabra
1056 1742 1170 1797 duo
1196 1760 1209 1808 ;
1244 1745 1521 1799 fratribus
1543 1744 1702 1800 libras
1734 1762 1851 1801 sex.

198 1830 383 1885 Beato
404 1828 571 1883 Elitio
602 1828 845 1899 martyri
868 1834 1067 1885 sancto
1100 1831 1350 1887 Martino
1372 1835 1690 1889 confessori
1716 1851 1849 1889 con-

200 1920 431 1974 feratur
450 1917 851 1982 tantumdem;
875 1918 1156 1988 pradium
1182 1927 1458 1991 praterea
1479 1923 1727 1995 Solagon
1752 1941 1855 1994 per

200 2004 527 2078 precariam
560 2008 769 2059 nostrae
800 2005 1063 2060 Ecclesiae
1095 2008 1476 2079 acquisitum.
1518 2012 1602 2065 Ad
1636 2018 1849 2067 sancta:

200 2094 401 2149 Mariae
434 2092 618 2147 altare
648 2108 787 2146 vasa
818 2093 933 2147 duo
974 2110 1040 2148 ex
1073 2096 1441 2165 melioribus;
1476 2101 1849 2155 monasteriio

202 2190 261 2238 et
285 2182 543 2237 claustro
572 2180 923 2251 perficiendo
955 2183 1115 2238 libraa
1145 2188 1848 2253 centum,cortina,scam-

198 2271 365 2326 nalia
396 2272 533 2339 duo,
558 2285 783 2340 mappae
813 2270 1164 2326 totidem.Ad
1187 2274 1365 2329 altare
1388 2281 1599 2331 sancta:
1632 2278 1848 2332 Ceciliae

193 2360 329 2415 auri
362 2360 523 2414 librae
556 2363 693 2422 tres,
727 2359 969 2427 cortina,
995 2363 1345 2418 candelabra
1374 2366 1510 2432 duo,
1544 2383 1682 2421 vasa
1710 2369 1846 2433 duo,

189 2453 396 2520 tapete
416 2447 947 2517 nnum,scamnalia
967 2435 1083 2504 duo
1112 2469 1124 2517 ;
1158 2452 1216 2506 in
1242 2457 1707 2511 consummando
1731 2474 1848 2512 mo-

193 2537 462 2593 nasterio
493 2534 649 2590 libras
682 2536 1133 2607 quinquaginta.
1170 2541 1421 2613 Collegio
1454 2542 1611 2598 illius
1644 2562 1845 2601 mona-

190 2627 360 2682 sterii
393 2625 551 2681 librae
582 2624 807 2694 decem,
841 2627 1121 2683 mensale.
1156 2631 1240 2684 Ad
1284 2632 1527 2687 Sanctae
1576 2634 1846 2705 Virgines

1978 600 2109 664 pete
2141 595 2207 629 “3°
2239 612 2445 662 unum,
2481 591 2804 650 scamnalia
2832 590 2968 644 duo.
3010 584 3242 642 Sanctis
3270 579 3627 639 monialibus

1978 684 2043 717 '5“
2079 682 2238 738 librae
2270 685 2490 753 decem,
2525 680 2804 737 mensale.
2834 678 3015 733 Altari
3047 677 3384 731 sanctorum
3415 674 3627 742 marty-

1978 789 2131 839 rum,
2166 772 2315 827 Casii
2366 777 2423 827 et
2472 770 2770 833 Florentii,
2815 767 2942 823 auri
2989 766 3147 821 librae
3197 764 3334 825 duo,
3382 758 3625 815 baccina

1976 876 2101 930 quaa
2136 878 2311 931 penes
2362 877 2467 916 nos
2512 864 2671 924 sunt,
2704 874 2904 929 cupps:
2935 855 3086 924 duae,
3122 851 3298 925 pallia
3326 850 3569 906 totidem
3604 868 3617 917 ;

1976 949 2254 1005 fratribus
2287 950 2445 1004 librae
2508 950 2726 1003 decem.
2788 947 3001 1001 Sancto
3029 942 3245 997 Victori
3291 944 3350 995 et
3379 937 3623 1011 collegio

1972 1039 2341 1103 tantundem,
2376 1038 2731 1094 monasterio
2789 1040 2845 1091 et
2875 1033 3135 1090 claustro
3168 1029 3402 1086 Sosacio
3436 1028 3619 1099 (1955)

1972 1128 2271 1181 fundando
2302 1127 2463 1181 libras
2486 1130 2721 1181 centum
2746 1143 2758 1192 ;
2788 1122 2956 1179 altari
2988 1138 3087 1177 sex
3116 1116 3464 1191 vasa,pallia
3483 1116 3622 1170 toti-

1972 1216 2126 1285 dem,
2158 1222 2347 1287 tapete
2397 1232 2581 1270 unum
2631 1231 2700 1269 ex
2754 1212 3096 1283 majoribus,
3128 1206 3451 1263 scamnalia
3481 1205 3621 1273 duo,

1969 1321 2150 1375 cappa
2175 1310 2232 1358 et
2263 1305 2465 1359 casula
2496 1320 2564 1358 ex
2597 1300 3130 1373 nosteis,pra2dium
3159 1303 3436 1368 praeterea
3466 1294 3620 1365 quod

1968 1392 2198 1448 Wodilo
2222 1394 2292 1448 de
2318 1392 2576 1466 precario
2600 1392 2666 1426 ‘3’
2686 1396 2885 1446 nostro
2908 1384 3243 1453 dedit,illud
3266 1384 3441 1438 etiam
3464 1383 3617 1454 quod

1968 1482 2220 1537 domnus
2246 1499 2392 1553 popo
2418 1479 2893 1536 Ricbildinchuso
2918 1476 3101 1547 (1956)
3126 1478 3182 1528 et
3210 1470 3407 1527 Arvite
3433 1471 3618 1541 (4957)

1967 1570 2132 1625 nobis
2165 1571 2307 1626 satis
2340 1570 2560 1625 naviter
2590 1566 2892 1639 acquisivii
2920 1566 3002 1618 ³³³.

1969 1659 2044 1712 Fu
2058 1659 2213 1713 ndite
2244 1660 2417 1713 corda
2447 1673 2667 1730 preces,
2702 1655 3057 1727 lacrymosas
3087 1650 3301 1706 mittite
3329 1664 3537 1715 voces;

2036 1747 2177 1801 Ecce
2211 1752 2373 1819 pater
2402 1746 2599 1818 patriis
2632 1744 2901 1801 conditus
2931 1742 2989 1796 in
3021 1741 3205 1809 silice,

1966 1838 2143 1909 Regia
2173 1836 2499 1908 progenies,
2530 1840 2717 1890 terras
2748 1832 3128 1887 memoranda
3153 1847 3275 1902 per,
3308 1845 3535 1897 omnes,

2032 1926 2225 1980 Bruno
2256 1924 2553 1997 pacificus,
2585 1924 2674 1978 vir
2705 1923 2893 1977 bonus
2924 1924 3099 1991 atque
3130 1918 3283 1991 pius.

1959 2015 2180 2069 Archos
2211 2015 2455 2070 antistes
2486 2012 2577 2068 cui
2608 2014 2743 2067 data
2771 2011 2839 2045 ⁵³⁸
2862 2009 3103 2067 Colonia
3132 2008 3319 2074 sedes,

2029 2105 2205 2160 Visus
2234 2107 2358 2159 erat
2388 2103 2614 2158 cunctis
2644 2101 2860 2156 charus
2889 2099 3107 2169 ubique
3136 2096 3327 2152 bonis.

1959 2193 2213 2248 Offendit
2242 2194 2512 2247 tenebras
2546 2191 2645 2246 lux
2668 2188 3036 2245 vivacissima
3062 2190 3241 2241 tetras
3266 2203 3280 2253 ;

2030 2281 2227 2336 Invida
2256 2281 2458 2353 lingua
2486 2285 2661 2345 tacet,
2683 2279 2816 2333 laus
2848 2277 3019 2332 modo
3048 2292 3183 2330 vera
3214 2274 3422 2346 placet.

1956 2372 2080 2425 Non
2118 2372 2228 2425 fuit
2257 2371 2351 2425 hic
2380 2371 2635 2425 mundus
2668 2372 2786 2423 tam
2820 2384 2950 2422 raro
2977 2380 3219 2420 munere
3248 2363 3463 2434 dignus

2030 2462 2250 2531 Raptus
2282 2459 2353 2513 ab
2383 2458 2492 2513 hoc
2524 2474 2703 2522 naevo,
2730 2458 2857 2526 jam
2891 2454 3104 2509 fruitur
3133 2451 3403 2508 Domino.

1959 2551 2094 2605 ldus
2127 2547 2392 2603 Octobris
2424 2547 2629 2619 quinto
2663 2544 2871 2618 praesul
2902 2542 3229 2598 duodennis
3259 2540 3326 2574 ⁵³⁸

2025 2637 2168 2692 Vitae
2203 2637 2513 2704 concessit,
2548 2652 2683 2708 spes
2708 2650 2904 2690 comes
2934 2632 3090 2688 alma
3119 2630 3231 2686 fuit
3259 2630 3349 2684 ⁸³⁸.

1567 2757 1805 2814 νΑΗΙΕ
1838 2762 2246 2819 LECTlONES.

267 2852 343 2885 ⁸²⁹
372 2853 557 2925 sancti
592 2854 644 2909 Ι.
722 2855 789 2888 ⁵³0
817 2857 1078 2925 tapetum
1111 2854 1170 2925 2.7
1211 2861 1263 2908 et
1296 2854 1464 2923 infra.
1542 2856 1605 2890 ⁶³¹
1641 2858 1991 2915 sanctimon.
2069 2862 2121 2914 3.
2154 2862 2225 2895 ⁵³³

2258 2860 2514 2932 precatio
2543 2859 2595 2914 4.
2618 2859 2673 2912 2.
2707 2856 3027 2932 precatu__3.
3102 2855 3171 2890 ⁸³³
3200 2852 3438 2932 explicit
3482 2851 3605 2932 vita

193 2923 400 2999 domni
435 2924 726 2999 Brunonis
757 2923 1176 2999 archiepiscopi
1284 2928 1633 2999 epitaphium
1665 2929 1834 2984 deest.
1913 2932 1983 2966 53‘
2014 2931 2171 2987 clara
2199 2923 2336 2986 2:3.
2415 2932 2481 2966 ⁵³⁸
2502 2932 2610 2998 hic,
2642 2923 2905 2984 2.-addit:
2935 2928 3130 2999 Bruno
3162 2923 3315 2999 pius.
3339 2923 3503 2989 Quod
3533 2925 3605 2999 de

192 2994 401 3076 casula
431 2998 761 3080 mandastis
786 2994 986 3077 domui
1039 2994 1514 3081 Erunonis,_eam
1548 2999 1728 3081 fuisse
1760 3018 1875 3056 non
1908 3003 2210 3067 dubitetis,
2243 3019 2420 3081 quam
2453 2994 2636 3081 nostri
2670 3001 2892 3081 priores
2922 2994 3297 3081 Engilbertus
3327 2995 3604 3081 e‘t‘cateri

188 3067 387 3137 ipsius
417 3069 654 3147 nomine
679 3068 739 3123 in
774 3068 1029 3124 maxima
1052 3068 1399 3135 habuerant,
1432 3072 1821 3141 veneratione,
1853 3090 2036 3146 eaque
2067 3067 2300 3147 semper
2320 3074 2412 3130 usi
2443 3079 2581 3130 sunt
2602 3067 2888 3129 in'obitus
2917 3067 3100 3140 (obitu
3133 3068 3275 3138 cod.)
3295 3067 3603 3140 sellempni

188 3141 772 3197 commemoratione.

1790 3242 2022 3299 NOT/E.

286 3333 452 3391 4965)
480 3336 657 3391 Sosst.

286 3334 431 3387 4965
480 3336 657 3391 Soast.

257 3334 452 3475 £1956;
480 3405 1009 3479 Recklinghausen.

2024 3341 2207 3413 (1977)
2239 3341 2499 3397 Erwitte.

1030 3704 1318 3797 VITA
1395 3705 2033 3802 BRUNONIS
2110 3708 2607 3803 ALTERA
2636 3710 2753 3801 ⁵³⁷.

1693 3892 2082 3907 _

251 3986 310 4040 1.
343 3986 589 4042 Henrico
617 3986 804 4058 (1958)
846 3987 1035 4059 primo
1065 3994 1123 4044 et
1153 3988 1417 4060 piissimo
1448 4006 1581 4062 rege
1607 3991 1677 4045 de
1710 4006 1834 4047 me-
1865 3992 1908 4059 C
1946 4010 2049 4065 per
2076 3994 2202 4051 dies
2232 3995 2545 4067 cogebatur
2594 3992 2954 4050 calamitosis
2990 3990 3359 4065 patrocinari,
3390 4005 3603 4046 consu-

180 4077 284 4131 dio
320 4074 599 4147 tacto,qui
622 4092 726 4147 pro
754 4076 843 4131 sui
866 4076 1208 4131 ininetfabili
1233 4077 1543 4135 clementia
1565 4081 1838 4152 prudenti

180 4181 304 4236 que
335 4165 418 4219 rei
454 4164 703 4236 publicae
763 4167 1268 4222 administratione
1322 4170 1481 4223 omni
1514 4172 1733 4225 mundo
1763 4172 1841 4225 fa-

179 4269 417 4318 mosus,
450 4257 505 4309 et
535 4259 702 4325 pater
734 4256 932 4325 patriis
985 4256 1177 4311 dictus
1220 4257 1497 4327 est,filius
1545 4261 1672 4329 ejus
1704 4261 1839 4315 Otto

176 4342 419 4414 primus
439 4342 636 4397 divina
656 4343 1109 4415 dispositionein
1126 4345 1316 4400 locum
1337 4348 1836 4417 patrisfavorabili

176 4430 370 4485 totius
404 4432 575 4486 curis:
606 4432 1027 4489 acclamatione
1059 4434 1535 4506 exoptatissimus
1565 4437 1630 4471 ⁵³⁸
1660 4438 1838 4508 impe-

177 4524 351 4575 rator
381 4522 681 4576 successit.
710 4525 1026 4592 Postquam
1061 4527 1253 4577 autem
1286 4529 1658 4579 consecratus
1684 4531 1840 4581 esset

177 4609 241 4663 in
278 4625 501 4680 regem,
526 4611 782 4681 praefecit
814 4612 1047 4666 fratrem
1076 4628 1250 4666 suum
1283 4612 1594 4667 Henricum
1628 4614 1837 4669 ducem

179 4714 369 4769 super
400 4698 862 4767 Bajowariorum
894 4705 1148 4771 gentem.
1181 4701 1425 4757 Sanctus
1457 4718 1587 4755 vero
1622 4702 1833 4767 Bruno,

180 4791 362 4842 aetate
388 4786 802 4854 minimus,sed
826 4789 1130 4844 honestate
1148 4806 1377 4845 morum
1396 4790 1550 4845 haud
1574 4791 1836 4862 infimus,

181 4876 388 4931 adhuc
418 4876 668 4949 degebat
696 4878 805 4932 sub
836 4894 1086 4933 censura
1116 4877 1390 4933 litterulis
1420 4879 1759 4951 disciplinae,
1783 4886 1840 4936 et

180 4965 324 5020 lata
356 4964 552 5020 indole
597 4966 668 5022 de
697 4965 790 5021 die
840 4967 898 5020 in
932 4966 1085 5021 diem
1118 4967 1452 5038 proficiebat
1515 4968 1569 5023 in
1620 4968 1836 5024 Christi

181 5052 487 5110 servitute.
532 5054 679 5109 Cum
719 5059 913 5110 autem
950 5055 1289 5125 profecisset
1323 5060 1490 5112 aetate
1521 5062 1578 5113 et
1608 5057 1835 5128 sapien-

178 5143 287 5210 tia,
324 5160 422 5199 rex
452 5143 723 5215 adjunxit
751 5160 885 5197 eum
920 5142 1030 5198 sibi
1064 5160 1166 5215 per
1214 5160 1471 5199 amorem
1504 5145 1836 5200 fraternita-

173 5232 261 5288 tis
307 5231 368 5288 in
415 5231 817 5288 ministerium
868 5231 1343 5303 archicapellani.
1377 5232 1588 5289 Millies
1614 5232 1839 5289 interea

1949 4082 2068 4138 lere
2098 4083 2525 4154 afﬂictis,opem
2560 4083 2708 4138 ferre
2739 4080 3133 4145 miseris.Qua3
3163 4077 3363 4135 omnia
3391 4079 3475 4135 sic
3505 4078 3602 4133 ad-

1949 4170 2416 4230 ministrabat.ut
2445 4172 2733 4242 refugium
2769 4172 2955 4224 factus
2985 4167 3183 4240 egenis
3215 4166 3490 4223 omnibus
3511 4167 3597 4221 vi-

1948 4259 2599 4313 deretur.Nihilominus
2622 4259 2693 4314 ab
2716 4258 2992 4313 omnibus
3010 4254 3308 4335 calumnia
3330 4254 3593 4327 qualibet

1946 4346 2241 4418 oppressis
2273 4347 2381 4402 hoc
2418 4346 2630 4402 asilum
2663 4344 2903 4401 unicum
2935 4344 3261 4417 petebatur.
3281 4341 3593 4415 Exemplar

1947 4436 2027 4491 ibi
2060 4435 2378 4507 sapientiae,
2413 4436 2644 4507 pietatis
2692 4439 2748 4491 et
2772 4434 3012 4505 justitiaa
3071 4450 3252 4505 supra
3280 4432 3591 4489 hominum

1949 4524 2294 4581 memoriam
2326 4524 2641 4580 eminebat.

2017 4616 2070 4668 2.
2104 4619 2222 4669 Hoc
2252 4618 2512 4685 tempore
2543 4612 2866 4668 Wicfridus
2900 4612 3108 4683 agebat
3136 4610 3396 4683 regimen
3428 4607 3592 4666 Colo-

1948 4704 2169 4760 niensis
2200 4703 2485 4770 Ecclesiae,
2520 4700 2828 4757 Richarius
2867 4716 2999 4755 vero
3032 4698 3367 4756 Leodicensi
3399 4696 3595 4771 prasi-

1947 4794 2120 4849 debat
2141 4794 2455 4860 cathedrae;
2485 4807 2735 4863 quorum
2766 4789 3047 4846 canonica
3065 4793 3124 4845 et
3142 4787 3433 4861 spirituali
3460 4804 3593 4861 pro-

1947 4882 2166 4937 visione
2198 4886 2390 4937 status
2429 4884 2641 4937 sanctae
2674 4878 2919 4934 florebat
2945 4877 3233 4933 Ecclesia.
3266 4878 3345 4933 Ea
3373 4879 3598 4948 tempe-

1948 4975 2098 5026 state
2129 4972 2245 5025 dux
2274 4974 2419 5038 erat,
2470 4971 2673 5025 Kuono
2707 4968 2965 5035 nomine,
2996 4966 3090 5023 cui
3138 4966 3211 5021 ob
3241 4965 3599 5023 soliditatem

1947 5058 2162 5129 saepius
2188 5064 2434 5129 expertae
2458 5059 2593 5114 fidei
2615 5062 2792 5130 atque
2810 5055 2977 5112 multi
2988 5052 3302 5129 plicitatem
3317 5052 3484 5125 jugis
3502 5052 3604 5108 ob-

1946 5145 2136 5218 sequii
2166 5144 2322 5200 idem
2354 5162 2452 5201 rex
2472 5148 2604 5202 Otto
2626 5146 2995 5219 delegaverat
3024 5140 3381 5215 provinciam
3412 5139 3599 5196 totius

1947 5231 2360 5303 Lotharingiae.

1555 5356 1800 5413 VARIIE
1837 5356 2249 5415 LECTIONEB.

252 5458 318 5494 ⁸³⁷
349 5473 419 5515 ex
448 5455 640 5515 codice
670 5454 724 5508 3.
802 5453 867 5487 ³³⁸
897 5451 1138 5511 favorali
1164 5456 1206 5509 t.
1242 5469 1292 5509 c.
1328 5470 1381 5509 a.
1413 5454 1940 5525 exoptantissimus
1967 5454 2082 5510 cod.

1778 5578 2012 5633 NOT/E.

242 5683 437 5761 (1958)
471 5696 549 5738 ex
580 5678 874 5747 Ruotgero
904 5687 1030 5743 cap.
1061 5674 1115 5729 5.
