3970 6212
169 419 305 482 985

1620 416 1802 477 Vl’l‘A
1846 416 2156 476 ALTERA
2174 460 2186 476 .

3485 418 3603 482 986

175 550 589 611 ecclesiastica
610 551 749 622 jura
782 549 1053 621 legitima
1084 548 1469 608 districtionis
1498 549 1846 622 disponebat
1874 549 1929 615 Α
1959 569 2092 608 nem
2124 552 2360 619 directa,
2394 553 2537 608 satis
2580 551 2913 609 luculentur
2942 551 3168 624 digesta
3198 552 3513 623 (1970-71);
3546 554 3604 609 in

178 659 461 707 censura,
498 641 855 713 posthabitis
901 640 1137 696 illorum
1168 641 1452 707 consiliis,
1477 641 1576 711 qui
1611 645 1852 695 eatenus

178 733 247 788 in
281 731 507 787 talibus
537 729 786 801 negotiis
819 746 933 785 non
956 745 1023 785 ea
1054 747 1177 801 qua
1202 736 1341 784 sunt
1362 730 1597 794 Christi,
1618 730 1717 784 sed
1747 745 1853 783 sua

179 820 535 893 quarebant
557 819 885 874 commoda.
911 822 1045 873 Erat
1065 820 1220 875 enim
1243 818 1329 873 vir
1353 819 1529 887 idem,
1554 818 1687 873 licet
1708 816 1851 872 alias

174 910 508 966 admodum
570 908 809 979 probus,
850 913 911 962 ut
943 924 1004 961 se
1034 907 1209 962 habet
1238 924 1469 962 morum
1520 906 1847 972 diversitas,

171 1000 433 1071 spiritus
464 997 945 1065 vehementioris,
970 997 1143 1067 paulo
1176 998 1427 1052 severior
1448 998 1504 1051 in
1533 996 1849 1067 responsis,

172 1087 305 1143 zelo
330 1086 581 1157 justitia
614 1090 670 1141 et
700 1086 1012 1156 aequitatis.
1042 1086 1150 1141 Sed
1184 1087 1345 1157 quia,
1377 1091 1441 1140 ut
1473 1086 1713 1156 quidam
1746 1084 1847 1153 ait,

168 1178 386 1233 veritas
405 1175 593 1231 odium
612 1177 784 1245 parit,
802 1174 900 1245 huj
912 1175 1141 1229 usmodi
1160 1176 1372 1230 studiis
1390 1191 1503 1229 non
1523 1174 1712 1228 solum
1741 1172 1850 1228 cle‘

164 1266 459 1330 ricorum,
479 1264 583 1319 sed
609 1264 783 1318 etiam
809 1264 1024 1318 civium
1050 1264 1109 1318 in
1133 1281 1194 1319 se
1212 1265 1346 1318 odia
1364 1263 1689 1319 concitavit.
1706 1262 1850 1328 Quo'

166 1371 315 1408 rum
352 1353 617 1423 quidam,
652 1352 945 1423 episcopis
978 1353 1235 1408 Ruberto
1266 1353 1546 1407 Treviren
1583 1351 1847 1418 si,ctBal-

168 1442 378 1497 derico
412 1440 753 1495 Leodicensi
798 1442 1307 1513 consanguinitate
1339 1441 1607 1513 proximi,
1632 1442 1848 1495 damna

167 1534 445 1603 quastus
487 1529 576 1584 sui
618 1534 1065 1600 conquerentes,
1093 1548 1191 1601 per
1222 1530 1553 1588 violentiam
1588 1513 1845 1601 episcopi

166 1619 623 1674 concitaverunt
651 1634 751 1672 eos
774 1617 833 1672 in
858 1618 990 1673 odia
1021 1624 1076 1674 et
1106 1619 1449 1675 inimicitias
1478 1618 1697 1673 domini
1731 1617 1844 1672 sui’

164 1708 345 1763 illum
370 1711 758 1778 protestantes
780 1706 1189 1777 phreneticum
1214 1714 1269 1763 et
1296 1708 1600 1775 indignum
1630 1708 1845 1763 honore

165 1804 230 1853 et
255 1796 497 1852 nomine
515 1795 796 1867 episcopi.
813 1795 915 1851 His
938 1796 1206 1852 convitiis
1230 1796 1440 1868 prasul
1464 1796 1617 1852 idem
1639 1796 1843 1851 Rathe-

1961 659 2078 712 qua
2108 659 2241 697 eum
2292 648 2602 714 patronum
2636 660 2810 697 suum
2856 643 3187 709 nominans,
3216 659 3350 697 cum
3392 643 3607 698 inasti-

1963 731 2162 786 mabili
2194 732 2515 801 gratiarum
2540 732 2763 787 actione
2790 736 3161 803 protestatur,
3185 748 3247 786 se
3277 731 3477 787 divina
3504 730 3614 787 cle-

1962 821 2180 877 mentia
2232 827 2524 892 praeunte
2554 826 2610 876 et
2640 823 3033 892 subsequente
3062 824 3119 875 et
3145 822 3272 892 ejus
3321 821 3613 891 spirituali

1960 911 2270 980 prudentia
2301 911 2593 966 mediante
2626 912 2683 964 in
2730 910 2919 964 virum
2952 909 3199 965 alterum
3234 910 3613 965 transforma-

1960 1003 2108 1063 tum,
2142 1005 2198 1054 et
2227 1000 2596 1054 renovatione
2626 1000 2841 1054 mentis
2885 1004 2940 1054 et
2986 998 3227 1069 spiritus
3257 998 3316 1053 in
3348 998 3608 1054 melioris

1960 1092 2148 1143 status
2206 1090 2524 1143 efficaciam
2574 1093 3021 1155 commutatum,
3073 1103 3434 1159 suorumque
3482 1105 3605 1142 om.

1959 1178 2124 1232 nium
2185 1194 2381 1231 amore
2403 1179 2467 1210 “7
2503 1177 2557 1230 in
2602 1177 2921 1247 profectum
2969 1182 3027 1232 et
3072 1182 3455 1247 augmentum
3515 1176 3607 1232 sui

1960 1266 2196 1322 honoris
2228 1266 2695 1337 conglutinatam
2719 1267 2803 1320 ⁵⁸⁸.

2294 1411 2389 1462 llic
2420 1409 2663 1478 quadam
2694 1407 2961 1462 excidisse
2995 1406 3264 1460 videntur.

2034 1538 2172 1589 I'isio
2202 1536 2421 1589 abbatis
2461 1535 2817 1589 li’olbcronis.
2849 1533 2993 1586 Nam
3036 1548 3158 1598 cur,
3194 1547 3391 1600 quare,
3426 1548 3601 1601 quam

1956 1624 2028 1678 ob
2059 1640 2200 1687 rem,
2227 1623 2370 1678 tanti
2394 1623 2497 1677 viri
2523 1621 2884 1693 gratulemur
2913 1619 3253 1691 patrocinio,
3279 1619 3395 1673 hac
3426 1635 3606 1674 causa

1954 1715 2061 1766 est.
2097 1713 2383 1782 Tempora
2426 1712 2637 1783 prioris
2683 1710 2987 1775 Frederici,
3021 1707 3381 1764 Coloniensis
3412 1707 3602 1763 archi-

1952 1800 2209 1873 episcopi
2239 1802 2443 1871 (1972),
2474 1800 2643 1856 nobis
2676 1800 2861 1854 invisa
2881 1804 2939 1853 et
2969 1798 3177 1854 infesta
3209 1798 3472 1863 fuerunt;
3499 1797 3599 1868 qui

167 1903 280 1941 rus
312 1884 540 1940 modice
561 1889 909 1950 motus,non
935 1886 1004 1940 ad
1028 1886 1313 1941 exteriora
1334 1886 1597 1957 confugit
1618 1887 1840 1956 adjuto-
1867 1924 1915 1988 Β
1952 1891 2212 1961 ejusdem
2262 1906 2437 1946 sacrm
2498 1887 2963 1960 congregationis
3010 1886 3296 1942 violentus
3346 1887 3598 1953 invasor,

166 1976 282 2042 ria,
316 1975 421 2029 sed
454 1973 525 2029 ad
568 1973 851 2028 librorum
900 1991 1214 2030 conversus
1248 1976 1525 2041 armaria,
1560 1977 1836 2031 adversus

167 2064 514 2119 Baldricum
537 2066 593 2116 et
617 2064 937 2118 Rubertum
962 2064 1267 2135 episcopos
1300 2081 1541 2120 exorsus
1572 2071 1661 2120 est
1693 2067 1834 2121 scri-

170 2153 394 2227 ptitare
429 2152 700 2224 quadam
731 2152 1037 2209 invectiva.
1066 2154 1229 2209 Unde
1275 2154 1537 2226 contigit,
1564 2160 1626 2209 ut
1655 2172 1837 2210 amu-

166 2242 372 2298 lorum
398 2257 642 2296 suorum
677 2242 1085 2297 exardescente
1119 2243 1358 2308 invidia,
1382 2244 1452 2299 de
1482 2245 1619 2299 sede
1648 2244 1836 2315 ponti-

170 2329 335 2386 ﬁcali
369 2328 753 2401 expelleretur
783 2347 897 2385 non
942 2331 1164 2402 absque
1195 2332 1564 2387 contumelia.
1599 2334 1707 2398 Qui
1739 2350 1838 2388 ex-

172 2420 396 2492 pulsus
418 2419 489 2472 ad
511 2418 746 2490 gloriosi
769 2419 923 2490 regis
945 2420 1169 2475 Ottonis
1192 2421 1469 2491 suffragia
1491 2438 1553 2477 se
1574 2423 1835 2478 contulit.

174 2510 329 2580 Ipso
362 2522 492 2577 rege
523 2508 751 2578 pietatis
796 2507 1007 2562 intuitu
1050 2514 1295 2564 conante
1335 2510 1618 2577 auxiliari,
1640 2528 1839 2567 verum

182 2595 541 2651 adversariis
573 2596 799 2650 fortiter
841 2596 1282 2668 obsistentibus,
1315 2616 1448 2654 cum
1484 2599 1644 2655 nulla
1674 2602 1840 2656 resti-

181 2685 438 2741 tutionis
468 2686 595 2754 ejus
626 2684 791 2749 copia
820 2686 1219 2755 processisset,
1249 2689 1390 2743 utile
1421 2689 1610 2744 visum
1644 2695 1754 2756 est,
1780 2696 1843 2745 ut

180 2775 255 2829 ad
292 2774 714 2839 benignitatem
738 2774 988 2843 piissimi
1012 2777 1315 2847 sanctique
1340 2779 1625 2834 Brunonis
1646 2780 1841 2835 archi-

184 2863 450 2934 episcopi
483 2863 836 2918 ordinatoris
860 2862 952 2918 sui
984 2866 1321 2936 confugium
1356 2868 1588 2923 faceret.
1614 2870 1719 2932 Qui
1752 2886 1841 2924 ve-

180 2952 640 3023 niens,benigne
658 2958 967 3023 susceptus
984 2957 1563 3013 etconsuetudinario
1581 2958 1843 3030 benigni-

187 3042 330 3096 tatis
360 3042 490 3112 ejus
522 3057 683 3097 more
715 3041 1030 3099 honorifice
1060 3044 1316 3112 habitus,
1348 3062 1460 3101 non
1495 3046 1680 3102 multo
1712 3053 1843 3118 post

183 3130 482 3185 cathedra
507 3147 625 3186 sua
646 3131 917 3187 decenter
935 3138 1025 3187 est
1059 3134 1388 3190 restitutus.
1416 3136 1477 3190 In
1508 3137 1650 3191 tanti
1684 3138 1841 3193 enim

176 3219 290 3274 viri
318 3219 546 3290 judicio
578 3220 811 3274 evanuit
831 3222 1094 3276 omnium
1130 3222 1497 3279 inimicorum
1523 3227 1648 3293 ejus
1669 3227 1845 3282 obsti-

176 3313 325 3363 nata
356 3308 707 3378 conjuratio,
728 3312 785 3363 et
813 3309 871 3363 in
903 3310 1031 3379 eius
1063 3312 1418 3369 defensionis
1439 3292 1727 3370 conetanti
1757 3320 1839 3370 te-
1871 3292 1913 3358 (ἶ

172 3395 467 3453 stimonio
490 3398 787 3452 obmutuit
806 3414 955 3453 onus
974 3400 1434 3457 adversariorum
1461 3405 1842 3476 praescriptio-

171 3502 350 3542 num.
378 3485 787 3556 Proponebant
807 3487 961 3541 enim
985 3488 1074 3541 vir
1096 3489 1275 3545 totius
1302 3491 1671 3561 providentiae
1694 3494 1842 3548 ordi-

172 3592 318 3631 nem
353 3572 517 3628 illius
550 3574 834 3629 canonica
867 3574 1165 3632 electionis
1196 3584 1251 3633 et
1279 3578 1683 3635 ecclesiastica
1712 3599 1842 3637 con-

170 3660 553 3726 secrationis,
596 3678 702 3716 nec
750 3663 956 3718 debere
1004 3668 1227 3720 tantam
1268 3666 1564 3734 justitiam
1614 3670 1839 3727 irritam

174 3752 310 3807 ﬁeri
355 3750 753 3822 qualicunque
802 3754 1169 3809 accusatione
1226 3754 1543 3812 testimonii
1595 3756 1838 3829 laicalis,

172 3842 299 3895 imo
333 3855 539 3894 omnes
595 3839 860 3895 factionis
892 3840 1068 3913 hujus
1099 3843 1398 3900 ministros
1448 3847 1696 3917 graviter
1726 3849 1839 3904 for-

172 3929 408 3984 midare
450 3945 625 3999 posse
673 3928 952 3984 offensam
1003 3931 1330 4002 apostolica
1380 3935 1839 3993 animadversio-

171 4017 293 4073 nis.
350 4016 541 4087 Igitur
589 4016 879 4072 dulcitlua
929 4018 1211 4075 facundia
1261 4039 1380 4077 sua
1428 4026 1689 4080 antidoto
1739 4028 1839 4081 ad-

170 4105 575 4161 versariorum
634 4105 847 4161 animis
907 4108 1209 4180 mitigatis,
1260 4112 1342 4166 sic
1400 4114 1703 4170 ordinante
1752 4117 1839 4170 di-

171 4195 319 4250 vina
347 4194 661 4249 clementia
690 4195 1000 4267 disposuit,
1035 4203 1097 4253 ut
1128 4200 1402 4256 omnibus
1447 4202 1841 4260 indissolubili

171 4284 497 4339 concordia
546 4284 885 4355 paciﬁcatis,
922 4287 992 4340 ab
1024 4287 1244 4343 eisdem
1287 4305 1419 4344 cum
1468 4294 1624 4347 omni
1658 4293 1839 4349 hono-

174 4372 470 4429 riﬁcentia
517 4372 577 4426 in
630 4373 826 4429 sedem
878 4391 1047 4430 suam
1099 4377 1469 4433 reduceretur
1508 4382 1838 4454 episcOpus,

176 4480 213 4517 a
243 4460 466 4533 quibus
512 4466 685 4517 antea
731 4462 917 4518 fuerat
967 4480 1099 4519 cum
1150 4466 1437 4522 indecenti
1489 4470 1842 4527 contumelia

174 4549 527 4623 propulsus,
563 4556 619 4606 et
658 4554 1018 4608 emendatior
1069 4555 1229 4611 fieret
1279 4556 1552 4612 omnibus
1600 4560 1699 4613 avi
1748 4562 1838 4615 sui

174 4640 416 4696 diebus.

252 4730 343 4783 15.
378 4729 633 4798 Epistola
662 4733 899 4802 episcopi
926 4732 1153 4787 Ratheri
1188 4734 1258 4788 ad
1288 4736 1617 4791 Brunonem.
1643 4738 1843 4793 Exstat

172 4818 358 4874 etiam
390 4816 641 4887 epistola
686 4820 873 4891 ipsius
906 4820 1160 4892 episcopi
1194 4823 1264 4877 ad
1297 4829 1565 4879 sanctum
1618 4827 1842 4882 Bruno-

1950 1979 2153 2035 multis
2195 1980 2369 2035 etiam
2419 1979 2678 2050 gravavit
2724 1977 3002 2033 adversis.
3036 1976 3393 2045 Quandoque
3442 1976 3599 2030 enim

1948 2075 2177 2125 mortuo
2209 2069 2472 2138 ejusdem
2513 2067 2621 2122 loci
2672 2067 2902 2131 abbate,
2937 2065 3179 2120 liberam
3228 2064 3312 2120 eis
3359 2064 3594 2120 electio-

1948 2176 2081 2214 nem
2109 2159 2453 2227 infringens,
2486 2174 2603 2227 qua
2632 2174 2699 2211 ex
2746 2154 3038 2210 Benedicti
3069 2154 3373 2226 apostolici
3402 2152 3598 2208 indul-

1948 2248 2142 2319 gentia
2166 2246 2311 2301 illud
2336 2247 2602 2316 adusque
2622 2251 2856 2316 tempus
2879 2243 3301 2315 gloriabantur,
3326 2242 3597 2299 abbatem

1947 2336 2031 2392 eis
2063 2336 2299 2391 intrusit
2328 2337 2613 2407 ignotum,
2639 2334 2732 2389 cui
2783 2334 2855 2388 ad
2908 2332 3297 2388 obediendum
3343 2330 3596 2401 jurisju-

1949 2425 2113 2481 randi
2146 2429 2509 2480 sacramento
2540 2420 2842 2493 compulit,
2872 2421 3185 2477 renitentes
3217 2420 3599 2475 inclementer

1950 2514 2155 2570 afﬂixit
2175 2519 2232 2569 et
2261 2513 2566 2575 exsiliavit,
2587 2512 2693 2567 etsi
2722 2528 2834 2565 non
2865 2510 3010 2582 ipse,
3034 2514 3228 2564 tamen
3255 2524 3356 2580 per
3386 2524 3598 2564 manus

1950 2604 2324 2658 dominorum
2348 2600 2695 2656 crudelium.
2719 2600 2865 2654 Nam
2888 2599 3152 2654 intrusus
3174 2598 3357 2653 abbas
3385 2596 3601 2668 pleros-

1950 2708 2063 2763 que
2094 2710 2210 2747 sua
2234 2690 2702 2763 congregationis
2728 2691 2934 2743 fratres
2956 2703 3154 2742 secum
3177 2686 3460 2741 adductos
3481 2685 3602 2740 sin-

1950 2782 2103 2853 gulis
2138 2779 2485 2836 obedientiis
2508 2778 2778 2850 praefecit,
2804 2778 3126 2832 claustrum
3151 2776 3236 2830 eis
3266 2790 3437 2830 omne
3468 2774 3603 2830 sub-

1943 2869 2104 2940 jecit.
2124 2874 2370 2939 Eratque
2393 2883 2627 2923 necesse
2652 2867 2762 2922 sub
2785 2867 2894 2921 bac
2924 2864 3269 2921 dissidentia
3282 2862 3599 2919 Ecclesiam

1952 2958 2283 3030 periclitari.
2300 2958 2518 3012 Videns
2540 2972 2676 3028 ergo
2697 2956 2981 3011 Dominus
3004 2953 3201 3026 populi
3224 2952 3315 3007 sui
3338 2953 3601 3008 afflictio-

1951 3064 2107 3117 nem,
2138 3048 2428 3102 mediante
2460 3045 2749 3101 Brunonis
2780 3045 3009 3111 merito,
3040 3043 3252 3100 erroris
3282 3042 3462 3113 hujus
3492 3059 3596 3097 au-

1952 3144 2168 3192 ctorem
2192 3137 2527 3207 episcopum
2566 3134 2931 3189 Fredericum
2963 3132 3081 3186 vita
3112 3130 3359 3186 absolvit
3390 3131 3598 3199 (1973),

1954 3232 2019 3281 ut
2048 3242 2109 3282 se
2133 3243 2246 3280 non
2280 3227 2481 3279 deesse
2504 3224 2629 3278 suis
2651 3225 3023 3287 monstraret,
3045 3223 3102 3274 et
3130 3220 3395 3273 intrusus
3417 3218 3600 3274 abbas

1950 3316 2276 3371 intenderet
2304 3327 2557 3383 cumque
2579 3312 2703 3365 suis
2724 3310 3004 3379 subjectis
3033 3307 3236 3362 mitius
3268 3310 3481 3377 ageret.
3508 3308 3600 3361 In-

1948 3410 2108 3459 terea
2137 3407 2480 3457 revocantur
2509 3398 2762 3463 exsules,
2794 3397 3107 3467 ejiciuntur
3135 3399 3194 3450 et
3223 3394 3603 3450 remittuntur

1950 3491 2261 3549 adulterini
2292 3489 2591 3545 officiales.
2616 3486 2750 3543 Solo
2772 3486 2965 3541 abbati
2988 3500 3225 3539 manere
3245 3483 3601 3553 conceditur,

1950 3581 2271 3637 reverentia
2300 3579 2350 3634 ei
2375 3579 2551 3651 digna
2572 3577 2903 3641 exhibetur;
2933 3573 3093 3629 nullo
3122 3570 3458 3645 gravamine
3485 3571 3604 3627 vel-

1950 3671 2158 3726 licatur
2178 3669 2273 3737 “9;
2300 3668 2397 3724 Dei
2430 3683 2608 3739 super
2632 3666 2740 3721 hoc
2762 3669 3088 3721 metuentes
3111 3662 3402 3734 judicium
3426 3677 3607 3717 sacu-

1950 3760 2109 3832 lique
2142 3759 2466 3815 infamiam.
2490 3758 2621 3813 Jam
2650 3759 2844 3829 optato
2874 3770 3051 3810 cursu
3076 3752 3350 3824 jubilaus
3380 3750 3604 3823 aderat,

1951 3867 2154 3905 serena
2186 3866 2246 3904 se
2276 3853 2539 3920 tempora
2561 3845 2979 3911 secundabant,
3006 3844 3145 3899 dum
3168 3845 3223 3897 et
3246 3840 3489 3913 captivis
3522 3840 3605 3894 in-

1951 3939 2115 3994 dulta
2147 3938 2405 4003 libertas,
2429 3943 2485 3991 et
2508 3936 2862 4007 jamdudum
2886 3931 3143 3988 defuncti
3176 3929 3444 4002 prasulis
3468 3929 3601 3984 Fre-

1950 4027 2129 4083 derici
2160 4028 2360 4081 datum
2393 4029 2479 4079 est
2527 4023 2830 4078 innotesci.
2856 4022 3000 4075 Nam
3051 4019 3313 4089 ejusdem
3345 4014 3599 4071 ecclesia

1951 4120 2148 4171 custos
2178 4119 2345 4169 nocte
2378 4113 2631 4183 quadam
2665 4116 2797 4183 post
2828 4109 3167 4175 matutinos,
3199 4104 3475 4160 fratribus
3506 4121 3603 4160 cu~

1950 4206 2138 4260 hitum
2172 4200 2472 4273 regressis,
2496 4205 2559 4254 ut
2588 4199 2873 4253 familiare
2892 4203 2981 4253 est
3002 4196 3367 4263 custodibus,
3391 4193 3601 4249 altaria

1948 4293 2257 4357 lustrabat,
2292 4290 2606 4343 luminaria
2645 4288 2971 4359 reparabat,
3003 4289 3297 4357 postremo
3327 4282 3595 4337 tumbam

1950 4381 2139 4437 sancti
2172 4378 2463 4441 Brunonis
2494 4377 2737 4431 visitans
2780 4379 3009 4430 oratum
3043 4389 3103 4428 se
3132 4371 3431 4443 deposuit;
3464 4387 3598 4426 cum

1950 4474 2181 4542 repente
2214 4466 2487 4537 collapsis
2510 4465 2694 4520 oculis
2716 4465 2836 4519 hac
2862 4464 2920 4517 in
2943 4463 3151 4535 spiritu
3172 4460 3336 4517 vidit.
3359 4459 3519 4514 Vidit
3542 4464 3601 4516 et

1948 4576 2079 4616 ecce
2101 4558 2448 4630 sapedictus
2472 4554 2782 4626 episcopus
2805 4551 3142 4608 Fredericus
3174 4549 3407 4621 lugubri
3430 4552 3599 4620 gestu

1875 4662 1920 4726 Ι)
1952 4655 2078 4706 erat
2109 4649 2385 4705 incedens
2432 4652 2488 4700 et
2536 4644 2756 4699 crebris
2804 4641 3163 4713 singultibus
3211 4652 3408 4694 secum
3457 4636 3602 4691 dure

1953 4740 2046 4812 agi
2066 4741 2393 4795 insinuans.
2420 4738 2600 4801 Quem
2621 4733 2776 4787 idem
2802 4736 3020 4797 custos,
3047 4734 3112 4783 ut
3132 4733 3274 4795 erat,
3299 4728 3355 4781 in
3385 4726 3595 4797 spiritu

1953 4828 2263 4896 allocutus,
2297 4841 2535 4882 causam
2577 4821 2841 4878 maroris
2870 4819 3137 4891 inquirit,
3169 4818 3310 4872 dum
3343 4832 3445 4887 pro
3472 4815 3601 4887 ipso

1531 4954 1773 5009 νΑΗΙΑΞ
1820 4955 2123 5011 LECTION
2135 4958 2235 5012 ES.

250 5062 319 5097 “7
352 5078 553 5148 atnqre
581 5062 696 5118 cod.
775 5064 841 5148 “ff
874 5065 1127 5148 Poslltécc
1156 5082 1493 5148 quamquam
1539 5071 1595 5124 in
1634 5070 1827 5148 codice
1852 5073 2073 5148 nullum
2103 5074 2314 5148 lacuna
2343 5074 2635 5141 vestigium
2686 5072 2889 5148 exstat,
2935 5069 3071 5148 satis
3122 5072 3305 5148 tgmen
3351 5068 3597 5148 αρῃαηᾳζ.

170 5136 348 5204 ﬁnem
384 5136 555 5207 hujus
604 5136 958 5213 narratioais
1004 5136 1366 5213 intercidisse,
1396 5142 1784 5213 sequentiaque
1828 5144 1914 5198 nil
1960 5159 2074 5199 esse
2123 5146 2237 5198 nisi
2277 5136 2581 5200 sermonem
2638 5141 2910 5213 quendam
2941 5141 3007 5195 de
3037 5136 3405 5213 S._Brunon_e,
3439 5138 3600 5191 initio

171 5206 479 5292 carentem,
514 5211 734 5292 auctore
764 5206 997 5292 quodam
1023 5210 1384 5292 piendo/Las.
1416 5206 1799 5292 Pastalcohis,
1833 5216 1929 5292 ι]ᾳί
1952 5220 2189 5292 fortasse
2231 5218 2362 5270 vitae
2402 5216 2567 5284 ﬁnem
2598 5206 2864 5292 dedit._1n
2889 5211 3217 5292 exemplari,
3250 5209 3391 5292 tende
3422 5215 3602 5262 noster

172 5278 495 5357 gfscripsit,
525 5279 722 5349 procul
769 5277 934 5333 dubio
978 5280 1185 5351 aliquot
1212 5281 1350 5351 folia
1377 5286 1712 5354 exciderant,
1747 5277 1887 5357 quod
1929 5277 2109 5341 scriba
2154 5301 2261 5339 non
2308 5277 2552 5342 seritiens
2602 5284 2714 5341 hac
2762 5287 2841 5340 ita
2887 5277 3226 5354 conscripsit.
3264 5280 3597 5336 BE’I‘HMANN.

174 5349 245 5383 “9
272 5348 576 5405 vellitatur
606 5365 652 5405 c.

1779 5454 2008 5511 NOTAE}.

250 5563 542 5646 (1920171)
574 5561 806 5617 diversa
837 5562 908 5616 ab
958 5577 1025 5617 ea
1068 5578 1243 5631 quam
1292 5563 1352 5619 in
1400 5565 1545 5637 Opp.
1581 5566 1839 5623 Ratherii

178 5651 237 5705 p.
270 5636 398 5702 529,
429 5636 713 5707 legimus.

250 5708 437 5779 (1972)
484 5702 539 5764 Ξ.
600 5704 742 5761 1099
799 5720 928 5775 sqq.
962 5702 1285 5761 Fridericus
1335 5708 1403 5765 II.
1457 5707 1668 5766 saculo
1714 5709 1834 5767 XII.

1950 5566 2141 5622 medio
2187 5570 2359 5627 sedit.
2391 5569 2507 5626 Nec
2558 5568 2698 5622 liber
2744 5568 2868 5639 ipse
2916 5570 3177 5625 medium
3226 5566 3423 5625 saculi
3452 5566 3599 5624 XIII.

1950 5653 2230 5710 superare
2257 5643 2510 5706 videtur;
2544 5656 2594 5695 v.
2629 5656 2805 5710 supra
2834 5658 2882 5696 c.
2915 5643 2981 5697 12
3012 5644 3069 5698 in
3100 5643 3233 5698 fine.

2044 5710 2204 5785 1973)
2238 5716 2303 5773 A.
2342 5714 2495 5773 1131.
