3970 6212
385 439 505 499 987

1345 441 1409 502 8.
1455 441 1852 505 BRUNONIS
1897 437 2410 501 COLONIENSIS
2459 435 2831 498 DIPLOMA.

3697 421 3837 484 988

388 569 734 626 universalis
759 570 1020 626 Ecclesiae
1042 571 1227 628 multa
1258 590 1494 644 precum
1522 575 1787 641 redditio,
1818 574 2030 628 elemo-
2064 577 2116 641 Α
2215 571 2288 624 De
2318 570 2594 624 mnaculo
2623 567 2763 639 quod
2805 569 2863 621 in
2895 580 3049 621 omna
3089 560 3316 617 Domini
3360 557 3592 628 contigit
3619 555 3711 609 ad
3743 571 3833 610 se-

390 660 1748 731 synarumdistributio,omnimodasalubrium
1771 669 2034 717 votorum
2140 660 2396 732 pulcrum
2455 660 2588 730 ejus.
2631 658 2712 712 Ne
2760 673 2859 710 vos
2918 655 3092 708 lateat
3151 645 3732 716 miraculum,quod
3771 646 3834 698 in

391 749 627 817 oblatio,
665 753 842 804 Deum
890 751 1286 806 indesinenter
1335 752 1746 808 sollicitaverit.
1782 754 1850 808 Et
1891 752 1987 805 ille
2022 774 2035 810 :

2146 765 2310 802 ccena
2353 747 2581 802 Domini
2642 745 2903 816 contigit,
2939 742 3143 797 vesirae
3201 735 3472 793 charitati
3529 733 3834 788 intimare

388 859 414 885 ‹‹
450 840 618 900 Vera,
648 837 861 908 inquit,
883 855 1038 909 vera,
1072 841 1269 910 frater,
1294 858 1740 906 commemoras,
1771 841 2038 911 sciasque
2146 837 2587 908 disposui.Cum
2613 850 2782 890 mane
2812 831 3289 888 convenissemus
3305 830 3536 881 oratum
3565 825 3832 895 pariter,

386 924 569 979 Deum
601 925 868 982 delectari
901 928 960 981 in
1008 929 1275 999 precibus
1307 931 1567 986 fidelium
1601 948 1703 1002 pro
1737 947 1827 986 me
1870 930 2034 985 fusis.

384 1014 462 1068 Ex
493 1016 709 1084 quibus
731 1017 868 1070 dum
903 1018 1154 1087 gratiam
1181 1019 1460 1092 consequi
1493 1022 1833 1084 debueram,
1857 1037 1889 1073 a
1911 1036 2041 1074 san-

382 1108 472 1156 cto
506 1102 774 1159 Brunone
807 1107 1057 1177 graviter
1088 1107 1393 1179 impedior.
1437 1109 1820 1164 Obstatenim
1857 1108 2042 1161 multa

377 1191 698 1262 quaeritans
731 1195 992 1260 adversa,
1016 1195 1236 1266 quibus
1260 1198 1440 1252 miser
1458 1215 1566 1269 ego
1597 1198 1745 1252 hanc
1778 1203 2040 1251 sanctam

379 1281 550 1335 nocui
585 1284 1130 1354 congregationem;
1165 1303 1258 1340 sec
1281 1286 1389 1341 sibi
1421 1287 1788 1342 satisfactum
1816 1303 1917 1356 pro
1949 1285 2038 1349 iis,

387 1386 492 1424 nec
518 1369 695 1442 digna
718 1389 820 1442 pro
845 1373 1066 1430 meritis
1093 1392 1182 1430 me
1208 1376 1494 1449 recepisse
1526 1377 1785 1447 opponit.
1813 1381 1920 1429 Pro
1951 1391 2042 1428 so-

387 1457 460 1512 lis
492 1475 628 1529 ergo
659 1461 822 1516 vobis
869 1461 1150 1518 hactenus
1183 1464 1326 1518 mihi
1358 1470 1565 1533 negata
1595 1470 1682 1518 est
1711 1465 1945 1519 venia.»
1978 1457 2046 1516 Et

392 1552 593 1602 custos
619 1565 664 1602 τι
695 1549 770 1603 Mi
803 1550 1058 1621 domine,
1084 1552 1185 1619 ait,
1207 1552 1256 1606 si
1279 1553 1558 1607 omnibus
1579 1553 1671 1617 iis,
1699 1569 1826 1622 quae
1856 1568 2047 1623 prose-

388 1641 566 1692 cutus
597 1653 681 1700 es,
707 1639 851 1693 ﬁdes
883 1639 1215 1696 adhibenda
1251 1646 1359 1708 est,
1385 1641 1551 1696 nobis
1584 1641 1724 1712 quid
1745 1641 1813 1674 “0
1843 1642 1914 1695 de
1945 1640 2042 1714 tali

383 1728 872 1795 praesumendum
907 1734 996 1784 est
1033 1731 1365 1800 patrono?»
1390 1731 1458 1784 Et
1492 1729 1589 1784 ille
1623 1746 1673 1783 :«
1701 1729 1915 1801 Magni,
1943 1730 2043 1796 ait,

387 1813 580 1868 meriti
615 1814 771 1871 hunc
803 1818 957 1888 apud
1003 1817 1372 1874 Altissimum
1414 1818 1586 1889 scias,
1611 1823 1669 1874 et
1699 1833 1828 1873 vere
1859 1817 2050 1888 provi-

386 1917 579 1958 sorem
603 1908 663 1958 et
684 1905 1098 1976 dispositorem
1117 1908 1380 1964 omnium
1401 1925 1528 1979 quae
1544 1908 1847 1963 vobiscum
1871 1923 2049 1978 agun-

387 1994 504 2045 tur.
529 1993 677 2048 Nam
727 1993 922 2050 locum
971 1995 1153 2052 istum
1187 2002 1243 2052 et
1273 1998 1482 2052 fratres
1514 1996 1682 2068 quasi
1714 2013 1747 2051 a
1775 1997 1891 2051 Deo
1936 1993 2048 2051 sibi

397 2081 679 2137 creditam
707 2085 968 2155 possidet
988 2085 1293 2154 familiam,
1320 2091 1499 2158 utque
1521 2087 1839 2141 advocatus
1863 2092 2050 2140 vester

387 2170 544 2226 inter
591 2188 691 2227 vos
742 2173 1083 2245 frequenter
1125 2179 1416 2242 versatur,
1457 2179 1669 2230 cuncta
1715 2173 1948 2229 ordinat
2001 2177 2056 2228 et

395 2259 680 2330 disponit.
716 2265 782 2316 Et
813 2263 1092 2333 quoniam
1126 2263 1240 2335 ipsi
1271 2264 1342 2318 de
1372 2263 1537 2319 vobis
1569 2279 1709 2318 cura
1736 2267 1846 2328 est,
1878 2262 2052 2316 mise-

390 2349 706 2405 ricordiam
733 2351 961 2423 ﬂagito;
990 2353 1195 2407 vestris
1220 2369 1396 2424 super
1418 2368 1509 2406 me
1531 2352 1801 2424 precibus
1826 2367 2056 2406 movea-

396 2438 579 2492 tur!»
615 2439 730 2494 Nec
772 2439 942 2509 plura
988 2441 1061 2495 iis
1112 2441 1363 2507 locutus,
1405 2441 1797 2508 subtrahitur;
1859 2443 2055 2493 custos

394 2525 574 2580 etiam
608 2526 719 2580 sibi
751 2528 1030 2583 redditur.

467 2615 599 2669 Item
627 2615 694 2668 de
716 2617 911 2672 eodem
935 2621 1195 2673 Brunone
1221 2619 1656 2690 archiepiscopo.
1682 2617 1877 2689 Magni
1900 2616 2055 2671 enim

398 2703 592 2756 meriti
626 2705 779 2773 apud
817 2709 997 2760 Deum
1042 2707 1247 2761 beatus
1293 2708 1485 2761 Bruno
1516 2722 1644 2761 esse
1675 2705 2055 2776 dignoscitur-

397 2791 543 2846 Nam
577 2791 919 2864 quicunque
950 2793 1008 2847 in
1041 2800 1329 2864 quartana
1351 2794 1437 2850 vel
1459 2794 1708 2850 tertiana
1739 2793 1982 2861 laborat,
2007 2792 2056 2848 si

399 2882 468 2935 ad
506 2880 841 2952 sepulcrum
889 2883 1018 2953 ejus
1068 2883 1271 2938 devoto
1322 2885 1494 2938 corde
1543 2883 1872 2949 accesserit,
1903 2887 1960 2936 et
1987 2882 2058 2936 de

403 2969 584 3024 calice
634 2968 734 3040 qui
786 2972 916 3041 ejus
973 2971 1191 3042 pectori
1249 2972 1656 3044 superpositus
1700 2971 1758 3026 in
1791 2969 2056 3042 sepulcro

401 3059 536 3128 fuit,
566 3075 672 3130 per
696 3065 816 3114 tres
846 3061 1154 3115 continuos
1183 3060 1308 3116 dies
1349 3060 1580 3126 biberit,
1615 3062 1743 3131 ejus
1770 3059 1994 3115 meritis
2025 3075 2059 3113 a

401 3147 519 3203 Deo
551 3149 922 3204 sanctitatem
953 3165 1015 3205 se
1047 3149 1374 3222 percepisse
1403 3149 1699 3222 gaudebit.

2146 925 2392 997 ingessit
2422 942 2483 980 se
2516 925 2637 997 pari
2681 921 2983 978 devotione
3027 917 3314 989 quedam,
3341 919 3407 969 ut
3434 919 3660 968 oraret.
3691 912 3833 966 Haec

2149 1013 2552 1085 quinquennio
2584 1028 2797 1066 manus
2843 1009 3188 1064 infirmitate
3234 1004 3621 1069 laboraverat,
3662 1006 3741 1054 ut
3771 999 3833 1054 in

2151 1103 2343 1175 palme
2375 1103 2565 1157 medio
2595 1101 2978 1172 infigerentur
3020 1096 3130 1151 sibi
3180 1095 3504 1165 digitorum
3558 1089 3835 1146 summi-

2150 1196 2317 1246 tates.
2353 1193 2482 1246 Mox
2504 1196 2567 1244 ut
2589 1188 2900 1261 prostravit
2923 1202 2983 1242 se
3007 1183 3273 1256 sepulcro
3296 1181 3484 1237 sancti
3516 1179 3835 1234 Brunonis

2152 1280 2598 1351 archiepiscopi,
2621 1283 2857 1334 extensa
2882 1291 3061 1330 manu
3088 1273 3404 1329 sanitatem
3437 1268 3735 1324 obtinuit.
3762 1267 3837 1321 Et

2154 1386 2226 1424 ne
2256 1370 2520 1424 videatur
2567 1368 2761 1432 inane,
2794 1365 3089 1420 cicatrices
3137 1361 3456 1433 iacentium
3492 1358 3831 1429 digitorum

2153 1460 2401 1530 probant
2431 1459 2756 1513 manifeste.

2225 1550 2417 1603 Bruno
2451 1547 2748 1618 pacificus,
2781 1543 2978 1600 aterni
3018 1541 3174 1613 regis
3204 1538 3452 1603 amicus,

2227 1639 2306 1692 Te
2326 1637 2392 1672 ⁶⁶¹
2431 1637 2596 1701 duce,
2623 1639 2854 1707 pastore
2884 1637 2942 1688 et
2971 1636 3192 1687 rectore
3223 1627 3462 1684 Colonia
3488 1625 3740 1697 gaudet.

2226 1729 2369 1779 Cum
2400 1725 2546 1779 duce
2570 1723 2943 1793 majestas,ct
2963 1735 3093 1773 cum
3118 1718 3264 1771 duce
3284 1717 3491 1786 regnat
3510 1712 3828 1777 honestas,

2227 1814 2346 1868 Sub
2379 1813 2525 1867 duce
2555 1827 2667 1883 pax
2697 1813 2862 1881 grata
2891 1807 3095 1862 multis
3125 1810 3183 1860 et
3211 1803 3376 1859 curia
3404 1801 3543 1869 lata,

2234 1903 2295 1957 In
2327 1902 2471 1957 duce
2503 1901 2593 1956 lex
2623 1900 2782 1954 culta
2806 1897 2961 1969 viget
2989 1900 3047 1951 et
3077 1891 3362 1965 sapientia
3391 1888 3595 1944 multa.

2229 1991 2375 2046 Cum
2406 1991 2553 2045 duce
2583 1989 2838 2059 majores
2869 1989 3006 2041 sunt
3034 1988 3092 2039 et
3119 1981 3376 2054 plerique
3405 1977 3694 2041 minores,

2230 2081 2349 2135 Sub
2381 2080 2528 2134 duce
2560 2079 2877 2149 prudentes
2906 2076 3218 2130 versantur
3237 2074 3290 2126 et
3319 2066 3684 2138 insipientes,

2234 2170 2303 2224 Et
2333 2169 2540 2223 merito
2569 2183 2702 2221 vero
2735 2166 2845 2220 scit
2882 2177 3178 2234 quemque
3205 2159 3470 2214 decenter
3493 2153 3754 2208 habere.

2235 2259 2470 2313 Tractat
2498 2255 2816 2310 clementer
2843 2251 3118 2315 humiles,
3142 2248 3492 2315 timidosque
3525 2245 3831 2314 potenter.

2234 2345 2433 2401 Clerus
2467 2345 2794 2400 honoratur
2823 2343 2893 2397 ab
2923 2358 3016 2406 eo,
3046 2337 3416 2410 populusque
3437 2335 3719 2402 juvatur;

2234 2434 2459 2490 Attollit
2490 2434 2689 2506 plenos
2720 2431 2952 2503 opibus,
2987 2429 3212 2484 solatur
3239 2439 3486 2496 egenos;

2236 2523 2324 2579 Nil
2359 2523 2581 2594 patitur
2611 2536 2886 2592 nequam,
2911 2519 3011 2573 sed
3045 2519 3230 2588 legem
3256 2511 3503 2568 discutit
3534 2523 3792 2579 aequam.

2238 2612 2480 2668 Delicias
2512 2611 2714 2680 nescit,
2739 2608 2839 2680 qui
2871 2623 2987 2662 non
3018 2607 3129 2661 sub
3161 2620 3227 2660 eo
3261 2599 3591 2672 requiescit.

2236 2703 2380 2756 Cum
2412 2701 2558 2755 duce
2585 2697 2904 2752 multarum
2937 2699 3075 2750 sunt
3105 2691 3320 2766 gaudia
3350 2687 3720 2744 divitiarum.

2239 2791 2358 2846 Hoc
2390 2789 2681 2860 siquidem
2705 2789 2886 2856 juste,
2919 2783 3059 2856 quia
3084 2778 3481 2853 dispensando
3511 2780 3763 2830 venuste

2238 2879 2364 2934 Non
2397 2877 2530 2932 illas
2560 2875 2732 2944 celat,
2764 2875 2865 2931 sed
2895 2873 2955 2928 in
2988 2872 3079 2942 iis,
3113 2875 3176 2926 ut
3205 2867 3410 2941 prosit,
3443 2863 3708 2920 anhelat.

2241 2968 2342 3022 Isti
2373 2971 2514 3022 sunt
2543 2981 2757 3032 mores,
2779 2963 2998 3036 quibus
3027 2957 3338 3031 acquisivit
3368 2956 3651 3018 honores,

2243 3061 2351 3112 Per
2381 3071 2528 3127 quos
2557 3059 2613 3109 et
2643 3058 2838 3125 captat
2867 3051 2978 3108 sibi
3006 3049 3204 3122 plures
3233 3052 3411 3118 atque
3437 3046 3704 3114 coaptat.

2241 3146 2455 3212 Laetus,
2491 3159 2604 3198 non
2637 3140 2844 3209 tristis,
2869 3154 3100 3210 semper
3129 3135 3406 3210 perduret
3432 3131 3494 3187 in
3527 3129 3670 3187 istis
3688 3130 3778 3182 “i.

1754 3246 2002 3301 νΑΒΙίΕ
2039 3243 2344 3302 LECTION
2353 3243 2455 3298 ES.

473 3335 541 3369 ⁶⁶⁰
571 3335 858 3408 nobisque
886 3353 931 3392 ε.
1011 3336 1076 3372 ⁸⁸1
1112 3336 1201 3392 Me
1230 3337 1343 3393 cod.
1421 3338 1491 3372 ⁸⁸³
1520 3338 1610 3392 hic
1635 3343 1938 3408 sequuntur
1984 3337 2042 3390 in
2094 3333 2274 3408 codice
2304 3333 2417 3387 duo
2443 3346 2633 3408 versus
2663 3346 2682 3384 :
2705 3326 2945 3408 Arborei
2976 3321 3500 3408 flores‘designant.
3521 3317 3695 3408 orbis
3727 3314 3826 3369 ho-

401 3422 597 3491 nores:
631 3407 704 3491 Ut
731 3393 978 3491 pereunt
1004 3408 1476 3491 floreszlpereunt
1521 3410 1604 3465 sic
1632 3393 1790 3464 orbis
1818 3409 2109 3491 “bo-nores:
2139 3405 2242 3491 Sed
2270 3410 2521 3491 apparet,
2556 3403 2619 3456 in
2637 3400 2851 3491 cadica3
2868 3397 3242 3491 undat-108.!”
3269 3393 3572 3475 ἀϐεσνζίρίῑιε
3602 3399 3714 3491 ⁸⁸3(

403 3479 472 3534 ab
502 3478 627 3552 alio
655 3462 862 3536 ὑιίοοο
891 3462 1070 3537 uacuo
1092 3462 1612 3552 αάάἱῶἓ-ίιλῦέεξίἱι
1640 3462 1782 3552 ista
1804 3481 1866 3550 ﬁt
1889 3462 1959 3535 vin
1989 3477 2259 3535 codicibus
2273 3493 2294 3538 ;
2308 3462 2786 3544 nostri-scriptor,
2817 3462 3241 3541 diligentissime
3269 3462 3456 3522 omnia
3485 3462 3820 3520 mribem.

404 3566 578 3621 neque
604 3551 696 3607 ho:
725 3567 907 3608 versus
935 3553 1252 3609 omittendos
1283 3551 1514 3624 putavit.
1546 3551 1924 3608 BETHMANN.

1221 3664 3780 3698 ____________________________________.____.__—

1504 3765 2013 3853 DIPLOMA
2104 3761 2720 3851 BRUNONIS.

676 3881 1010 3971 Conﬁrmat
1037 3894 1538 3953 commutationem
1568 3890 1793 3970 factam
1834 3891 1988 3949 inter
2036 3885 2470 3967 Werz’n/rz'dum
2502 3883 2773 3945 abbatem
2805 3890 2861 3942 et
2899 3879 3245 3942 Warnerum
3277 3874 3564 3936 comitem.

490 4018 679 4072 Bruno
709 4021 922 4072 sanctis
947 4015 1304 4072 Coloniensis
1327 4015 1590 4072 Ecclesiae
1622 4013 1780 4070 filius
1802 4013 1902 4068 Dei
1934 4028 2062 4084 gra-
2097 4013 2140 4081 C
2180 4015 2390 4066 nostra;
2409 4025 2480 4065 ne
2501 4009 2558 4064 id
2585 4009 2746 4063 fieret
2767 4005 2980 4078 saepius
3003 4016 3395 4060 commonere.
3411 3999 3616 4069 Itaque
3639 4007 3833 4052 conve-

416 4107 502 4163 tia
527 4105 1009 4178 archiepiscopus
1049 4123 1346 4161 servorum
1381 4104 1502 4172 Dei,
1525 4109 1727 4160 notum
1755 4118 1882 4158 esse
1910 4101 2072 4156 volu-

417 4213 554 4252 mus
585 4201 704 4251 tam
741 4195 1133 4267 praesentibus
1154 4212 1330 4267 quam
1353 4200 1410 4251 et
1432 4191 1814 4264 futuris,quia
1835 4191 2073 4262 quidam

419 4284 730 4357 religiosus
753 4286 906 4341 abba
925 4302 993 4340 ex
1015 4285 1369 4342 monasterio
1384 4283 1697 4340 Stabulaus
1719 4286 1774 4338 et
1792 4279 2076 4336 Malmun-

417 4373 584 4430 daria
598 4375 904 4432 Werinfrid
915 4391 984 4430 us
997 4374 1233 4430 nomine
1247 4373 1392 4430 adiit
1405 4372 1776 4429 clementiam
1791 4373 2050 4426 nostram
2061 4406 2075 4432 ,

421 4480 526 4535 pro
556 4465 810 4535 quadam
843 4465 1322 4529 commutatione,
1355 4479 1534 4534 quam
1569 4463 1780 4516 fecerat
1812 4474 1946 4513 cum
1977 4473 2077 4511 co-

421 4552 563 4608 mite
592 4556 874 4608 Warnero
906 4551 1061 4608 fideli
1113 4558 1337 4615 nostro,
1362 4555 1418 4607 et
1448 4549 1587 4622 quia
1618 4549 1820 4604 eadem
1869 4562 2077 4600 mona-

423 4641 604 4696 steria
633 4641 746 4695 sub
791 4644 999 4696 nostrae
1039 4641 1307 4697 tuitionis
1338 4638 1674 4694 defensione
1705 4638 1890 4700 erant,
1914 4633 2080 4705 petiit

421 4729 692 4784 eamdem
723 4729 1247 4786 commutationem
1303 4732 1502 4786 nostra
1541 4723 1881 4780 auctoritate
1911 4723 2078 4778 robo-

423 4817 563 4872 rari.
593 4817 772 4888 Cujus
814 4818 1103 4889 petitioni,
1126 4819 1263 4888 quia
1285 4817 1451 4886 justa
1479 4819 1622 4878 erat,
1655 4811 1994 4878 annuimus,
2027 4817 2084 4867 et

425 4905 662 4961 utilitati
679 4907 943 4962 Ecclesiae
963 4902 1660 4962 consuluimus.Habebat
1677 4917 1930 4972 namque
1946 4917 2084 4972 prae-

424 4996 617 5052 dictus
643 5013 838 5053 comes
870 5000 1068 5050 noster
1098 4992 1284 5048 ﬁdelis
1308 4992 1482 5062 juxta
1513 4991 1934 5046 monasterium
1962 4990 2087 5044 Sta‘

425 5085 637 5142 bulaus
668 5083 985 5157 quamdam
1029 5080 1225 5136 villam
1274 5081 1364 5137 sui
1401 5079 1555 5150 juris
1587 5079 1822 5136 nomine
1853 5077 2085 5147 Batdau,

427 5193 603 5248 quam
619 5172 934 5246 Sigifridus
957 5187 1150 5228 comes
1174 5176 1237 5226 ut
1267 5170 1612 5243 acquireret,
1634 5174 1690 5224 et
1712 5167 1866 5240 apud
1892 5183 1997 5222 nos
2029 5172 2085 5222 et

425 5265 581 5339 apud
613 5261 816 5319 ﬁdeles
847 5266 1079 5318 nostros
1101 5261 1196 5318 sui
1225 5260 1639 5316 intercessores
1657 5257 1825 5314 valde
1855 5256 2082 5312 labora-

427 5353 752 5424 bant,quod
777 5352 959 5407 abbas
991 5350 1326 5417 audiens,et
1347 5349 1590 5404 nimiam
1626 5348 1743 5402 imo
1775 5347 2078 5401 immorta-

429 5444 544 5497 lem
566 5440 1232 5511 inquietudinem(1974)
1256 5438 1468 5493 timens
1493 5436 1622 5502 loci,
1638 5435 1746 5490 hoc
1767 5432 2075 5490 consilium

434 5536 552 5586 toto
583 5529 697 5584 nisi
731 5528 956 5584 studuit
989 5543 1412 5600 praeoccupare,
1435 5530 1491 5581 et
1538 5540 1709 5581 aures
1758 5521 2077 5578 clementiae

503 5653 686 5730 (A1974)
706 5650 927 5730 Quippe
946 5653 1170 5730 antiqui
1184 5655 1388 5730 patres
1411 5652 1749 5730 magnai-um
1772 5660 2078 5730 procerum

433 5715 533 5800 qui
565 5715 1018 5783 consortia'ante
1041 5715 1238 5778 omnia
1268 5715 1595 5790 fugiebant;
1624 5715 1800 5786 atque
1829 5716 1972 5770 adeo
1995 5715 2076 5768 vi-

2184 4099 2409 4154 nientes
2441 4100 2499 4153 in
2533 4113 2718 4153 unum
2740 4096 2892 4151 abba
2913 4093 3190 4167 praefatus
3209 4095 3268 4147 et
3285 4103 3480 4146 comes
3501 4087 3675 4142 dedit.
3694 4085 3833 4140 idem

2187 4187 2578 4244 Werinfridus
2636 4186 2786 4241 abba
2829 4185 3116 4240 Warnero
3171 4178 3373 4236 comiti
3429 4174 3591 4231 ﬁdeli
3644 4175 3832 4230 nostro

2185 4275 2474 4350 quidquid
2509 4275 2721 4331 habere
2752 4273 3058 4329 videbatur
3103 4270 3161 4324 in
3199 4267 3340 4324 villa
3366 4264 3547 4323 Nohas
3577 4263 3754 4326 dicta,
3782 4257 3831 4311 in

2185 4382 2334 4439 pago
2364 4364 2664 4430 Heiﬂensi,
2698 4362 2755 4417 in
2782 4361 3062 4418 comitatu
3086 4357 3386 4429 Tulpiaco,
3408 4353 3467 4410 id
3499 4357 3590 4408 est
3614 4355 3829 4408 curtem

2184 4455 2401 4510 bonam
2420 4471 2552 4509 cum
2574 4451 2850 4518 casticiis,
2866 4443 3418 4516 molendinis,aquis
3432 4447 3827 4513 aquarumque

2187 4542 2556 4608 decursibus,
2575 4539 2838 4624 quaesitis
2875 4543 2932 4594 et
2972 4533 3360 4607 inquirendis,
3400 4530 3692 4588 silvarum
3721 4539 3826 4582 ma-

2188 4649 2364 4705 gnam
2397 4619 2646 4703 cepiam,
2675 4627 2958 4684 familiam
2991 4624 3292 4696 utriusqae
3325 4635 3524 4687 sexus,
3547 4623 3609 4674 et
3636 4619 3825 4674 cetera

2191 4697 2263 4777 ad
2311 4697 2584 4777 eumdem
2631 4697 2828 4774 locum
2861 4714 3230 4787 pertinentia.
3253 4713 3324 4768 Et
3370 4710 3512 4781 quia
3568 4697 3825 4764 monachi

2189 4809 2431 4865 alterius
2461 4805 2819 4872 monasterii,
2839 4805 2899 4860 id
2930 4809 3020 4860 est
3049 4794 3823 4869 Malmundariaa,quamdam

2193 4903 2416 4972 partem
2445 4897 2507 4952 in
2537 4896 2740 4952 eadem
2769 4893 2906 4952 villa
2947 4892 3264 4960 habebant,
3297 4887 3552 4944 reddidit
3580 4877 3823 4972 abbaei-

2194 4971 2327 5044 dem
2358 4985 2614 5042 ecclesiae
2645 4985 2703 5040 in
2735 5001 2883 5057 pago
2906 4980 3254 5039 Condustrio
3289 4979 3484 5035 locum
3507 4975 3613 5048 qui
3634 4971 3826 5057 dicitur

2194 5076 2369 5142 Villa,
2389 5076 2446 5130 in
2469 5055 2752 5130 comitatu
2767 5055 2909 5130 Heio
2926 5088 2984 5128 νι
3001 5086 3239 5126 mansos
3259 5069 3446 5124 bonos
3466 5080 3604 5121 cum
3626 5055 3827 5120 familia

2195 5166 2504 5238 utriusque
2533 5180 2727 5236 sexus,
2760 5161 2965 5219 silvam
2996 5161 3233 5226 bonam,
3265 5161 3322 5213 et
3351 5159 3558 5212 caetera
3587 5154 3661 5210 ad
3689 5161 3825 5207 eam-

2197 5256 2328 5312 dem
2359 5253 2557 5310 villam
2605 5251 3232 5326 appenditia.Econtra
3277 5243 3440 5303 dedit
3487 5240 3826 5326 memoratus

2195 5358 2390 5400 comes
2419 5319 2740 5398 Warnerus
2780 5356 2975 5397 eorum
3005 5337 3254 5394 testibus
3301 5333 3531 5395 idoneis
3559 5319 3822 5404 quidquid

2185 5433 2402 5489 habere
2429 5432 2741 5488 videbatur
2769 5430 2829 5484 in
2861 5427 2999 5484 villa
3022 5428 3149 5498 jam
3180 5425 3336 5480 dicta
3364 5421 3588 5478 Baldau
3616 5421 3819 5476 curtem

2186 5522 2403 5577 bonam
2427 5520 2526 5575 sed
2545 5520 2617 5576 ab
2638 5517 2907 5575 hostibus
2922 5515 3090 5571 valde
3105 5515 3412 5578 vastatam,
3428 5509 3554 5584 agri
3578 5506 3816 5568 culturas

2189 5643 2488 5723 sinuatam
2520 5642 2782 5723 ίρεριῖυξη
2809 5640 2885 5723 .ia
2914 5637 3125 5723 Primis
3165 5624 3817 5723 deﬁueei’fntzlii'éitl

2165 5697 2508 5772 horrendas
2543 5697 2625 5769 ‘ad
2666 5697 3117 5769 inhabitantium
3141 5703 3496 5764 solitudines
3519 5697 3814 5774 eligebant-
