3970 6212
158 408 301 469 989

878 409 1265 470 PRIVILEG.
1313 410 1411 469 ΕΤ
1457 408 1921 474 CONSTITUT.
1967 412 2246 472 LEONIS
2295 408 2429 472 VIII
2475 409 2917 470 ANTIPAPE.

3480 411 3599 469 990

162 539 1357 608 bonas,Cambam,molcndinum,silvam
1385 544 1830 615 magnam.Nam
1866 559 1920 625 Α
1954 543 2215 616 legaliter
2244 543 2396 598 fecit.
2431 544 2500 597 Et
2530 547 2593 597 ut
2622 542 2745 597 hac
2788 540 3170 597 commutatio
3198 540 3409 595 futuris
3449 544 3596 595 tem-

175 628 432 686 ecclesia
462 631 729 699 ejusdem
760 629 906 684 villa
938 647 1070 685 cum
1105 631 1255 685 bono
1288 630 1573 697 dotalicio,
1608 633 1834 704 privile-

180 720 339 792 legia
366 724 423 774 et
453 719 760 788 constitut,
794 720 1018 775 scilicet
1048 725 1201 775 terra
1232 726 1288 775 et
1318 720 1463 775 silva
1494 721 1680 776 eidem
1715 740 1837 776 mo-

183 807 445 864 nasterio
478 807 805 878 antiquitus
824 809 1009 863 fuerat
1031 810 1166 863 data
1192 827 1203 875 ;
1226 808 1345 863 hac
1370 810 1567 864 omnia
1592 811 1839 865 invicem

181 898 299 953 sibi
331 896 707 951 tradiderunt
739 897 888 951 abba
933 914 1065 951 cum
1101 913 1388 951 consensu
1424 899 1840 954 monachorum

181 992 581 1057 utrorumque
597 986 1078 1053 coenobiorum,et
1091 1003 1284 1041 comes
1298 1002 1429 1040 cum
1448 1003 1733 1043 consensu
1750 1006 1843 1043 ux-

182 1076 306 1131 oris
321 1081 377 1130 et
392 1075 649 1130 filiorum
664 1079 719 1130 et
734 1075 1055 1130 amicorum
1074 1080 1398 1143 suorum,et
1411 1093 1603 1130 coram
1619 1076 1849 1132 celsitu-

1948 634 2187 705 poribus
2220 632 2439 687 firmior
2456 631 2757 700 habeatur,
2778 630 3056 702 petitione
3086 630 3348 700 eiusdem
3368 629 3596 685 abbatis

1950 739 2163 777 manus
2196 729 2403 777 nostra
2436 725 2621 775 tractu
2670 720 3053 791 signavimus.
3088 721 3330 791 Signum
3364 720 3592 774 Werin-

1951 810 2127 866 frindi
2165 811 2413 865 abbatis.
2448 810 2607 881 Sign.
2642 808 3598 880 Werinmundi,Titgeri,Norber-

1955 900 2019 965 ti,
2055 900 2359 969 Reginardi
2396 904 2452 953 et
2482 904 2843 953 caterorum.
2871 899 2936 953 Et
2965 898 3207 953 alterius
3240 899 3600 953 monasterii.

1956 990 2202 1059 Signum
2236 988 2447 1055 Odulﬁ,
2478 988 2751 1053 Wisirici,
2776 986 3060 1051 Heilfridi,
3085 987 3413 1059 Rogibaldi.
3438 989 3600 1057 Sign.

1959 1079 2224 1132 Warneri
2274 1076 2525 1140 cornitis,
2561 1077 2891 1147 Reginardi,
2925 1076 3190 1142 Gevardi,
3226 1080 3281 1131 et
3330 1076 3605 1145 Ricbarii,

177 1166 324 1221 dine
340 1169 543 1220 nostra
562 1165 829 1219 eamdem
845 1165 1363 1219 commutationem
1383 1166 1850 1233 ﬁrmaverunt,et
1960 1172 2017 1221 et
2051 1167 2393 1221 multorum.
2427 1168 2565 1219 Acta
2599 1170 2737 1219 sunt
2768 1165 2889 1219 hac
2918 1164 3147 1235 publice
3178 1165 3361 1237 Aquis
3393 1164 3606 1235 palatio

176 1254 350 1309 idem
374 1270 569 1309 comes
590 1270 693 1324 per
713 1253 1144 1309 testesidoneos
1170 1270 1396 1308 ramum
1425 1270 1556 1309 cum
1581 1254 1765 1324 cepite
1779 1255 1849 1308 ad

1961 1256 2055 1309 die
2107 1273 2142 1309 ιι
2194 1254 2434 1309 Kalend.
2488 1253 2846 1318 Novembris,
2888 1259 3165 1323 regnante
3214 1269 3346 1324 rege
3400 1252 3607 1307 Ottone

177 1342 382 1399 altare
398 1342 711 1399 Stabulaus
735 1342 989 1413 misit,et
1013 1342 1386 1397 traditionem
1411 1360 1543 1398 cum
1571 1344 1855 1398 vestitura
1963 1343 2139 1397 fratre
2170 1348 2388 1407 nostro,
2423 1359 2571 1397 anno
2602 1359 2759 1407 xvm,
2794 1341 3103 1396 Godefrido
3134 1341 3298 1395 duce.

187 1464 3607 1506 m

1534 1601 1685 1638 ANNO
1725 1601 1929 1639 DOMlNl
1969 1601 2269 1639 DCCCCLXV.

937 1733 1321 1859 LEO
1416 1729 1763 1856 VIII
1862 1732 2865 1855 AN'I‘IPAPA

1404 2036 1799 2109 NOTITIA
1852 2038 2386 2111 HISTORICA.

931 2186 1360 2259 (Gocquelines,
1395 2187 1630 2256 bullar.,
1664 2188 1926 2261 privileg.
1962 2206 2178 2245 summ.
2213 2195 2372 2260 pont.
2400 2189 2586 2261 ‘ampl.
2621 2188 2877 2255 Collect.)

274 2397 343 2449 In
378 2394 642 2464 Romana
670 2392 899 2464 Synodo
926 2392 1186 2464 deposito
1218 2396 1441 2447 Joanne
1471 2394 1566 2449 XII
1596 2400 1808 2449 sancta
1850 2395 2117 2449 Romana
2151 2395 2416 2450 Ecclesia
2450 2395 2543 2449 die
2572 2412 2624 2449 Vl
2676 2394 3011 2449 Decembris
3041 2393 3174 2448 anni
3206 2394 3332 2457 963,
3367 2394 3479 2449 Leo
3507 2409 3608 2447 vm

240 2463 723 2520 rotoscriniarius
751 2464 807 2517 in
840 2465 967 2534 ejus
996 2463 1190 2519 locum
1221 2465 1523 2519 ordinatus
1552 2470 1660 2534 est,
1694 2482 1867 2535 quem
1902 2471 2092 2521 tamen
2125 2470 2366 2521 Romam
2411 2468 2659 2535 rediens,
2689 2466 2956 2536 sequenti
2987 2482 3161 2530 anno,
3190 2466 3449 2519 Joannes
3480 2469 3611 2535 post

251 2536 462 2616 tbgnis
487 2536 853 2616 imperatoris
884 2552 1175 2616 recessum
1223 2537 1421 2616 fugere
1453 2537 1662 2616 coegit,
1698 2543 2163 2616 usurpatamque
2212 2538 2505 2616 dimittere
2545 2539 2910 2616 dignitatem.
2945 2540 3013 2592 At
3042 2554 3176 2616 cum
3225 2538 3482 2616 Joannes
3511 2536 3604 2590 die

190 2627 291 2664 xxv
325 2606 465 2663 Maii
497 2606 761 2679 obiisset,
794 2606 1035 2661 Romani
1068 2606 1463 2675 Benedictum,
1497 2606 1583 2662 dei
1611 2625 1726 2679 quo
1759 2606 1892 2663 mox
1921 2606 2204 2671 dicemus.
2238 2610 2361 2665 sine
2405 2606 2651 2665 Othonis
2682 2625 2968 2665 consensu
3002 2614 3057 2663 et
3085 2608 3403 2674 voluntate,
3436 2624 3604 2679 apos-

193 2680 403 2752 tolica,
421 2677 1001 2752 sedigimposuerunt.
1035 2679 1221 2752 Quare
1252 2677 1947 2752 imperatorcumLeone
1980 2680 2222 2734 Romam
2276 2682 2545 2751 perrexit,
2581 2682 2846 2752 factoque
2890 2679 3296 2748 conciliabulo,
3332 2680 3441 2752 Leo
3472 2677 3599 2752 pal-

189 2751 343 2805 lium
378 2748 689 2805 Beuedicto
721 2749 983 2819 abstulit,
1018 2755 1075 2825 et
1105 2748 1279 2805 simul
1312 2748 1698 2822 pontificalem
1732 2751 1997 2821 ferulam,
2031 2769 2208 2823 quam
2234 2748 2403 2823 fregit
2432 2758 2487 2807 et
2516 2753 2727 2807 iterum
2748 2748 3108 2825 pontiﬁciam
3141 2752 3338 2807 sedem
3372 2748 3603 2817 invasit,

192 2839 375 2894 quam
411 2837 600 2876 unum
634 2837 854 2877 annum
887 2820 1072 2876 tenuit
1102 2820 1333 2893 tresque
1366 2838 1615 2877 menses.

1320 3069 2049 3203 LEONIS
2137 3075 2498 3199 νιιι

1726 3272 2083 3327 ΑΝΤΙΡΑΡΕ

830 3396 1555 3492 PRIVILEGIA
1636 3398 1790 3489 ET
1878 3396 2980 3491 CONSTITUTIONES.

1698 3584 2123 3595 —_———————

1000 3682 1041 3737 Ι.

185 3786 390 3826 ιεοΝιε
447 3786 551 3824 VIII
608 3785 875 3825 EPIS‘I‘OLA
913 3784 984 3823 AD
1042 3785 1390 3825 RODOALDUM
1444 3787 1845 3828 PATRIARCHAM

800 3856 1242 3903 AQUILEIBNSEM.

839 3929 1029 3998 (Anno
1057 3929 1207 3996 963.)

733 4017 824 4071 Illi
850 4018 1087 4088 pallium
1116 4020 1310 4073 mittit.

460 4106 651 4178 [Apud
682 4104 929 4179 Ugbelli,
962 4107 1131 4163 Italia
1160 4124 1347 4174 sacra,
1380 4112 1449 4176 V,
1483 4110 1595 4179 44.]

269 4215 384 4269 Leo
414 4212 745 4284 episcopus,
779 4228 979 4268 servus
1011 4230 1307 4268 servorum
1341 4215 1461 4280 Dei,
1488 4216 1845 4271 reverendis-

189 4302 347 4357 simo
379 4317 446 4355 ac
468 4300 841 4355 sanctissimo
859 4302 1133 4355 confratri
1152 4304 1352 4355 nostro
1370 4303 1691 4367 Ronoawo,
1709 4322 1844 4359 san-

190 4395 297 4446 cta
331 4387 722 4459 Aquileiensis
753 4388 1020 4443 Ecclesia
1053 4390 1413 4460 patriarcha.

266 4478 327 4533 Si
359 4480 627 4547 pastores
654 4476 849 4531 ovium
880 4477 1062 4531 solem
1094 4476 1345 4549 geluque
1377 4494 1479 4549 pro
1532 4479 1727 4550 gregis
1753 4481 1845 4535 sui

188 4564 465 4623 custodia
493 4565 587 4621 die
616 4581 681 4620 ac
712 4569 881 4621 nocte
910 4566 1057 4621 ferre
1104 4566 1361 4622 contenti
1394 4570 1553 4635 sunt,
1591 4571 1650 4623 et
1679 4573 1743 4623 ut
1777 4587 1847 4625 ne

190 4672 315 4728 qua
346 4671 418 4710 ex
447 4654 531 4709 eis
563 4658 665 4708 aut
699 4654 947 4709 errando
998 4659 1215 4725 pereat,
1246 4660 1350 4710 aut
1400 4655 1599 4710 ferinis
1628 4656 1847 4713 laniata

192 4743 497 4801 morsibus
527 4743 809 4815 rapiatur,
844 4742 1028 4799 oculis
1046 4760 1276 4815 semper
1304 4744 1725 4817 vigilitantibus
1744 4747 1851 4801 cir-

192 4836 631 4904 cumspectant,
665 4837 880 4903 quanto
931 4848 1038 4886 nos
1070 4833 1282 4887 sudore
1331 4838 1668 4905 quantaque
1711 4851 1851 4891 cura

191 4923 484 4979 debemus
504 4936 633 4976 esse
656 4920 983 4992 pervigiles,
1006 4920 1105 4990 qui
1128 4925 1389 4992 pastores
1414 4922 1744 4978 animarum
1767 4925 1851 4977 di-

193 5012 413 5066 cimur.
436 5010 845 5079 Attendamus,
861 5013 919 5063 et
934 5014 1272 5080 susceptum
1298 5010 1557 5065 ofﬁcium
1581 5012 1849 5068 exhibere

192 5115 337 5173 erga
354 5098 688 5154 custodiam
711 5097 1149 5153 Dominicarum
1170 5098 1363 5153 ovium
1384 5116 1495 5154 non
1528 5116 1846 5172 cessemus,

193 5206 268 5247 ne
298 5189 360 5244 in
393 5188 486 5244 die
532 5184 712 5243 divini
763 5185 1049 5243 examinis
1084 5203 1187 5259 pro
1218 5188 1443 5243 desidia
1491 5192 1691 5244 nostra
1720 5194 1853 5246 ante

187 5293 498 5335 summum
528 5279 833 5332 Pastorem
881 5274 1245 5346 negligentia
1289 5282 1489 5333 reatus
1536 5278 1847 5345 excruciet,

195 5368 355 5424 unde
399 5366 578 5423 modo
623 5364 866 5420 honoris
914 5365 1233 5420 reverentia
1278 5365 1652 5420 sublimiores
1699 5367 1853 5422 inter

192 5459 431 5513 catercs
454 5454 819 5529 judicamur.
853 5450 1103 5507 Pallium
1135 5457 1329 5509 autem
1374 5453 1721 5509 fraternitati
1752 5473 1850 5511 ve-

194 5551 326 5603 stra
356 5562 423 5604 ex
473 5557 641 5600 more
692 5541 763 5596 ad
808 5540 1124 5597 missarum
1180 5542 1464 5598 solemnia
1510 5541 1853 5599 celebranda

192 5636 675 5699 transmisimus;
702 5645 818 5701 quo
845 5628 952 5683 tibi
973 5646 1089 5683 non
1112 5629 1297 5699 aliter,
1317 5629 1578 5686 Ecclesiae
1604 5636 1713 5685 tua
1732 5633 1849 5702 pri-

190 5725 413 5801 vilegiis
444 5724 507 5779 in
565 5726 668 5776 tuo
701 5720 857 5773 statu
904 5718 1303 5788 manentibus,
1334 5719 1417 5775 uti
1450 5718 1846 5789 concedimus,

1879 3686 1927 3752 B
1960 3701 2136 3756 quam
2169 3683 2622 3755 pradecessores
2652 3684 3102 3755 decessoresque
3142 3687 3274 3739 tuos
3305 3698 3443 3737 usos
3472 3695 3602 3737 esse

1957 3772 2325 3845 incognitum
2358 3788 2471 3827 non
2503 3772 2951 3843 hal:etis.Cujus
2979 3772 3255 3843 quoniam
3273 3770 3605 3827 indumenti

1957 3861 2142 3916 honor
2192 3862 2455 3917 modesta
2503 3866 2743 3917 actuum
2790 3862 3095 3917 vivacitate
3140 3862 3463 3919 servandus
3492 3865 3603 3928 est,

1955 3951 2262 4005 hortamur
2292 3956 2356 4005 ut
2387 3958 2443 4005 et
2474 3968 2703 4006 morum
2752 3955 2987 4005 tuorum
3020 3955 3364 4006 ornamenta
3392 3964 3601 4003 conve-

1957 4040 2459 4109 niant,quatenus,
2483 4045 2716 4094 auctore
2741 4044 2872 4107 Deo,
2887 4044 3039 4094 recte
3060 4038 3389 4109 utrobique,
3412 4037 3602 4107 possis

1957 4143 2085 4182 esse
2102 4127 2476 4197 conspicuus.
2494 4128 2692 4197 Itaque
2713 4126 2828 4180 vita
2850 4131 2952 4180 tua
2973 4125 3112 4179 filiis
3132 4126 3253 4181 tuis
3274 4125 3351 4180 sit
3376 4126 3597 4195 regula.

1958 4216 2018 4269 In
2050 4214 2261 4284 ipsa,si
2296 4231 2412 4284 qua
2433 4214 2709 4268 fortitudo
2729 4213 3075 4283 illisinjecta
3104 4220 3211 4275 est,
3235 4213 3597 4285 dirigantur;

1955 4303 2015 4357 in
2047 4318 2115 4357 ea
2151 4302 2305 4371 quod
2355 4302 2661 4355 imitentur
2710 4301 3031 4372 aspiciant;
3086 4302 3143 4356 in
3195 4303 3321 4372 ipsa
3369 4317 3601 4371 semper

1956 4391 2378 4446 considerando
2412 4390 2815 4460 proficiant,ut
2843 4396 3010 4445 tuum
3031 4396 3163 4462 post
3192 4395 3371 4445 Deum
3402 4390 3597 4446 videa-

1957 4487 2055 4536 tur
2085 4495 2211 4534 esse
2251 4479 2397 4533 bene
2445 4479 2597 4548 quod
2630 4478 2896 4533 vixerint.
2928 4479 3037 4534 Cor
3065 4495 3201 4550 ergo
3251 4494 3437 4548 neque
3468 4495 3599 4550 pro-

1957 4586 2147 4642 spera,
2173 4585 2299 4639 qua
2322 4566 2717 4637 temporaliter
2734 4565 3138 4633 blandiuntur,
3164 4566 3465 4632 extollant,
3498 4585 3596 4621 ne-

1959 4676 2071 4730 que
2118 4659 2360 4712 adversa
2406 4654 2698 4725 dejiciant.
2749 4655 2859 4709 Sed
2891 4656 3177 4727 quidquid
3226 4655 3367 4710 illud
3402 4656 3597 4723 fuerit,

1960 4749 2170 4805 virtute
2195 4744 2485 4817 patientia
2508 4744 2866 4799 devincatur.
2892 4744 3129 4799 Nullum
3153 4745 3305 4815 apud
3330 4749 3384 4799 te
3405 4744 3597 4800 locum

1959 4838 2111 4901 odia,
2137 4835 2364 4891 nullum
2388 4836 2546 4889 favor
2576 4833 2925 4888 indiscretus
2944 4834 3221 4889 inveniat.
3255 4834 3598 4891 Districtum

1960 4924 2099 4980 mali
2132 4929 2504 4995 cognoscant.
2532 4924 2825 4977 lnsontem
2846 4922 3000 4993 apud
3032 4928 3087 4977 te
3115 4923 3410 4995 suggestio
3443 4923 3598 4978 mala

1962 5031 2077 5069 non
2131 5014 2323 5068 faciat.
2375 5014 2687 5069 Nocentem
2719 5011 2906 5082 gratia
2935 5028 3050 5065 non
3083 5017 3351 5077 excuset;
3387 5012 3599 5066 remis-

1962 5118 2094 5157 sum
2125 5108 2179 5154 te
2198 5100 2677 5172 delinquentibus
2708 5117 2822 5155 non
2850 5100 3232 5167 ostendas,ne
3256 5100 3409 5170 quod
3442 5099 3602 5154 ultus

1962 5206 2077 5245 non
2101 5188 2301 5254 fueris,
2335 5189 2655 5259 perpetrari
2688 5188 3021 5258 permittas;
3046 5188 3123 5242 sit
3148 5187 3208 5243 in
3238 5193 3293 5243 te
3325 5186 3461 5242 boni
3492 5191 3602 5242 Pa-

1961 5277 2136 5334 storis
2157 5274 2404 5330 dulcedo
2425 5293 2437 5339 ;
2466 5275 2541 5330 sit
2562 5281 2617 5330 et
2633 5276 2852 5347 judicis
2875 5292 3073 5331 severa
3094 5274 3604 5331 districtio.Unum

1962 5364 2182 5423 scilicet
2202 5365 2359 5433 quod
2380 5363 2719 5419 innocenter
2742 5366 3000 5421 viventes
3024 5367 3227 5431 foveat,
3251 5364 3410 5419 aliud
3445 5366 3602 5438 quod

1959 5454 2253 5525 inquietos
2284 5451 2623 5506 ferocientes
2645 5468 2674 5506 a
2698 5454 2925 5510 feritate
2955 5458 3303 5526 compescat.
3328 5454 3439 5509 Sed
3465 5471 3605 5526 quo-

1962 5542 2119 5597 niam
2144 5554 2569 5607 nonnunquam
2592 5543 3033 5610 prapositorum
3059 5542 3385 5609 zelus,dum
3409 5542 3602 5597 distri-

1961 5637 2089 5687 ctus
2112 5627 2399 5683 malorum
2424 5624 2545 5680 vult
2566 5624 2771 5682 vindex
2790 5631 3056 5695 existere,
3086 5631 3292 5686 transit
3312 5630 3370 5685 in
3393 5630 3601 5685 crude-
3628 5658 3645 5671 σ

1959 5720 2184 5775 litatem
2224 5714 2527 5787 correptio,
2562 5713 2709 5769 iram
2735 5716 2953 5784 judicio
2985 5721 3230 5786 refrena,
3263 5723 3321 5774 et
3350 5732 3596 5773 censura
