3970 6212
384 370 492 430 991

1432 363 1887 430 PRIVILEGIA
1929 363 2031 424 ET
2077 357 2753 424 CONSTITUTIONES

3701 357 3846 418 992

385 500 662 557 Custodia
691 505 746 556 te
796 500 1085 573 equitatis
1115 501 1369 571 extollat,
1403 507 1468 557 ut
1517 519 1620 558 nec
1659 502 1897 558 divitem
1933 517 2032 572 ρο-
2065 497 2119 562 Α
2149 493 2434 564 correptio
2466 491 2852 546 contradicat.
2889 487 3122 544 Nullius
3153 485 3360 544 faciem
3391 489 3603 544 contra
3629 489 3841 559 justi-

386 590 569 644 tentia
600 607 705 644 sua
735 589 955 661 aliquid
987 592 1141 663 apud
1172 609 1275 647 vos
1305 597 1468 647 extra
1488 593 1638 646 viam
1670 593 1913 657 suadeat
1945 608 2032 645 ra-

386 678 563 733 tionis
594 680 826 734 audere.
847 681 961 735 Nec
992 697 1306 751 pauperem
1341 683 1410 736 de
1429 699 1484 736 re
1516 699 1624 736 sua
1657 681 1828 736 faciat
1851 679 2036 735 humi-

383 767 516 822 litas
549 769 877 840 desperare,
895 775 1186 838 quatenus
1205 769 1320 824 Deo
1342 770 1654 824 miserante
1686 769 1819 824 talis
1845 769 2036 840 possis

381 857 645 923 existere,
681 856 871 927 qualis
904 874 1069 912 sacra
1099 857 1268 913 lectio
1304 858 1562 930 praecipit
1594 860 1794 913 dicens
1827 877 1838 912 :
1867 861 2036 930 Opor-

381 950 453 1000 tet
483 949 790 1017 episc0pum
843 948 1376 1017 irreprehensibilem
1410 965 1523 1002 esse
1556 949 1603 1019 (Ι
1649 949 1781 1003 Tim.
1821 967 1906 1013 ιιι,
1957 949 2031 1018 2).

389 1035 497 1090 Sed
515 1034 605 1088 his
623 1035 895 1090 omnibus
917 1036 995 1089 uti
1017 1035 1328 1091 salubriter
1354 1038 1590 1108 poteris,
1617 1037 1663 1091 si
1691 1037 2033 1107 magistram

376 1123 721 1178 charitatem
756 1123 1248 1195 babucris,quam
1271 1125 1369 1197 qui
1404 1131 1636 1180 secutus
1670 1125 1860 1189 fuerit,
1891 1143 1922 1178 ει
1948 1143 2030 1178 re-

381 1219 476 1267 cto
509 1211 1076 1282 aliquandotramite
1110 1231 1222 1269 non
1258 1215 1492 1269 recedit.
1513 1215 1579 1267 Et
1612 1231 1764 1277 ecce,
1789 1215 2031 1268 fratrum

383 1301 728 1356 charissime
761 1301 946 1356 multa
972 1302 1208 1358 aliaista
1231 1309 1369 1358 sunt
1399 1303 1729 1369 sacerdotii,
1752 1303 1864 1357 ista
1897 1306 2036 1356 sunt

390 1389 576 1463 pallii,
610 1407 736 1462 quae
761 1391 808 1443 si
833 1391 1093 1446 studiose
1117 1392 1455 1462 servaveris,
1486 1393 1636 1464 quod
1657 1391 1793 1447 foris
1809 1392 2036 1462 accepis

383 1497 444 1534 se
475 1479 818 1544 ostenderis,
855 1480 1014 1535 intus
1045 1481 1307 1535 habebis.
1334 1483 1400 1535 Et
1432 1486 1495 1535 ut
1526 1481 1800 1535 omnibus
1835 1485 2027 1550 pateat

385 1568 753 1636 Christianis,
780 1574 1000 1639 quanta
1026 1570 1308 1623 charitate
1342 1569 1658 1639 diligamus
1681 1571 1752 1622 ob
1775 1586 2032 1623 amorem

385 1657 720 1712 beatiMarci
745 1658 1110 1729 evangelista:
1135 1659 1382 1729 pastoris
1411 1658 2031 1729 nostri,gloriosissimi

385 1747 534 1802 Petri
583 1747 981 1817 apostolorum
1021 1746 1304 1818 principis
1353 1746 1649 1818 discipuli,
1682 1745 1783 1817 qui
1828 1752 2032 1802 vestras

386 1834 653 1906 praesedit
684 1835 991 1900 cathedrae,
1023 1852 1371 1891 renovamus
1411 1836 1594 1900 vobis,
1630 1853 1730 1907 per
1779 1851 2032 1906 praesens
2066 1860 2112 1924 B

385 1923 920 1994 privilegium,illud
937 1924 1242 1994 antiquum
1259 1924 1629 1978 sanctissimo
1646 1929 2034 1994 Hermagorae,

385 2011 537 2066 beati
585 2012 759 2066 Marci
811 2012 1177 2083 evangelista:
1224 2013 1568 2079 successori,
1615 2031 1648 2067 a
1698 2012 2036 2068 beatissimo

387 2101 550 2156 Petro
582 2101 996 2170 contraditum,
1031 2119 1230 2156 verum
1267 2103 1520 2172 peccatis
1553 2101 1766 2156 nostris
1807 2117 2034 2172 prome-

386 2190 650 2244 rentibus
681 2206 714 2244 a
746 2207 1106 2260 paganorum
1133 2190 1352 2245 szevitia
1383 2195 1838 2245 concrematum.
1865 2189 2035 2244 Volu-

385 2295 518 2332 mus
549 2277 790 2341 scilicet,
824 2283 879 2332 et
911 2279 1232 2349 apostolica
1263 2280 1607 2334 auctoritate
1631 2279 1935 2349 jubcmus,
1972 2283 2038 2332 ut

385 2367 535 2421 inter
564 2383 768 2421 omnes
793 2365 1022 2422 Italicas
1046 2366 1333 2421 Ecclesiae
1358 2368 1457 2422 Dei
1490 2368 1659 2422 sedes
1692 2367 1882 2437 prima
1906 2371 2036 2438 p'ost

387 2456 710 2510 Romanam
755 2455 1166 2523 Aquileiensis,
1201 2457 1372 2525 cujus
1419 2457 1534 2510 Deo
1565 2461 1799 2510 auctore
1832 2473 2035 2527 przees,

388 2543 692 2598 habeatur.
726 2541 839 2596 Sed
866 2547 921 2596 et
945 2542 1049 2597 hoc
1073 2545 1128 2597 in
1156 2549 1536 2616 augmentum
1571 2549 1624 2598 et
1649 2545 1912 2599 decorem
1934 2545 2035 2599 Ec-

391 2629 578 2686 clesiae
610 2635 811 2684 vestra:
839 2631 1217 2686 concedimus
1269 2635 1333 2686 ut
1362 2632 1503 2686 dum
1533 2633 1760 2688 volente
1791 2632 1904 2687 Deo
1938 2649 2037 2688 vos

390 2719 686 2792 vestrique
714 2735 1082 2775 successores
1113 2721 1186 2774 ab
1217 2720 1326 2775 hac
1354 2720 1480 2776 luce
1513 2723 1763 2792 migrare
1789 2721 2039 2793 centige-

393 2809 613 2873 rit,non
640 2808 806 2863 liceat
831 2807 1164 2878 quempiam
1188 2826 1255 2863 ex
1281 2809 1470 2864 aliena
1492 2808 1746 2864 Ecclesia
1759 2809 2030 2881 przeponi.

390 2897 496 2952 Sed
531 2913 598 2952 ex
631 2896 859 2967 proprio
890 2894 1022 2950 sinu
1055 2900 1173 2950 tam
1205 2897 1416 2962 clerici,
1441 2914 1616 2968 quam
1641 2897 1770 2953 laici
1797 2899 2034 2970 eligant,

395 3002 426 3056 q
439 3000 567 3038 uem
589 2983 855 3055 legaliter
872 2983 979 3039 sibi
1007 2989 1298 3054 pastorem
1315 2985 1692 3041 constituant.
1720 2986 1932 3040 Fidelis
1949 2989 2040 3040 est

393 3074 568 3139 Deus,
601 3073 701 3144 qui
734 3090 1036 3144 nunquam
1070 3074 1314 3129 deﬁcere
1364 3075 1636 3145 patiatur,
1671 3091 1740 3130 ne
1773 3074 1828 3129 in
1860 3074 2037 3146 Aqui-

390 3162 628 3218 leiensis
661 3161 922 3218 Ecclesiae
951 3167 1098 3218 cmtu
1131 3162 1266 3218 talis
1288 3163 1473 3234 possit
1499 3163 1765 3229 inveniri,
1790 3163 1891 3234 qui
1915 3179 2038 3219 me-

398 3251 512 3308 rito
545 3253 767 3307 caeteris
809 3252 1182 3324 episcopatus
1230 3229 1514 3325 dignitate
1548 3252 1732 3324 possit
1758 3229 2036 3325 praeponi.
2069 3229 2114 3297 (ἶ

400 3341 614 3396 Sancta
637 3339 892 3396 Trinitas
941 3341 1359 3396 fraternitatem
1409 3346 1660 3397 vestram
1693 3341 1890 3413 gratiae
1921 3358 2043 3396 sua:

399 3429 760 3502 protectione
790 3427 1131 3498 circumdet,
1166 3433 1341 3499 atque
1373 3429 1452 3483 ita
1482 3429 1538 3483 in
1572 3428 1798 3483 timoris
1830 3429 1922 3484 sui
1951 3430 2044 3484 via

397 3535 505 3574 nos
536 3517 766 3589 dirigat,
801 3512 867 3572 ut
919 3523 1051 3588 post
1097 3518 1227 3572 vitae
1258 3517 1436 3586 hujus
1485 3518 1938 3574 amaritudinem
1971 3519 2042 3574 ad

398 3611 673 3662 sternam
707 3605 883 3661 simul
915 3607 1211 3677 pervenire
1250 3605 1620 3662 dulcedinem
1654 3623 2004 3662 mereamur.

472 3749 684 3804 Datum
715 3749 772 3804 in
805 3749 1192 3805 sacritissima
1220 3749 1341 3805 inde
1358 3748 1515 3805 Petri
1543 3750 1811 3821 apostoli,
1846 3750 2044 3806 Idibus

402 3837 762 3906 Decembris,
789 3855 942 3894 anno
971 3837 1345 3909 pontificatus
1390 3839 1596 3894 Leonis
1651 3841 1692 3907 Ι,
1722 3840 2046 3911 imperante

404 3927 629 3983 Othone
660 3943 812 3982 anno
847 3945 908 3981 ιι.

401 4015 728 4088 disciplinae
756 4015 840 4070 sic
871 4019 1125 4081 utere,ut
1154 4016 1356 4088 culpas
1388 4017 1647 4084 ferias,et
1677 4035 1711 4073 a
1741 4017 2048 4074 dilectione

402 4120 808 4176 personarum,
834 4120 979 4175 quas
999 4105 1262 4177 corrigis,
1292 4124 1402 4161 non
1429 4111 1696 4173 recedas;
1718 4107 2046 4163 misericor-

403 4194 536 4249 dem
562 4197 711 4259 te,ut
731 4193 920 4250 virtus
941 4195 1162 4265 patitur
1183 4195 1539 4266 pauperibus
1563 4195 2048 4268 exhibe.0ppres-
2101 4269 2104 4272 ῃ

401 4283 485 4339 sis
515 4283 773 4340 defensio
789 4287 892 4339 tua
920 4284 1225 4340 subveniat
1249 4303 1262 4351 ;
1291 4285 1761 4357 opprimentibus
1783 4286 2050 4340 modesta

2145 582 2285 638 tiam
2319 581 2592 652 accipias.
2627 577 2867 634 Nullum
2902 582 3262 650 quaerentem
3288 578 3454 648 justa
3486 578 3837 650 despicias.

2218 776 2416 817 LEONIS
2457 776 2556 816 νιιι
2597 776 2758 814 ΡΛΡᾸί
2798 775 3170 813 PRIVILEGIUM
3205 775 3275 812 DE
3317 773 3748 813 INVESTITURIS.

2529 849 2715 918 (Anno
2742 849 2848 902 963
2879 849 3011 902 Dec.
3043 849 3099 914 6,
3129 848 3232 900 964
3266 846 3424 914 Jan.)

2146 939 2332 1012 [Apud
2367 942 2551 1007 Pertz,
2585 941 2941 1061 Mantumenltp
2993 936 3303 1078 Gargana:
3343 936 3631 1006 historica,
3669 939 3827 1010 Leg.

2730 1025 2844 1062 om.
2937 1049 2948 1070 ,
2987 1025 3040 1078 p.
3212 1050 3222 1060 .

2730 1025 2844 1062 om.
2883 1025 2948 1070 11,
2987 1025 3040 1080 p.
3079 1025 3222 1078 ιυυ).

2816 1100 3113 1150 ΜοκιτιιΜ.

2215 1185 2486 1240 Chartam
2522 1185 2657 1238 inde
2705 1185 2776 1238 ab
2825 1185 3135 1239 undecimo
3168 1183 3380 1238 saeculo
3412 1183 3709 1240 celebrem
3748 1202 3828 1240 ex

2147 1256 2240 1310 fol.
2281 1260 2380 1310 192
2414 1257 2632 1311 codicis
2664 1255 2916 1311 Vaticani
2967 1274 3022 1310 n.
3060 1257 3215 1324 1984,
3244 1257 3425 1326 (1975)
3459 1257 3658 1311 Romae
3698 1274 3824 1312 se-

2145 1328 2275 1382 culo
2305 1347 2359 1383 xx
2393 1335 2451 1382 et
2483 1328 2646 1382 initio
2681 1327 2876 1382 saeculi
2909 1345 2988 1381 xu
3019 1328 3233 1382 exarati
3269 1327 3562 1394 sistimus,
3601 1345 3823 1383 emen-

2145 1401 2339 1454 datam
2392 1405 2587 1454 tamen
2623 1417 2728 1470 ope
2774 1400 2991 1454 codicis
3034 1398 3278 1470 Caesarei
3324 1398 3821 1455 Vindobonensis

2144 1470 2200 1542 in
2226 1470 2486 1541 catalogo
2508 1468 2952 1542 Juris'canonici
2981 1468 3306 1530 n.105,fol.
3335 1471 3419 1540 13,
3447 1488 3624 1542 quem
3648 1472 3816 1525 Gen-

2144 1541 2364 1597 tillotus
2391 1541 2599 1595 sazculo
2623 1560 2722 1602 xu,
2748 1543 2847 1595 sed
2873 1541 3194 1612 kopitarius
3217 1547 3417 1596 noster
3437 1541 3667 1596 decimo
3694 1548 3818 1596 ter-

2144 1615 2222 1668 tio
2246 1615 2526 1683 assignat.
2554 1615 2811 1668 Tertium
2837 1613 3132 1683 exemplar
3148 1618 3334 1667 exstat
3357 1617 3415 1667 in
3444 1613 3819 1669 bibliotheca

2142 1686 2344 1742 eadem
2370 1685 2519 1740 inter
2539 1686 2708 1740 codd.
2738 1683 3215 1754 Salisburgenses
3239 1701 3298 1739 n.
3322 1685 3446 1739 323.
3484 1687 3634 1740 mbr.
3660 1701 3812 1740 sane.

2143 1775 2196 1810 x1
2231 1757 2495 1811 exeuntis
2526 1764 2626 1811 aut
2654 1773 2754 1821 x11,
2791 1755 2888 1810 fol.
2923 1757 3062 1822 104;
3095 1760 3371 1826 quartum
3405 1757 3587 1812 evolvi
3625 1758 3814 1812 Bam-

2143 1829 2329 1898 bergre
2362 1827 2416 1880 in
2452 1828 2788 1882 collectione
2819 1843 3109 1881 canonum
3143 1843 3271 1882 sese.
3306 1845 3384 1881 χιι
3415 1827 3501 1882 vel
3535 1845 3639 1882 xm
3672 1828 3810 1882 ine-

2148 1901 2306 1954 untis
2337 1900 2396 1953 C.
2439 1901 2506 1952 (il
2540 1898 2920 1971 signata,»ubi
2956 1903 3086 1969 post
3135 1899 3400 1971 notitiam
3435 1899 3503 1953 de
3546 1899 3802 1953 Adriani

2147 1972 2375 2025 decreto
2407 1976 2463 2024 et
2494 1969 2626 2025 ante
2656 1969 2896 2024 Nicolaii
2917 1987 2957 2023 ιι
2980 1969 3446 2024 constitutionem
3469 1975 3526 2024 et
3557 1986 3815 2024 concor-

2145 2043 2348 2097 datum
2365 2042 2789 2096 Wormatiense
2813 2041 3086 2107 habetur;
3113 2041 3376 2112 quintum
3399 2041 3809 2112 Cantabrigim

2145 2113 2295 2167 inter
2326 2113 2493 2168 codd.
2526 2112 2750 2184 collegii
2774 2113 3042 2183 Corporis
3075 2111 3564 2184 Christi;sextum
3586 2112 3664 2184 in
3705 2111 3812 2166 bi-

2146 2184 2432 2239 bliotheca
2463 2183 2711 2238 civitatis
2744 2184 3097 2254 Bruggensis
3129 2184 3187 2238 in
3223 2183 3509 2250 Flandria,
3541 2183 3644 2236 ubi
3680 2200 3812 2238 una

2145 2272 2279 2313 cum
2315 2255 2530 2310 Nicolai
2567 2273 2601 2309 ιι
2653 2257 3066 2309 constitutione
3113 2255 3184 2308 de
3215 2254 3494 2308 electione
3543 2271 3709 2324 papae
3744 2256 3808 2308 in

2146 2328 2342 2382 codice
2375 2327 2568 2381 saeculi
2598 2345 2694 2380 xm
2749 2328 2912 2380 Petro
2945 2329 3015 2380 de
3064 2326 3207 2394 Riga
3238 2341 3415 2396 super
3445 2330 3566 2380 tota
3617 2326 3809 2380 biblia

2147 2399 2477 2468 subjicitur.
2513 2400 2739 2470 Partem
2793 2399 2918 2467 ejus
2981 2400 3070 2451 Ivo
3123 2398 3435 2452 Panormita
3482 2396 3543 2451 L.
3579 2400 3634 2457 8,
3667 2413 3803 2470 cap.

2149 2472 2270 2536 135,
2302 2474 2360 2523 et
2409 2469 2720 2524 Gratianus
2767 2474 3002 2523 Decreto
3053 2485 3157 2522 suo
3190 2469 3328 2523 dist.
3361 2470 3452 2532 63,
3487 2485 3536 2522 c.
3580 2470 3670 2535 23,
3709 2469 3803 2522 in-

2147 2546 2486 2605 seruerunt;
2513 2542 2755 2612 integra,
2772 2541 2871 2594 sed
2898 2544 3092 2612 aperte
3115 2539 3484 2612 interpolata,
3504 2555 3578 2612 ex
3602 2539 3804 2612 codice

2147 2558 2486 2605 seruerunt;
2513 2558 2628 2594 inte
2675 2558 2755 2607 ra,
2772 2558 2871 2594 seu
2898 2558 3092 2611 aperte
3115 2558 3484 2612 interponam,
3509 2558 3578 2594 ex
3602 2558 3796 2594 conice

2147 2613 2477 2668 Florentino
2503 2612 2562 2666 in
2587 2558 2926 2666 Theoderici
2949 2612 3019 2683 de
3039 2611 3198 2665 Niem
3225 2616 3474 2666 tractatu
3499 2611 3578 2666 De
3601 2610 3796 2683 privil.

2147 2691 2201 2739 et
2224 2684 2462 2753 juribus
2490 2683 2715 2752 imperii
2743 2684 2897 2755 apud
2923 2681 3270 2755 Schardium
3296 2683 3439 2755 Coll.
3471 2681 3803 2754 oppfdeju-

2147 2755 2469 2810 risdictz'one
2498 2753 2983 2826 imperiali—Basil.
3016 2754 3175 2819 1566,
3209 2760 3266 2808 et
3286 2753 3629 2826 Goldastum
3663 2771 3802 2826 pro-

2148 2771 2469 2810 rtsazcuone
2498 2771 2782 2826 zmpermu
2814 2771 2983 2809 casu.
3016 2771 3175 2819 meo,
3209 2771 3266 2808 et
3287 2771 3629 2809 uomastum
3707 2771 3795 2808 ro-

2148 2827 2273 2880 diit.
2307 2826 2581 2881 Notitiam
2606 2827 2684 2881 rei
2717 2830 2889 2896 gestae
2912 2825 3162 2895 legimus
3193 2825 3252 2880 in
3284 2825 3433 2880 libro
3457 2826 3626 2880 tertio
3656 2771 3795 2879 Eol-

2149 2897 2414 2953 lectionis
2445 2914 2737 2952 canonum
2787 2897 3086 2968 tripartitaa
3134 2901 3191 2951 et
3220 2897 3279 2950 in
3333 2897 3574 2968 Decreto
3605 2896 3796 2968 lvonis

2151 2970 2192 3023 Ι.
2226 2972 2278 3037 8,
2313 2985 2362 3023 c.
2400 2970 2498 3022 136
2529 2969 2731 3040 (1976).
2766 2967 2963 3040 Lis’de
2992 2967 3332 3040 auctoritate
3375 2967 3585 3040 charta:
3619 2967 3794 3040 ratio-

2149 3040 2322 3096 nibus
2354 3040 2468 3112 huc
2497 3056 2684 3112 usque
2715 3039 2958 3111 prolatis
3012 3039 3611 3112 minimeconﬁcitur.
3643 3039 3794 3094 Nam

2148 3112 2347 3167 omnia
2371 3111 2470 3166 illa
2487 3110 2613 3182 quas
2631 3110 2728 3166 hic
2743 3112 2978 3182 regibus
2997 3110 3370 3166 Theutonicis
3387 3110 3791 3179 conferuntur,

2151 3183 2369 3237 scilicet
2391 3184 2492 3254 jus
2509 3188 2728 3237 certum
2748 3183 2807 3237 in
2838 3182 3102 3254 eligendo
3119 3182 3795 3254 pontiﬁce,patriciatum

2150 3259 2477 3326 Romanum
2528 3255 2706 3326 etjus
2751 3254 3042 3309 vestituraa
3092 3254 3525 3326 episcoporum,
3554 3254 3688 3309 inde
3721 3255 3793 3308 ab

2153 3325 2410 3397 antiquis
2435 3325 2796 3397 temporibus
2821 3327 2890 3381 ad
2916 3342 3016 3381 eos
3046 3325 3395 3397 pertinuisse
3421 3329 3674 3390 constat;
3693 3327 3795 3396 jus

2151 3413 2285 3453 vero
2299 3396 2691 3469 feligendifsibi
2715 3412 3112 3453 successorem
3131 3396 3268 3469 Otto
3277 3398 3401 3467 jam
3424 3401 3552 3469 tum
3572 3401 3683 3452 tem
3695 3414 3795 3469 po-

2152 3470 2254 3536 ris,
2315 3468 2812 3524 consentientibus
2869 3468 3190 3524 Germaniae
3267 3468 3626 3539 proceribus,
3684 3468 3798 3524 sibi

2153 3541 2796 3611 usurpaverat.rForma
2823 3544 3017 3596 tamen
3057 3539 3269 3595 chartis
3300 3556 3368 3595 ea
3397 3544 3507 3609 est,
3539 3556 3662 3611 quis
3695 3557 3795 3595 su-

2153 3610 2472 3684 spicionem
2507 3610 2765 3682 aliquam
2815 3616 2971 3667 certe
3003 3615 3268 3684 moveat:
3300 3627 3436 3666 nam
3470 3616 3538 3666 ut
3566 3610 3677 3666 alia
3705 3615 3798 3666 ta-

2155 3683 2340 3749 ceam,
2365 3683 2498 3754 quis
2529 3699 2789 3754 unquam
2809 3699 2960 3755 papa
2989 3683 3059 3738 de
3077 3683 3500 3755 praedecessore
3528 3699 3633 3738 suo
3662 3683 3801 3738 scri-

2156 3755 2368 3826 psisset
2390 3753 2545 3824 Cujus
2575 3756 2745 3809 vitam
2776 3753 2830 3809 et
2847 3753 3120 3810 actionem
3147 3754 3282 3809 satis
3311 3753 3610 3810 discretam
3635 3755 3796 3826 audi:

2152 3825 2351 3894 bimus,
2385 3831 2442 3881 et
2473 3826 2740 3881 Ottonem
2773 3826 2993 3881 omissa
3021 3827 3369 3897 imperatoris
3397 3843 3537 3882 voce
3568 3825 3795 3882 nonnisi

2156 3913 2337 3965 regem
2368 3898 2717 3952 Teutonicum
2745 3897 3058 3969 designari,
3079 3897 3427 3968 scrupulum
3446 3897 3682 3968 injicere
3705 3899 3795 3953 de-

2156 3970 2285 4035 bet;
2317 3973 2374 4022 et
2406 3971 2684 4040 temporis
2732 3968 3055 4041 designatio
3087 3969 3474 4041 desideratur.
3505 3970 3618 4041 Sed
3663 3985 3790 4024 cum

2156 4041 2424 4096 Ottonem
2457 4046 2512 4094 et
2532 4039 2793 4095 Leonem
2827 4039 3016 4096 fdadus
3047 4040 3281 4096 Imnerii
3310 4044 3367 4095 et
3407 4039 3674 4096 Ecclesia
3705 4057 3788 4096 re-

2158 4127 2403 4184 novasse
2433 4111 2589 4184 haud
2613 4112 2856 4166 dubium
2890 4111 3442 4184 sit,conditionibus
3464 4111 3561 4168 hic
3591 4129 3794 4184 propo-

2157 4182 2288 4238 sitis
2318 4183 2462 4238 fides
2492 4182 2648 4238 haud
2681 4183 2920 4238 omnino
2951 4183 3297 4255 abneganda
3323 4183 3453 4238 erit.

2501 4271 2868 4342 Privitegium
2898 4272 3094 4327 Leonis
3118 4272 3290 4342 Papae
3323 4273 3465 4328 VIII.

2228 4357 2508 4414 Convenit
2538 4358 2857 4430 apostolico
2889 4359 3290 4415 moderamine
3319 4357 3676 4430 pollentibus
3705 4359 3795 4415 be-

1983 4470 2212 4527 NOT/E.

476 4561 663 4630 (1975)
694 4559 856 4614 Unde
887 4563 946 4614 et
974 4559 1033 4613 in
1065 4558 1296 4616 Baronii
1326 4564 1478 4614 Ann.
1511 4558 1650 4613 edit.
1686 4563 1819 4613 Luc.
1855 4562 2046 4614 trans-

407 4633 596 4688 crinta
621 4635 730 4687 est.

482 4649 990 4774 l(iiiloi'g)mliopitario
1032 4707 1228 4774 nostro
1279 4702 1501 4774 textum
1535 4697 1724 4754 Ivonis
1769 4699 1830 4774 in
1858 4701 2053 4757 codice

409 4769 666 4830 Czesareo
689 4769 1122 4829 Vindobonensi
1141 4773 1289 4824 inter
1301 4769 1772 4842 Salisburgenses
1787 4772 2051 4828 Nro.323.

410 4846 561 4900 mbr.
587 4861 718 4900 suae.
752 4863 806 4899 x1
838 4846 1100 4900 exeuntis
1125 4850 1225 4917 aut
1253 4858 1331 4917 χιι
1353 4842 1636 4917 debemus
1671 4859 1682 4896 :
1718 4866 1744 4891 ‹‹
1776 4849 1882 4917 Leo
1905 4862 2054 4917 papa

409 4921 780 4988 congregata.
813 4918 993 4988 Rome
1023 4913 1243 4988 synodo
1275 4914 1344 4988 in
1359 4911 1603 4988 ecclesia
1633 4916 1820 4988 sancti
1853 4911 2052 4971 Salva-

408 4984 573 5055 toris,
607 4984 677 5043 a'd
709 4984 1222 5059 exemplum_:bea_ti
1271 4984 1502 5059 Adriani
1532 4985 1864 5059 apostolicae
1895 4989 2054 5044 sedis

407 5061 663 5133 episcopi
682 5062 780 5133 qui
797 5055 1011 5133 domno
1031 5055 1235 5133 Karolo
1252 5055 1730 5133 victoriosissimo
1746 5059 1863 5133 regi
1885 5059 2057 5115 Fran-

407 5128 1230 5201 corum'et‘Longobardorum
1257 5128 1593 5201 patriciatus
1612 5128 1959 5200 dignitatem
1987 5148 2053 5187 ac

405 5206 832 5261 ordinationem
866 5201 1193 5275 apostolicae
1217 5201 1370 5256 sedis
1404 5206 1459 5256 et
1489 5203 1896 5275 investituram
1929 5205 2050 5275 epi-

405 5293 714 5350 scOporum
747 5273 1054 5350 concessit.
1088 5274 1204 5346 Ego
1237 5273 1612 5350 quoque_Deo
1637 5291 1838 5329 servus
1855 5273 2053 5350 servo-

405 5345 535 5406 rum
569 5347 669 5406 Dei
700 5347 1009 5418 episcopus
1039 5362 1172 5418 cum
1203 5351 1411 5400 cuncto
1431 5345 1585 5401 clero
1616 5361 1682 5401 ac
1705 5345 1918 5417 populo
1950 5346 2054 5403 Ro-

407 5439 580 5478 mano
611 5417 1049 5484 constituimus,
1080 5417 1387 5472 ﬁrmamus
1416 5420 1472 5488 et
1501 5418 1970 5488 corroboramus,
1997 5423 2054 5475 et

405 5509 508 5564 per
538 5493 797 5564 nostram
831 5488 1211 5564 apostolicam
1244 5487 1649 5564 auctoritatem
1675 5487 2051 5564 concedimus

405 5559 584 5634 atque
605 5559 890 5634 largimur
915 5562 1129 5615 domno
1148 5559 1338 5634 0_t_toni
1358 5560 1547 5634 primo
1569 5559 1689 5631 regi
1705 5561 2051 5634 Teutonico-

404 5630 536 5689 rum
583 5630 827 5712 ejusque
879 5631 1319 5712 successoribus
1367 5630 1546 5712 hujus
1578 5630 1738 5712 regni
1771 5631 1948 5685 Italiae
1992 5633 2050 5686 in

405 5699 900 5777 perpetuum,tam
914 5702 1027 5760 sibi
1045 5699 1378 5758 facultatem
1389 5699 2050 5770 eligendisuccessorem

2130 4578 2167 4633 q
2194 4577 2330 4616 uam
2346 4577 2593 4617 summie
2614 4561 2770 4616 sedis
2783 4560 3109 4632 apostolicae
3123 4560 3460 4633 pontificem
3472 4560 3794 4618 ordinandi.

2161 4639 2243 4705 Ac
2274 4649 2374 4704 per
2403 4634 2511 4688 hoc
2532 4633 3003 4705 archiepiscopos
3027 4648 3129 4688 seu
3160 4632 3467 4705 episcopos
3491 4637 3559 4687 ut
3590 4635 3660 4688 ab
3679 4634 3794 4705 ipso

2161 4703 2563 4760 investituram
2578 4703 3428 4773 susei‘piant’,consecrationem
3444 4710 3642 4760 autem
3655 4703 3796 4762 unde

2163 4776 2418 4848 debent;
2451 4777 2705 4848 exceptls
2743 4775 2847 4831 bis
2879 4793 3027 4848 quos
3074 4776 3406 4848 imperator
3441 4775 3696 4846 pontifici
3735 4793 3796 4832 ex

2165 4845 2618 4919 archiepiscopis
2639 4845 3023 4919 concessit.Et
3041 4850 3104 4919 ut
3127 4845 3298 4919 nemo
3319 4845 3596 4919 deinceps
3618 4848 3796 4919 cujus-

2163 4917 2397 4990 cunque
2427 4917 2732 4990 dignitatis
2761 4918 2849 4974 vel
2898 4917 3200 4989 religionis
3228 4917 3479 4990 eligendi
3509 4917 3600 4990 vel
3631 4917 3794 4990 patri-

2164 4988 2320 5046 cium
2350 4989 2471 5044 sive
2497 4988 2835 5061 pontiﬁcem
2865 4988 3112 5061 summa:
3143 4988 3796 5061 sedisiapostolicieaut

2164 5059 2574 5134 quemcunque
2605 5062 2944 5134 episcOpum
2972 5059 3288 5134 ordinandi
3325 5059 3540 5134 habeat
3569 5060 3795 5117 faculta-

2161 5131 2278 5188 tem
2310 5131 2532 5205 absque
2562 5131 2850 5189 consensu
2873 5132 3060 5205 ipsius
3089 5131 3461 5205 imperatoris
3492 5150 3506 5200 ;
3539 5135 3689 5204 quod
3720 5137 3796 5188 ta-

2164 5220 2296 5277 men
2331 5203 2451 5258 fiat’
2473 5205 2694 5277 absque
2727 5203 2911 5277 omnii
2933 5203 3201 5277 pecunia.
3235 5203 3304 5257 Et
3333 5207 3404 5277 ut
3426 5203 3675 5277 ipsesit
3703 5221 3794 5276 pa-

2161 5275 2369 5348 tricius
2395 5280 2454 5331 et
2484 5275 2615 5332 rexf
2635 5275 2852 5342 Quodsi
2883 5292 2917 5330 a
2947 5275 3098 5348 clero
3141 5279 3199 5330 et
3232 5275 3446 5348 populo
3466 5275 3793 5348 episcopus

2162 5347 2299 5419 quis
2325 5346 2593 5418 eligatur,
2610 5349 2722 5405 nisi
2755 5365 2790 5403 a
2818 5346 3318 5419 supradictorege
3345 5346 3621 5403 laudetur
3641 5346 3792 5405 etin-

2159 5417 2462 5486 vestiatur,
2511 5436 2626 5476 non
2671 5417 3062 5476 consecretur.
3113 5417 3174 5486 Si
3223 5418 3358 5486 quis
3403 5423 3613 5476 contra
3654 5419 3791 5475 hanc

2163 5487 2542 5559 apostolicam
2593 5491 2996 5548 auctoritatem
3047 5487 3269 5560 aliquid
3317 5487 3618 5560 moliatur,
3647 5491 3791 5547 hunc

2161 5561 2750 5634 excommunicationi
2795 5562 3097 5634 subjacere
3145 5560 3536 5634 decernimus,
3588 5567 3644 5618 et
3685 5561 3792 5618 nisi

2161 5631 2854 5713 resipue‘ritinrejocabili
2883 5631 3056 5713 exilio
3073 5631 3269 5704 puniri
3297 5631 3383 5690 vel
3417 5631 3644 5691 ultimis
3663 5652 3795 5708 sup-

2160 5701 2351 5776 pliciis
2381 5701 2558 5761 feriri.
2591 5706 2838 5779 Explicit
2866 5701 3187 5763 decretum.
3220 5725 3250 5755 »
