3970 6212
152 467 328 535 4005

162 695 449 766 tigarent,
471 709 607 748 cum
631 708 830 747 secum
853 697 1200 762 quarerent,
1222 694 1457 748 tandem
1480 692 1721 749 consilio
1740 693 1820 747 in-

161 790 365 853 vento,
390 788 454 837 ut
484 782 799 853 episcopus
820 780 1100 837 invitetur
1126 782 1243 852 regi
1277 788 1601 853 suggerunt
1628 799 1639 837 :
1666 782 1818 852 quod

162 874 265 929 ille
290 871 667 928 devotissime
687 870 1067 943 amplectens,
1089 888 1220 926 mox
1234 872 1359 926 sine
1379 872 1653 926 dilatione
1674 870 1822 941 lega-

164 962 245 1018 tis
278 960 542 1027 directis,
579 966 639 1014 ut
679 960 748 1015 ad
780 976 842 1015 se
864 959 1175 1030 episcopus
1197 961 1354 1014 omni
1382 960 1721 1015 festinantia
1744 962 1822 1015 fa-

165 1052 362 1123 tigare
391 1066 451 1106 se
483 1050 759 1121 dignetur
801 1049 1079 1121 exposcit.

243 1141 298 1195 4.
335 1140 449 1193 Nec
484 1154 664 1204 mora,
702 1138 1156 1208 faciuntjussa:
1209 1138 1545 1209 episcopum
1581 1140 1820 1201 adeunt,

164 1246 413 1286 causam
446 1228 809 1283 invitationis
843 1246 955 1282 non
990 1228 1114 1282 sine
1160 1227 1316 1282 luctu
1368 1234 1684 1298 exponunt.
1722 1228 1821 1282 Ille

163 1336 328 1384 vero,
363 1317 559 1371 audito
590 1334 727 1371 casu
762 1316 954 1383 amici,
991 1322 1150 1371 totus
1182 1318 1390 1387 spiritu
1416 1318 1817 1381 conturbatus,

166 1408 319 1463 ﬂens
353 1405 727 1476 multumque
758 1422 1018 1476 gemens.
1053 1411 1252 1460 vocato
1284 1406 1594 1473 comitatu,
1617 1406 1817 1459 statim

166 1510 483 1569 properare
514 1512 626 1550 non
659 1494 910 1549 distulit.
962 1494 1075 1550 Nec
1126 1496 1322 1549 minus
1376 1496 1595 1548 interea
1625 1512 1718 1548 rex
1750 1495 1818 1548 ad

164 1586 490 1639 adventum
507 1583 802 1654 pontificis
818 1583 1455 1653 impatiens,egrcssus,
1472 1600 1668 1637 senem
1684 1583 1821 1637 emi-

166 1690 284 1729 nus
310 1672 681 1729 festinantem
717 1673 1117 1744 conspicatus,
1160 1672 1304 1727 fusis
1330 1671 1822 1743 lacrymis,velato

169 1761 386 1833 capite,
413 1761 834 1817 comitantibus
893 1760 1097 1815 multis
1151 1765 1323 1831 atque
1367 1760 1823 1831 lacrymantibus

168 1851 432 1922 stipatus
453 1849 724 1906 occurrit.
746 1849 1005 1913 Quicum
1027 1865 1089 1904 se
1109 1848 1355 1905 invicem
1378 1848 1545 1904 solito
1568 1848 1823 1905 salutare

1413 469 1516 531 DE
1560 468 1750 531 VITA
1798 467 1863 528 S.
1910 467 2356 533 ARBOGASTI

159 603 357 662 sionis
377 602 531 661 facto
555 618 705 675 opus
725 599 823 667 sit,
848 605 905 657 et
931 602 1222 674 quomodo
1254 602 1407 675 regis
1430 602 1686 659 dolorem
1712 603 1821 658 mi-
1853 603 1907 669 Α

3427 465 3582 532 «ωδ

2008 606 2061 658 6.
2100 603 2282 676 Igitur
2302 604 2402 674 qui
2426 603 2517 659 hic
2539 602 2729 661 ofﬁcio
2752 604 2995 661 aderant
3022 601 3338 661 clamorem
3378 605 3557 680 gaudi

1931 694 2157 749 diutius
2179 693 2447 749 cohibere
2472 710 2585 750 non
2610 699 2907 766 poterant:
2932 695 3073 767 quin
3100 694 3278 751 libere
3302 701 3577 768 eruptum

1930 784 2170 853 atrium,
2202 800 2552 855 omnemque
2585 784 2780 839 aulam
2812 785 2963 857 regis
2984 786 3298 841 vociferatu
3320 787 3575 843 maximo

1931 872 2270 945 implebant.
2301 876 2421 938 Quo
2445 889 2648 929 omnes
2674 891 2707 929 a
2742 890 2948 930 somno
2979 876 3229 940 excussi,
3263 875 3376 931 huc
3407 876 3573 931 illuc-

1931 980 2042 1033 que
2074 963 2500 1026 discurrebant,
2533 980 2769 1018 causam
2796 964 2942 1018 tanti
2967 965 3195 1020 sonitus
3215 964 3572 1037 ignorantes.

1930 1052 2163 1106 Necnon
2186 1052 2309 1122 ipse
2328 1068 2445 1117 rex,
2470 1052 2567 1123 qui
2592 1057 2729 1106 tunc
2749 1052 3000 1121 primum
3017 1070 3223 1125 parum
3247 1054 3437 1109 somni
3455 1071 3576 1110 car-

1932 1140 2123 1211 pebat,
2149 1141 2479 1207 exterritus,
2508 1157 2642 1195 nam
2669 1142 2918 1195 nimium
2944 1143 3133 1197 tristis
3154 1147 3275 1198 tota
3295 1148 3462 1199 nocte
3480 1144 3574 1214 ja-

1930 1229 2783 1293 cebatinsomnis,cubiculum,
2804 1230 2901 1283 ubi
2917 1235 3118 1285 tantus
3136 1232 3575 1301 fragorexortus

1931 1322 2037 1382 est,
2068 1316 2316 1371 festinus
2342 1318 2603 1371 incurrit.
2631 1319 2855 1380 Quanta
2880 1319 3077 1373 latitia
3100 1336 3197 1374 cor
3225 1322 3352 1390 ejus
3376 1322 3575 1391 pulsa-

1928 1407 2093 1473 verit,
2121 1407 2259 1459 fusa
2286 1424 2385 1475 pro
2410 1406 2622 1475 gaudio
2676 1406 2939 1477 lacryma
2988 1414 3298 1477 testantur,
3324 1426 3455 1463 cum
3488 1427 3574 1465 re-

1930 1496 2209 1549 viviscere
2232 1496 2375 1549 vidit
2398 1512 2499 1565 pro
2527 1512 2662 1565 quo,
2696 1496 2743 1547 si
2780 1512 2909 1549 eum
2939 1499 3238 1567 reciperet,
3271 1498 3397 1568 ipse
3427 1498 3574 1553 mori

1932 1585 2286 1655 concupivit.
2312 1585 2521 1639 Vocata
2540 1589 2723 1638 mater
2740 1586 2809 1638 ad
2832 1586 2976 1639 tanti
2999 1586 3100 1639 viri
3122 1587 3296 1656 pedes
3318 1587 3576 1657 festinat,

1932 1673 2069 1744 quia
2099 1690 2197 1728 cor
2226 1675 2353 1743 ejus
2382 1674 2545 1727 triste
2590 1674 2747 1728 illius
2793 1674 2957 1728 vivus
3007 1674 3319 1739 mulcebat,
3352 1691 3575 1731 necnon

1932 1778 2137 1817 omnes
2155 1764 2255 1833 qui
2278 1763 2349 1817 ad
2374 1763 2550 1816 funus
2568 1763 2900 1817 deﬂendum
2926 1764 3341 1831 conﬂuxerant,
3362 1763 3575 1835 gaudio

1934 1850 2134 1920 repleti
2166 1852 2237 1906 ad
2272 1851 2719 1906 admirationem
2766 1852 3121 1923 resurgentis
3161 1853 3325 1922 pueri
3356 1853 3576 1925 quique

172 1944 472 2013 pararent,
498 1956 613 2010 pra
633 1939 813 1994 nimio
835 1938 1033 1993 dolore
1056 1939 1247 1993 cordis
1283 1956 1389 1994 vox
1423 1939 1669 1994 hasitin
1692 1943 1821 2009 gut-
1853 1974 1902 2039 B
1935 1956 2037 2011 pro
2068 1940 2200 1995 aliis
2230 1940 2310 1994 ire
2351 1940 2725 1994 festinabant.

180 2035 328 2086 ture.
343 2029 639 2092 Quantum
653 2028 1046 2100 lacrymarum
1068 2042 1138 2083 ex
1158 2031 1402 2099 utraque
1424 2033 1585 2100 parte
1600 2029 1821 2097 ﬂueret,

179 2117 327 2173 nulli
363 2116 664 2189 cognitum
709 2132 837 2172 esse
879 2115 1111 2188 poterit.
1165 2118 1422 2173 Tandem
1456 2116 1618 2172 luctu
1646 2117 1823 2172 satia-

178 2209 219 2261 ti
261 2208 337 2279 (9)
398 2211 692 2262 transacto
750 2206 922 2277 longo
982 2204 1191 2275 spatio,
1252 2207 1423 2261 tersis
1474 2206 1822 2276 luminibus,

177 2300 362 2351 ruunt
392 2295 448 2349 in
482 2294 680 2349 oscula
711 2294 916 2349 amicis
944 2295 1361 2350 salutantibus.
1388 2297 1473 2349 Ad
1500 2297 1823 2351 orationem

172 2385 442 2457 procedit
462 2384 770 2456 episcopus
816 2401 911 2440 rex
928 2402 1061 2440 cum
1084 2385 1210 2440 suis
1228 2384 1447 2456 alonge
1464 2389 1821 2441 estsecutus.

169 2474 290 2529 Nec
317 2474 513 2529 minus
536 2472 757 2544 regina,
780 2479 1077 2545 comperto
1101 2474 1287 2529 sancti
1321 2474 1427 2528 viri
1453 2474 1723 2540 adventu,
1760 2480 1823 2528 ut

170 2562 413 2617 Martha
430 2562 515 2616 vel
542 2562 725 2617 Maria
741 2579 844 2634 pro
872 2563 1067 2631 fratre,
1094 2564 1222 2619 fusa
1244 2563 1537 2635 lacrymis,
1560 2562 1822 2635 singultu

169 2656 381 2723 pectus
404 2650 720 2722 quatiente,
747 2652 845 2705 sed
890 2654 1214 2707 verecundo
1237 2653 1456 2723 pudore
1478 2651 1645 2707 vultu
1678 2654 1823 2707 sub-

171 2739 378 2806 misso,
404 2740 475 2795 ad
498 2739 751 2811 episcopi
776 2741 1029 2795 ﬂectitur
1049 2758 1257 2812 genua,
1276 2758 1377 2813 pro
1394 2740 1510 2795 tilio
1528 2745 1819 2810 rogatura.

173 2829 363 2892 Quam
396 2828 494 2883 ille
525 2828 860 2884 submissus
887 2846 1066 2885 manu
1098 2830 1345 2901 erigens,
1376 2831 1515 2901 quid
1550 2830 1685 2885 velit
1707 2848 1821 2885 non

170 2922 362 2987 rogat,
400 2916 491 2988 pie
514 2918 827 2972 admodum
864 2918 1195 2989 intelligens
1218 2920 1354 2989 quid
1383 2918 1681 2989 singultus
1713 2920 1821 2973 im-

171 3006 383 3078 plorat.

243 3097 296 3149 4.
336 3094 590 3167 Denique
613 3096 855 3166 jejunus
888 3112 1019 3151 mox
1061 3096 1363 3151 ecclesiam
1407 3097 1729 3168 ingressus,
1763 3098 1819 3151 in

170 3184 437 3240 oratione
468 3184 850 3254 pernoctavit,
878 3185 1185 3239 Dominum
1214 3202 1312 3256 pro
1348 3201 1527 3255 puero
1547 3187 1817 3256 depreca-

169 3279 367 3329 turus.
401 3274 724 3338 Quomodo,
770 3277 870 3327 aut
920 3274 1136 3344 quibus
1185 3274 1375 3327 verbis
1404 3275 1671 3341 oraverit,
1708 3291 1819 3330 non

2003 2031 2057 2084 7.
2089 2031 2207 2085 Rex
2226 2045 2382 2100 ergo,
2413 2046 2484 2084 ne
2505 2046 2727 2084 moram
2761 2030 2973 2085 faceret
3016 2030 3289 2101 episcopo
3308 2031 3572 2102 domum,

1936 2119 2406 2174 nelaudaretura
2428 2120 2641 2191 populo
2664 2119 2983 2185 festinanti,
3007 2118 3320 2174 consilium
3342 2134 3575 2175 cumre-

1934 2208 2072 2279 gina
2102 2208 2267 2263 duxit
2294 2209 2586 2279 quomodo
2612 2212 2881 2263 sanctum
2912 2213 3329 2275 remuneraret,
3360 2207 3460 2280 qui
3490 2208 3576 2264 eis

1936 2303 2098 2353 tanta
2132 2299 2411 2353 beneﬁcia
2440 2300 2583 2354 adeo
2616 2303 2932 2370 prastaret.
2966 2300 3211 2363 Aurum,
3243 2302 3573 2371 argentum,

1935 2404 2297 2458 quacunque
2327 2386 2805 2459 concupiseibilia
2833 2391 2891 2443 et
2907 2388 3060 2459 regis
3080 2388 3254 2443 domo
3276 2388 3579 2445 honorabi-

1935 2476 2077 2530 liora
2100 2476 2156 2530 in
2182 2476 2474 2531 thesauris
2499 2476 2756 2531 invenire
2773 2480 3057 2547 poterant,
3073 2475 3420 2547 gratissima
3439 2490 3579 2547 pra-

1934 2565 2085 2635 cepit
2106 2565 2317 2629 oﬂ‘erri,
2348 2564 2650 2619 humiliter
2665 2565 3003 2635 deprecans,
3020 2569 3082 2618 ut
3104 2565 3361 2636 accipere
3375 2563 3580 2637 digna-

1935 2659 2130 2719 retur;
2168 2671 2294 2724 qua
2323 2659 2561 2709 sanctus
2610 2654 2696 2708 vir
2746 2654 3004 2725 accipere
3053 2654 3340 2719 devitans,
3372 2652 3488 2711 ait:
3521 2651 3579 2707 Si

1933 2741 2153 2813 aliquid
2178 2759 2279 2813 pro
2305 2742 2625 2813 gratiarum
2645 2742 2871 2797 actione
2888 2742 3001 2798 Deo
3020 2742 3225 2799 oﬂ'erre
3242 2747 3299 2798 te
3313 2741 3581 2810 delectet,

1932 2832 2003 2886 ad
2028 2832 2360 2903 augendum
2385 2832 2484 2886 Dei
2512 2831 2769 2886 officium
2791 2830 2850 2885 in
2892 2831 3146 2887 ecclesia
3178 2832 3356 2887 beata
3380 2831 3579 2889 Matris

1932 2921 2170 2990 Christi,
2196 2920 2366 2990 cujus
2391 2922 2613 2975 meritis
2636 2920 2822 2975 tilium
2845 2921 3039 2975 vivum
3062 2918 3351 2992 recepisti,
3375 2921 3577 2977 termi-

1934 3026 2038 3063 nos
2064 3010 2209 3079 ejus,
2236 3010 2335 3079 qui
2359 3010 2589 3080 angusti
2611 3014 2748 3064 sunt
2766 3010 2835 3063 ad
2856 3013 3087 3064 tantum
3111 3007 3411 3064 servitium
3435 3007 3576 3064 dila-

1931 3102 2057 3154 tare
2113 3098 2311 3170 aliqua
2342 3103 2502 3170 parte
2525 3099 2685 3170 regni
2716 3097 2824 3163 tui,
2855 3102 2917 3153 ut
2944 3098 3019 3174 sit
3048 3098 3105 3152 in
3140 3098 3577 3153 usufructuario

1931 3188 2008 3243 ibi
2042 3186 2430 3243 servientibus
2463 3188 2729 3257 Domino,
2758 3186 2807 3240 si
2842 3186 2922 3241 ita
2948 3185 3116 3256 regia
3140 3186 3429 3256 majestati
3456 3184 3579 3255 pla-

1937 3282 2047 3341 cet,
2084 3276 2297 3348 poteris
2328 3293 2340 3331 :
2375 3276 2512 3346 quia
2540 3276 2767 3329 firmius
2799 3274 2907 3329 hoc
2966 3290 3030 3328 ac
3089 3273 3360 3328 stabilius
3389 3277 3479 3328 est
3507 3274 3581 3328 ad

168 3366 333 3434 patet
364 3379 377 3429 ;
403 3361 542 3433 quid
567 3368 763 3416 autem
790 3362 1206 3433 impetraverit,
1232 3379 1342 3417 non
1368 3362 1531 3416 latet.
1574 3363 1717 3418 Nam
1756 3365 1819 3417 ti-
1855 3344 1897 3411 Ο
1938 3344 2357 3421 beati—tudinem
2388 3344 2574 3433 tuam,
2607 3368 2961 3433 tuorumque
3011 3360 3448 3433 procedentium
3480 3377 3582 3431 pa-

169 3451 297 3506 nita
327 3450 587 3505 oratione
618 3452 731 3521 (10)
762 3451 875 3505 diei
920 3451 1286 3507 advenientis
1318 3452 1659 3522 crepusculo
1691 3470 1823 3506 cum

167 3556 351 3610 sopor
382 3537 763 3608 gravissimus
810 3540 1088 3594 mortales
1137 3538 1285 3594 solet
1335 3556 1638 3609 occupare,
1672 3543 1824 3594 lento

167 3629 316 3700 pede
341 3627 411 3681 ad
439 3644 681 3698 puerum
708 3627 1029 3697 ingressus,
1050 3629 1249 3699 ejectis
1272 3629 1547 3682 omnibus
1570 3630 1639 3683 ad
1664 3645 1823 3683 exse-

168 3717 343 3788 quias
370 3716 772 3788 vigilantibus,
796 3716 956 3771 ﬂexis
979 3717 1247 3788 genibus,
1278 3716 1586 3771 committit
1607 3734 1666 3770 se
1690 3717 1823 3771 bea-

168 3811 241 3859 ta
272 3805 465 3860 Maria
482 3805 816 3876 patrociniis
831 3810 894 3859 ut
916 3805 1034 3873 illa,
1056 3823 1181 3878 qua
1202 3806 1379 3860 vitam
1404 3806 1624 3877 genuit,
1646 3807 1821 3859 vitam

170 3910 355 3967 puero
386 3894 730 3965 impetraret
761 3911 793 3948 a
828 3894 967 3949 Filio
1001 3896 1111 3965 (11)
1141 3910 1154 3949 :
1210 3912 1343 3949 nam
1397 3894 1562 3949 aliter
1592 3912 1703 3949 non
1738 3900 1825 3950 est

172 4000 357 4037 ausus
384 3982 500 4037 tale
522 3982 743 4053 aliquid
786 3987 1009 4038 tentare
1034 3984 1142 4038 nisi
1168 3983 1268 4039 illa
1290 4001 1391 4055 pro
1417 4001 1477 4038 se
1508 3984 1820 4039 Dominum

170 4071 519 4143 dignaretur
541 4071 826 4126 invocare.
850 4072 997 4137 Quid
1024 4072 1178 4127 enim
1205 4074 1446 4143 ageret?
1478 4075 1628 4127 Inter
1658 4090 1819 4143 spem

172 4164 526 4231 metumque
557 4160 840 4231 trepidus,
874 4166 1135 4233 optatum
1174 4162 1421 4215 instanti
1451 4162 1821 4216 orationeex-

169 4254 401 4322 spectat
431 4248 737 4305 auxilium.
785 4251 899 4306 Nec
948 4250 1255 4322 suspendit
1301 4249 1522 4305 diutius
1554 4251 1685 4321 pius
1718 4259 1820 4305 Ar-

171 4339 399 4394 chiater
420 4338 710 4393 famulum
735 4356 908 4394 suum
934 4340 1034 4412 qui
1058 4340 1139 4393 ita
1170 4340 1541 4411 sperantibus
1566 4340 1619 4393 in
1649 4356 1708 4395 se
1730 4358 1819 4395 so-

164 4427 343 4482 litum
368 4428 592 4483 confert
616 4429 959 4483 remedium.
987 4429 1142 4484 Inter
1162 4429 1447 4484 orandum
1468 4428 1619 4483 enim
1658 4446 1818 4499 puer,

165 4517 343 4590 quasi
394 4517 465 4571 de
516 4517 677 4588 gravi
728 4535 933 4574 somno
993 4517 1301 4582 excitatus,
1359 4522 1528 4588 caput
1583 4518 1817 4584 extulit;

164 4607 444 4672 somniet,
480 4623 552 4660 an
586 4606 802 4679 vigilet,
834 4609 1217 4679 stupefactus.
1254 4608 1507 4661 Sanctus
1529 4624 1663 4675 ergo
1688 4624 1818 4660 cum

1936 3458 2114 3519 trum,
2146 3456 2202 3505 et
2259 3451 2631 3523 sequentium
2694 3454 3059 3522 posterorum
3108 3448 3585 3521 promerendam,

1936 3557 2113 3613 quam
2149 3557 2380 3607 aurum,
2414 3540 2562 3609 quod
2599 3537 2820 3604 oculos,
2872 3554 3004 3593 cum
3034 3538 3284 3605 videtur,
3314 3535 3587 3605 delectat,

1938 3638 1993 3686 et
2024 3646 2139 3698 cor,
2175 3646 2305 3683 cum
2342 3628 2633 3700 perditum
2668 3628 2861 3693 fuerit,
2904 3626 3227 3682 contristat.

2007 3724 2059 3774 8.
2091 3719 2271 3782 Quam
2297 3717 2755 3790 pr0positionem
2783 3715 3073 3788 pontiﬁcis
3100 3733 3197 3771 rex
3219 3714 3584 3789 gratulanter

1934 3808 2289 3879 amplectens
2321 3832 2333 3873 ;
2368 3807 2489 3871 ubi,
2524 3805 2732 3877 inquit,
2764 3806 3021 3861 invenire
3046 3808 3366 3877 poterimus
3388 3804 3580 3861 locum

1932 3897 2131 3965 talem,
2151 3896 2249 3968 qui
2266 3901 2545 3968 congruat
2560 3897 2629 3951 ad
2649 3896 3015 3950 serviendum
3033 3895 3199 3950 Matri
3215 3895 3464 3950 calestis
3480 3894 3584 3949 Re-

1934 3986 2043 4057 gis,
2080 3988 2249 4057 cujus
2280 3992 2419 4040 sunt
2450 3986 2721 4040 universa
2744 3985 2802 4039 in
2826 3984 2987 4039 caelis
3008 3989 3064 4038 et
3084 3984 3141 4037 in
3166 3983 3337 4037 terris
3357 3981 3384 4033 ‘?
3404 3982 3578 4036 Cum-

1935 4090 2047 4144 que
2078 4074 2197 4128 hac
2230 4090 2428 4128 secum
2478 4073 2754 4141 volveret,
2803 4077 3175 4141 mentemque
3213 4086 3316 4141 per
3342 4084 3574 4124 omnem

1932 4162 2219 4216 Alsaciam
2256 4166 2573 4231 spargeret,
2603 4160 2787 4214 sicubi
2822 4160 2955 4213 talis
2989 4159 3133 4213 forte
3164 4158 3327 4213 locns
3357 4156 3577 4211 inveni-

1934 4254 2111 4316 retur,
2128 4248 2225 4320 qui
2242 4254 2413 4303 tantae
2428 4248 2759 4302 donationis
2777 4252 2949 4318 aptus
2962 4244 3575 4312 baberetur;occurrit-

1932 4338 2125 4394 animo
2158 4337 2517 4391 Rubiacham
2577 4338 2688 4405 (12)
2747 4336 3026 4406 oppidum
3086 4334 3311 4389 cunctis
3342 4333 3570 4399 usibus,

1933 4429 1987 4482 id
2014 4432 2121 4492 est,
2140 4430 2300 4499 agrts
2324 4423 2593 4491 amomis,
2614 4424 2860 4495 campis,
2880 4422 3061 4492 silvis,
3078 4422 3269 4494 aquis,
3289 4421 3571 4492 adificiis,

1933 4517 2163 4590 populis
2195 4513 2731 4587 Opulentissimum,
2766 4528 3010 4567 summa
3043 4512 3253 4583 regina
3289 4512 3347 4565 in
3380 4511 3574 4567 dotem

1932 4606 2259 4662 convenire.
2292 4604 2406 4658 Nec
2438 4601 2665 4656 distulit
2711 4618 2825 4667 rex,
2872 4607 3002 4655 voto
3050 4601 3286 4656 tandem
3318 4600 3574 4667 invento,

164 4694 297 4771 spei
320 4694 443 4747 ﬁxa
465 4693 522 4747 in
554 4695 729 4749 Deum
756 4696 1020 4767 cognovit
1043 4695 1514 4765 eventum,lzetus
1534 4696 1813 4762 accessit;
1847 4708 1893 4771 D
1931 4696 2274 4751 cancellario
2308 4710 2439 4748 mox
2465 4691 2646 4747 accito
2678 4692 2789 4761 (l3)
2824 4706 3018 4744 coram
3043 4688 3428 4759 optimatibus
3451 4687 3577 4744 suis

164 4800 425 4857 puerum
449 4784 642 4837 vivum
663 4784 877 4840 erexit:
905 4784 1122 4839 vocatis
1146 4785 1512 4849 ofﬁcialibus,
1538 4784 1699 4837 illum
1724 4784 1816 4837 in-

165 4871 474 4927 dumentis
497 4872 625 4927 exui
641 4872 812 4943 jubet
832 4873 1197 4942 funebribus,
1220 4877 1276 4927 et
1292 4873 1507 4946 quibus
1526 4878 1659 4927 ante
1676 4890 1818 4930 usus

163 4966 259 5016 est
291 4960 656 5015 indumentis
688 4960 851 5016 indui
900 4961 1209 5032 regalibus.

238 5086 319 5156 (9)
352 5086 516 5148 Quod
549 5086 817 5156 sequitur
872 5103 1058 5157 usque
1116 5087 1187 5141 ad
1247 5087 1538 5155 Quomodo,
1572 5090 1667 5141 aut
1696 5088 1816 5157 qui-

166 5159 266 5214 bus
306 5158 487 5212 verbis
517 5159 775 5220 oraverit,
808 5159 1174 5213 desideratur
1204 5158 1261 5211 in
1312 5158 1442 5212 Vita
1490 5159 1813 5228 impressa:

160 5229 528 5285 conveniunt
583 5234 780 5283 tamen
842 5229 936 5284 hic
996 5229 1147 5283 inter
1211 5246 1272 5284 se
1330 5229 1667 5301 apograpba
1722 5246 1819 5283 no-

162 5306 353 5444 ειῗῖὸ)
390 5373 473 5425 Ita
503 5376 830 5444 consonant
861 5388 1006 5426 mss.
1041 5371 1141 5425 sed
1180 5371 1258 5444 _in
1318 5371 1625 5444 impressis
1655 5372 1818 5425 Actis

163 5442 335 5499 deest
365 5443 522 5514 quod
564 5443 834 5514 sequitur
893 5458 1081 5513 usque
1127 5442 1219 5495 ad.
1266 5485 1277 5496 .
1324 5483 1335 5495 .
1381 5483 1395 5496 .
1427 5442 1607 5509 ejectis
1637 5444 1819 5496 omni-

164 5518 529 5659 ὁῗιῖ11μ1ἱῐιῡ
584 5600 772 5659 usque
830 5586 900 5659 ad
959 5579 1819 5659 initium_sequentis‘numcri

169 5650 453 5730 pleraque
480 5650 835 5730 omittuntur
857 5657 923 5730 in
956 5653 1259 5725 impressis
1287 5679 1299 5719 ;
1335 5650 1617 5729 nonnulla
1643 5652 1819 5730 etiam

167 5727 478 5786 variantur
507 5744 519 5780 :
554 5727 909 5798 exemplaria
938 5730 1132 5780 tamen
1166 5741 1307 5798 mss.
1336 5727 1707 5798 conveniunt.

240 5803 354 5873 (12)
385 5798 577 5870 Vulgo
608 5790 842 5869 Rufdch,
876 5799 947 5853 de
986 5812 1101 5866 quo
1147 5795 1277 5850 vide
1325 5792 1593 5850 Coccium
1624 5790 1683 5845 in
1714 5791 1823 5846 Da-

1929 4802 2235 4841 assensum
2260 4789 2379 4839 tam
2407 4783 2555 4836 bono
2595 4778 3233 4850 consilioprmbentibus
3257 4782 3570 4834 testamen-

1926 4880 2051 4929 tum
2078 4876 2232 4942 facit,
2251 4878 2313 4927 ut
2327 4869 2624 4927 Rubiacha
2637 4886 2767 4923 cum
2783 4867 3057 4923 omnibus
3070 4866 3432 4938 appendiciis
3446 4867 3572 4922 suis

1928 4964 2372 5033 conﬁnibusque
2395 4961 2463 5015 ad
2491 4977 2551 5014 se
2574 4956 3017 5030 pertinentibus,
3040 4954 3215 5010 etiam
3237 4971 3371 5011 cum
3392 4955 3567 5023 villis,

1927 5086 2188 5157 goberto,
2216 5101 2347 5157 cap.
2379 5084 2597 5157 21,7ubi
2630 5087 2687 5139 et
2716 5083 2787 5138 de
2809 5080 3023 5150 templo
3044 5078 3365 5151 parochiali
3386 5079 3444 5133 S.
3469 5079 3569 5132 Ar-

1926 5155 2677 5230 Bogastitituloinsignito.
2816 5226 2823 5230 _
3164 5220 3224 5230 η,
3300 5219 3388 5230 ,ω
3458 5219 3468 5229 ,

2000 5219 2111 5295 (13)
2146 5219 2661 5280 ϐαηοειιανίοντηοω
2708 5226 2895 5294 accito,
2946 5239 3060 5277 non
3094 5224 3183 5276 est
3213 5220 3270 5295 in
3300 5219 3564 5295 Vitaim-

1928 5291 2131 5371 pressa
2150 5314 2167 5373 _;
2201 5301 2289 5349 est
2319 5302 2515 5373 tamen
2546 5297 2603 5349 in
2666 5291 2913 5373 utroque
2944 5291 3294 5373 apographo
3326 5294 3565 5373 nostro;

1929 5366 2195 5439 quamvis
2242 5370 2440 5439 autem,
2490 5383 2597 5420 vox
2650 5366 3016 5439 cancellarz'us
3066 5366 3169 5439 vix
3195 5370 3334 5418 tunc
3364 5366 3425 5416 in
3457 5377 3570 5417 usu

1931 5436 2123 5501 fuerit,
2148 5436 2477 5491 communis
2501 5437 2689 5491 evenit
2710 5440 2942 5507 quando
2966 5436 3273 5508 scripsisse
3296 5439 3572 5508 putamus

1931 5515 2225 5565 auctorem
2260 5512 2525 5577 nostrum
2585 5508 2682 5577 qui
2729 5505 2957 5577 ‘usitata
3008 5505 3243 5563 ac'nota
3271 5505 3395 5562 suis
3423 5510 3573 5577 tem:

1932 5580 2171 5654 poribus
2202 5576 2585 5654 appellatione
2610 5576 2869 5654 Officium
2901 5576 3046 5654 illud
3078 5579 3388 5654 signiﬁcat,
3418 5576 3575 5649 quod

1933 5647 2044 5707 alio
2076 5647 2528 5719 prius’nomine,
2581 5648 2677 5703 sed
2732 5649 2858 5718 jam
2917 5647 3573 5721 exoleto‘nuncupa‘tum

1930 5724 2136 5777 fuerat.
