3970 6212
199 373 360 440 1009

1527 374 1783 441 LUDUS
1827 370 2304 438 CLEBICALIS.

3455 377 3610 444 1010

199 509 341 566 ﬁdis
370 512 429 566 et
450 525 556 582 spe
581 507 718 567 boni
741 507 1072 572 carentibus
1095 514 1219 572 alea
1242 521 1466 589 reperta
1487 521 1660 589 atque
1685 537 1854 590 prave
1886 514 1938 577 Α
1971 513 2146 580 Pium,
2175 513 2288 567 niSi
2313 513 2796 583 δεηοῖίδοειΐΐίοίεν
2819 519 2878 570 et
2907 513 2965 572 in
2997 513 3280 587 erSdem,
3308 512 3608 574 Γθάθυηῗίε

204 598 427 656 usitata
447 603 558 668 est)
587 605 651 655 ut
671 601 1046 674 discordiam,
1073 607 1328 677 perjuria
1353 613 1671 679 caeteraque
1695 609 1857 674 vitia,

203 697 450 754 clericos
474 698 767 754 interdicit
792 699 1076 759 aleatores
1098 706 1235 774 fore,
1262 706 1473 778 Oppido
1501 709 1775 762 condecet
1796 711 1860 761 ut

207 785 431 842 relictis
450 786 604 841 vitiis
619 791 978 845 examussim
999 792 1108 846 sibi
1129 793 1343 866 quique
1361 796 1601 850 virtutes
1622 797 1861 850 sortian-

204 879 326 930 tur.
381 875 543 930 Libet
595 876 792 948 itaque
845 894 911 933 ex
964 882 1164 936 eadem
1215 901 1331 954 qua
1379 885 1598 955 praefati
1653 902 1859 939 sumus

208 966 359 1031 alea,
385 965 700 1034 quemdam
736 965 1083 1037 clericalem,
1117 975 1173 1024 et
1205 976 1267 1025 ut
1297 973 1376 1025 ita
1407 973 1744 1038 dixerimus,
1774 990 1858 1027 re-

205 1052 499 1125 gularem,
525 1070 639 1107 non
672 1055 982 1111 cavillandi
1014 1057 1266 1128 aliquem
1300 1078 1496 1124 causa,
1522 1063 1619 1115 sed
1652 1061 1860 1115 exerci-

206 1141 376 1197 tandi
428 1143 636 1213 gratia,
671 1160 897 1199 comere
947 1146 1175 1201 ludum.
1210 1149 1560 1204 Charitatem
1595 1150 1860 1203 omnium

209 1229 610 1301 principatum
665 1233 925 1288 obtinere
973 1235 1278 1304 virtutum,
1322 1255 1491 1292 nemo
1539 1238 1639 1308 qui
1687 1239 1860 1292 verbo

213 1318 510 1389 Evangelii
539 1319 786 1375 dicentis
817 1340 829 1378 :
859 1325 915 1377 In
940 1323 1026 1378 his
1054 1325 1262 1380 duolms
1290 1330 1539 1381 universa
1563 1330 1649 1380 [cr
1672 1328 1861 1398 pendet

210 1412 262 1463 et
306 1409 588 1479 prophetae
635 1410 842 1480 (Matth.
877 1431 1012 1478 xxu,
1048 1415 1155 1483 40),
1193 1416 1479 1484 intelligit,
1516 1418 1717 1470 nescit.
1756 1416 1859 1469 Ubi

211 1514 352 1564 ergo
382 1502 544 1553 tanta
574 1501 940 1570 profunditas
974 1508 1188 1564 manet,
1222 1510 1444 1559 vastam
1478 1505 1859 1559 uberrimam-

213 1603 334 1658 que
364 1588 644 1642 virtutum
679 1591 1056 1661 propaginem
1081 1593 1151 1646 de
1184 1611 1242 1647 se
1267 1595 1502 1664 profert.
1529 1599 1726 1665 Itaque
1760 1611 1856 1664 po-

215 1693 433 1731 namus
452 1676 793 1733 charitalem
817 1695 948 1733 cum
966 1697 1074 1736 sua
1089 1681 1438 1737 multimoda
1458 1682 1654 1736 sobole
1670 1681 1860 1736 nomi-

213 1768 443 1834 natam,
478 1770 534 1820 et
576 1766 894 1838 singularis
935 1770 1266 1841 quibusque
1299 1787 1573 1826 numeros
1603 1772 1860 1825 sortibus

211 1853 318 1910 tali
338 1853 735 1911 moderamine
748 1873 1036 1929 congruos
1051 1864 1412 1931 aptemus,ut
1429 1860 1538 1916 isto
1553 1859 1857 1929 contineri,
1891 1886 1938 1950 Β

213 1952 376 2024 quod
407 1950 508 2007 illa
537 1953 889 2021 examinare,
922 1972 1110 2026 neque
1141 1957 1247 2012 hac
1279 1958 1527 2025 ostendi,
1563 1958 1716 2028 quod
1765 1957 1857 2011 hic

213 2040 307 2096 fas
327 2040 424 2107 sit,
449 2046 697 2113 nequeat
723 2042 983 2100 invenire
1003 2045 1144 2116 (sic).
1168 2047 1208 2100 Α
1239 2046 1545 2118 principali
1568 2045 1858 2117 siquidem

213 2127 565 2201 principalis
615 2131 966 2202 principium
1018 2133 1260 2190 initians
1309 2151 1525 2206 perque
1567 2135 1861 2190 binarium

216 2233 288 2272 ac
320 2222 558 2275 caeteros
588 2235 774 2291 usque
801 2222 872 2276 ad
903 2222 1203 2278 senarium
1235 2239 1496 2292 currens,
1521 2223 1738 2278 suimet
1770 2241 1862 2278 eo-

207 2323 476 2379 rumque
496 2306 851 2365 revolutione
873 2311 1184 2383 tripartite,
1205 2313 1407 2384 viginti
1431 2318 1642 2369 sanctae
1662 2314 1866 2370 matris

219 2396 522 2454 contineat
569 2397 743 2468 ﬁlios,
797 2403 854 2454 et
900 2400 958 2454 in
1008 2401 1294 2473 sapientia
1340 2403 1572 2458 limitet.
1615 2409 1867 2474 Postque

220 2485 494 2542 binarius
525 2488 970 2558 compunctionc
1011 2488 1318 2557 inchoans,
1349 2491 1682 2562 quindecim
1714 2495 1866 2561 ejus-

219 2575 360 2629 dem
389 2575 740 2640 reverentiae,
765 2575 900 2631 hinc
930 2578 1220 2634 ternarius
1253 2596 1283 2634 a
1317 2581 1602 2651 principio
1633 2581 1866 2652 pietatis

217 2664 424 2719 decem
451 2664 948 2736 exomologeseos;
975 2666 1174 2738 sicque
1195 2669 1603 2738 quaternarius
1630 2687 1663 2724 a
1684 2674 1869 2723 matu-

216 2752 395 2806 ritate
419 2769 475 2806 νι
505 2753 677 2808 ﬂetus
703 2769 714 2806 :
752 2755 823 2809 ab
853 2753 1146 2810 hilaritate
1170 2773 1402 2828 quoque
1422 2758 1727 2827 quinarius
1751 2763 1868 2814 tres

216 2840 634 2912 complectens,
669 2843 1040 2898 continentiae
1088 2845 1202 2900 ﬁne
1233 2845 1554 2901 claudatur.
1591 2848 1866 2903 Senarius

211 2946 350 2986 vero
375 2929 623 2985 ultimus
648 2949 660 2986 :
696 2935 760 2986 ut
783 2931 1032 3003 primus,
1056 2933 1427 3006 simplicitate
1452 2937 1737 3007 gaudens,
1762 2954 1866 2991 cu-

212 3020 446 3076 stodem
470 3018 753 3074 virtutum
779 3021 1077 3092 possideat
1101 3023 1515 3094 humilitatem,
1541 3042 1665 3094 quae
1691 3025 1867 3080 simul

204 3110 435 3180 junctae
487 3108 916 3180 quinquaginta
963 3127 1062 3166 sex
1108 3111 1276 3167 fiunt.
1312 3113 1380 3167 Et
1427 3113 1476 3168 si
1532 3114 1868 3184 diligentius

214 3196 624 3268 respiciamus,
649 3197 1036 3268 intuebimur,
1062 3201 1215 3270 quod
1249 3201 1368 3255 haec
1390 3203 1719 3273 progressio
1753 3220 1863 3257 nu-

1927 3257 1939 3278 1

315 3253 332 3268 .
610 3253 624 3265 ι
1025 3253 1096 3270 ,ι
1153 3253 1713 3273 ψητρσην-
1753 3253 1829 3257 --ᾖ
1927 3257 1938 3278 ι

218 3302 541 3352 mererum,
562 3303 595 3340 a
620 3285 872 3341 ternario
894 3288 1267 3343 ocdenarium
1293 3291 1600 3359 scandens,
1620 3291 1864 3362 singulae
1897 3253 1938 3319 (⁸

215 3373 330 3430 sibi
347 3376 911 3440 virtutum,virtutes
932 3375 1307 3449 legat.Prima
1324 3379 1864 3449 quidem,secunda,

215 3462 429 3518 ultima
460 3468 517 3518 et
548 3462 874 3534 penultima
896 3463 1178 3536 singulas.
1203 3466 1392 3520 Tertia
1414 3471 1472 3521 et
1502 3473 1636 3522 ante
1662 3468 1865 3540 penul-

213 3553 382 3620 time,
403 3552 608 3607 trinas.
625 3553 877 3624 Quaeque
894 3553 1049 3609 intra
1070 3554 1196 3624 ipsa
1213 3559 1353 3610 sunt
1370 3555 1642 3612 similiter
1660 3574 1692 3611 a
1713 3558 1866 3628 prin-

211 3641 363 3712 cipio
417 3645 477 3696 et
527 3640 641 3695 line
686 3656 873 3711 usque
921 3642 993 3696 ad
1046 3647 1296 3714 quatuor
1325 3644 1666 3715 mediasque
1695 3663 1866 3701 senas

204 3732 427 3802 juncta:
464 3732 684 3796 ternas,
721 3733 1054 3800 quaternas,
1078 3730 1167 3786 vel
1198 3731 1409 3802 quinas
1443 3733 1732 3805 recipiunt
1761 3735 1868 3789 vir-

210 3823 390 3890 tutes,
413 3823 471 3874 et
492 3817 836 3873 vicesimum
863 3817 1141 3889 primum,
1166 3821 1223 3874 in
1251 3837 1379 3876 sese
1404 3839 1416 3876 :
1447 3821 1693 3876 invicem
1719 3839 1866 3876 sem-

212 3925 318 3980 per
345 3907 686 3980 exprimunt
716 3923 1048 3962 numerum.
1085 3909 1232 3963 Sunt
1262 3910 1443 3980 igitur
1470 3928 1555 3975 III,
1592 3916 1862 3982 quatuor,

214 3999 416 4053 decem
436 4013 540 4061 vn,
556 3999 613 4051 et
635 3995 832 4050 decem
857 3999 913 4050 et
937 4000 1085 4063 octo,
1103 3995 1202 4066 qui
1223 3996 1490 4067 singulas
1514 4000 1862 4054 metiuntur:

212 4085 575 4142 Charitatem
597 4082 886 4152 videlicet,
907 4082 1104 4155 ﬁdem,
1131 4084 1570 4153 continentiam,
1596 4092 1652 4141 et
1673 4086 1863 4141 humi—

210 4174 458 4242 litatem,
484 4171 752 4244 quinque
774 4176 830 4227 et
850 4189 943 4226 xvx
970 4173 1068 4244 qui
1091 4173 1295 4228 binas:
1319 4190 1483 4244 spem
1507 4180 1560 4230 et
1585 4175 1867 4230 fortitudi-

210 4279 372 4330 nem,
405 4263 611 4318 ﬂetum
646 4265 702 4316 et
730 4262 1196 4331 compassionem
1224 4280 1237 4328 ;
1270 4280 1326 4316 v1
1376 4269 1432 4316 et
1472 4280 1544 4317 xv
1573 4282 1585 4330 ;
1619 4269 1815 4319 ternas
1851 4283 1863 4319 :

201 4352 533 4425 justitiam,
585 4366 814 4422 pacem,
858 4355 914 4405 et
962 4352 1467 4422 compunctionem
1499 4373 1512 4422 ;
1546 4353 1866 4408 confessio-

209 4457 371 4509 nem,
414 4438 874 4511 suspirationem
925 4443 983 4494 et
1032 4439 1434 4495 hilaritatem:
1486 4457 1560 4495 vn
1614 4445 1669 4495 et
1723 4458 1863 4497 x1111.

208 4540 586 4603 Quaternas:
644 4535 1044 4605 Prudentium,
1087 4537 1439 4604 castitatem,
1490 4539 1759 4592 timorem
1815 4535 1870 4592 et

1969 601 2234 672 principii
2260 604 2567 672 unitatem,
2592 605 2937 660 vocabulum
2961 607 3326 677 signabimus
3349 606 3605 662 Trinita-

1967 691 2091 745 tis?
2139 693 2284 756 Quid
2339 698 2530 747 autem
2585 712 2686 765 per
2728 696 3164 765 quaternarium
3202 697 3315 750 nisi
3349 700 3608 768 quatuor

1969 781 2454 852 evangelistarum
2477 784 2764 838 tubas?Ili
2785 785 2958 838 simul
2977 784 3165 839 collati
3189 785 3349 840 illam
3368 785 3612 840 sanctis-

1970 871 2179 924 simam
2232 871 2461 941 plenam
2511 873 2680 926 donis
2731 873 3172 943 charismatum,
3208 876 3607 946 septiformem

1970 960 2660 1028 gratiam,demonstrant
2682 978 2692 1014 :
2713 962 3087 1032 Septenarius
3108 980 3238 1017 vero
3262 964 3350 1017 bis
3373 964 3608 1030 ductus,

1970 1061 2026 1109 et
2050 1062 2353 1127 assumpto
2373 1060 2624 1112 ternario
2641 1075 2776 1122 xvn,
2793 1064 3280 1132 quaternarioque
3297 1080 3452 1118 xvm.
3470 1064 3612 1118 Ecce

1971 1143 2222 1214 qualiter
2246 1163 2305 1200 ιιι
2337 1150 2392 1199 et
2423 1164 2544 1214 vm,
2575 1152 2748 1218 atque
2777 1167 2834 1201 ιιι
2869 1149 2924 1202 in
2952 1166 3077 1204 sese
3105 1153 3366 1206 redeunt.
3391 1157 3610 1207 Possu-

1971 1249 2102 1288 mus
2135 1233 2307 1287 etiam
2341 1235 2560 1301 decem,
2595 1236 2859 1307 Decalogi
2902 1240 3263 1303 mandatum,
3297 1243 3451 1308 quod
3501 1242 3610 1296 sub

1974 1323 2095 1390 lege
2127 1324 2444 1393 quondam,
2480 1331 2533 1377 et
2567 1343 2719 1379 nunc
2752 1327 2860 1379 sub
2891 1327 3077 1395 gratia
3110 1333 3401 1396 operatur,
3425 1335 3480 1384 et
3509 1347 3608 1383 vm

1971 1417 2251 1476 octavam,
2270 1430 2396 1482 quae
2419 1414 2662 1466 necdum
2686 1414 2896 1483 agitur,
2913 1421 3136 1469 aetatem
3158 1418 3611 1472 asscribere.Sed

1973 1500 2090 1553 haec
2123 1501 2234 1554 tria
2265 1503 2436 1555 modo
2461 1503 2713 1573 amplius
2738 1505 2929 1557 decmt
2959 1522 3436 1561 commemorare.
3467 1508 3612 1578 Ergo

1972 1588 2299 1659 clangorem
2334 1592 2516 1645 sancti
2542 1593 2835 1661 Evangelii
2860 1594 3158 1659 tubarum,
3187 1596 3285 1665 qui
3319 1612 3455 1650 aure
3477 1612 3607 1649 cor-

1971 1679 2059 1731 dis
2093 1684 2356 1733 sanctam
2389 1680 2728 1734 Trinitatem
2761 1682 2968 1735 intimo
3008 1699 3203 1737 amore
3236 1682 3447 1755 diligit,
3480 1699 3611 1754 gra-

1972 1767 2166 1838 tiaque
2195 1768 2517 1839 septiformi
2545 1770 2831 1824 finetenus
2862 1772 3010 1825 tueri
3041 1772 3219 1842 cupit,
3243 1772 3609 1842 charitatem,

1971 1855 2027 1908 in
2051 1872 2166 1926 qua
2189 1856 2455 1911 universa
2478 1857 2568 1912 lex
2588 1858 2884 1929 impletur,
2909 1860 3082 1914 ﬁdem
3107 1859 3231 1914 sine
3253 1877 3368 1930 qua
3389 1860 3616 1931 impos-

1971 1943 2139 1999 sibile
2178 1948 2267 1999 est
2315 1945 2542 2016 placere
2573 1946 2709 2011 Deo,
2741 1947 3177 2012 continentiam,
3212 1952 3274 2002 ut
3323 1949 3613 2006 abstineat

1970 2049 2032 2088 se
2063 2051 2096 2088 a
2124 2034 2302 2103 vitiis,
2337 2052 2451 2105 quo
2480 2036 2727 2091 virtutes
2755 2035 3050 2091 continere
3077 2036 3288 2106 valeat,
3311 2037 3610 2094 humilita-

1973 2128 2110 2193 tem,
2135 2141 2252 2194 qua
2272 2124 2397 2178 sine
2424 2124 2524 2195 qui
2549 2124 2792 2180 virtutes
2814 2129 3147 2197 congregat,
3171 2127 3340 2194 quasi
3364 2127 3420 2182 in
3443 2133 3611 2184 vento

1973 2212 2267 2282 pulverem
2293 2213 2730 2283 portat,habere
2753 2219 3005 2284 quaerat:
3029 2213 3228 2269 habita
3248 2215 3613 2288 charitative,

1975 2301 2240 2370 fideliter,
2265 2302 2649 2366 continenter,
2675 2307 2848 2373 atque
2879 2302 3179 2358 humiliter
3201 2320 3463 2360 exercere
3492 2310 3610 2361 sat-

1975 2396 2128 2463 agat,
2165 2396 2226 2445 ut
2257 2391 2326 2444 ad
2360 2407 2559 2445 eorum
2592 2393 2894 2446 cumulum
2929 2393 3227 2463 pervenire
3257 2400 3450 2464 queat.
3479 2397 3615 2461 Qui-

1978 2481 2138 2535 nario
2173 2496 2436 2544 numero,
2469 2480 2727 2550 quinque
2759 2497 2967 2536 sensus
3005 2483 3359 2554 conjungere
3408 2500 3615 2554 possu-

1977 2568 2245 2638 mus,qui
2268 2568 2460 2622 fluiter
2481 2569 2787 2634 ductus,et
2808 2568 3030 2624 unitate
3052 2574 3289 2642 sumpta
3309 2571 3366 2626 in
3390 2577 3619 2628 sextum

1978 2657 2269 2712 decimum
2289 2657 2498 2727 surgit.
2516 2656 2576 2710 Si
2596 2659 2750 2712 enim
2774 2657 2878 2712 hos
2898 2659 3156 2730 quinque
3171 2676 3273 2730 per
3293 2661 3617 2732 physicam,

1976 2747 2247 2816 logicum,
2291 2750 2347 2800 et
2391 2746 2642 2800 ethicam
2693 2745 3071 2818 castigamus,
3104 2753 3167 2803 ut
3215 2750 3286 2803 ad
3335 2750 3618 2807 unitatem

1978 2835 2300 2900 charitatis,
2336 2852 2458 2903 quae
2506 2835 2658 2889 Deus
2707 2840 2814 2899 est,
2857 2852 3088 2907 semper
3135 2837 3480 2907 redeamus;
3514 2839 3622 2896 has

1981 2926 2234 2994 profecto
2257 2923 2522 2987 virtutes,
2548 2941 2674 2994 quae
2707 2925 2763 2978 in
2795 2924 3024 2979 duobus
3048 2927 3308 2981 numeris
3330 2926 3620 2999 insignita

1978 3021 2268 3087 videntur,
2293 3020 2653 3091 natnraliter,
2671 3021 3030 3076 rationaliter
3050 3022 3463 3095 moraliterque
3485 3042 3618 3096 pos-

1979 3109 2321 3165 sidebimus.
2355 3110 2651 3179 Senarius,
2685 3111 2853 3179 cujus
2887 3114 3049 3165 sexta
3079 3127 3234 3181 pars,
3270 3131 3304 3178 ι,
3346 3118 3403 3167 et
3451 3115 3622 3170 tertia

1980 3200 2286 3264 medietas,
2312 3216 2395 3266 ιιι,
2420 3198 2556 3268 quia
2577 3199 2866 3269 perfectus
2887 3201 2974 3252 est
2996 3214 3298 3268 numerus,
3323 3200 3446 3255 suis
3474 3201 3622 3258 bene

1981 3293 2259 3342 constans
2315 3286 2599 3358 partibus,
2658 3285 2931 3356 perfectio
2982 3286 3173 3356 operis
3224 3288 3273 3341 ei
3330 3287 3620 3358 deputarii

1978 3380 2188 3448 potest.
2213 3375 2314 3429 His
2336 3375 2516 3445 igitur
2540 3374 2649 3428 sibi
2676 3373 2986 3444 replicatis,
3011 3374 3264 3430 ternario
3297 3376 3516 3444 addito,
3550 3395 3622 3434 xv

1977 3465 2136 3520 facit.
2173 3463 2366 3517 Simus
2397 3478 2531 3533 ergo
2564 3461 2802 3533 perfecti
2835 3461 3106 3533 operibus
3138 3463 3304 3516 bona;
3350 3463 3618 3533 actionis,

1977 3559 2032 3610 et
2059 3555 2317 3608 nitamur
2338 3552 2725 3607 conscendere
2745 3569 2816 3605 xv
2843 3550 3281 3624 Psalmographi
3301 3553 3540 3624 gradus,
3557 3565 3622 3610 ut

1977 3649 2236 3700 sanctam
2271 3640 2612 3695 Trinitatem
2653 3641 2711 3694 in
2746 3640 2880 3696 Sion
2915 3657 3148 3696 cernere
3180 3657 3529 3710 mereamur,
3563 3648 3620 3698 et

1977 3732 2185 3787 horum
2217 3729 2416 3802 procul
2451 3729 2625 3784 dubio
2651 3746 3031 3784 numerorum
3054 3735 3314 3802 expertes
3336 3731 3617 3788 virtutum

1976 3839 2090 3876 non
2115 3821 2356 3876 erimus.
2380 3820 2557 3874 Adest
2577 3819 2785 3874 iterum
2809 3837 2884 3874 vn
2907 3818 3093 3891 gratia
3117 3820 3406 3890 spirituali
3440 3822 3620 3876 refer-

1975 3916 2090 3972 tus,
2125 3927 2220 3963 xxv
2251 3910 2597 3981 depromens
2629 3925 2731 3979 per
2762 3906 3075 3963 binarium.
3109 3908 3390 3961 Eumdem
3422 3907 3620 3978 itaque

1977 4015 2282 4071 precemur
2303 3996 2607 4068 Spiritum,
2635 4002 2698 4050 ut
2727 4014 2829 4067 per
2849 3995 3164 4066 practicam
3196 3995 3266 4050 ad
3298 3994 3618 4052 theoricam

1975 4089 2151 4142 vitam
2180 4087 2476 4157 pervenire
2506 4084 2809 4156 largiatur,
2833 4089 3122 4155 quatenus
3150 4082 3462 4139 virtutibus
3490 4085 3619 4155 ejus

1977 4182 2183 4237 ascisci
2208 4197 2558 4235 mereamur.
2587 4180 2693 4234 Sed
2719 4179 2859 4249 quia
2880 4195 3058 4249 supra
3080 4177 3389 4233 retulimus
3413 4197 3427 4246 ;
3462 4183 3617 4235 octa-

1976 4286 2107 4325 vam
2127 4273 2356 4323 setatem
2377 4268 2447 4321 de
2465 4284 2580 4338 qua
2598 4265 2804 4320 titulus
2825 4265 3034 4337 psalmi
3056 4283 3108 4320 ιν
3126 4265 3318 4335 inquit
3337 4284 3350 4323 :
3370 4269 3432 4322 In
3453 4269 3618 4337 ﬁnem

1975 4376 2074 4432 pro
2116 4366 2321 4423 octava,
2356 4355 2652 4410 octonario
2701 4370 2872 4425 posse
2918 4354 3187 4420 conferri,
3221 4355 3372 4410 sicut
3418 4356 3618 4412 decem

1983 4447 2226 4503 inferius
2258 4445 2454 4500 adfore
2487 4443 2774 4498 indicatur
2803 4459 2816 4497 :
2850 4442 2985 4497 huic
3016 4443 3218 4513 utique
3248 4443 3298 4498 si
3329 4443 3622 4498 addantur

1975 4555 2030 4607 v,
2081 4553 2201 4600 xm,
2254 4532 2642 4604 explicabunt.
2677 4532 2824 4585 Bene
2871 4530 3050 4586 etiam
3099 4531 3361 4602 quinque
3410 4547 3644 4588 sensus

209 4625 499 4700 gaudium
529 4641 543 4679 :
577 4625 986 4695 reverentiam,
1010 4613 1439 4694 contritionem,
1461 4626 1869 4693 constantiam,
1902 4624 1948 4686 D
1981 4631 2190 4682 octavae
2219 4623 2345 4677 vitae
2375 4623 2804 4692 supponuntur,
2830 4619 2968 4689 quia
2990 4635 3106 4673 non
3131 4619 3320 4674 solum
3346 4620 3620 4688 haec,nisi

213 4720 274 4771 et
295 4713 684 4771 intellectum.
707 4731 809 4769 V111
834 4719 889 4769 et
908 4730 1030 4768 xm.
1053 4731 1107 4768 ν.
1126 4715 1616 4786 Temperantiam,
1643 4713 1868 4768 miseri-

220 4804 512 4872 cordiam,
545 4801 990 4873 providentiam,
1027 4803 1396 4858 sobrietatem
1447 4808 1502 4858 et
1552 4803 1867 4872 astutiam;

209 4898 1576 4974 sapientiam,virginitatem,mortificationem,
1601 4902 1872 4956 innocen-

218 4989 365 5045 tiam
423 4992 483 5043 et
540 4986 1016 5042 sollicitudinem.
1073 5005 1129 5042 1x
1176 4993 1232 5042 et
1277 5007 1332 5058 χ,
1366 5007 1421 5042 x1
1471 4995 1525 5044 et
1568 5006 1645 5044 χιι
1699 5006 1870 5044 senas

214 5080 606 5136 discernunt:
633 5077 1044 5143 obedientiam,
1070 5077 1501 5144 discretionem,
1527 5079 1868 5147 bonitatem,

214 5160 698 5230 delectationem,
726 5165 1187 5236 simplicitatem,
1213 5170 1269 5220 et
1290 5167 1581 5237 pietatem,
1608 5182 1867 5238 perseve-

220 5257 502 5322 rantiam,
539 5253 909 5324 modestiam,
964 5254 1330 5323 suavitatem,
1388 5254 1868 5325 hospitalitatem,

210 5345 592 5420 patientiam,
620 5340 837 5397 scilicet
867 5346 922 5397 et
954 5341 1377 5414 indulgentiam
1402 5361 1414 5397 :
1452 5343 1867 5414 longanimita-

207 5440 354 5501 tem,
372 5429 920 5500 mansuetudinem,
945 5430 1310 5502 parcitatem,
1326 5429 1534 5497 zelum,
1550 5432 1867 5486 orationem

210 5537 454 5596 quoque
509 5523 568 5574 et
607 5517 923 5590 judicium,
972 5517 1414 5588 benignitatem,
1449 5522 1868 5589 paupertatem,

205 5613 548 5674 lenitatem,
583 5622 867 5673 amorem,
897 5606 1258 5678 vigilantiam
1292 5607 1492 5676 utique
1532 5623 1596 5660 ac
1628 5608 1870 5660 maturi-

199 5705 418 5759 tatem.
449 5698 520 5754 Et
550 5699 616 5750 ut
635 5710 740 5768 per
764 5695 996 5766 singula
1017 5695 1344 5764 redeamus,
1369 5695 1537 5762 cujus
1560 5710 1661 5765 per
1683 5698 1870 5751 terna-

1981 4713 2363 4784 voluptuosus
2386 4725 2584 4766 eorum
2611 4707 2926 4780 appetitus,
2949 4706 3156 4762 chamo
3181 4712 3236 4762 et
3262 4707 3422 4764 freno
3445 4707 3618 4781 Spiri-

1981 4801 2155 4857 tualis
2190 4801 2360 4855 modo
2383 4798 2701 4870 disciplinae
2726 4800 3094 4852 coerceatur:
3128 4797 3229 4852 sed
3258 4813 3362 4852 nec
3393 4814 3459 4853 ea
3490 4813 3620 4870 qua

1980 4890 2206 4945 abAbel
2235 4888 2598 4960 singularum
2622 4886 2853 4941 datione
2875 4884 3366 4952 stolarum,donec
3384 4887 3620 4956 justitia

1980 4983 2348 5034 convertatur
2370 4978 2428 5031 in
2446 4977 2762 5046 judicium,
2786 4975 3086 5044 sanctique
3110 4974 3167 5026 in
3189 4978 3343 5028 terra
3363 4973 3622 5044 duplicia

1981 5075 2340 5149 possideant,
2374 5076 2589 5146 agitur,
2625 5078 2897 5129 meretur.
2933 5072 3095 5128 Nunc
3125 5073 3320 5125 autem
3364 5086 3440 5139 1x,
3472 5086 3530 5137 x,
3561 5087 3619 5125 x1

1979 5171 2035 5221 et
2084 5181 2164 5217 xu
2215 5164 2472 5231 supremi
2514 5167 2836 5218 remanent.
2869 5164 3125 5226 Quorum
3158 5158 3380 5230 primus
3412 5173 3618 5213 novem

1980 5250 2370 5308 ccelicolarum
2404 5251 2730 5315 ordinibus,
2766 5251 3059 5305 secundus
3089 5249 3287 5304 decem
3334 5245 3621 5318 legalibus

1977 5339 2189 5404 verbis,
2215 5338 2423 5391 tertius
2446 5339 2640 5408 dignis
2666 5339 3014 5408 poenitentiae
3038 5337 3350 5404 fructibus,
3373 5339 3620 5406 quartus

1979 5428 2120 5486 Novi
2155 5426 2441 5480 duodenis
2483 5427 2836 5481 Testamenti
2888 5429 3251 5497 praeconibus
3298 5425 3622 5482 consecrati

1979 5516 2274 5583 effulgent.
2311 5515 2578 5581 Quintus,
2614 5512 2914 5583 quoniam,
2949 5523 3013 5567 ut
3057 5517 3341 5586 scriptum
3391 5517 3479 5570 est
3512 5531 3524 5570 :
3563 5516 3623 5570 In

1980 5605 2170 5661 multis
2201 5601 2602 5675 delinqnimus
2643 5617 2846 5656 omnes
2895 5603 3027 5670 (Jac.
3082 5621 3164 5672 III,
3215 5607 3271 5667 2,
3318 5606 3379 5657 in
3431 5603 3621 5658 multis

1981 5692 2308 5766 oﬂc-ndz'mus
2339 5693 2585 5765 omnes),
2610 5689 2878 5763 quisquis
2907 5690 3178 5746 instituta
3205 5707 3240 5746 x
3283 5693 3622 5762 praetergre-
