3970 6212
430 416 582 480 1011

1441 414 1784 477 WlBOLDI
1828 413 2426 477 CAMERACENSIS
2471 413 2826 490 EPISCOPI

3690 413 3830 476 10!!

431 551 622 620 diens,
647 550 704 606 in
727 567 780 606 xx
806 549 1066 618 offendit,
1090 547 1399 619 splendore
1419 565 1499 602 xu
1521 564 1888 619 gemmarum
1906 548 2074 618 juba-
2103 551 2156 616 Α
2190 564 2362 604 senas
2414 547 2590 602 facies
2637 547 2891 602 habeant
2929 545 3115 602 variis
3135 549 3368 602 notatas
3397 547 3693 604 numeris.
3724 547 3829 613 Quo

433 641 515 696 ris
547 640 870 703 redimitus,
905 643 968 692 ut
999 638 1070 692 ad
1104 638 1430 708 reparanda
1479 655 1535 691 1x
1585 638 1833 707 pristina
1862 639 2076 692 damna

435 734 825 792 succrescant,
852 743 954 797 per
975 727 1196 780 denarii
1222 727 1498 780 mandata
1521 727 1874 796 regrediens,
1902 728 2077 780 unde-

436 819 526 872 nis
543 815 804 871 Ecclesiae
828 815 1074 869 cilicinis
1095 815 1392 886 operiatur
1415 815 1590 885 sagis,
1610 820 1670 868 ut
1693 816 1877 884 possit
1899 831 2077 884 quan-

434 905 626 975 doque
656 905 844 958 dicere
876 921 1009 958 cum
1044 903 1355 958 Psalmista
1391 919 1402 956 :
1440 903 1767 957 Convertz’sti
1792 904 2076 972 planctum

431 1009 615 1049 meum
645 995 706 1047 in
735 992 1000 1061 gaudium
1029 993 1188 1060 mihi,
1223 1000 1278 1047 et
1319 991 1543 1062 reliqua
1573 992 1745 1061 (Psal.
1779 1010 1931 1057 xxxx,
1967 993 2072 1062 t2).

433 1081 618 1154 Igitur
638 1081 774 1151 quia
794 1082 1057 1146 virtutes,
1075 1097 1466 1152 numerosque
1485 1080 1876 1152 qualicunque
1905 1081 2074 1135 modo

429 1170 851 1234 ordinavimus,
874 1170 1122 1242 qualiter
1153 1187 1305 1225 nunc
1337 1170 1528 1226 sortiri
1554 1171 1805 1225 debeant
1837 1187 2075 1226 censea-

431 1275 586 1316 mus.
619 1261 762 1316 Tres
791 1259 989 1331 itaque
1022 1276 1328 1316 sumamus
1359 1264 1630 1325 tesseras,
1665 1276 1791 1331 qua:
1836 1258 2076 1330 singulae

1617 1478 1781 1487 -ι--ο

1335 1703 1478 1716 _

1607 1505 1621 1925 Ι

1772 1545 1784 1929 ι

1933 1495 1936 1498 ’
2118 1497 2361 1545 ue'i

2006 1577 2034 1614 e
2154 1579 2181 1614 a
2299 1577 2331 1614 ο

2189 1647 2361 1683 eua

1954 1721 2362 1778 iioei

2244 1803 2363 1841 ou

2055 1871 2365 1910 ouaae

2186 638 2373 706 major
2397 635 2689 703 senarius,
2714 635 2813 690 alii
2846 637 2902 690 in
2936 635 3158 690 cateris
3184 652 3298 690 uno
3321 652 3562 707 semper
3587 637 3827 693 minores

2188 743 2374 795 usque
2397 726 2466 779 ad
2491 740 2706 792 assem,
2731 726 2831 795 qui
2855 724 3030 779 simul
3062 725 3212 779 ﬁunt
3237 741 3328 779 xx1
3352 729 3409 779 et
3433 725 3662 784 nostris
3683 743 3828 782 voca-

2187 814 2340 868 libus
2369 831 2438 879 v;
2474 814 2736 868 videlicet
2765 815 2830 878 A,
2865 815 2926 878 E,
2965 813 3006 878 Ι,
3039 813 3103 882 0,
3142 813 3179 868 U
3213 812 3479 885 singulas
3505 815 3712 870 eodem
3742 833 3824 870 or-

2188 905 2319 958 dine
2338 904 2820 974 depingamus,ut
2838 908 3044 973 quater
3061 902 3350 974 replicata:
3368 905 3650 958 eumdem
3670 906 3826 976 aequi-

2187 997 2385 1063 parent
2415 1009 2428 1059 ;
2462 1009 2527 1046 eo
2551 997 2745 1046 tamen
2768 995 2990 1058 tenore,
3015 998 3080 1044 ut
3100 991 3157 1046 in
3184 992 3375 1063 prima
3400 998 3470 1062 A,
3497 993 3560 1047 in
3586 995 3824 1049 secunda

2189 1082 2248 1147 E,
2281 1081 2338 1134 in
2362 1081 2532 1136 tertia
2555 1081 2595 1145 Ι,
2618 1081 2689 1134 ab
2718 1096 2846 1135 asse
2871 1079 3418 1152 incipiens,directo
3444 1097 3686 1153 semper
3704 1083 3823 1138 scri-

2185 1170 2360 1225 batur
2388 1169 2658 1236 tramine,
2689 1175 2745 1225 et
2775 1169 2980 1224 eodem
3010 1169 3173 1240 apice
3206 1169 3493 1226 liniantur
3524 1170 3626 1227 ita.

2716 1511 2742 1542 υ
2847 1493 2983 1542 in‘

2608 1561 2621 1610 i
2751 1575 2779 1611 e
2897 1575 2926 1609 υ

2799 1628 2964 1678 iae

2551 1738 2582 1773 ο
2720 1722 2862 1780 qui
2931 1730 2973 1773 ο·

2850 1803 2964 1840 ua

2655 1856 2963 1909 uaeei

517 2086 612 2142 His
635 2086 832 2159 itaque
853 2087 1458 2159 dispositis,volumus
1486 2091 1548 2142 ut
1570 2103 1671 2159 per
1691 2086 1797 2142 has
1816 2087 2082 2155 tres,sic-
2115 2090 2163 2155 B
2197 2090 2518 2141 revertatur
2567 2087 2638 2140 ad
2689 2087 3003 2142 Dominum
3061 2086 3161 2160 qui
3215 2087 3369 2144 dedit
3423 2087 3585 2143 illum
3637 2089 3815 2159 (Eucti.

441 2181 508 2232 ut
537 2180 594 2232 et
623 2177 683 2232 in
716 2177 952 2248 praefato
984 2177 1130 2233 solet
1158 2177 1318 2244 ludo,
1343 2177 1572 2232 numeri
1594 2179 1693 2247 qui
1727 2177 2084 2249 supputandi

443 2268 600 2330 sunt,
616 2271 789 2338 prout
807 2283 934 2321 sors
959 2266 1277 2333 dictaverit,
1294 2283 1399 2321 suo
1426 2283 1658 2337 semper
1676 2267 1877 2321 ordine
1900 2265 2086 2337 requi-

442 2358 667 2410 rantur.
717 2356 763 2409 Υ
811 2371 944 2410 vero
979 2361 1200 2410 sextam
1233 2355 1628 2426 Achivamque
1658 2357 1913 2410 vocalem
1949 2356 2084 2426 (non

445 2441 636 2498 solum
660 2445 815 2514 quod
840 2444 1012 2498 modo
1035 2445 1234 2499 eadem
1260 2444 1503 2498 minime
1525 2445 1858 2515 indigemus
1887 2443 2088 2514 lingua

447 2534 505 2585 et
536 2534 861 2585 nostratum
895 2531 1128 2602 regulas
1159 2533 1686 2604 orthographorum
1728 2535 1797 2587 ad
1849 2534 2085 2604 plenum

450 2635 564 2674 non
597 2619 1103 2688 observamus,sed
1136 2621 1274 2692 quia
1303 2623 1710 2692 compendiose
1741 2623 1932 2692 operis
1965 2628 2087 2677 stu-

449 2707 679 2770 demus,
723 2707 1156 2780 vulgariterque
1206 2711 1386 2764 nostri
1440 2710 1750 2765 ridiculum
1805 2713 2087 2782 exercere)

447 2796 948 2867 praetermisimus.
1009 2800 1292 2853 Caeterum
1353 2805 1756 2865 consonantes,
1808 2803 2084 2872 quoniam

451 2885 738 2940 sexdecim
784 2887 838 2940 in
889 2886 1199 2957 alphabeto
1235 2895 1532 2944 remanent
1561 2896 1796 2960 excepta
1824 2908 1875 2962 q,
1910 2907 2085 2960 quam

449 2973 814 3041 grammatici
840 2992 1262 3046 supervacuam
1289 2977 1612 3042 nominant,
1634 2994 1931 3049 quamque
1959 2979 2087 3034 ideo

450 3079 564 3117 non
599 3065 1135 3131 annumeravimus,
1169 3066 1304 3136 quia
1335 3083 1403 3120 ex
1432 3072 1697 3120 currente
1744 3068 1854 3121 sibi
1908 3069 2085 3133 socia,

447 3149 718 3206 videlicet
763 3170 821 3220 α,
869 3152 993 3209 sine
1025 3171 1140 3224 qua
1170 3157 1284 3209 vim
1319 3154 1521 3209 littera:
1551 3156 1786 3217 amittit.
1820 3157 2089 3228 perfacile

448 3239 541 3296 hic
571 3241 984 3312 comprehendi
1016 3248 1225 3314 potest,
1257 3249 1314 3298 et
1365 3249 1643 3315 septenus
1685 3245 1946 3301 decimus
1981 3264 2087 3300 nu-

448 3344 647 3385 merus
675 3330 748 3384 ad
783 3333 1175 3402 peragendum
1201 3335 1356 3403 quod
1381 3332 1739 3404 volebamus,
1765 3335 1933 3405 quasi
1966 3352 2086 3390 em-

445 3417 734 3474 bolismus
755 3419 1076 3476 videbatur.
1101 3421 1284 3493 Igitur
1313 3422 1466 3476 sicut
1495 3422 1718 3478 vocales
1745 3426 2083 3496 tetragonis,

443 3505 527 3562 ita
546 3514 935 3565 consonantes
957 3510 1057 3564 uni
1080 3511 1490 3565 tantummodo
1514 3511 1753 3582 trigonis
1777 3513 2084 3584 pyramidi,

445 3611 572 3666 qua
604 3601 858 3667 quatuor
883 3599 1222 3669 superficies
1259 3599 1518 3665 haberet,
1551 3600 1805 3656 inserere
1837 3606 2084 3673 oportet,

445 3683 529 3738 ita
561 3701 574 3738 :

841 3997 1089 4067 Ἶῖ-Ἠηε
1251 4035 1298 4068 m
1430 4040 1460 4072 n

841 4099 847 4122 λ
947 4105 976 4154 d
1069 4100 1116 4172 ί
1137 4134 1166 4185 3
1210 4123 1256 4232 \
1321 4134 1353 4182 ρ
1446 4004 1480 4194 Ξ
1539 4148 1557 4189 t
1615 4120 1634 4216 χ

845 4123 1070 4346 \‘/
1135 4218 1165 4269 b
1258 4220 1343 4306 χῖ
1530 4240 1560 4278 x

913 4342 1014 4386 ἀ..
1093 4382 1170 4388 _.-
1183 4308 1690 4398 1’..:‘L__§__n__7_'_;

513 4651 648 4715 Quae
679 4653 874 4704 tamen
897 4648 1000 4703 tali
1024 4648 1146 4720 lege
1171 4649 1484 4719 tenebitur,
1514 4656 1578 4706 ut
1607 4653 1657 4708 si
1688 4652 1774 4708 vel
1809 4670 1923 4708 una
1944 4653 2082 4709 infe-

441 4738 663 4794 riorum
689 4740 818 4808 ejus
845 4736 1292 4793 consonantium
1325 4739 1382 4794 in
1416 4741 1651 4796 nomine
1676 4741 1927 4810 virtutis,
1953 4758 2081 4812 quae

2197 2193 2297 2243 xu,
2319 2177 2396 2244 7).
2425 2175 2519 2230 Sic
2546 2176 2818 2246 projectis
2845 2176 3021 2231 simul
3052 2194 3082 2232 e
3107 2193 3284 2233 manu
3311 2176 3474 2233 cubis
3496 2193 3626 2233 cum
3653 2178 3816 2231 trian-

2197 2265 2357 2336 gulo,
2381 2281 2703 2335 eorumque
2729 2265 3071 2337 singillatim
3103 2265 3314 2322 litteris
3346 2267 3680 2340 perspectis,
3706 2283 3820 2322 mox

2198 2355 2616 2409 rccurrendum
2640 2355 2746 2408 erit
2769 2356 2838 2409 ad
2867 2357 3186 2427 marginem
3213 2373 3492 2412 numeros
3517 2373 3644 2412 cum
3665 2356 3819 2411 virtu-

2196 2443 2354 2497 tibus
2377 2443 2795 2498 continentem.
2819 2445 3174 2516 Eodemque,
3201 2450 3265 2499 ut
3295 2446 3601 2516 praefatum
3624 2451 3724 2512 est,
3746 2446 3818 2500 di-

2199 2533 2547 2588 scretionem
2581 2531 2763 2586 vocali
2796 2533 2898 2587 uni
2929 2534 3199 2589 similiter
3237 2535 3550 2606 tripartite;
3597 2541 3816 2606 reperto,

2197 2621 2469 2676 virtutem
2495 2639 2620 2691 qua:
2649 2621 2824 2677 latere
2844 2622 3103 2690 habebit,
3122 2628 3322 2679 notare
3344 2625 3628 2680 debemus
3649 2641 3661 2692 ;
3681 2639 3817 2678 voca-

2198 2707 2402 2778 lesque
2433 2709 2589 2764 illius
2621 2711 3061 2781 apparentibus,
3092 2711 3140 2766 si
3180 2711 3474 2782 valemus,
3505 2726 3816 2783 componere

2198 2797 2518 2864 vocalibus,
2552 2802 2608 2852 et
2660 2798 2740 2852 ita
2779 2800 3071 2869 privatim,
3104 2806 3404 2871 compotes
3445 2803 3574 2872 ejus
3603 2817 3734 2863 esse,
3765 2805 3816 2853 ut

2200 2903 2370 2957 pares
2394 2887 2699 2943 nobiscum
2727 2887 2994 2943 ludentes
3017 2905 3387 2960 nequaquam
3409 2891 3673 2946 eamdem
3701 2889 3816 2944 ulte-

2199 2976 2321 3030 rius
2348 2975 2406 3029 in
2433 2977 2634 3031 eodem
2669 2977 2805 3031 ludo
2839 2977 2946 3031 sibi
2982 2978 3210 3033 valeant
3229 2979 3551 3036 vindicare.
3576 2979 3690 3035 Tali
3719 2978 3816 3032 uti-

2199 3081 2310 3135 que
2341 3066 2760 3136 disceptatione
2792 3066 3054 3120 vicissim
3086 3066 3427 3122 alternando
3479 3069 3814 3141 gyrandoque

2191 3155 2478 3223 jocantes,
2512 3154 2758 3209 virtutes
2790 3172 2994 3210 omnes
3026 3155 3283 3212 sortibus
3315 3159 3661 3227 partiuntur.
3691 3158 3750 3212 Et
3775 3155 3814 3209 si

2200 3259 2313 3296 non
2348 3259 2514 3312 aequa
2545 3241 2711 3298 lance
2741 3249 2947 3298 mutuo
2977 3244 3337 3311 dividuntur,
3373 3245 3434 3300 hi
3473 3248 3568 3318 qui
3599 3245 3677 3302 vel
3719 3261 3814 3300 una

2199 3330 2419 3386 caeteris
2476 3331 2730 3402 amplius
2781 3332 3299 3403 superabundavit,
3352 3335 3717 3405 praelaturam
3766 3349 3812 3386 in

2199 3419 2420 3474 caeteris
2442 3419 2554 3474 sibi
2585 3420 2832 3476 cessisse
2854 3422 3166 3492 gaudeant.
3194 3423 3279 3477 Ita
3308 3423 3598 3478 duntaxat
3625 3426 3682 3477 ut
3701 3421 3812 3476 cha-

2198 3508 2361 3574 ritas,
2392 3525 2520 3579 quas
2551 3508 2784 3579 gemina
2827 3514 2934 3576 est,
2979 3509 3027 3565 si
3079 3511 3425 3581 oportuerit,
3466 3529 3568 3584 pro
3616 3511 3811 3566 duabus

2196 3600 2568 3667 computetur
2588 3597 2922 3665 virtutibus,
2951 3614 3079 3670 qua
3101 3598 3273 3653 etiam
3297 3599 3370 3654 ob
3394 3600 3577 3656 unius
3597 3603 3814 3654 tantum-

2197 3687 2370 3741 modo
2388 3683 2595 3740 litterae
2614 3684 3036 3756 eclysin,1etA,
3051 3686 3192 3742 bina
3207 3692 3340 3758 post
3359 3689 3614 3759 primam
3631 3685 3813 3744 exami-

2196 3776 2368 3828 netur
2389 3773 2766 3843 proiectione,
2789 3775 2945 3844 quod
2979 3775 3049 3830 de
3078 3775 3301 3831 ceteris
3331 3777 3684 3833 omnimodis
3711 3771 3810 3829 ﬁeri

2194 3860 2549 3916 inhibemus.
2586 3862 2657 3916 Et
2689 3878 2876 3932 usque
2907 3863 2977 3918 ad
3009 3862 3213 3919 horam
3246 3862 3406 3920 illius
3441 3867 3558 3922 diei
3599 3868 3808 3928 sextam,

2194 3949 2630 4014 eminentiores,
2672 3950 2976 4006 inferiores
3030 3951 3121 4006 sui
3177 3951 3506 4023 discipulos
3550 3954 3807 4014 vocantes,

2194 4038 2441 4094 suadere
2465 4038 2779 4104 debebunt,
2808 4043 2874 4093 ut
2901 4039 3147 4095 virtutes
3169 4057 3296 4110 quis
3322 4040 3407 4096 eis
3428 4047 3586 4098 sorte
3607 4041 3805 4102 desunt,

2193 4126 2362 4183 bonis
2381 4127 2643 4182 moribus
2660 4132 2932 4199 satagunt
2946 4127 3598 4199 impetrare.lnferiore
3610 4139 3806 4202 quoque

2193 4216 2336 4271 niati
2367 4216 2492 4287 (sic)
2519 4220 2752 4272 tesserae
2783 4221 3220 4288 cognoscentes,
3244 4235 3312 4274 ac
3340 4218 3525 4275 veluti
3555 4219 3658 4275 sibi
3685 4231 3804 4286 pre-

2193 4304 2348 4360 latis.
2393 4346 2405 4358 .
2455 4346 2468 4359 .
2515 4348 2528 4360 .
2576 4345 2587 4356 .
2635 4349 2648 4361 .
2698 4349 2710 4359 .
2751 4305 3086 4378 paedagogis
3115 4322 3230 4362 non
3263 4307 3430 4363 aliter
3474 4324 3571 4365 eos
3613 4318 3805 4362 nuncu-

2193 4409 2328 4464 pare
2359 4393 2633 4460 audeant,
2671 4411 2847 4465 quam
2881 4396 3220 4467 magistros.
3243 4398 3316 4452 At
3345 4397 3393 4453 si
3425 4394 3734 4469 contigerit,
3753 4394 3805 4445 ut

2192 4485 2398 4536 neuter
2428 4487 2703 4537 neutrum
2735 4499 3016 4554 superare
3048 4489 3244 4554 queat,
3269 4494 3476 4543 omnes
3499 4477 3801 4557 aequanimi-

2191 4573 2278 4624 ter
2308 4570 2543 4641 utrique
2573 4570 2634 4625 in
2666 4570 3017 4627 alterutrum
3049 4573 3416 4644 possidentes
3437 4575 3686 4639 virtutes,
3706 4581 3803 4623 una

2191 4674 2423 4728 semper
2452 4659 2572 4712 sint
2603 4659 2886 4714 charitate
2911 4662 3248 4727 concordes,
3270 4667 3326 4718 et
3353 4663 3604 4719 fraterno
3631 4660 3799 4732 gratu-

2191 4745 2384 4800 lentur
2415 4747 2669 4802 nomine.
2701 4751 2896 4804 Potest
2925 4748 3078 4804 idem
3114 4755 3171 4804 et
3200 4749 3316 4805 alio
3348 4752 3519 4807 modo
3547 4743 3802 4806 efﬁcacior

437 4826 668 4881 vocales
689 4825 952 4889 secrevit,
978 4829 1202 4895 reperta
1223 4827 1415 4895 fuerit,
1440 4847 1542 4900 pro
1567 4828 1786 4884 caeteris
1809 4831 2082 4887 omnibus
2115 4827 2160 4891 D
2191 4833 2599 4906 lubentiorque
2630 4836 2874 4892 fortasse
2905 4836 3204 4907 aliquibus
3247 4838 3394 4909 ﬁeri,
3425 4855 3539 4911 quo
3583 4835 3798 4908 quisque

438 4918 830 4986 computetur,
854 4917 910 4968 et
940 4915 1092 4985 quod
1124 4918 1410 4990 tetragoni
1441 4919 1534 4973 sui
1567 4917 1873 4988 superficie
1907 4936 2077 4992 supe-

435 5002 596 5067 riori,
630 5002 740 5059 hoc
795 5001 908 5058 ista
955 5003 1231 5074 inferiori,
1264 5007 1320 5061 id
1371 5009 1459 5061 est
1500 5005 1626 5060 basi
1673 5022 1800 5077 sua,
1834 5007 2076 5064 demon-

435 5093 668 5151 strabit.
1612 5158 1619 5165 _

506 5187 621 5240 Nec
640 5181 950 5248 immerito,
965 5183 1181 5255 quippe
1199 5197 1332 5236 cum
1351 5198 1582 5253 corpus,
1602 5183 1770 5254 cujus
1788 5184 1934 5251 istae,
1952 5203 2076 5258 quae

435 5271 882 5330 similitudinem
932 5271 1049 5325 illis
1097 5269 1304 5324 animae
1351 5271 1739 5341 ﬁgurantibus
1771 5275 2076 5347 retineant,

435 5361 552 5417 sive
584 5361 832 5417 naturali
867 5357 1290 5428 compositione
1337 5360 1427 5414 sui
1477 5361 1746 5416 decenter
1783 5369 2074 5430 ornatum,

435 5467 534 5506 seu
565 5453 762 5521 aliqua
785 5445 1046 5518 portione
1069 5447 1449 5514 diminutum,
1471 5450 1560 5503 sui
1591 5455 1963 5505 monstruosa
1986 5469 2079 5507 su-

432 5542 761 5612 perﬂuitate
793 5540 1258 5602 augmentatum,
1293 5536 1565 5608 spiritum
1609 5542 1709 5593 aut
1756 5540 2072 5608 integrum,

431 5634 531 5683 aut
561 5626 793 5684 nullum
826 5620 1034 5676 habere
1065 5623 1364 5679 videatur:
1399 5630 1455 5678 et
1485 5642 1549 5681 eo
1581 5626 1934 5691 discedente,
1968 5625 2076 5682 hoc

425 5715 638 5788 imum,
671 5707 824 5766 unde
855 5715 1152 5780 sumptum
1186 5715 1296 5775 cst,
1331 5718 1548 5782 repetat
1576 5713 1954 5778 elementum,
1979 5711 2075 5771 ille

2192 4923 2465 4994 projectis
2495 4925 2683 4979 tribus
2716 4926 3126 4981 tantummodo
3156 4928 3416 4994 tesseris,
3443 4944 3563 4988 non
3593 4925 3662 4981 ad
3700 4920 3798 4978 vim

2191 5010 2633 5083 elementorum,
2650 5013 2748 5067 sed
2770 5014 2840 5068 ad
2861 5031 3157 5071 summam
3175 5009 3632 5072 simul'collatam
3650 5006 3799 5078 respi-

2188 5099 2366 5167 ciens,
2401 5104 2688 5173 quotquot
2734 5101 2836 5156 tali
2887 5104 3187 5173 repererit,
3221 5110 3285 5159 ut
3326 5104 3678 5176 praelibatum
3704 5097 3794 5157 est,

2188 5207 2430 5244 numero
2456 5190 2779 5256 redimitae,
2799 5189 3146 5261 gloriabitur
3167 5209 3229 5248 se
3251 5193 3544 5264 possidere
3563 5189 3796 5245 virtutes.

2259 5279 2387 5333 Haec
2418 5278 2612 5334 taliter
2643 5279 2773 5347 tibi,
2805 5279 3008 5348 lector,
3043 5280 3446 5352 proponimus,
3479 5285 3542 5338 ut
3587 5277 3639 5334 si
3678 5266 3796 5342 quid

2187 5366 2370 5436 stylus
2400 5366 2594 5437 exigit,
2634 5367 2855 5422 utiliter
2888 5374 3186 5436 annectas,
3221 5374 3322 5425 aut
3363 5365 3687 5440 corrigendo
3712 5359 3794 5415 de-

2185 5454 2384 5508 trahas
2411 5479 2424 5519 ;
2457 5454 2601 5508 nihil
2627 5461 2822 5509 tamen
2851 5455 3230 5528 blasphemiae
3253 5458 3502 5523 inferas;
3535 5459 3587 5512 et
3614 5456 3659 5508 si
3688 5448 3792 5502 lau-

2186 5543 2322 5596 dare
2351 5540 2627 5608 nolueris,
2655 5560 2725 5597 ne
2758 5544 3081 5615 disperdas.
3110 5546 3272 5612 Quod
3301 5545 3350 5601 si
3380 5545 3552 5601 ludus
3577 5532 3789 5596 vilescit.

2185 5635 2287 5685 aut
2317 5629 2511 5684 animo
2533 5631 2767 5686 taedium
2792 5632 2999 5703 gignit,
3028 5633 3234 5689 saltem
3259 5645 3630 5691 numerorum
3650 5619 3791 5682 utilis

2186 5717 2458 5792 coaptatio
2470 5718 2868 5794 virtutumque
2882 5720 3186 5794 diligibilis
3199 5722 3619 5793 inquisitio,nec
3630 5712 3790 5773 otiosa
