3970 6212
244 484 407 546 1017

792 486 1218 550 GUILLELMI
1263 490 1564 564 CABILL,
1614 491 1965 551 MUNACH.
2010 490 2562 554 FRAGMENTUM
2607 484 3119 554 HISTORICUM.

3498 476 3654 550 1018

252 615 2170 661 W

1441 810 1607 848 CIRCA
1646 811 1849 850 ANNUM
1889 812 2093 851 DOMINI
2136 812 2454 851 DCCCCLXVI.

1170 962 2747 1093 GUILLELMUS

1442 1188 2005 1245 CABILLONENSIS
2044 1188 2450 1244 MONACHUS.

1746 1349 2166 1362 m

244 1474 327 1531 De
354 1472 605 1529 fulmine
635 1490 749 1545 quo
781 1476 1245 1546 percussumiest
1273 1474 1329 1529 S.
1355 1475 1505 1529 Petri
1528 1476 1950 1531 Cabillonensis
1973 1475 2391 1531 monasterium
2417 1475 2547 1546 (hoc
2573 1479 2662 1529 est
2683 1475 2947 1546 ecclesia)
2971 1475 3215 1531 Rodult‘o
3238 1480 3378 1531 tunc
3397 1476 3654 1543 abbatte,

1116 1545 1209 1600 die
1240 1546 1475 1601 Sabbati
1506 1565 1578 1601 xv
1610 1548 1897 1603 Kalendas
1926 1549 2196 1619 Augusti,
2230 1564 2384 1602 anno

2463 1546 2631 1601 hristi
2663 1546 2789 1611 865,

1474 1742 2435 1843 GUILLELMI

1288 1940 1395 2005 Qui
1421 1952 1662 2009 praesens
1691 1939 1906 2011 aderat,
1935 1941 2176 2011 ejusdem
2206 1944 2312 2000 loc:
2352 1945 2626 2015 monachi,

1636 2128 2263 2221 NARRATIO.

375 2307 565 2379 (Apud
598 2305 849 2362 Ghifﬂet.
884 2306 1121 2362 Histoire
1144 2306 1211 2361 de
1241 2307 1484 2361 Tom-nus
1514 2307 1790 2378 append.,
1822 2322 1891 2360 ex
1920 2306 2114 2363 codice
2149 2313 2480 2380 pervetusto
2512 2309 2700 2367 sancti
2732 2309 2931 2367 Lazari
2960 2305 3529 2381 Augustodunensi.)

316 2596 484 2649 Anno
509 2592 933 2649 incarnationis
948 2592 1178 2647 Domini
1205 2593 1646 2665 nongentesimo
1675 2608 1907 2665 sexage-
1937 2596 1991 2662 Α
2021 2594 2179 2667 ligna
2211 2598 2281 2652 ad
2316 2597 2509 2652 focum
2544 2597 2898 2664 faciendum,
2929 2600 2986 2652 et
3014 2596 3186 2652 sicuti
3217 2596 3365 2650 fiunt
3396 2591 3660 2648 minutim

250 2683 398 2738 simo
432 2681 985 2755 quinto,indictione
1016 2686 1301 2747 octava,1v
1334 2681 1623 2737 Kalendas
1658 2683 1908 2754 Augusti

249 2771 391 2827 luna
418 2770 674 2838 xxv1,die
704 2770 1349 2842 Sabbati,vespertinali
1386 2770 1756 2827 solemnitate
1776 2789 1907 2843 per-

252 2866 403 2929 acta,
446 2858 934 2931 processioneque
981 2860 1269 2931 completa
1323 2860 1381 2914 in
1442 2862 1691 2915 oratorio
1740 2863 1909 2931 juxta

252 2965 477 3004 morem
494 2948 683 3004 sancti
701 2948 1155 3019 Benedicti,cum
1172 2950 1295 3020 jam
1313 2954 1444 3021 post
1466 2951 1723 3005 sonitum
1750 2968 1905 3022 cym-

252 3038 373 3093 bali
405 3053 620 3092 manus
650 3036 981 3092 levaremus
1015 3037 1281 3092 coenandi
1313 3054 1511 3104 causa,
1564 3056 1906 3110 percussum

252 3132 344 3183 est
399 3126 829 3182 monasterium
860 3126 1012 3182 beati
1070 3126 1223 3181 Petri
1253 3126 1608 3183 Cavillomno
1640 3128 1907 3196 fulmine,

254 3215 566 3273 Percussio
599 3220 796 3271 autem
855 3215 975 3270 haec
1006 3214 1142 3270 talis
1172 3215 1301 3270 fuit.

326 3306 481 3362 Dum
513 3320 788 3376 vesperae
809 3304 1393 3370 cantaremus,audiri
1427 3305 1498 3360 ab
1530 3306 1646 3361 alto
1661 3307 1832 3377 coepit
1852 3310 1909 3362 to

262 3396 620 3461 uitruum,et
649 3394 803 3448 sicut
831 3392 997 3448 valde
1030 3392 1400 3465 procul.Cum
1418 3395 1543 3465 jam
1568 3400 1908 3465 perventum

259 3488 420 3541 esset
450 3484 524 3539 ad
554 3482 758 3538 horam
795 3499 921 3554 quae
951 3498 1131 3553 supra
1152 3484 1277 3553 jam
1337 3483 1494 3538 dicta
1550 3489 1656 3551 est,
1717 3486 1909 3540 subito

253 3572 426 3629 valde
446 3572 675 3644 fragore
690 3570 901 3626 coelum
924 3570 1690 3643 intonuit,validissimoque
1713 3574 1911 3629 sonitu

261 3660 530 3735 perculsi
554 3676 761 3716 sumus
793 3675 1017 3726 omnes,
1052 3664 1107 3713 et
1154 3659 1427 3730 prostrati
1486 3659 1749 3731 plurimi.
1779 3662 1913 3717 Tria

257 3750 500 3823 fulgura
525 3749 651 3804 visa
681 3752 823 3803 sunt
851 3747 1132 3803 cecidisse
1162 3749 1233 3803 de
1262 3748 1403 3803 caelo
1435 3748 1606 3821 plena
1639 3750 1911 3817 foco,ter-

257 3839 457 3894 ribilia
487 3838 696 3893 nimis:
718 3854 846 3909 quea
868 3843 1284 3909 percusserunt
1300 3837 1411 3892 tria
1428 3838 1549 3893 haec
1572 3838 1912 3893 monasterii

260 3928 447 3984 nostri
484 3944 499 3994 ;
530 3926 740 3981 turrim
772 3926 1281 3997 signorum,quam
1314 3926 1516 3982 rustici
1560 3926 1911 3983 cloccarium

258 4017 515 4073 dicimus
551 4032 563 4070 :
597 4032 797 4070 arcum
832 4015 1155 4070 maximum
1186 4016 1396 4070 veteris
1437 4017 1701 4072 maceriae
1727 4017 1914 4072 sancti

256 4105 414 4161 Petri
445 4121 574 4175 quae
608 4103 842 4159 videtur
871 4102 1292 4158 dividereinter
1317 4104 1558 4159 chorum
1594 4106 1839 4161 fratrum
1864 4110 1921 4161 et

264 4192 592 4267 principale
625 4191 809 4247 altare
842 4210 855 4260 ;
890 4196 946 4247 et
975 4207 1206 4247 cereum
1242 4193 1809 4265 ﬂoridum,stantem
1832 4199 1916 4250 at-

259 4298 376 4355 que
408 4284 772 4336 statututum
805 4281 864 4335 in
898 4280 1025 4352 ipso
1058 4297 1227 4336 arcus
1260 4283 1451 4337 medio
1484 4288 1615 4338 ante
1646 4284 1844 4353 altare,

329 4375 465 4425 Haec
502 4370 574 4423 de
607 4373 768 4424 turre
802 4384 1085 4440 percussa
1116 4374 1255 4425 sunt
1291 4387 1302 4424 :
1337 4370 1657 4426 similitudo
1689 4372 1826 4443 galli
1859 4372 1917 4427 in

258 4474 500 4515 summo
526 4458 926 4530 pumozipsum
944 4474 1181 4529 pomum
1198 4476 1329 4513 cum
1355 4459 1628 4514 omnibus
1644 4461 1921 4517 subaura-

254 4548 526 4604 tionibus
549 4551 606 4602 et
642 4548 1007 4602 ornamentis
1037 4548 1161 4602 suis
1220 4552 1438 4603 tectum
1496 4549 1696 4615 turris,
1730 4551 1922 4605 media

255 4655 419 4711 pars,
452 4636 512 4691 id
546 4640 658 4704 est,
690 4636 748 4689 in
783 4636 1018 4691 duobus
1052 4637 1285 4709 angulis
1318 4659 1330 4707 ς
1366 4654 1497 4693 cum
1534 4636 1917 4700 tabulis,cum

259 4724 486 4798 tegulis
516 4724 914 4796 superaffinis,
947 4730 1004 4780 et
1034 4741 1165 4780 cum
1201 4727 1471 4781 omnibus
1502 4725 1679 4782 clavis
1701 4732 1757 4781 et
1775 4726 1917 4799 liga-

254 4820 319 4871 tu
339 4816 443 4883 ris,
477 4814 842 4869 ornamentis
875 4817 1049 4886 atque
1083 4814 1325 4885 picturis
1358 4816 1503 4885 suis,
1538 4814 1692 4886 angli
1734 4816 1918 4887 parie-

256 4910 392 4960 tum
432 4902 617 4958 turris
641 4901 739 4972 qui
759 4919 937 4975 supra
952 4906 1170 4957 tectum
1198 4904 1533 4959 monasterii
1558 4904 1789 4959 stabant
1810 4906 1921 4960 duo

257 4993 392 5048 Haec
428 4990 636 5047 omnia
661 4989 720 5044 in
753 4989 913 5045 mille
951 4988 1270 5046 milliorum
1332 4992 1575 5047 minutis
1631 4993 1925 5048 confracta

255 5085 399 5135 sunt
420 5077 809 5135 comminuta
837 5086 1011 5150 atque
1042 5079 1291 5133 contrita
1326 5098 1336 5134 :
1372 5083 1428 5134 et
1455 5096 1556 5151 per
1580 5084 1765 5134 totum
1799 5097 1921 5135 mo-

253 5169 588 5225 nasterium
622 5182 728 5238 per
759 5166 1008 5238 plateas,
1044 5185 1153 5239 per
1188 5169 1409 5236 vicum,
1442 5184 1626 5238 usque
1675 5174 1921 5239 pontum

255 5258 642 5331 quointratur
655 5255 857 5312 civitas
886 5257 1267 5323 Cavilon,huc
1290 5258 1546 5328 illucque
1565 5274 1666 5327 per
1686 5274 1919 5314 omnem

2022 2684 2445 2741 subtillissimae
2462 2703 2527 2741 ac
2541 2687 2901 2741 tenuissimae
2918 2686 2987 2739 ad
3001 2684 3354 2740 initiandum
3372 2684 3587 2754 ignem,
3604 2684 3663 2735 et

2020 2774 2190 2829 sicuti
2227 2780 2584 2846 quassantur
2613 2775 3035 2830 faculazzethaac
3048 2774 3246 2829 omnia
3267 2770 3537 2828 similiter
3558 2785 3661 2841 per

2016 2867 2205 2918 totum
2240 2864 3049 2931 monasterium,intrinsecus
3082 2863 3336 2935 projects
3367 2864 3543 2931 atque
3572 2858 3658 2913 di-

2019 2968 2223 3024 spersa
2253 2957 2390 3008 sunt
2420 2972 2450 3007 a
2480 2954 2709 3008 duobus
2741 2950 3299 3025 angulisturrilela
3327 2966 3459 3005 vero
3482 2950 3552 3004 de
3575 2963 3665 3003 εο-

2016 3041 2239 3097 lumnis
2271 3042 2567 3113 maximis,
2601 3060 2730 3115 quae
2757 3042 2910 3098 intra
2940 3041 3276 3114 analogium
3308 3038 3499 3095 adhuc
3547 3040 3663 3093 stat

2019 3147 2196 3202 super
2226 3148 2339 3202 quo
2368 3130 2579 3203 legitur
2608 3130 3008 3202 Evangelium,
3042 3147 3075 3185 a
3110 3146 3344 3185 summo
3375 3144 3563 3199 usque
3592 3126 3664 3182 ad

2018 3218 2209 3274 basim
2242 3236 2411 3275 suam
2445 3224 2677 3275 exarata
2706 3223 2813 3285 est,
2838 3222 2895 3274 et
2922 3224 3204 3289 tanquam
3239 3218 3382 3273 fissa
3415 3218 3661 3283 videtur;

2021 3308 2082 3363 in
2110 3324 2225 3378 qua
2258 3313 2315 3363 et
2345 3309 2625 3364 carbones
2658 3308 2988 3361 invenimus
3025 3310 3310 3370 mortuos,
3343 3311 3402 3360 et
3427 3306 3665 3361 titiones

2023 3397 2341 3451 exstinctos
2362 3401 2537 3467 atque
2567 3400 2875 3466 quassatos
2896 3398 3181 3465 tanquam
3212 3392 3413 3449 faculas
3444 3394 3663 3457 scissae;

2020 3488 2209 3540 certos
2240 3486 2382 3540 satis
2412 3485 2636 3539 indices
2658 3482 2903 3552 fulguris
2924 3482 3667 3554 pervolantis,penetrantil

2020 3578 2079 3630 et
2108 3572 2452 3645 dissipantis
2482 3572 2603 3628 haac
2634 3573 2853 3639 omnia;
2884 3571 3005 3626 haec
3034 3574 3092 3626 et
3121 3569 3256 3625 talis
3288 3570 3397 3624 fuit
3427 3585 3665 3641 percus-

2023 3662 2107 3718 sio
2137 3662 2321 3718 turris
2352 3662 2656 3735 signorum
2688 3661 2841 3733 apud
2874 3677 3000 3727 nos,
3057 3658 3150 3714 die
3207 3674 3386 3730 supra
3437 3657 3668 3729 signata

2091 3752 2413 3807 Percussus
2444 3754 2534 3807 est
2564 3754 2621 3806 et
2644 3766 2815 3805 arcus
2844 3747 2947 3804 tali
2978 3749 3171 3805 modo.
3192 3748 3666 3804 Fundamentum

2020 3845 2076 3895 et
2097 3840 2258 3896 basis
2289 3840 2594 3896 colummaa
2626 3854 2963 3895 marmoreas
3005 3838 3293 3909 maximae,
3328 3855 3456 3909 quas
3488 3840 3577 3891 est
3607 3834 3668 3891 in

2021 3931 2251 3985 dextera
2283 3934 2447 4001 parte
2477 3928 2814 3987 monasterii
2846 3927 3296 4000 respicientibus
3327 3927 3398 3982 ad
3458 3924 3664 3993 altare,

2027 4018 2106 4073 ita
2138 4035 2425 4075 concussa
2454 4024 2596 4074 sunt
2627 4023 2802 4089 atque
2835 4021 3127 4074 commota
3157 4020 3222 4071 ut
3264 4015 3426 4069 rima)
3484 4014 3670 4084 facta,

2026 4108 2331 4162 videantur
2360 4108 2759 4180 separationes
2791 4112 2847 4163 et
2865 4111 3147 4181 aperturas
3160 4105 3313 4161 inter
3331 4104 3455 4158 haec
3473 4106 3529 4157 et
3550 4118 3673 4158 ma-

2028 4196 2232 4250 teriam
2266 4200 2531 4251 caateram
2569 4222 2583 4263 ;
2617 4200 2865 4252 etcornu
2892 4194 3256 4251 fundamenti
3274 4195 3669 4263 quartum,to-

2027 4289 2151 4339 tum
2177 4285 2539 4339 confractum
2572 4285 2671 4353 sit,
2731 4285 3047 4339 contritum
3104 4289 3159 4339 et
3218 4280 3668 4339 comminutum.

2028 4374 2216 4429 Cornu
2252 4388 2385 4427 vero
2428 4371 2678 4441 capitelli
2724 4372 2989 4441 ejusdem
3037 4373 3342 4437 columna,
3400 4367 3673 4425 similiter

2030 4463 2278 4516 fractum
2295 4465 2452 4515 estet
2473 4460 2791 4531 projectum
2818 4460 3068 4531 longius.
3098 4462 3340 4534 Lapides
3371 4457 3557 4531 ipsius
3571 4454 3669 4513 ηιθ-

2031 4568 2133 4607 cus
2157 4568 2188 4607 a
2212 4566 2443 4606 summo
2466 4549 2557 4603 sui
2576 4548 2856 4604 conscissi
2881 4551 3325 4616 sunt,confracti
3341 4548 3579 4622 projecti
3596 4551 3677 4602 at-

2032 4656 2143 4713 que
2166 4637 2415 4710 dispersi
2440 4653 2544 4709 per
2601 4652 2773 4691 omne
2823 4637 3249 4707 pavimentum,
3281 4639 3435 4695 circa
3470 4636 3677 4693 altaria

2031 4734 2368 4785 sanctorum
2387 4728 2537 4782 Petri
2560 4730 2617 4781 et
2636 4724 2884 4793 Pauli,et
2904 4740 3007 4796 per
3024 4729 3210 4782 totum
3235 4728 3478 4783 chorum
3502 4730 3558 4782 et
3570 4741 3671 4781 an-

2030 4822 2121 4873 te:
2154 4832 2402 4889 quorum
2430 4813 2720 4887 fragmina
2746 4812 2999 4868 maxima
3021 4813 3446 4885 longitudinem
3469 4814 3673 4869 etlati-

2028 4906 2294 4961 tudinem
2327 4904 2658 4959 habuerunt
2687 4902 2972 4975 pedalem.
3005 4900 3373 4956 altitudinem
3398 4919 3678 4959 mensura

2032 4994 2212 5065 palmi
2247 5012 2258 5049 :
2293 4998 2499 5048 caetera
2530 4993 2856 5064 fragmenta
2912 5005 3101 5062 usque
3158 4990 3228 5043 ad
3262 4988 3581 5060 pulverem,
3617 4993 3675 5045 et

2032 5082 2459 5154 magnitudinis
2492 5083 2729 5137 fuerunt
2776 5078 3271 5151 incomprehensaa
3316 5081 3375 5131 et
3405 5077 3677 5133 multitu-

2032 5172 2187 5227 dinis
2215 5170 2666 5226 innumerabilis
2682 5171 2833 5226 sicut
2847 5186 3021 5225 arena
3034 5173 3090 5224 et
3106 5168 3257 5224 sicut
3273 5165 3675 5238 pulvis.Arcus

2031 5277 2163 5315 vero
2190 5274 2541 5330 percussura
2587 5275 2718 5314 cum
2746 5261 2864 5314 haec
2894 5258 3091 5313 omnia
3122 5257 3476 5329 perfecisset,
3506 5253 3567 5309 in
3590 5254 3673 5310 al-

250 5353 495 5405 ventum
517 5351 577 5402 et
597 5345 993 5419 locum,longe
1016 5347 1253 5416 lateque
1272 5347 1537 5418 dispersa
1552 5351 1609 5400 et
1632 5346 1919 5418 dissipata
1948 5335 1991 5401 C
2029 5354 2213 5405 teram
2243 5364 2273 5402 e
2303 5350 2539 5417 regione
2571 5350 2886 5404 maceriam
2922 5364 2982 5404 se
3013 5346 3344 5404 transtulit:
3380 5348 3436 5401 et
3452 5344 3676 5401 colum-

253 5439 410 5494 sicut
434 5433 803 5507 dispergitur
832 5439 888 5489 et
918 5435 1224 5507 projicitur
1264 5434 1461 5490 favilla
1510 5434 1760 5505 stipulas,
1797 5440 1917 5491 tur-

253 5527 390 5583 bine
426 5523 755 5581 festissima
786 5521 1352 5592 rapta.Columnellae
1386 5526 1583 5577 autem
1619 5524 1797 5577 turris
1828 5525 1915 5580 in-

252 5616 341 5672 fra
370 5619 597 5671 tectum
636 5612 998 5678 monasterii,
1033 5609 1120 5664 vel
1151 5609 1302 5666 infra
1334 5613 1617 5676 transtra,
1649 5616 1704 5665 et
1761 5611 1918 5683 ligna

254 5710 461 5762 caetera
490 5700 717 5774 quibus
749 5696 1245 5766 fulciebantur,ita
1259 5698 1527 5754 concisse
1553 5702 1691 5751 sunt
1712 5703 1768 5752 et
1787 5715 1916 5755 con-

251 5796 558 5865 quassata,
593 5782 833 5844 concisa
862 5790 918 5842 et
947 5783 1326 5858 comminuta,
1348 5786 1504 5843 sicut
1530 5785 1917 5845 conciduntur

2027 5454 2161 5492 nam
2183 5433 2419 5506 quidem
2438 5430 2677 5488 alteram
2701 5452 2873 5490 arcus
2895 5452 3285 5492 marmoream
3300 5449 3674 5507 nequaquam

2026 5523 2345 5596 tetigit,sed
2377 5521 2693 5576 maceriam
2727 5523 2807 5577 ita
2824 5524 3122 5579 concussit
3150 5529 3326 5597 atque
3350 5523 3671 5596 quassavit,

2027 5619 2092 5669 ut
2122 5618 2454 5685 aperturam
2468 5613 2525 5665 et
2544 5610 2891 5666 scissionem
2911 5611 3059 5666 inter
3070 5614 3335 5670 eamdem
3358 5612 3674 5669 maceriam

2026 5709 2083 5759 et
2113 5719 2313 5759 arcum
2346 5702 2580 5770 faceret,
2613 5704 2670 5755 et
2698 5698 2963 5755 eamdem
2988 5702 3303 5757 maceriam
3330 5706 3670 5773 quassatam

2027 5796 2554 5864 penetrans,usque
2583 5790 2655 5849 ad
2684 5786 3019 5863 sepulcrum
3042 5788 3245 5845 domui
3276 5789 3525 5845 Ardradi
3553 5788 3668 5861 epi-
