3970 6212
318 358 3556 445 h

883 378 3554 445 ,———_____.____________

875 413 880 414 ν
907 413 3551 476 Ἰ

1379 572 1582 620 ANNO
1633 577 1903 628 DOMINI
1955 584 2417 639 DCCCCLXVI.

905 709 2885 958 FLODOARDUS

1424 1001 1877 1075 CANONICUS
1927 1013 2352 1087 REMENSIS.
2389 1077 2392 1082 .

517 1245 1087 1336 NOTITIA
1187 1255 1925 1368 HISTORICA
2029 1270 2162 1358 IN
2265 1272 3244 1380 FLODOARDUM.

1029 1402 1196 1464 (Apud
1222 1402 1410 1453 Mabill.
1447 1406 1568 1456 Acta
1597 1407 1680 1458 SS.
1707 1411 1814 1460 ord.
1849 1412 1898 1462 S.
1927 1414 2129 1475 Bened.,
2167 1427 2287 1470 tom.
2321 1422 2424 1483 VII,
2461 1440 2573 1491 pag.
2598 1430 2734 1494 325.)

288 1648 655 1704 Flodoardum
687 1653 1067 1724 presbyterum
1116 1657 1458 1717 Remensem.
1495 1661 1830 1732 praecipuum
1855 1670 1906 1734 Α
1934 1669 2128 1726 vellem
2177 1677 2473 1746 proficisci.
2521 1685 2780 1760 Fecitque
2830 1708 2915 1747 me
2957 1695 3059 1749 sub
3105 1699 3353 1756 custodia
3392 1702 3543 1760 deti-

202 1741 403 1795 saeculi
459 1757 490 1794 χ
543 1729 977 1810 ornamentum,
1045 1749 1328 1804 monachis
1385 1761 1677 1807 accensent
1726 1754 1828 1807 viri

202 1832 361 1886 docti
411 1849 519 1887 non
561 1836 718 1903 pauci
763 1847 883 1906 post
913 1837 1283 1912 Sigebertum,
1334 1858 1470 1912 quos
1499 1844 1641 1897 inter
1679 1844 1827 1898 Guil-

200 1923 412 1977 lelmus
469 1925 721 1980 Marlotus
777 1928 831 1981 in
891 1933 1166 2000 Metropoli
1223 1937 1466 1988 Rcmeusi
1519 1945 1572 1989 et
1627 1935 1828 1990 Natalis

198 2010 518 2066 Alexander
567 2013 620 2067 in
665 2018 908 2070 Historia
946 2023 1198 2073 saecuh'x.
1257 2021 1618 2092 Flodoardus,
1660 2041 1823 2095 quem

194 2101 354 2156 idem
401 2105 718 2178 Sigebertus
759 2110 1093 2166 Fluwuldum
1141 2123 1316 2178 vocat,
1375 2131 1652 2185 nunquam
1693 2117 1826 2170 satis

195 2190 485 2257 laudatus,
523 2211 624 2249 nec
654 2196 765 2251 scio
820 2215 887 2251 an
931 2200 1025 2253 ulli
1057 2210 1366 2272 temporum
1420 2203 1636 2257 illorum
1683 2205 1823 2259 scri-

195 2281 348 2349 ptori
409 2284 705 2345 secundus.
768 2288 1044 2356 Sparnaco
1111 2291 1318 2360 oppido
1371 2292 1439 2344 ad
1499 2293 1816 2358 Matronam,

191 2373 367 2444 vulgo
397 2377 673 2444 Epernay,
709 2386 868 2432 natus
902 2389 982 2434 est
1023 2397 1167 2436 anno
1206 2384 1329 2444 8M,
1365 2383 1641 2454 siquidem
1674 2403 1818 2442 anno

189 2462 306 2513 963
359 2466 816 2536 septuagenarius
855 2476 991 2534 erat,
1055 2487 1118 2524 ex
1161 2471 1334 2540 ipsius
1376 2473 1662 2529 Chronico.
1711 2478 1814 2530 Ar-

187 2554 420 2607 chivum
466 2556 714 2611 ecclesia:
764 2558 1048 2613 Bernensis
1097 2562 1214 2629 ejus
1269 2580 1412 2618 curre
1462 2568 1812 2622 commissum

188 2649 314 2695 erat
343 2658 468 2696 cum
502 2653 688 2715 crypta
715 2662 811 2700 seu
845 2649 1055 2717 capella
1085 2651 1256 2704 sancti
1290 2651 1432 2705 Petri
1467 2669 1529 2706 ex
1565 2654 1812 2710 Historia:

187 2749 308 2787 suae
339 2733 437 2788 lib.
486 2753 542 2799 ιι,
578 2753 698 2807 cap.
734 2739 820 2802 19,
851 2739 946 2792 ubi
976 2740 1043 2793 de
1077 2741 1268 2796 Ebone
1310 2744 1441 2817 agit,
1478 2745 1562 2799 his
1589 2747 1808 2802 verbis:

188 2846 212 2875 ι
263 2827 559 2881 Archivum
609 2831 856 2885 ecclesiae
889 2831 1176 2886 tutissimis
1225 2835 1494 2903 aedificiis,
1528 2854 1649 2891 cum
1681 2856 1806 2910 cry-

185 2926 285 2986 pta
317 2917 374 2971 in
406 2919 613 2975 honore
643 2922 815 2976 sancti
851 2921 991 2975 Petri
1019 2924 1376 2996 omniumque
1407 2929 1802 2997 apostolorum.

184 3017 517 3079 martyrum,
573 3011 948 3066 confessorum
990 3031 1052 3069 ac
1090 3015 1363 3087 virginum
1396 3018 1668 3088 dedicata,
1709 3021 1802 3076 ubi
1831 2981 1882 3050 Β

183 3097 301 3150 Deo
327 3099 569 3167 propitio
601 3100 880 3154 deservire
912 3103 1181 3168 videmur,
1222 3121 1388 3175 Opere
1416 3108 1632 3163 decenti
1664 3126 1802 3166 con-

173 3185 402 3238 struxit.
446 3211 461 3232 ε
504 3187 735 3251 Ibidem,
767 3190 1136 3257 Gundacrum,
1170 3193 1521 3260 Canonicum,
1564 3206 1620 3252 ut
1652 3207 1804 3268 puto,

176 3272 563 3334 Remensem.
623 3278 944 3332 nutritorem
997 3297 1152 3334 suum
1207 3292 1383 3348 vocat,
1442 3286 1628 3340 matris
1686 3287 1806 3354 ejus

171 3367 486 3419 avunculus
517 3376 632 3421 erat
658 3369 976 3424 Flawardus
1004 3375 1233 3437 nomine,
1269 3375 1360 3444 qui
1413 3377 1544 3430 duos
1574 3379 1714 3445 ﬁlios
1749 3379 1802 3432 in

169 3456 355 3509 sancti
413 3457 589 3511 Basoli
633 3462 964 3515 monasterio
1007 3462 1222 3530 habuit,
1254 3483 1423 3519 unum
1462 3468 1799 3534 Tetbortum,

169 3551 278 3617 qui
313 3549 598 3618 presbyter
645 3552 871 3617 dudum,
927 3554 1126 3624 inquit,
1177 3559 1323 3624 apud
1368 3574 1462 3611 nos
1507 3561 1658 3613 obiit.
1707 3563 1802 3614 Ar-

168 3637 330 3692 taldo
363 3638 780 3710 archiepiscOpo
817 3641 1058 3707 Romam,
1096 3646 1279 3699 nescio
1309 3647 1465 3714 cujus
1509 3648 1584 3700 rei
1615 3666 1797 3718 causa,

169 3728 462 3800 profectus
491 3731 591 3783 sub
635 3749 839 3786 annum
868 3734 992 3800 936,
1027 3751 1056 3788 a
1089 3736 1265 3791 Leone
1299 3755 1440 3808 papa
1480 3740 1563 3792 V'll
1600 3744 1798 3811 perho-

165 3819 408 3874 norifice
462 3831 724 3893 exceptus
767 3834 865 3880 est.
917 3827 991 3880 lta
1041 3828 1186 3882 enim
1231 3830 1365 3900 ipse
1396 3833 1542 3887 canit
1584 3835 1636 3886 in
1689 3834 1796 3890 fine

164 3909 303 3961 libri
364 3913 576 3966 metrici
643 3913 712 3966 de
781 3913 1040 3970 Romanis
1105 3921 1500 3987 pontiﬁcibus,
1561 3923 1655 3977 ubi
1727 3927 1795 3979 de

163 4000 356 4054 Leone
389 4001 499 4056 νυ.

221 4126 326 4198 Qui
359 4143 436 4198 me
459 4129 699 4198 visentem
721 4132 918 4198 retherei
947 4136 1028 4198 pia
1057 4137 1235 4188 limina
1259 4141 1388 4190 Petri

221 4190 458 4265 J-ulcunde
481 4192 752 4265 excipiens,
778 4190 1175 4265 animo-quaesita
1207 4201 1419 4265 benigno

221 4252 470 4325 édmisit,
494 4252 716 4325 favitque
751 4258 847 4320 pie,
872 4252 1163 4325 studuitque
1192 4252 1428 4314 modeaste.

220 4312 447 4378 Famina
465 4324 602 4378 grata
631 4312 816 4377 serens,
837 4312 998 4378 epulis
1018 4312 1260 4375 recreavit
1287 4328 1508 4378 utrisuue

218 4377 638 4450 (Ziorporisatque.
655 4381 851 4440 animm,
869 4377 1139 4450 benedixit,
1165 4398 1210 4436 et
1237 4390 1403 4438 oscula
1421 4377 1598 4450 libans,

219 4440 298 4486 Ac
329 4440 586 4498 geminans
609 4441 741 4491 dono
765 4447 1073 4497 cumulatum
1096 4440 1315 4499 muneris
1330 4453 1446 4500 almi

217 4502 436 4561 Pergcre
464 4502 714 4555 laetantem
737 4509 970 4572 amplexu
998 4511 1189 4561 dimisit
1216 4514 1417 4572 honoro,

227 4623 395 4676 Anno
447 4625 552 4678 940
605 4626 831 4702 Hugone
895 4632 1158 4688 lleriberti
1217 4635 1644 4694 Vermandensis
1696 4657 1789 4698 co-

155 4710 316 4764 mitis
367 4709 503 4778 ﬁlio,
544 4715 610 4767 ad
649 4717 837 4771 sedem
874 4720 1160 4777 Bernensis
1201 4725 1458 4780 Ecclesiae
1503 4729 1556 4782 in
1605 4729 1784 4786 locum

153 4798 370 4852 Artaldi
425 4803 868 4874 superordinato,
925 4810 1262 4867 Flodoardus
1317 4816 1517 4871 factum
1575 4819 1786 4891 impro-

153 4890 320 4956 bans,
355 4895 857 4965 peregrinationem
887 4901 954 4955 ad
985 4903 1171 4957 limina
1199 4908 1368 4962 sancti
1402 4909 1614 4965 Martini
1644 4931 1785 4983 prte-

153 4983 354 5047 texuit,
399 4986 497 5039 sed
531 4988 599 5041 ab
652 4989 938 5048 lleriherto
979 5004 1227 5052 retentus
1273 5010 1374 5055 est.
1425 5003 1555 5057 Rem
1601 5019 1784 5065 narrat

152 5073 355 5127 iisdem
385 5092 529 5144 pene
557 5078 743 5132 verbis
779 5081 1113 5139 Flodoardus
1137 5086 1257 5156 ipse
1283 5097 1393 5144 tum
1421 5092 1476 5145 in
1509 5093 1780 5155 Chronico

150 5162 220 5214 ad
264 5164 420 5216 illum
454 5182 681 5231 annum,
725 5176 836 5223 tum
886 5173 937 5226 in
991 5174 1227 5230 llistoria
1276 5178 1554 5237 Remensi.
1604 5187 1779 5244 Verba

149 5254 273 5320 ejus
302 5256 596 5312 referenda
627 5269 776 5327 sunt,
824 5272 883 5318 ut
909 5277 1171 5337 appareat
1201 5274 1454 5328 eumdem
1497 5279 1778 5353 utriusque

147 5347 340 5414 Operis
391 5364 512 5402 esse
541 5359 843 5407 auctorem.
903 5358 990 5413 Sic
1020 5361 1205 5432 itaque
1237 5364 1292 5416 in
1346 5368 1614 5427 Chronico
1671 5378 1774 5433 ha-.

151 5433 286 5490 bet:
347 5459 375 5488 α
421 5440 531 5512 Ego
564 5442 809 5513 denique
850 5447 1153 5519 disponens
1182 5456 1447 5511 orationis
1475 5461 1648 5532 gratia
1689 5481 1774 5517 se-

149 5527 402 5595 pulcrum
465 5534 642 5587 sancti
702 5535 914 5592 Martini
973 5543 1169 5607 visere,
1233 5558 1476 5605 retentus
1526 5570 1645 5609 sum
1704 5559 1772 5612 ab

147 5614 440 5674 lleriberto
468 5621 692 5684 comite,
723 5623 862 5678 clam
902 5645 988 5685 me
1018 5634 1348 5703 quibusdam
1382 5647 1769 5703 accusantibus

144 5711 295 5778 apud
344 5727 493 5778 eum,
536 5712 688 5782 quod
721 5714 806 5768 sui
853 5734 1012 5777 causa
1061 5728 1380 5780 nocumenti
1422 5731 1507 5784 vel
1556 5733 1651 5788 filii
1682 5741 1763 5793 sui

438 5815 722 5875 PATROL.
775 5817 1095 5883 CXXXV.

1932 1761 2069 1824 neri,
2101 1764 2298 1822 ablatis
2325 1786 2354 1823 a
2407 1789 2492 1827 me
2521 1776 2705 1840 rebus,
2727 1791 2878 1851 "quas
2907 1783 2973 1838 de
3024 1787 3346 1860 epis00patu
3379 1799 3542 1850 tene-

1929 1848 2076 1917 bam,
2131 1871 2254 1910 cum
2289 1860 2525 1917 ecclesia
2582 1883 2744 1936 quam
2781 1872 3042 1944 regebam
3073 1875 3128 1929 in
3183 1875 3544 1938 Culmisciaco

1930 1940 2233 2014 (Cormicy),
2267 1947 2457 2020 sicque
2489 1953 2670 2022 plenis
2699 1940 2945 2032 quinque
2974 1964 3260 2020 mensibus
3287 1984 3404 2022 sum
3439 1971 3541 2026 de-

1929 2038 2125 2089 tentus.
2161 2059 2186 2085 »
2220 2037 2365 2094 Idem
2399 2042 2452 2094 in
2488 2043 2758 2111 Historiae,
2795 2050 2889 2105 lib.
2937 2070 3006 2119 iv,
3037 2071 3158 2126 cap.
3190 2058 3298 2113 28:
3335 2085 3359 2106 α
3411 2061 3538 2116 Mihi

1926 2135 2146 2192 quoque
2177 2127 2466 2184 ecclesiam
2493 2131 2836 2193 Culmisciaci
2861 2139 2963 2194 vici
2993 2141 3218 2200 abstulit
3247 2162 3370 2201 cum
3398 2156 3539 2203 terra

1922 2213 2205 2284 beneficii,
2250 2239 2413 2292 quam
2443 2235 2569 2282 tunc
2611 2234 2875 2302 temporis
2915 2237 3192 2294 tenebam.
3237 2241 3347 2316 Ego
3375 2244 3537 2300 deni-

1921 2322 2029 2375 que
2079 2309 2382 2380 disponens
2439 2320 2706 2376 orationis
2756 2325 2934 2397 gratia
2985 2331 3298 2399 sepulcrum
3360 2336 3537 2391 visere

1918 2398 2090 2450 sancti
2128 2399 2360 2471 Martini,
2397 2416 2642 2464 retentus
2679 2429 2798 2466 sum
2829 2415 2897 2469 ab
2930 2416 3071 2487 ipso,
3103 2420 3240 2476 clam
3282 2440 3370 2478 me
3401 2427 3532 2497 qui-

1919 2485 2151 2545 busdam
2207 2499 2460 2564 personis
2491 2501 2948 2562 insimulantibus
3003 2513 3148 2581 apud
3178 2530 3321 2583 cuin,
3386 2520 3533 2589 quod

1915 2577 1996 2630 sui
2041 2596 2204 2637 causa
2236 2592 2554 2646 nocumenti
2586 2594 2672 2648 vel
2724 2595 2822 2651 lilii
2853 2600 2935 2654 sui
2965 2602 3161 2658 vellem
3217 2607 3529 2677 proficisci:

1915 2679 1968 2722 et
1991 2673 2120 2741 quia
2144 2677 2465 2734 renutabam
2497 2700 2583 2738 me
2606 2686 2733 2741 huic
2754 2688 2930 2745 electo
2955 2704 3142 2750 nostro
3166 2701 3531 2769 committere,

1914 2764 2166 2820 nesciens
2219 2778 2395 2824 utrum
2457 2773 2567 2829 Deo
2622 2778 2865 2847 placeret
2929 2788 3218 2855 praisulem
3281 2801 3528 2849 nostrum

1912 2850 2048 2908 fore.
2091 2855 2289 2929 Sicque
2323 2863 2502 2932 plenis
2532 2869 2778 2942 quinque
2824 2850 3111 2934 mensibus
3142 2883 3286 2953 apud
3332 2886 3530 2943 fratres

1911 2953 2128 3003 nostros
2158 2953 2234 3015 (id
2260 2961 2333 3009 est
2384 2965 2663 3017 canonicos
2693 2969 3010 3038 Remenses},
3047 2971 3166 3044 ipso
3195 2979 3397 3035 comite
3436 2981 3531 3049 ju-

1909 3035 2076 3093 bente
2108 3042 2211 3096 sub
2257 3051 2506 3105 custodia
2536 3056 2731 3124 partim
2785 3035 3132 3129 liberm-sum
3165 3035 3456 3128 detentus...
3498 3098 3523 3120 ι·

1907 3130 2038 3184 Tum
2071 3135 2178 3188 alia
2230 3137 2357 3193 inde
2386 3154 2680 3202 consecuta
2709 3149 2916 3218 subdit,
2958 3171 3155 3226 nempe
3183 3176 3243 3214 se
3291 3163 3521 3221 absolu-

1910 3229 2019 3275 tum
2054 3242 2082 3277 a
2110 3231 2359 3285 custodia
2402 3255 2425 3280 «ι
2472 3235 2592 3305 ipsa
2619 3239 2709 3294 die
2738 3246 3120 3315 conceptionis
3165 3259 3217 3305 et
3249 3257 3525 3323 passionis

1909 3313 2121 3368 Domini
2157 3322 2323 3374 nostri
2354 3324 2480 3379 Jesu
2510 3327 2730 3394 Christi,
2757 3334 2826 3388 ad
2851 3335 3045 3390 urbem
3074 3340 3459 3403 Suessonicam
3495 3374 3520 3397 ιι

1904 3416 2024 3454 cum
2079 3421 2176 3458 suo
2208 3407 2382 3464 electo
2430 3417 2758 3484 porrexisse,
2803 3421 2896 3475 ubi
2948 3424 3191 3500 llugonis
3245 3434 3520 3493 ordinatio

1902 3493 2223 3551 conﬁrmata
2257 3509 2339 3556 est
2367 3503 2421 3556 in
2448 3517 2720 3564 conventu
2753 3513 3162 3586 episc0porum.
3205 3547 3216 3568 -
3259 3524 3516 3602 lbiergo,

2950 3583 2962 3586 _
3423 3583 3516 3602 οη

1904 3583 2104 3655 inquit,
2155 3589 2306 3665 [lngo
2365 3597 2623 3670 princeps
2677 3611 2803 3660 tunc
2849 3626 2936 3666 me
2995 3631 3092 3685 per
3146 3634 3366 3676 manum
3423 3640 3518 3679 ac-

1899 3676 2130 3746 cipiens,
2161 3683 2289 3738 huic
2348 3688 2559 3765 llugoni
2594 3700 2778 3766 nepoti
2810 3718 2908 3758 suo
2953 3706 3021 3760 ad
3055 3707 3514 3773 benefaciendum

1899 3773 2194 3836 commisit,
2226 3780 2431 3851 quique
2478 3787 2613 3842 mihi
2645 3793 2932 3852 ecclesiam
2965 3811 3168 3858 sanctae
3206 3804 3384 3863 Μαι-ξω
3417 3809 3517 3864 de-

1899 3857 1978 3912 dit
2009 3859 2062 3914 in
2095 3863 2314 3924 Colrido
2343 3872 2554 3942 (Coroy)
2593 3879 2751 3935 sitam
2786 3901 2798 3936 :
2858 3893 3054 3943 terram
3098 3857 3511 3967 quoque—quam

1899 3957 2053 4014 pater
2081 3969 2212 4008 suus
2242 3958 2374 4013 mihi
2396 3961 2698 4024 abstulerat
2728 3974 2992 4042 reddidit,
3023 3988 3076 4034 et
3106 3957 3268 4037 aliam
3296 3985 3352 4039 in
3367 3957 3515 4057 prte-

1897 4039 2041 4093 dicta
2069 4042 2200 4098 villa
2232 4052 2622 4120 superadjecit.
2663 4080 2681 4107 ι
2718 4061 2792 4116 Ex
2823 4064 2908 4119 his
2937 4039 3170 4134 constat,
3204 4039 3510 4135 Flodoardo

1895 4135 2020 4182 ante
2075 4146 2276 4188 annum
2319 4136 2424 4193 940
2453 4145 2800 4202 commissam
2848 4151 3018 4210 fuisse
3046 4173 3231 4214 curam
3261 4165 3510 4222 ecclesiae

1895 4214 2407 4280 Culmisciacensis:
2465 4246 2528 4284 ac
2567 4235 2799 4302 proinde
2849 4250 2974 4297 ante
3014 4246 3239 4318 Agapeti

1895 4313 2097 4414 catum,
2147 4311 2239 4380 qui
2295 4330 2440 4370 anno
2495 4319 2600 4376 946
2643 4326 2839 4381 sedere
2881 4311 3087 4403 coepit:
3123 4311 3505 4414 presbyterum

1891 4393 2079 4450 fuisse.
2115 4398 2266 4462 Quod
2318 4420 2479 4473 quam
2511 4409 2581 4463 ob
2629 4428 2849 4471 causam
2881 4421 2969 4476 hic
3026 4393 3234 4497 notem,
3278 4393 3508 4495 inferius

1891 4483 2190 4592 videbitur:
2247 4491 2402 4592 Anno
2441 4496 2538 4551 94-1
2599 4501 2933 4563 Flodoardus
2965 4483 3234 4589 Hugonis,

1891 4573 2124 4642 primum
2153 4577 2220 4632 de
2260 4581 2456 4638 exsilio
2497 4599 2771 4646 evocatur.
2808 4620 2832 4641 »

1963 4664 2110 4720 ldem
2182 4670 2394 4740 synodo
2444 4673 2776 4735 Virdunensi
2831 4701 2976 4743 anno
3043 4693 3147 4748 9f?
3202 4697 3498 4774 interfuit,

1889 4759 1947 4850 ut
1987 4769 2050 4808 ex
2089 4773 2154 4813 eo
2185 4759 2479 4836 colligitur,
2513 4769 2659 4836 quod
2690 4780 2813 4840 post
2841 4780 3132 4849 synodum,
3175 4759 3497 4862 Menstruus:

1888 4840 1978 4908 ait,
2027 4859 2145 4900 cum
2174 4850 2423 4907 Rotberto
2459 4857 2782 4926 Trevi'rcnsz',
2826 4881 3024 4938 nempe
3083 4872 3201 4943 ipse
3232 4886 3285 4934 et
3311 4840 3493 4939 Artol—l

1887 4933 2006 4990 dus.
2042 4940 2171 5001 Quze
2218 4943 2386 4998 verba
2426 4949 2722 5022 utrobique
2768 4958 2958 5013 eadem
2991 4961 3248 5038 leguntur
3298 4980 3408 5030 tum
3443 4978 3496 5032 in

1887 5022 2154 5082 Chronico
2204 5033 2271 5084 ad
2318 5038 2640 5104 przedictum
2697 5060 2922 5115 annum,
2973 5022 3083 5108 tum
3135 5057 3188 5111 in
3236 5060 3492 5133 HistOria,

1887 5113 1944 5133 ,η
2307 5125 2373 5133 ,μ
2432 5131 2451 5133 _

1882 5113 1980 5168 lib.
2028 5134 2254 5223 irvLcap.
2306 5125 2393 5180 25.
2431 5131 2503 5185 De
2532 5149 2598 5188 eo
2628 5136 2762 5190 nihil
2803 5113 3041 5212 amplius
3072 5113 3497 5223 legitur—advari:

1881 5220 2009 5258 num
2038 5207 2162 5275 969.,
2194 5227 2302 5281 quo
2325 5232 2472 5274 anno
2504 5222 2654 5296 llugo
2684 5207 3215 5308 archiepiscOpusUin
3241 5246 3490 5305 ordinem

1882 5293 2154 5361 redactus,
2207 5309 2369 5371 atque
2421 5308 2702 5369 Odalricus
2748 5319 2866 5386 ejus
2909 5324 3027 5382 loco
3078 5329 3336 5387 suffectus
3387 5346 3488 5392 est.

1880 5384 2132 5439 Chronici
2167 5388 2282 5442 haec
2311 5395 2476 5450 verba
2503 5413 2665 5457 sunt:
2709 5430 2722 5452 ι
2759 5407 3036 5487 Elegimus
3071 5421 3137 5474 ad
3171 5425 3491 5498 episcopum

1880 5474 2199 5498 “annm---”
2260 5481 2331 5498 ιιι
2375 5482 2386 5498 ι
2426 5485 2435 5494 ο
2609 5491 2660 5498 .-.
2751 5481 2756 5486 ·

1879 5474 2205 5531 Remensem
2258 5481 2563 5540 Odalricum
2608 5474 2888 5555 illustre":
2927 5474 3218 5582 clericum:
3245 5474 3490 5592 Hugbnis

1879 5567 2154 5592 ....:..,..l-_._
2218 5575 2394 5592 --.η-,ο
2481 5577 2549 5592 ιη.

1876 5567 2158 5636 cujusdam
2210 5575 2427 5631 comitis
2477 5577 2670 5648 ﬁlium,
2707 5608 2730 5634 υ
2766 5602 2873 5646 etc.
2924 5598 3170 5675 Denique
3193 5567 3361 5667 lanii:
3400 5631 3488 5670 δρα

1873 5657 2064 5727 quenti
2103 5681 2124 5709 α
2158 5662 2440 5722 Odalricus
2479 5667 2764 5729 Remensis
2795 5657 3251 5766 archiepisimpus
3290 5717 3489 5771 proce-

1873 5762 1956 5771 υ...
2014 5748 2144 5771 ιν-ι»-
2169 5753 2204 5771 κ·
2399 5758 2409 5768 ⁸
2692 5763 2702 5771 ³

1872 5762 1957 5800 res
2013 5748 2277 5821 Franciae,
2320 5758 2411 5829 qui
2467 5763 2846 5830 possessiones
2886 5748 3173 5842 quasdamr
3202 5748 3491 5845 Remensis

3199 5891 3232 5949 1
