3970 6212
488 371 550 425 11

486 504 890 571 occupaverant
926 492 1208 557 Ecclesiae,
1238 488 1421 545 vocari
1464 487 1613 542 fecit.
1644 486 1754 561 Ego
1793 501 1945 552 vero,
1969 484 2102 540 sub-
2117 483 2177 554 Α

489 591 568 645 dit
622 588 978 653 Flodoardus,
1031 584 1235 639 fractus
1272 589 1454 645 aetate,
1489 589 1546 633 et
1597 578 1817 632 attritus
1870 575 2103 629 inﬁrmi-

490 688 617 746 tate,
664 677 975 734 ministerio
1004 691 1093 730 me
1138 672 1389 727 abdicavi
1430 669 1737 742 przelaturze
1789 682 1973 722 coram
2004 681 2103 720 eo-

487 772 611 824 dem
661 769 935 840 praesule:
991 765 1206 837 quique.
1224 778 1308 817 me
1337 762 1444 816 hoc
1496 758 1789 814 absolvens
1810 758 1964 831 jugo,
1999 756 2101 811 im~

487 862 686 933 posuit.
712 860 846 915 illud
875 875 974 931 per
1001 857 1328 914 electionem
1360 856 1586 910 fratrum
1616 868 1867 907 meorum
1911 849 2100 920 nepoti

486 970 610 1010 meo
649 952 954 1009 Flodoardo
1009 950 1418 1023 septuagesimo
1457 949 1633 1005 aetatis
1684 962 1822 1001 mea;
1862 959 2026 999 anno.
2073 966 2099 990 ιι

488 1047 759 1102 Hactenus
785 1044 1122 1101 Flodoardus
1163 1043 1233 1096 de
1263 1042 1472 1113 seipse.
1520 1048 1529 1055 ’

558 1138 818 1202 Quaenam
844 1135 915 1189 sit
941 1134 1035 1188 illa
1059 1132 1379 1203 praelatum,
1420 1144 1584 1200 quam
1616 1126 1911 1194 abdicavit,
1943 1126 2102 1181 valde

486 1230 782 1284 obscurum
838 1235 941 1283 est.
986 1225 1096 1280 lloc
1139 1220 1365 1279 nomine
1391 1220 1513 1274 sine
1542 1218 1714 1274 dubio
1753 1218 2099 1291 intelligitur,

488 1340 598 1379 non
654 1324 888 1395 simplex
918 1302 1171 1379 canonici
1211 1317 1422 1383 titulus,
1475 1314 1572 1369 sed
1616 1314 1704 1369 vel
1744 1314 2104 1384 praepositum

488 1415 737 1471 ecclesiae
795 1414 1083 1470 Remensis
1149 1413 1299 1483 (nam
1354 1421 1409 1467 et
1476 1410 1839 1482 prmpositos,
1909 1408 2101 1463 saltem

488 1504 906 1570 monasterium,
954 1501 1252 1575 aliquando
1275 1503 1532 1572 prwlatos
1586 1501 1890 1571 appellatos
1916 1500 2103 1573 legere

491 1596 763 1666 memini),
810 1596 896 1651 vel
924 1594 1165 1670 dignitas
1199 1593 1512 1649 abbatialis.
1554 1592 1821 1647 Abbatem
1870 1592 2099 1664 quippe,

488 1684 598 1740 imo
629 1692 683 1740 et
707 1686 1037 1740 monachum
1071 1684 1243 1740 fuisse
1273 1683 1635 1739 Flodoardum
1670 1683 1908 1755 probant
1935 1696 2101 1753 argu-

488 1781 670 1828 menta
702 1784 755 1830 et
787 1773 990 1829 indicia
1020 1788 1129 1829 non
1162 1789 1353 1858 pauca.
1386 1772 1564 1827 Primo
1598 1772 1653 1826 id
1684 1774 1912 1843 prmcise
1938 1771 2101 1827 tradit
2123 1804 2177 1873 B

486 1868 717 1939 epistola
741 1868 964 1943 Adelagi
991 1884 1088 1923 seu
1110 1849 1370 1941 Adelgagi
1401 1866 1709 1922 Bremensis
1733 1866 2102 1938 archiepisco-

485 1959 538 2031 pi
558 1958 944 2031 etapostolicae
965 1960 1114 2014 sedis
1129 1960 1292 2031 legati
1309 1960 1375 2013 ad
1398 1959 1783 2025 Flodoardum,
1800 1974 1907 2030 qua
1922 1958 2100 2029 ipsum

481 2049 816 2114 consolatur,
860 2050 1009 2121 quod
1040 2050 1109 2103 ad
1136 2049 1453 2104 cathedram
1487 2049 1738 2105 ecclesiae
1766 2048 2102 2104 Noviomen—

482 2141 559 2196 sis
587 2142 820 2208 electus,
862 2141 1151 2198 Fulcherio
1182 2143 1381 2198 cedere
1421 2150 1643 2199 coactus
1674 2143 1764 2197 sit.
1807 2142 2101 2214 Inscriptio

484 2233 731 2305 epistolae
777 2234 859 2289 sic
890 2235 1052 2289 habet
1084 2252 1098 2289 :
1134 2235 1440 2290 Frodoardo
1471 2237 1633 2292 Patri
1658 2237 1925 2303 Remensi,
1982 2252 2103 2290 ver-

484 2327 605 2381 bum
630 2328 809 2396 pacis.
852 2327 1100 2383 Fortasse
1132 2326 1449 2403 legendum,
1486 2328 1798 2397 presbytero
1832 2330 2098 2383 Remensi.

484 2417 543 2472 In
574 2415 680 2472 hac
708 2426 890 2473 autem
945 2417 1180 2490 epistola
1222 2434 1344 2489 quas
1370 2419 1599 2475 omnino
1637 2420 1852 2476 sincera
1891 2426 1945 2474 et
1994 2437 2099 2494 ge-

485 2506 658 2561 nuina
707 2508 944 2575 videtur,
983 2510 1370 2577 Flodoardum,
1433 2534 1451 2559 α
1499 2508 1774 2567 beneﬁcio
1826 2509 2101 2579 deposito,

484 2597 540 2652 in
571 2598 929 2654 solitudinem
960 2609 1016 2656 et
1048 2601 1368 2657 monasterii
1400 2601 1665 2658 latebram
1727 2623 1752 2653 ι»
1802 2601 2104 2658 secessisse

485 2697 716 2746 testatur
765 2691 1098 2767 Adelgagus,
1166 2694 1259 2764 qui
1324 2695 1466 2749 hanc
1527 2694 1818 2766 epistolém
1882 2694 2105 2765 scripsit

479 2795 623 2833 anno
669 2780 795 2848 951,
822 2782 969 2850 prid.
1013 2783 1241 2837 Kalend.
1282 2783 1540 2838 Octobris.
1594 2786 1674 2838 An
1727 2791 1858 2839 tunc
1888 2790 2104 2855 pastore

482 2868 743 2924 destituta
772 2868 940 2925 fuerit
968 2871 1206 2926 ecclesia
1235 2870 1616 2933 Novomensis.
1659 2890 1769 2929 non
1797 2874 1931 2929 satis
1970 2889 2107 2929 con-

484 2964 591 3012 stat
616 2972 683 3012 ex
714 2957 1002 3014 Flodoardi
1051 2959 1341 3033 Chronico,
1373 2962 1429 3016 in
1464 2978 1574 3035 quo
1606 2962 1826 3019 Rodulﬁ
1858 2960 2110 3035 episcOpi

483 3045 762 3102 ordinatio
809 3049 1039 3119 ponitur
1076 3063 1221 3104 anno
1261 3049 1385 3118 950,
1437 3060 1494 3107 et
1521 3052 1747 3119 deinde,
1803 3055 1951 3108 nulla
1981 3055 2101 3128 ejus

480 3140 670 3197 obitus
696 3144 978 3200 mentione
1030 3143 1191 3214 facta,
1236 3168 1266 3197 (ι
1304 3147 1582 3203 Fulcarius
1625 3150 1872 3205 deoanus
1911 3168 2101 3207 mona-
2125 3172 2176 3243 ρ

482 3231 637 3286 sterii
709 3234 884 3289 sancti
962 3234 1203 3290 Medardi
1278 3236 1730 3293 Noviomensinm
1804 3240 2101 3311 episcopus

481 3325 667 3381 Remis
695 3327 983 3382 ordinatus
1011 3347 1040 3378 ao
1070 3327 1273 3384 dicitur
1299 3345 1444 3385 anno
1483 3331 1608 3386 954.
1641 3331 1693 3385 Si
1722 3332 1924 3387 mendo
1952 3343 2101 3389 caret

479 3418 537 3472 in
566 3418 829 3488 praedicta
859 3420 1093 3491 epistola
1117 3421 1247 3475 anni
1295 3421 1627 3495 designatio,
1656 3422 1952 3479 dicendum
1994 3436 2096 3491 est,

480 3506 776 3564 Rodulfum
821 3524 968 3565 anno
1011 3508 1081 3564 ab
1126 3510 1248 3579 ejus
1293 3511 1645 3567 ordinatione
1693 3512 1941 3584 proximo
1994 3516 2091 3572 951

477 3600 709 3669 obiisse,
741 3602 945 3658 deinde
976 3603 1034 3657 in
1064 3602 1324 3675 eligendo
1355 3620 1677 3660 successore
1723 3606 1900 3661 divisa
1929 3607 2098 3664 fuisse

478 3687 760 3762 suffragia,
806 3691 932 3745 aliis
962 3690 1266 3748 Flodoardo
1297 3692 1631 3760 faventibus,
1690 3694 1815 3750 aliis
1848 3696 2097 3752 Fulcario

478 3796 577 3835 seu
624 3781 934 3851 Fulcherio,
966 3783 1062 3855 qui
1094 3785 1316 3839 tandem
1356 3787 1610 3857 superior
1638 3788 1930 3844 exstiterit.
1989 3790 2098 3845 Nec

479 3870 682 3941 aliquis
727 3871 894 3940 dicat,
945 3872 1114 3926 alium
1160 3890 1281 3928 esse
1326 3875 1493 3942 hunc,
1543 3876 1611 3930 de
1656 3891 1765 3948 quo
1819 3878 1999 3952 agitur
2042 3879 2097 3932 in

478 3962 713 4033 epistola
739 3963 1021 4034 praedicta,
1052 3964 1456 4023 Flodoardum:
1498 3984 1621 4023 cum
1655 3977 1890 4041 tempus,
1921 3970 2091 4037 locus,

476 4062 782 4126 czeteraque
836 4056 1023 4110 omnia
1069 4059 1419 4113 conveniant.
1459 4058 1617 4114 Certe
1648 4061 1788 4131 apud
1836 4061 2097 4135 Sigeber-

476 4153 612 4214 tum,
639 4156 884 4203 autorem
916 4149 1036 4218 ejus
1080 4165 1397 4221 supparem,
1441 4151 1496 4205 in
1527 4167 1648 4222 cap.
1679 4152 1769 4207 131
1807 4152 1878 4207 de
1908 4154 2091 4226 scrip-

477 4239 691 4295 toribus
711 4241 1124 4310 ecclesiasticis,
1157 4243 1470 4297 Ftawaldus
1499 4245 1796 4312 Remensis,
1826 4247 1924 4317 qui
1941 4252 2093 4314 gesta

471 4335 787 4403 pontiﬁcum
811 4336 1150 4390 Remensium
1175 4338 1415 4406 scripsit,
1441 4337 1731 4391 monachus
1756 4336 2086 4408 appellatur.

478 4422 539 4475 Et
590 4421 647 4476 in
688 4430 907 4480 vetusto
932 4424 1218 4496 epitaphio
1270 4424 1490 4480 Gallicis
1533 4426 1803 4497 rhythmis
1858 4428 2085 4499 scripto,

476 4513 622 4585 quod
666 4531 698 4570 a
728 4515 920 4572 Bulan
981 4518 1212 4572 relatum
1250 4525 1354 4583 est,
1394 4516 1541 4571 idem
1590 4519 1873 4587 asseritur,
1914 4520 1992 4575 uti
2033 4528 2089 4577 et

479 4605 767 4662 Flodoardi
809 4608 1001 4691 patria.
1032 4615 1088 4664 et
1134 4608 1377 4683 dignitas
1431 4608 1747 4667 abbatialis.
1781 4613 1858 4666 En
1908 4614 2091 4685 epita-

477 4694 668 4764 phium
695 4714 709 4752 :

688 4787 751 4842 Si
778 4789 823 4841 ti
848 4803 947 4841 ven
975 4787 1042 4841 de
1068 4789 1202 4844 Rein
1229 4794 1410 4847 savoi-r
1438 4795 1481 4847 ιὶ
1507 4796 1735 4865 Eaeque,

687 4880 798 4947 Lye
819 4879 868 4933 le
896 4882 1221 4949 temporaire
1256 4883 1323 4938 de
1350 4885 1587 4940 Fladoon
1614 4886 1661 4941 ιθ
1689 4889 1858 4954 saige.

694 4970 828 5024 Yles
856 4985 974 5024 mor
1008 4971 1086 5027 du
1113 4976 1223 5029 tam
1243 4975 1504 5044 d’Odalry
1536 4979 1767 5046 Eveque,

690 5062 755 5117 Et
781 5062 874 5129 fut
901 5063 1224 5137 d‘Eparnay
1242 5070 1307 5122 ne
1330 5070 1439 5138 par
1459 5070 1796 5138 parentaige.

694 5155 890 5227 Vequit
929 5161 1075 5213 caste
1105 5160 1271 5227 σιεγε,
1308 5159 1415 5215 bon
1436 5161 1638 5226 Moine,
1678 5161 1895 5218 meilleu
1921 5161 2085 5217 Abbé.

687 5248 757 5302 Et
779 5248 1047 5319 d'Agapit
1077 5248 1134 5317 ly
1160 5250 1399 5305 Romam
1429 5249 1517 5317 fut
1540 5249 1696 5307 aubé.

688 5340 799 5396 Par
824 5356 920 5398 sen
947 5343 1170 5399 histoire
1192 5346 1418 5399 maintes
1446 5344 1674 5400 novellas
1702 5359 1921 5408 sauras,

685 5431 755 5487 Et
773 5432 936 5487 enitle
955 5436 1124 5488 tentes
1144 5435 1414 5504 antiquité
1435 5448 1623 5489 auras.

472 5511 626 5578 Quod
658 5515 730 5574 ita
758 5520 1002 5577 reddidit
1046 5521 1261 5577 Bulaeus
1291 5541 1305 5576 :
1338 5548 1361 5570 «
1396 5521 1451 5579 Si
1479 5522 1562 5578 vis
1592 5538 1755 5581 nosse
1785 5525 2090 5581 Remenses

468 5604 938 5683 archiepiscOpos,
986 5613 1108 5688 lege
1147 5612 1457 5673 Chronicon
1501 5616 1792 5673 Flodoardi
1839 5618 2009 5674 docti.
2039 5620 2089 5675 ls

469 5698 580 5754 fato
610 5697 828 5756 functus
856 5710 939 5758 est
965 5712 1218 5776 tempore
1249 5705 1484 5764 Odalrici
1513 5709 1795 5779 praesulis,
1817 5708 2089 5768 oriundus

468 5802 535 5842 ex
556 5786 853 5857 Sparnaco.
882 5790 1024 5847 Vixit
1049 5799 1235 5847 castus
1258 5793 1513 5863 clericus,
1560 5796 1743 5851 bonus
1763 5797 2085 5868 monachus,

1532 355 1967 414 FLODOARDUS
2005 352 2372 410 CANONICUS
2413 355 2755 412 REMENSIS.

3720 371 3776 424 l2

2202 484 2398 540 melior
2426 484 2619 539 abbas.
2652 485 2727 538 Ab
2756 486 2986 560 Agapito
3025 504 3168 558 papa
3199 488 3372 543 factus
3402 489 3502 545 fuit
3526 495 3772 551 sacerdos.

2204 574 2281 627 Ex
2324 575 2445 641 ejus
2478 574 2714 629 Historia
2741 576 2913 630 multa
2949 592 3090 631 nova
3119 577 3281 641 scies,
3325 587 3379 633 et
3428 579 3482 633 in
3512 580 3601 635 illa
3637 591 3777 638 totam

2203 666 2587 736 antiquitatem
2618 666 2861 721 hauries.
2925 688 2945 717 ι)
3004 668 3150 722 Belle
3197 669 3443 737 omnino,
3475 672 3570 726 sed
3622 679 3775 729 tamen

2203 758 2432 814 verbum
2475 761 2630 825 aubé,
2664 760 2812 830 quod
2848 759 2904 812 in
2953 768 3108 815 sexto
3149 777 3308 815 versu
3341 761 3553 835 lcgltur,
3608 779 3704 818 non
3732 764 3775 818 id

2202 851 2516 927 signiﬁcare
2572 862 2725 923 puto,
2771 852 2917 923 quod
2954 851 3290 907 Flodoardus
3334 854 3586 909 sacerdos
3627 855 3774 911 factus

2202 945 2273 1000 sit
2317 944 2385 998 ab
2419 943 2669 1018 Agapito,
2720 942 2813 1013 qui
2854 958 3001 996 anno
3049 941 3156 997 9l6
3193 943 3387 998 sedere
3439 944 3614 1015 coepit.
3663 944 3773 999 Nam

2203 1044 2329 1091 ante
2347 1053 2551 1092 annum
2570 1035 2676 1091 9ιο
2705 1035 3041 1090 Flodoardus
3074 1035 3319 1089 ecclesiae
3336 1034 3775 1092 Culmisciacensis

2204 1134 2384 1182 rector
2413 1134 2547 1193 erat,
2582 1144 2647 1180 ex
2687 1126 2850 1180 dictis
2890 1142 3019 1180 num
3082 1128 3135 1192 9,
3170 1141 3234 1179 ac
3266 1125 3498 1196 proinde
3535 1127 3775 1181 sacerdos.

2202 1221 2358 1274 Aubé
2387 1220 2505 1274 sine
2536 1219 2708 1275 dubio
2759 1219 2903 1273 idem
2950 1228 3035 1273 est
3074 1234 3138 1272 ac
3180 1217 3367 1273 Latine
3405 1219 3627 1272 albatus.
3662 1219 3776 1283 Quid

2202 1321 2383 1366 autem
2437 1313 2764 1367 vocabulum
2834 1312 2977 1366 istud
3039 1313 3141 1365 hoc
3197 1310 3318 1366 loco
3380 1311 3645 1383 signiﬁcet
3687 1328 3777 1367 non

2202 1400 2379 1470 capio.
2412 1400 2688 1472 Quidquid
2720 1401 2812 1467 sit,
2855 1416 2924 1455 ex
2951 1401 3036 1455 his
3062 1401 3336 1466 versibus,
3377 1402 3471 1473 qui
3511 1419 3613 1457 non
3642 1403 3777 1476 longe

2202 1491 2270 1545 ab
2322 1490 2429 1545 illis
2468 1491 2812 1561 temporibus
2855 1491 3044 1561 scripti
3085 1499 3231 1555 sunt,
3275 1492 3511 1559 elicitur,
3551 1493 3776 1548 Flodoar-

2202 1581 2353 1641 dum.
2423 1581 2674 1636 Historia:
2735 1581 3019 1635 Remensis
3077 1579 3426 1651 scriptorem,
3483 1583 3777 1637 monachum

2202 1668 2370 1724 fuisse
2410 1676 2465 1724 et
2513 1669 2791 1723 abbatem.
2826 1668 2885 1722 ld
2926 1669 3073 1739 quod
3105 1684 3213 1724 non
3252 1670 3434 1724 solum
3472 1670 3778 1743 Sigebertus,

2201 1763 2297 1818 sed
2337 1763 2500 1817 etiam
2540 1761 2799 1836 Adelgagi
2840 1762 3073 1833 epistola
3110 1770 3471 1830 contestatur,
3526 1778 3641 1834 quae
3675 1778 3779 1819 mox

2202 1852 2414 1925 integra
2445 1850 2738 1905 referenda
2767 1859 2870 1905 est.

2273 1963 2450 2019 Unum
2508 1968 2698 2017 contra
2764 1962 2905 2015 hanc
2960 1962 3250 2033 epistolam
3324 1962 3532 2034 opponi
3589 1967 3780 2033 potest,

2202 2067 2401 2122 nempe
2442 2050 2590 2121 quod
2640 2051 2696 2104 in
2735 2067 2801 2105 ea
2850 2050 3071 2125 legitur,
3124 2050 3488 2106 Flodoardum
3528 2051 3634 2119 jam
3673 2056 3781 2104 ante

2201 2156 2405 2195 annum
2444 2139 2539 2195 951
2576 2139 2902 2210 deposuisse
2957 2138 3333 2207 beneﬁcium;
3379 2156 3499 2196 cum
3529 2154 3591 2193 ex
3637 2138 3784 2192 Chro-

2203 2232 2313 2287 nici
2346 2238 2625 2303 postremo
2656 2232 2776 2287 loco
2801 2232 3058 2303 superius
3087 2231 3259 2287 relato
3280 2240 3516 2298 constet,
3545 2246 3661 2286 eum
3690 2243 3782 2284 non

2204 2324 2307 2377 nisi
2362 2339 2507 2378 anno
2558 2323 2663 2379 964
2721 2324 3069 2393 praelaturam
3121 2324 3434 2380 abdicasse.
3478 2324 3580 2379 Sed
3617 2318 3783 2392 reponi

2203 2422 2406 2487 potest,
2440 2418 2674 2484 beneﬁcii
2702 2415 2926 2471 nomine
2956 2416 3024 2469 ab
3056 2415 3335 2489 Adelgago
3366 2414 3591 2490 intelligi
3620 2424 3781 2468 curam

2203 2503 2450 2561 ecclesiae
2481 2504 2981 2572 Culmisciacensis,
3016 2514 3070 2559 et
3102 2504 3319 2559 titulum
3350 2521 3514 2577 quem
3547 2505 3598 2558 in
3628 2502 3782 2559 eccle-

2204 2596 2287 2652 sia
2344 2597 2599 2652 Remensi
2650 2596 2972 2667 possidebat
3013 2613 3025 2649 :
3087 2605 3142 2651 at
3187 2598 3506 2667 praelatum
3550 2593 3783 2651 vocabulo

2204 2685 2504 2761 signiﬁcari
2555 2686 2888 2741 abbatialem
2943 2686 3268 2759 dignitatem
3322 2703 3490 2760 quam
3539 2683 3785 2742 Odalricns

2208 2800 2235 2828 α
2278 2796 2376 2851 per
2401 2779 2729 2835 electionem
2752 2778 2999 2846 fratrum,
3027 2803 3049 2825 ιι
3080 2778 3134 2832 id
3165 2782 3665 2845 estmonachorum,
3686 2776 3786 2831 Flo-

2207 2868 2397 2924 doardi
2430 2869 2620 2939 nepoti
2653 2866 2967 2942 cognomini
3000 2867 3349 2938 imposuerit.

2284 2979 2445 3047 Cujus
2482 2995 2634 3054 ergo,
2692 2979 2898 3050 inquis,
2938 2978 3282 3045 monasterii,
3333 2979 3386 3033 si
3437 2994 3655 3050 usquam
3690 2990 3786 3028 mo-

2204 3073 2411 3127 nachus
2442 3080 2496 3127 et
2521 3071 2692 3125 abbas
2718 3071 2821 3125 fuit
2848 3069 2875 3123 ?
2903 3070 3158 3125 Marlotus
3187 3086 3253 3124 ex
3280 3072 3562 3126 communi
3587 3077 3787 3127 senten-

2205 3164 2280 3218 tia
2316 3163 2526 3230 scribit,
2554 3179 2680 3217 eum
2720 3162 3061 3217 mouasticen
3094 3162 3341 3217 induisse
3386 3163 3529 3234 apud
3567 3167 3784 3215 sanctum

2202 3256 2535 3327 Remigium,
2608 3255 2961 3311 Colvcnerius
3033 3255 3241 3309 ibidem
3309 3256 3480 3310 etiam
3562 3253 3783 3308 abbatem

2201 3347 2387 3403 fuisse.
2423 3348 2575 3413 Quod
2610 3354 2905 3418 utrumque
2935 3362 3132 3402 vereor
3160 3353 3220 3401 ut
3250 3362 3448 3401 verum
3479 3347 3565 3400 sit.
3597 3345 3716 3399 Nam
3743 3341 3785 3394 in

2198 3447 2454 3496 accurato
2493 3456 2659 3511 quem
2711 3439 2977 3494 habemus
3016 3438 3200 3492 indice
3242 3445 3359 3492 tum
3402 3438 3652 3493 abbatum
3683 3433 3787 3488 illu-

2197 3530 2323 3584 stris
2380 3529 2537 3583 istius
2596 3527 2856 3592 caanobii,
2918 3534 3031 3581 tum
3087 3526 3513 3592 monachorum,
3572 3528 3658 3595 qui
3705 3519 3787 3574 sub

2198 3634 2534 3693 unoquoque
2560 3619 2762 3674 abbate
2793 3618 3136 3682 devixerunt,
3179 3616 3371 3672 nullus
3404 3616 3665 3688 reperitur
3688 3613 3790 3667 Flo-

2197 3712 2460 3778 doardus,
2494 3712 2555 3766 Et
2589 3711 2814 3782 quidem
2846 3726 2877 3763 a
2915 3708 3268 3764 restitutione
3301 3709 3614 3779 disciplinae
3654 3719 3790 3777 regu-

2198 3801 2332 3857 laris
2362 3800 2570 3855 ibidem
2611 3799 2772 3866 l'acta,
2808 3798 3019 3870 primus
3049 3797 3222 3853 abbas
3262 3796 3371 3853 fuit
3404 3799 3709 3853 llincmarus
3732 3791 3788 3846 ab

2195 3909 2342 3949 anno
2371 3893 2478 3948 945
2511 3892 2565 3945 in
2597 3907 2773 3947 annos
2815 3908 2923 3945 xxii
2955 3908 2967 3944 :
3011 3907 3120 3962 quo
3154 3907 3219 3945 ex
3264 3889 3482 3945 calculo
3519 3885 3791 3943 excluditur

2196 3984 2551 4042 Flodoardus.
2594 3984 2695 4038 Alii
2736 4000 3016 4039 secessum
3057 3983 3109 4037 ei
3156 3981 3413 4037 tribuunt
3452 3981 3506 4035 in
3546 3983 3790 4034 monaste-

2196 4078 2338 4133 rium
2382 4076 2554 4131 sancti
2609 4075 2807 4142 Basoli,
2856 4075 2949 4129 ubi
3003 4074 3176 4129 abbas
3223 4081 3422 4145 postea
3470 4080 3673 4127 creatus
3712 4068 3784 4122 sit.

2195 4168 2359 4223 Favet
2388 4167 2535 4239 quod
2569 4165 2646 4220 ibi
2677 4166 2816 4221 duos
2846 4165 3103 4220 habuerit
3130 4164 3612 4237 consanguineos,
3641 4175 3788 4216 avun—

2191 4256 2299 4311 culi
2340 4256 2424 4310 sui
2465 4253 2629 4321 ﬁlios,
2671 4262 2730 4309 ut
2768 4253 2888 4325 ipse
2927 4253 3004 4308 ait
3040 4253 3097 4307 in
3136 4253 3212 4306 lib
3256 4269 3315 4318 η,
3359 4269 3483 4324 cap.
3526 4252 3578 4308 3.
3618 4250 3784 4303 Verum

2186 4346 2326 4405 illud
2358 4346 2540 4402 obstat
2584 4346 2733 4418 quod
2764 4360 2909 4400 anno
2957 4345 3083 4412 9'52,
3116 4361 3181 4399 ex
3233 4343 3532 4411 Chronico,
3566 4339 3788 4397 Artoldus

2188 4440 2641 4511 archiepiscopus
2673 4459 2700 4489 υ
2734 4438 2789 4491 in
2823 4438 3159 4494 monasterio
3188 4438 3365 4492 sancti
3403 4437 3579 4493 Basoli
3617 4447 3785 4489 mona-

2190 4533 2325 4588 chos
2356 4531 2615 4597 restituit,
2667 4530 2913 4601 expulsis
2955 4530 3173 4586 clericis
3203 4530 3295 4603 qui
3348 4530 3661 4586 serviebant
3702 4522 3785 4586 ibi,

2190 4620 2543 4676 committens
2563 4620 2699 4675 illud
2740 4619 3031 4676 llincmaro
3058 4627 3113 4675 et
3136 4621 3395 4676 Rotmaro
3436 4617 3733 4674 abbatibus.
3762 4635 3782 4656 ιι

2191 4711 2356 4784 Atqui
2394 4721 2523 4767 ante
2569 4728 2776 4767 annum
2811 4713 2910 4767 951
2974 4713 3313 4769 Flodoardus
3352 4712 3473 4781 jam
3515 4706 3787 4766 monachus

2192 4811 2331 4871 erat,
2378 4820 2442 4859 ex
2483 4804 2747 4881 Adelgagi
2783 4805 2984 4860 litteris
3025 4805 3090 4874 (si
3134 4813 3317 4861 tamen
3365 4805 3563 4860 vitium
3602 4803 3653 4856 iu
3690 4814 3786 4854 uu-

2193 4908 2374 4949 meros
2415 4908 2526 4949 non
2575 4894 2834 4966 irrepsit).
2886 4895 3002 4951 Non
3055 4912 3188 4970 ergo
3236 4894 3384 4965 apud
3436 4895 3493 4950 S.
3538 4890 3782 4949 Basolum.

2188 4987 2286 5042 sed
2326 4987 2511 5057 potius
2535 4988 2682 5061 apud
2706 4988 3161 5055 Altivillarenses,
3186 4990 3282 5045 ubi
3317 4990 3607 5046 Rotmarus
3635 4984 3787 5040 abbas

2189 5088 2308 5133 erat
2372 5076 2519 5131 Inter
2560 5080 2859 5133 monachos
2896 5079 3019 5147 ejus
3061 5079 3326 5151 temporis
3385 5077 3788 5133 .tltivillarenses

2191 5183 2360 5222 unum
2391 5166 2616 5224 invenio
2647 5170 2991 5225 Flodoldum.
3025 5172 3103 5224 An
3135 5170 3227 5226 hic
3254 5169 3594 5225 Flodoardus
3614 5166 3642 5220 ?
3665 5165 3786 5218 Sane

2192 5258 2247 5314 id
2275 5275 2444 5315 unum
2474 5259 2636 5315 nobis
2664 5261 3080 5329 conjiciendum
3110 5269 3296 5326 restat,
3331 5263 3560 5331 quando
3588 5254 3785 5330 quidem

2188 5348 2370 5404 serius
2396 5349 2543 5421 apud
2573 5357 2825 5405 sanctum
2859 5350 3259 5407 Theodericum
3291 5350 3551 5405 monachi
3581 5340 3784 5403 restitud

2188 5445 2335 5505 sunt,
2389 5445 2449 5494 ut
2505 5438 2741 5494 inferius
2795 5438 3134 5496 videbimus.
3180 5440 3318 5496 Poro
3370 5439 3429 5493 in
3486 5427 3783 5492 Altivarensi

2192 5531 2526 5587 monasterio
2578 5530 2838 5586 abbatem
2896 5529 3071 5587 fuisse
3143 5532 3481 5594 Rotmarum,
3546 5528 3634 5585 cui
3678 5536 3785 5580 cum

2190 5617 2480 5675 Hincmaro
2545 5619 2841 5676 commissa
2898 5627 2985 5676 est
3040 5636 3172 5676 cura
3202 5620 3395 5676 restitu
3426 5616 3608 5674 tende
3659 5606 3785 5683 apud

2189 5718 2436 5767 sanctum
2465 5712 2715 5768 Basolum
2735 5711 3048 5784 disciplinae
3072 5712 3409 5778 monasticae,
3435 5708 3638 5765 evincit
3666 5716 3788 5777 prte-

2190 5799 2373 5856 dictus
2426 5800 2589 5858 index
2631 5802 3114 5860 Altivillarensium
3164 5800 3585 5863 monachorum,
3641 5804 3784 5866 quem
