3970 6212
229 339 301 396 13
1567 360 1819 420 ΝΟΤῙΊἸΑ

1926 365 2209 428 lSTORlCA
2221 415 2234 428 .
3508 401 3576 456 14

230 475 507 531 nabemus
536 492 602 529 ex
632 489 946 547 pervetusto
1000 485 1194 542 codice
1240 488 1583 563 Bemigiano,

229 567 526 624 Rotmarus
565 579 620 626 et
679 572 944 630 Bodulfus
999 578 1232 635 abhates
1276 596 1648 643 recensentur.
1700 567 1853 648 [inde

228 663 513 731 conjicere
571 665 715 732 licet,
775 669 1088 726 Rotmarum
1145 677 1387 731 εαξηοῦὶὶ
1447 683 1619 737 sancti
1677 685 1849 742 Basoli

226 769 439 819 curam,
475 755 695 814 favente
751 759 1040 818 Hincmaro
1091 766 1309 833 abbate,
1367 770 1695 843 imposuisse
1727 777 1850 832 Flo-

225 849 442 906 doardo
471 857 744 910 monacho
772 874 893 912 suo.
929 861 1032 914 Sed
1058 862 1174 918 haec
1198 863 1415 938 longius
1444 885 1545 924 nos
1576 871 1775 928 ferunt.

298 942 594 1000 Flodoardi
622 947 834 1003 obitum
867 967 1014 1007 anno
1045 954 1149 1008 966
1198 960 1497 1034 contigisse
1555 965 1717 1020 docet
1744 968 1851 1038 Ap-

225 1035 436 1103 pendix
459 1037 526 1090 ad
555 1038 676 1105 cjus
721 1039 1034 1099 Chronicon
1083 1047 1166 1101 his
1196 1051 1380 1106 verbis
1407 1073 1423 1108 :
1459 1076 1488 1105 (ι
1523 1057 1648 1127 lpso
1679 1035 1846 1124 anno,

221 1126 489 1183 videlicet
518 1129 642 1197 966,
672 1133 755 1187 vir
783 1134 907 1190 vitae
965 1141 1301 1196 venerabilis
1341 1154 1394 1199 et
1425 1145 1716 1204 Remensis
1747 1169 1844 1206 ec-

221 1219 410 1273 clesiae
435 1221 744 1292 presbyter,
792 1227 1016 1283 nomine
1073 1232 1429 1301 Flodoardus,
1478 1240 1686 1296 honore
1717 1260 1846 1299 san-

218 1310 430 1365 ctitatis
459 1317 829 1379 venerandus,
873 1323 1142 1378 castitatis
1181 1327 1482 1397 splendore
1544 1337 1844 1408 angelicus,

221 1401 441 1478 fulgore
465 1407 752 1478 sapientiae
799 1414 1044 1480 coelicus,
1108 1427 1538 1496 caaterarumque
1586 1427 1844 1484 virtutum

220 1497 542 1570 insignibus
571 1501 918 1561 abundanter
948 1511 1206 1579 Oppletus
1236 1519 1596 1584 praecedentis
1649 1522 1842 1590 libelli,

218 1585 574 1660 aliorumque
633 1593 865 1654 dictator
933 1601 1238 1675 egregius,
1324 1608 1516 1678 quinta
1576 1585 1846 1670 Kalendas

217 1680 440 1748 Apriles
493 1689 722 1740 terrenae
771 1693 1236 1764 peregrinationis
1282 1701 1602 1774 relinquens
1631 1708 1840 1775 exsilia,

1642 497 1694 549 in
1748 515 1855 569 quo
1875 500 1932 568 Α
1958 506 2136 559 manis
2161 507 2396 564 edimus.
2425 511 2483 563 ln
2516 510 2603 565 his
2631 511 2788 568 libris
2837 514 3049 590 integra
3091 528 3221 578 sunt
3249 533 3369 580 acta
3396 533 3572 587 sancti

1955 598 2128 655 Patris
2155 602 2325 658 nostri
2384 605 2664 661 Benedicti
2723 616 2778 662 et
2830 613 3005 666 sancti
3049 612 3371 674 Columbani
3429 621 3571 680 alio-

1955 709 2184 766 rumque
2251 706 2605 766 sanctorumt,
2674 718 2908 774 quorum
2977 706 3273 783 Gregorius
3343 712 3571 788 Magnus

1954 797 2007 844 et
2037 791 2093 844 in
2118 793 2358 868 Dialogis
2387 797 2641 853 meminit
2693 798 3019 858 Columbani
3064 806 3240 861 Vitam
3273 809 3414 866 hanc
3443 827 3567 866 meo-

1953 883 2140 940 tricam
2183 895 2237 941 et
2286 904 2508 944 carmen
2563 890 2631 946 de
2686 891 2738 946 S.
2795 893 3093 952 Benedicto
3153 897 3349 956 damus
3403 903 3564 962 infra.

1953 973 2320 1030 Browerusin
2374 979 2679 1034 Annalibus
2725 982 3148 1042 Trevirensibus
3197 989 3561 1064 fragmentum

1950 1062 2018 1116 de
2048 1062 2313 1120 Pontifice
2343 1066 2524 1121 Leone
2554 1068 2643 1122 νη
2677 1069 2843 1126 refert
2873 1088 2936 1127 ex
2981 1076 3173 1131 codice
3228 1062 3564 1152 Tnevirensi,

1951 1149 2095 1204 idem
2128 1152 2405 1207 mimirum
2439 1156 2584 1225 quod
2615 1164 2874 1228 superius
2921 1163 3290 1222 exhibuimus.
3317 1170 3564 1244 Denique

1949 1235 2286 1293 Flodoardus
2334 1242 2588 1297 versibus
2648 1246 2811 1300 etiam
2857 1249 3061 1306 cecinit
3095 1254 3358 1313 miracula
3411 1235 3566 1333 qum-

1948 1327 2072 1382 dam
2105 1329 2281 1385 beatae
2310 1331 2510 1401 Mariae,
2553 1336 2620 1390 de
2651 1338 2857 1408 quibus
2886 1343 2999 1415 agit
3045 1344 3098 1398 in
3130 1345 3383 1403 Historia)
3429 1327 3564 1418 suae,

1946 1421 2044 1476 lib.
2079 1439 2158 1489 In,
2195 1441 2315 1495 cap.
2347 1427 2382 1481 6
2436 1427 2730 1486 Batherius
2759 1432 3400 1512 VeronensisepiscOpus
3427 1445 3563 1499 tanti

1947 1529 2071 1568 eum
2100 1516 2245 1585 fecit,
2309 1528 2367 1574 ut
2407 1536 2576 1592 opera
2625 1541 2722 1579 sua
2762 1525 2866 1596 ipsi
2908 1531 3255 1588 emendanda
3307 1535 3564 1602 traderet,

1947 1610 2087 1659 teste
2120 1607 2384 1664 Folcuino
2415 1610 2470 1664 in
2511 1611 2765 1668 Chronici
2801 1616 3145 1687 Laubiensis,
3179 1639 3301 1694 cap.
3336 1624 3425 1691 20,
3470 1625 3563 1680 ubi

1946 1697 2233 1767 epistolam
2266 1700 2570 1760 Flodoardo
2598 1706 2855 1762 Remensi
2887 1727 2917 1764 a
2947 1711 3205 1770 Ratherio
3227 1717 3480 1789 scriptam
3508 1719 3562 1773 in

1830 1768 1838 1775 1
3183 1768 3194 1770 ⁷
3239 1768 3480 1789 ⁷“”“¹”’““““
3508 1768 3562 1773 '—

216 1768 416 1830 civica.
454 1780 511 1824 ut
542 1775 840 1842 credimHS,
871 1781 1104 1852 adeptus
1153 1796 1235 1841 est
1256 1787 1400 1856 jura.
1445 1768 1468 1840 ξ)
1504 1792 1841 1852 Flodoardus
1866 1817 1921 1886 B
1947 1787 2272 1844 Laubiensis
2304 1796 2622 1851 monasterii
2653 1797 2872 1852 scriniis
2901 1817 2998 1856 suo
3032 1811 3279 1876 tempore
3310 1823 3563 1863 asserva-

217 1859 339 1886 ειμι-ι.
378 1861 463 1886 ηιξ-
499 1864 745 1886 I---.I_n,,,
782 1869 792 1879 '
895 1872 934 1886 IV
1075 1876 1085 1886 ι
1170 1877 1181 1886 .
1349 1880 1362 1886 ι
1435 1883 1446 1886 -
1529 1884 1554 1886 μ
1949 1885 1953 1886 ,
2107 1880 2140 1886 --
2185 1882 2194 1886 -

216 1859 342 1930 ipsa
375 1861 466 1916 die
499 1864 752 1922 laudatur
780 1869 834 1924 in
895 1872 1222 1950 Necrologio
1251 1880 1498 1939 ecclesiae
1528 1884 1837 1946 Remensis.

216 1955 364 2004 teste
395 1950 716 2022 Sirmundo,
748 1959 844 2013 sed
877 1960 998 2016 sine
1032 1965 1173 2020 tituli
1206 1971 1475 2039 gradusve
1503 1973 1834 2042 adjectione.

215 2035 372 2091 Alius
406 2038 589 2111 itaque
619 2048 932 2103 censendus
977 2058 1060 2105 est
1117 2035 1450 2114 Hadoardus
1485 2035 1763 2131 presbyter
1790 2072 1838 2120 et

211 2128 528 2191 canonica-5,
566 2131 659 2201 qui
708 2133 762 2186 in
793 2135 1137 2213 Necrologiis
1163 2145 1412 2202 ecclesia)
1468 2147 1753 2204 Remensis
1784 2160 1839 2207 et

210 2211 542 2286 Remigiano
596 2227 815 2277 notatur
862 2242 947 2280 xv:
1001 2211 1107 2284 Kal
1161 2235 1331 2289 Junii.
1391 2237 1448 2290 ln
1483 2254 1584 2292 ms.
1643 2240 1836 2296 codice

207 2302 312 2359 PP.
347 2305 760 2369 Carmelitarum
785 2316 1228 2378 Excalceatorum
1284 2329 1431 2397 apud
1463 2329 1702 2385 Parisios
1735 2331 1834 2386 hoc

206 2395 332 2462 ejus
372 2397 713 2470 epitaphium
763 2411 1178 2477 quatuordecim
1223 2395 1382 2471 libris
1411 2420 1716 2473 carminum
1767 2421 1834 2476 ab

203 2485 408 2540 eodem
439 2489 662 2560 scriptis
707 2494 1062 2563 subjunctum
1095 2510 1196 2567 est,
1231 2503 1354 2574 ipso
1417 2507 1744 2575 Flodoardo,
1779 2519 1834 2565 ut

204 2573 446 2641 videtur,
480 2587 704 2636 auctore
737 2601 748 2636 :

269 2663 361 2742 Hic
379 2666 509 2742 jacet
537 2667 774 2732 indignus
797 2673 1104 2742 Flodoardus
1128 2677 1313 2742 honore
1335 2683 1579 2742 sacerdos,

331 2727 530 2794 Arbiter
551 2727 842 2794 exspectans
863 2737 1060 2787 cmlicus
1084 2748 1137 2789 ut
1163 2727 1349 2792 redeat:

267 2787 489 2868 Honcsibi
516 2787 733 2868 conti-sus
755 2798 952 2868 veniam
983 2787 1248 2868 miserante
1258 2787 1546 2868 ferendam,

331 2852 424 2916 Sitl
449 2855 542 2903 icet
565 2857 798 2908 admissis
822 2860 1012 2911 obsitus
1038 2852 1332 2916 innumeris.

263 2913 484 3003 Quisque
505 2917 623 2990 legis
648 2920 864 3003 titulum,
892 2926 1036 2974 sortis
1068 2913 1258 3003 memor
1277 2931 1384 3003 ipse
1411 2931 1609 3003 ἥρωι-,8,

547 2976 614 3029 sic
648 2976 912 3056 Dominum
945 2976 1144 3056 propter
1173 2976 1323 3056 humi
1336 2976 1574 3056 positu—ni,

263 3040 460 3119 Ch‘riste
486 3050 569 3116 tuo
588 3040 1050 3119 _servo_Flodo:t}d<):
1078 3067 1222 3119 parce
1255 3040 1484 3119 benigno,

327 3101 390 3152 Et
415 3119 504 3167 pro
510 3106 700 3168 judicio
720 3110 784 3158 da
802 3111 998 3160 veniam
1026 3101 1232 3164 fainulo.

272 3183 351 3235 Ad
384 3185 586 3256 scripta
617 3188 735 3256 ejus
791 3193 936 3261 quod
995 3195 1210 3260 attinet,
1269 3213 1376 3252 non
1436 3201 1568 3254 satis
1611 3203 1822 3258 laudari

1943 1885 2050 1934 tam
2088 1880 2242 1937 dicit.

2013 1989 2276 2062 Superest
2307 2002 2365 2048 ut
2394 1995 2654 2070 Adelgagi
2683 1999 2970 2069 epistolam
3025 2004 3205 2061 eidem
3255 2007 3560 2065 Flodoardo

1939 2080 2227 2147 directam,
2256 2101 2380 2154 qute
2414 2102 2445 2138 a
2476 2085 2796 2144 Colvenerio
2829 2091 3086 2160 primum,
3119 2094 3282 2153 deide
3313 2096 3385 2152 ab
3411 2100 3556 2167 aliis,

1940 2170 2105 2223 etiam
2137 2186 2167 2223 a
2192 2171 2350 2226 Binio
2380 2172 2436 2225 in
2471 2174 2811 2232 Bibliotheca
2831 2179 3048 2235 Patrum
3081 2183 3301 2256 vulgata
3329 2194 3435 2254 est,
3469 2189 3559 2244 hic

1939 2271 2423 2333 repraesentemus.
2459 2292 2482 2313 οι
2510 2268 2806 2342 Adelagus,
2837 2273 3396 2336 miserationedivina
3427 2282 3558 2338 Bre-

1939 2357 2148 2410 mensis
2170 2357 2422 2414 ecclesiae
2460 2377 2671 2428 servus,
2719 2363 3026 2422 Flodoardo
3076 2367 3214 2424 Patri
3269 2371 3554 2442 Remensi,

1938 2448 2166 2503 verbum
2199 2451 2369 2520 pacis.
2406 2454 2505 2518 Qui
2535 2454 2742 2510 dudum
2771 2457 3077 2528 deposuisti
3111 2461 3468 2533 beneficium,
3499 2476 3557 2523 ut

1936 2544 2115 2592 tecum
2149 2541 2444 2597 mundanas
2495 2544 2688 2616 gloria:
2743 2554 3180 2618 contemptorem
3220 2554 3462 2609 animum
3497 2555 3554 2610 in

1933 2628 2288 2688 solitudinem
2353 2641 2407 2688 et
2463 2638 2783 2691 monasterii
2846 2638 3108 2696 latebram
3177 2642 3445 2711 deferres,
3488 2663 3553 2702 ex

1934 2727 2058 2775 voto
2099 2737 2209 2776 non
2260 2731 2389 2778 ante
2447 2724 2612 2781 finem
2645 2728 3011 2798 discessurus,
3064 2734 3198 2805 quid
3250 2736 3364 2805 jam
3396 2737 3554 2794 doles

1932 2809 2031 2865 tibi
2057 2811 2184 2868 inde
2204 2829 2312 2869 non
2332 2815 2499 2871 licere
2516 2819 2702 2890 egredi
2719 2821 2785 2875 ad
2804 2822 3151 2895 episcOpium
3173 2828 3549 2896 ascendendo,

1930 2902 2078 2972 quod
2107 2905 2386 2976 subripuit
2416 2908 2737 2966 Fulcherius
2767 2911 2794 2966 ?
2823 2913 2942 2970 Stas
2994 2925 3048 2971 et
3081 2933 3190 2973 non
3237 2927 3348 2974 stas
3381 2919 3410 2974 ?
3440 2923 3551 2979 Deo

1931 2994 2230 3061 promisisti
2263 2996 2332 3050 de
2365 2997 2689 3068 stabilitate,
2723 3010 2783 3057 ut
2811 3004 2857 3058 si
2884 3005 3182 3077 aliquando
3213 3009 3373 3066 aliter
3402 3011 3553 3069 fece-

1929 3083 2020 3150 ris,
2055 3083 2122 3137 ab
2157 3101 2223 3139 eo
2255 3094 2306 3139 te
2325 3085 2701 3144 damnandum
2760 3094 2933 3148 scires
2980 3113 3144 3168 quem
3205 3099 3462 3167 irriseris,
3495 3113 3552 3160 et

1919 3172 2031 3239 jam
2061 3185 2244 3230 tamen
2284 3180 2508 3233 vacillas
2539 3181 2566 3234 ?
2610 3182 2738 3236 Esto
2793 3183 2983 3240 tirmus
3042 3189 3095 3243 in
3151 3190 3237 3246 via
3278 3193 3394 3255 Dei,
3421 3201 3474 3248 et
3509 3213 3548 3262 Va

196 3284 383 3347 potest
438 3277 726 3335 Remensis
776 3281 1032 3347 Historia,
1087 3297 1326 3358 quatuor
1356 3290 1516 3345 libris
1568 3293 1636 3346 ab
1698 3268 2191 3364 ipsoC-(“fimjinf1
2223 3271 2519 3364 "599?“
2577 3280 2793 3328 nouem
2847 3293 2971 3346 qua}
3027 3289 3156 3335 sum
3218 3282 3443 3337 honoris
3492 3294 3546 3340 et

193 3377 356 3422 eruta
439 3378 492 3423 et
576 3380 827 3429 contexta
921 3393 984 3430 ex
1066 3380 1293 3434 vetustis
1357 3381 1503 3435 illius
1572 3385 1820 3440 ecclesia:

193 3459 441 3514 archivis
485 3501 501 3528 ,
577 3465 940 3521 conciliorum
1007 3470 1144 3524 actis
1198 3513 1212 3535 ,
1280 3474 1451 3545 gestis
1520 3485 1818 3546 martyrum

192 3551 545 3624 aliorumque
663 3566 1032 3626 sanctorum,
1140 3562 1390 3633 epistolis
1494 3567 1817 3636 pontificum

190 3644 435 3715 aliisque
467 3650 842 3704 monumentis
875 3669 888 3715 ;
920 3669 1082 3723 quam
1143 3654 1425 3716 historiam
1463 3660 1525 3713 R.
1565 3661 1815 3727 prwsuli,

191 3738 248 3791 id
283 3746 384 3799 est,
418 3746 477 3792 ut
507 3739 831 3797 Sirmundus
873 3744 1287 3816 interpretatur,
1338 3749 1565 3816 Rodat/0
1591 3755 1818 3808 Laudu-

186 3829 347 3880 nensi
378 3831 737 3900 nuncupavit.
775 3832 1027 3900 Ejusdem
1085 3842 1166 3890 est
1226 3837 1347 3892 sine
1403 3837 1573 3894 dubio
1631 3845 1811 3916 magni

187 3917 458 3971 momenti
479 3917 807 3984 Chronicon,
829 3921 932 3975 sub
959 3923 1078 3990 ejus
1101 3926 1811 4002 nomineprimozvulgatum

186 4027 216 4062 a
240 4008 471 4072 Pithmo,
501 4008 594 4078 qui
626 4026 693 4062 an
753 4009 898 4064 idem
931 4023 1076 4068 esset
1104 4024 1293 4072 auctor
1326 4018 1601 4076 immerito
1651 4022 1812 4076 dubi-

188 4095 343 4161 tavit,
376 4104 433 4150 ut
493 4113 556 4150 cx
613 4106 800 4154 mutua
851 4104 1266 4173 comparatione
1310 4107 1599 4163 evidenter
1642 4127 1810 4181 supra

185 4184 535 4258 collegimus,
571 4185 638 4240 de
670 4204 780 4259 quo
821 4190 934 4245 htec
964 4191 1222 4265 leguntur
1243 4194 1298 4247 in
1330 4196 1598 4253 Chronico
1626 4200 1811 4256 Ande-

184 4277 438 4350 gavensi,
473 4286 621 4333 tomo
656 4281 672 4333 l
726 4281 1081 4338 Bibliothecaa
1134 4285 1460 4355 Labbeante,
1494 4307 1616 4364 pag.
1651 4292 1757 4348 285
1793 4311 1804 4348 :

183 4374 341 4422 Anno
369 4370 474 4423 9l7
501 4373 721 4427 initium
753 4374 1030 4430 Chronica:
1051 4377 1349 4433 Flodoardz‘
1379 4399 1394 4445 ;
1430 4390 1483 4435 et
1509 4385 1672 4437 Anno
1702 4386 1808 4441 965

180 4463 308 4528 ﬁnis
344 4461 620 4517 Chron-ica:
649 4465 958 4521 Flodoardi.
995 4469 1219 4523 Duobus
1251 4472 1412 4527 annis
1439 4474 1692 4529 mutilum
1726 4486 1810 4533 est

181 4551 495 4608 Chronicon
516 4555 569 4608 in
583 4555 765 4611 editis.
789 4557 1053 4614 Henricus
1072 4561 1378 4618 Bunderius
1415 4565 1807 4624 Dominicanus

1923 3355 2211 3424 dignitatis
2258 3360 2608 3416 obliviscere.
2645 3363 2819 3419 Orasti
2860 3384 2872 3420 :
2909 3371 2981 3437 (α)
3012 3370 3246 3442 Suscipe
3296 3390 3404 3439 me,
3435 3375 3546 3432 Do-

1923 3449 2093 3515 mine,
2124 3453 2429 3507 secundum
2452 3455 2733 3526 eloquium
2767 3467 2920 3514 tuum
2952 3470 3006 3518 et
3036 3464 3542 3537 vivam.Eloquium

1922 3538 2014 3593 Dei
2050 3549 2132 3594 est
2166 3559 2179 3594 :
2209 3541 2393 3596 Omnis
2426 3559 2492 3598 ex
2515 3545 2675 3600 vobis
2705 3548 2799 3617 qui
2832 3563 2939 3604 non
2972 3552 3254 3608 renuntiat
3283 3556 3543 3613 omnibus

1920 3645 2042 3699 quae
2069 3631 2337 3700 possidet,
2364 3648 2474 3687 non
2503 3642 2683 3704 potest
2715 3653 2872 3692 meus
2903 3656 3024 3696 esse
3056 3641 3384 3714 discipulus.
3422 3646 3541 3701 Sal-

1918 3721 2195 3776 vabuntur
2225 3724 2316 3794 qui
2357 3724 2597 3800 fugerint
2625 3728 2692 3782 ab
2725 3728 2826 3796 eis,
2860 3739 2914 3786 et
2943 3740 3106 3787 erunt
3145 3733 3200 3787 in
3255 3736 3540 3792 montibus

1917 3813 2060 3870 sicut
2110 3816 2383 3872 columbze
2436 3820 2788 3878 convallium.
2823 3823 2966 3879 Vidit
3017 3826 3159 3882 Deus
3187 3827 3320 3882 boni
3352 3831 3538 3899 operis

1917 3905 1972 3958 in
2003 3913 2054 3960 te
2094 3903 2371 3973 ati'ectum,
2401 3910 2718 3978 exercendi,
2761 3913 3018 3982 praestitit
3069 3915 3404 3982 facultatem,
3441 3934 3537 3972 ex-

1915 3993 2126 4049 audivit
2174 4011 2408 4066 preces:
2458 4013 2527 4052 ne
2581 3998 2790 4065 dubita,
2843 4005 3263 4061 consummandi
3316 4004 3537 4064 afferret

1913 4085 2192 4143 auxilium.
2249 4088 2354 4142 Sed
2409 4089 2590 4144 dicis:
2622 4091 2902 4166 Negotiari
2959 4097 3165 4152 volenti
3219 4099 3533 4155 commodat

1911 4175 2053 4230 Deus
2086 4177 2370 4243 talentum,
2423 4177 2699 4234 lucrantes
2757 4181 2906 4239 beat.
2957 4184 3036 4239 An
3085 4186 3266 4241 nescis
3325 4197 3531 4260 quanto

1909 4269 2035 4340 quis
2054 4270 2218 4326 altius
2235 4280 2459 4326 evectus
2497 4279 2602 4338 est,
2633 4281 2787 4329 tanto
2817 4276 3046 4346 propius
3075 4293 3195 4332 esse
3223 4295 3291 4333 ne
3320 4279 3479 4335 cadat
3504 4279 3532 4333 ?

1911 4365 2136 4438 Ignoras
2165 4365 2396 4422 honoris
2425 4367 2653 4441 gradum
2711 4369 2992 4440 superbia:
3048 4387 3170 4426 esse
3210 4371 3530 4428 irritamen-

1909 4461 2045 4522 tum,
2075 4472 2199 4511 esse
2242 4455 2426 4511 inanis
2463 4457 2658 4529 gtoriae
2713 4458 2998 4513 materiam
3030 4460 3059 4514 ?
3097 4461 3240 4515 Cave
3295 4478 3364 4516 ne
3427 4461 3524 4518 tibi

1908 4544 2231 4612 blandiaris,
2266 4561 2336 4600 ne
2361 4544 2630 4614 justitiam
2685 4555 2833 4601 tuam
2867 4547 3044 4604 facere
3097 4549 3384 4606 desideres
3433 4566 3528 4606 co-

178 4639 513 4710 Gandensis,
543 4643 637 4714 qui
668 4660 810 4700 anno
844 4645 981 4701 1555
1011 4647 1166 4716 vixit,
1198 4650 1251 4704 in
1284 4669 1382 4707 suo
1417 4652 1600 4710 indice
1629 4655 1804 4712 iibro-
1827 4631 1883 4700 D
1907 4653 2022 4692 ram
2054 4637 2396 4704 hominibus'
2429 4645 2490 4693 ιη
2543 4637 2784 4694 “deans
2839 4640 2905 4694 ab
2961 4657 3060 4696 ωδ·
3111 4642 3214 4697 Fac
3253 4649 3305 4698 te
3337 4649 3523 4712 aptum

178 4749 303 4786 rum
367 4750 499 4790 mss.
567 4735 910 4809 Belgicorum
980 4741 1086 4794 alia
1167 4755 1455 4801 enumerat
1511 4746 1797 4804 Flodoardi

175 4826 448 4896 opuscula
476 4826 561 4882 his
589 4829 805 4884 verbis:
833 4856 857 4878 ιι
891 4832 1228 4889 Flodoardus
1259 4838 1551 4911 presbyter
1577 4843 1801 4914 scripsit

175 4917 246 4972 de
306 4919 605 4990 triumphis
669 4921 870 4978 Italicis
935 4934 1232 4997 martyrum
1301 4937 1355 4985 et
1416 4931 1794 4991 confessorum

176 5009 410 5063 metrice
475 5008 650 5065 libros
688 5012 1029 5082 quindecim,
1085 5018 1493 5090 manuscriptos
1547 5022 1797 5080 Treveris

175 5097 229 5150 in
277 5114 495 5152 summo
543 5101 748 5170 templo
808 5102 876 5156 de
943 5105 1239 5175 triumphis
1280 5107 1480 5164 Christi
1534 5119 1586 5165 et
1632 5129 1794 5168 sanc-

173 5196 355 5243 torum
405 5187 712 5245 Palaestinae
754 5193 982 5248 metrice
1011 5193 1183 5249 libros
1230 5205 1340 5252 tres
1382 5201 1792 5272 manuscriptos

165 5279 444 5343 ibidem;
500 5280 664 5334 tertio
733 5281 801 5335 de
859 5284 1156 5356 triumphis
1221 5287 1418 5344 Christi
1480 5299 1533 5346 et
1602 5294 1791 5350 Antio-

160 5371 308 5426 chiae
368 5370 542 5444 gestis
609 5372 835 5427 metrice
892 5375 1064 5430 libros
1123 5375 1260 5432 duos
1327 5395 1425 5433 ms.
1488 5379 1717 5437 ibidem.
1765 5406 1788 5435 ιι

159 5463 407 5528 Priores,
480 5477 594 5516 non
659 5463 1019 5537 quindecim,
1084 5469 1181 5522 sed
1246 5477 1456 5526 tantum
1522 5481 1791 5543 quatuor-

157 5551 345 5607 decim
406 5551 537 5605 libri
597 5559 809 5607 exstant
864 5555 920 5608 in
979 5563 1316 5626 pervetusto,
1377 5569 1436 5614 ut
1481 5561 1594 5629 jam
1653 5562 1789 5631 dixi,

155 5645 376 5712 codice,
405 5643 504 5715 qui
540 5641 708 5697 modo
740 5652 825 5700 est
863 5646 962 5700 PP.
995 5647 1405 5704 Carmelitarum
1435 5651 1790 5709 Excalceato-

157 5750 280 5789 rum
313 5751 327 5788 :
359 5731 576 5805 quibus
609 5743 673 5782 ex
704 5730 860 5788 libris
890 5735 1154 5790 nonnulla
1185 5737 1253 5791 de
1285 5737 1648 5795 Pontiﬁcibus
1678 5741 1792 5797 Ro-

223 5850 306 5924 (a)
349 5843 740 5905 Benedictinae
764 5849 1124 5918 professionis
1152 5850 1391 5908 formula

1904 4741 2076 4802 regno
2107 4727 2226 4793 Dei,
2257 4727 2564 4803 negotiare.
2606 4728 2822 4784 lucrare
2866 4746 3034 4800 super
3079 4731 3356 4788 destinato
3387 4733 3522 4788 bra-

1901 4817 2120 4873 viotuas
2145 4819 2451 4874 vocationis
2501 4821 2557 4874 in
2599 4819 2815 4876 Christo
2871 4820 3020 4875 Jesu.
3080 4822 3177 4888 Qui
3222 4832 3272 4878 te
3331 4831 3521 4895 aptum

1900 4909 2090 4964 dicunt
2115 4909 2371 4982 dignitati
2406 4912 2623 4981 majori,
2657 4912 2766 4983 ipsi
2797 4920 2868 4979 te,
2903 4911 3093 4979 frater,
3128 4914 3432 4986 decipiunt,
3467 4924 3523 4971 et

1899 5001 2042 5055 viam
2067 5017 2358 5072 gressuum
2383 5012 2604 5059 tuorum
2627 5005 2943 5061 consultore
2982 5005 3207 5061 diabolo
3251 5015 3522 5062 conantur

1897 5093 2189 5162 dissipare.
2225 5093 2420 5148 Fateor
2446 5095 2594 5150 enim
2655 5097 2750 5168 qui
2785 5098 3045 5169 prodesse
3103 5113 3213 5152 non
3260 5113 3516 5168 praeesse,

1896 5182 1988 5254 qui
2011 5183 2481 5238 contradictiones
2536 5200 2645 5240 non
2708 5187 2966 5252 honores,
3019 5186 3111 5258 qui
3158 5185 3377 5241 labores
3408 5202 3516 5242 non

1895 5270 2143 5337 delicias,
2177 5271 2270 5342 qui
2303 5286 2445 5342 Opus
2475 5288 2583 5327 non
2603 5289 2738 5346 opes
2770 5275 3065 5346 episcOpus
3094 5273 3393 5343 desiderat,
3416 5273 3520 5330 bo-

1897 5378 2025 5416 num
2067 5375 2208 5432 opus
2235 5361 2556 5419 desiderare
2589 5383 2600 5418 ε
2631 5367 2728 5420 sed
2774 5367 2831 5422 in
2871 5367 3130 5423 omnibus
3193 5366 3514 5422 interiorem

1892 5453 2108 5506 discute
2140 5446 2409 5517 animum,
2442 5461 2497 5507 et
2526 5452 2679 5507 disce
2709 5457 2981 5512 Christum
3013 5472 3123 5511 non
3154 5457 3514 5528 semetipsum

1893 5542 2222 5599 clariﬁcasse
2249 5551 2308 5599 ut
2358 5542 2602 5614 pontifex
2638 5542 2816 5601 ﬁeret.
2852 5547 3105 5604 Officium
3139 5548 3364 5620 quidem
3391 5550 3516 5622 epi-

1890 5632 2109 5703 scopale
2140 5631 2530 5703 suscepimus;
2561 5632 2660 5685 sed
2687 5648 2828 5705 Opus
2853 5637 3023 5694 officii
3059 5654 3170 5695 non
3197 5637 3512 5710 implemus.

1893 5726 1950 5779 ln
1983 5721 2230 5778 affectata
2285 5721 2707 5794 praeminentia
2758 5727 2891 5785 latet
2938 5731 3267 5801 periculum.
3314 5732 3516 5786 Horrec
