3970 6212
161 283 222 335 17
1555 272 1779 328 ΝΟΤΙΤΙ.

1883 272 2108 329 lLTBRA
3442 286 3508 342 18

163 407 479 464 Frodoardo
509 405 857 461 solummodo
898 404 1149 459 tribuens
1207 402 1538 470 Chronicon,
1566 401 1635 456 de
1665 417 1776 473 quo
1798 405 1851 472 Α
1880 408 1968 456 tur
1988 402 2138 461 dicto
2177 423 2266 462 an.
2300 407 2427 474 845,
2459 425 2756 467 recensens
2797 411 3006 467 ibidem
3057 413 3306 485 diploma
3331 414 3508 477 Caroli

167 497 326 563 infra,
355 495 662 551 Flodoardo
711 502 894 549 autem
927 495 1067 547 hanc
1097 492 1452 548 Remensium
1483 491 1778 563 episcopo-

168 607 280 644 rum
308 588 606 643 Historiam
637 587 764 642 :sed
785 602 908 657 quae
932 585 987 638 in
1007 584 1316 655 appendicc
1340 587 1590 640 nonnihil
1613 587 1787 642 corri-

167 682 258 755 git.
285 680 555 734 Similiter
585 679 765 733 dictus
807 678 966 731 \Vion
1001 678 1056 730 in
1098 677 1373 744 adjunctis
1425 677 1491 731 ad
1556 677 1785 750 Lignum

169 773 314 836 Vitae,
341 789 468 845 pag.
509 772 636 831 909.
687 769 1052 824 Flodoardum
1111 787 1142 823 a
1185 770 1437 824 Flavaldo
1485 786 1592 824 non
1644 778 1786 826 recte

167 863 476 936 distinguit.
513 863 781 917 Praeterea
841 861 1047 916 fallitur
1089 862 1340 932 Papirius
1390 862 1672 918 Massonus
1731 863 1786 917 in

167 953 422 1025 Catalogo
449 960 755 1006 auctorum.
791 950 994 1021 quibus
1024 967 1155 1005 usus
1200 961 1285 1005 est
1330 951 1384 1005 in
1416 952 1531 1006 suis
1559 953 1788 1006 Annali-

166 1043 284 1105 bus,
311 1042 444 1094 dum
495 1049 656 1095 vocat
714 1056 840 1094 cum
895 1039 1223 1095 liemensem
1257 1041 1596 1111 pontificem.
1631 1042 1785 1108 Quod

165 1139 383 1185 secutus
440 1138 524 1183 est
584 1129 848 1184 Baronius
899 1144 1057 1183 anno-
1095 1129 1221 1195 933,
1281 1130 1387 1183 nisi
1441 1131 1496 1185 in
1554 1132 1786 1187 Baronio

168 1222 422 1276 mendum
447 1222 540 1286 sit,
565 1230 618 1275 et
652 1237 748 1292 pro
775 1224 1010 1276 llemcnsi
1029 1223 1445 1292 archiepiscopo,
1489 1224 1783 1296 legendum

165 1316 248 1379 sit,
279 1317 553 1370 Remensis
585 1316 1040 1383 archiepiscopus,
1100 1325 1156 1368 ut
1207 1316 1275 1368 ad
1331 1315 1608 1370 Artaldum
1643 1317 1786 1371 refc-

166 1413 324 1458 ratur.
361 1403 496 1456 Nam
520 1418 666 1456 anno
688 1402 791 1456 948
822 1413 978 1457 vocat
1027 1420 1152 1458 cum
1208 1404 1494 1459 Remensis
1527 1405 1782 1460 Ecclesiae

167 1499 566 1569 presbyterum,
597 1499 741 1552 sicut
763 1506 817 1552 et
849 1498 965 1568 ipse
997 1499 1271 1569 Papirius,
1303 1499 1396 1553 lib.
1423 1517 1483 1566 ιι,
1504 1499 1557 1553 in
1590 1500 1782 1554 Carolo

163 1589 436 1658 Simplice,
483 1596 542 1642 ut
574 1606 672 1658 per
701 1588 1160 1644 inadverteutiam
1209 1590 1526 1661 pontificem
1559 1607 1782 1648 vocasse

166 1681 427 1734 videatur.

229 1771 362 1825 Illud
395 1770 623 1824 interim
650 1788 837 1826 verum
856 1783 958 1837 est,
992 1782 1208 1829 mortuo
1241 1775 1493 1842 Rodolfo,
1526 1777 1594 1830 ab
1628 1788 1782 1833 utro-

165 1879 262 1931 que
329 1859 601 1931 capitulo,
666 1861 1038 1929 Noviomcasi,
1096 1872 1150 1918 et
1208 1865 1655 1930 Tornacensi,die
1711 1867 1781 1922 20

162 1952 281 2006 Julii
315 1953 586 2007 anno‘JDO
635 1954 869 2007 electum
913 1956 1084 2009 fuisse
1134 1957 1188 2010 in
1221 1957 1546 2028 episc0pum
1580 1959 1780 2014 Novio-

163 2061 395 2100 mensem
429 2053 486 2100 et
517 2047 938 2102 Tornacensem.
971 2049 1086 2103 Non
1120 2050 1224 2104 fuit
1251 2060 1433 2106 tamen
1476 2051 1777 2106 confirma-

165 2149 259 2204 tus,
290 2140 419 2210 quia
481 2140 792 2195 Ludovicus
836 2144 1254 2198 Transmarinus
1308 2162 1398 2198 rex
1448 2145 1776 2199 Francorum

161 2230 400 2295 subdole,
432 2231 578 2285 clam
611 2232 769 2286 etvia
800 2235 1237 2289 extraordinaria
1262 2235 1316 2288 in
1347 2236 1538 2290 sedem
1572 2236 1780 2290 utrius-

163 2337 258 2390 que
317 2323 579 2378 Ecclesiae
638 2324 857 2379 intrusit
908 2325 1287 2380 etintroduxit
1337 2327 1612 2398 impurum
1662 2341 1781 2380 mo-

166 2413 384 2467 nachum
433 2423 490 2468 et
535 2414 901 2470 simoniacum
961 2416 1223 2471 clericum
1279 2417 1628 2480 Fulclierum,
1692 2417 1776 2471 sui

165 2506 505 2580 archimagiri
560 2507 738 2561 Kcntii
789 2507 964 2562 tilium
1003 2510 1257 2563 nothum.
1319 2509 1472 2572 Quod
1535 2510 1778 2563 resciens

166 2598 436 2670 Adelagus,
489 2600 601 2664 vel,
658 2608 715 2654 ut
769 2608 925 2655 vocat
976 2601 1228 2655 Albertus
1272 2601 1560 2656 Krantzius
1595 2601 1648 2655 in
1681 2617 1779 2656 sua

171 2694 487 2765 metr0poli,
550 2694 861 2767 Adaldagus
918 2695 1228 2749 Dremensis
1291 2693 1778 2764 archiepiscopus,

171 2785 464 2853 apostolicae
523 2785 675 2838 sedis
729 2786 964 2858 legatus.
998 2785 1054 2837 in
1111 2785 1226 2838 haec
1256 2783 1426 2836 verba
1485 2782 1778 2853 prorupit:

169 2875 503 2939 Cognoscemr
538 2875 1008 2943 Dominusjudicia
1034 2876 1264 2940 faciens.
1328 2873 1538 2926 Deinde
1577 2888 1780 2928 conso-

171 2965 396 3020 latoriam
423 2965 719 3036 epistolam
777 2967 955 3020 eidem
990 2965 1296 3019 transmisit
1329 2966 1468 3018 ιυίάθ
1521 2981 1689 3034 supra
1721 2968 1782 3020 in

171 3057 348 3109 notitia
387 3073 453 3110 ea:
505 3056 874 3119 Mubitlonio.)
925 3055 1046 3109 Haec
1075 3071 1138 3109 ex
1170 3071 1300 3108 mss.
1330 3053 1543 3119 Quibus
1573 3053 1780 3109 habent

168 3161 388 3201 consona
418 3148 488 3201 de
548 3147 815 3201 Fulchcro
849 3146 1085 3202 Jacobus
1130 3146 1379 3216 Meyerus
1427 3153 1482 3200 et
1511 3146 1780 3204 Antonius

173 3233 528 3290 Demochares
578 3233 633 3287 in
689 3235 894 3289 tabulis
932 3235 1320 3306 episcoporum
1353 3236 1776 3289 Tornacensium

174 3323 246 3376 his
265 3325 442 3379 verbis
478 3341 491 3378 :
533 3351 552 3369 σ-
594 3325 680 3377 -Η.
734 3323 1032 3377 Fulcharus
1089 3324 1206 3377 sive
1257 3324 1554 3378 Fulcherus
1586 3339 1779 3377 mona-

169 3417 290 3470 chus
314 3415 732 3472 Suessionensis
758 3415 930 3470 sancti
960 3415 1226 3480 Medardi,
1257 3415 1510 3486 sepultus
1550 3416 1606 3469 in
1641 3423 1780 3470 tem-

175 3508 255 3577 plo
283 3511 450 3564 sancti
483 3509 664 3579 Elegii
707 3517 857 3563 extra
903 3523 1087 3562 muros
1127 3507 1365 3562 civitatis
1396 3507 1780 3562 Noviomensis

171 3600 356 3672 dequo
385 3602 582 3657 scribit
609 3601 857 3672 Meyerus
907 3616 1054 3656 anno
1078 3601 1204 3655 955.
1265 3600 1562 3654 Fulcherus
1609 3599 1776 3654 homo

169 3694 392 3761 spurius,
418 3694 568 3748 ﬁlius
597 3693 939 3748 existimatus
969 3693 1238 3764 principis
1261 3708 1563 3764 coquorum
1596 3691 1778 3746 Ludo-

171 3786 262 3841 vici
294 3789 457 3862 regis,
524 3787 1018 3860 Noviomagensem
1072 3786 1233 3841 malis
1281 3785 1494 3840 artibus
1540 3783 1778 3854 adeptus

171 3878 558 3949 episcOpatum.
610 3879 795 3934 omnia
846 3878 976 3934 fecit
1005 3879 1301 3940 deteriora,
1335 3875 1773 3932 administravit-

171 3983 267 4036 que
287 3984 502 4024 menses
533 3968 763 4022 omnino
799 3968 866 4020 18
897 3986 912 4022 :
948 3967 1142 4023 morbo
1174 3967 1499 4039 absumptus
1545 3967 1778 4038 pedicu-

173 4053 257 4107 lari
295 4066 345 4109 et.
369 4056 682 4127 phthiriaisi,
710 4073 966 4129 magnum
997 4057 1308 4128 exemplum
1337 4057 1513 4128 puniti
1533 4057 1777 4113 ambitus

174 4153 219 4196 et
239 4145 501 4210 simoniae,
523 4146 566 4198 si
593 4162 692 4199 nos
713 4146 915 4216 posteri
941 4145 1263 4201 timeremus
1293 4147 1463 4201 Deum
1499 4169 1520 4196 ι

239 4237 350 4291 Fuit
372 4254 534 4308 porro
552 4237 889 4292 Flodoardus
919 4238 1002 4292 vir
1032 4238 1232 4292 litteris
1262 4246 1316 4293 et
1337 4239 1587 4294 moribus
1615 4255 1778 4314 egre-

177 4323 253 4394 gie
289 4335 599 4388 exornatus,
652 4334 708 4380 ut
761 4326 1043 4380 declarant
1087 4327 1423 4393 testimonia,
1475 4344 1597 4398 quae
1635 4328 1778 4383 infra

175 4413 576 4488 subjungcmus,
605 4423 659 4468 et
708 4416 855 4486 quod
889 4416 943 4469 in
969 4416 1234 4472 historico
1279 4418 1618 4489 praecipuum
1671 4428 1774 4486 est,

1886 494 2056 562 Calvi,
2087 513 2198 567 quo
2225 498 2395 554 edicit
2454 509 2510 554 ut
2575 500 2864 558 Hinemaro
2913 502 3273 560 restituantur
3320 510 3507 565 omnia

1888 587 2032 641 bona
2062 587 2418 658 episcopatus
2483 589 2790 655 Rcmensis,
2823 594 2971 663 quod
3019 595 3252 651 habetur
3281 597 3380 652 lib.
3423 616 3504 663 ιι..

1887 692 1935 730 c.
1963 677 2013 731 4.
2050 678 2123 732 De
2149 694 2262 750 quo
2306 695 2415 735 non
2464 681 2582 735 sine
2615 683 2823 739 ratione
2853 684 2927 739 ait
2977 685 3218 742 Pithoeus
3273 688 3327 743 in
3357 688 3505 744 dicto

1889 765 2182 834 Glossario,
2241 769 2411 825 verbo
2468 772 2818 841 Bateﬁciario
2867 775 3045 843 jure:
3105 776 3280 832 Nolim
3327 778 3505 832 virum

1887 861 2073 915 multae
2109 859 2363 916 lectionis
2410 879 2473 916 ex
2531 863 2984 935 interpretatione
3031 867 3253 934 Gallica,
3311 869 3505 924 alienis

1885 965 1918 1002 a
1972 965 2139 1004 sensu
2201 951 2405 1018 verbis,
2470 953 2574 1008 hoc
2614 954 2758 1009 idem
2807 955 3051 1025 diploma
3081 958 3353 1013 retulisse.
3411 960 3505 1014 Ve-

1890 1059 2007 1096 rum
2039 1043 2108 1096 ab
2139 1060 2229 1098 an.
2263 1046 2368 1099 865
2428 1046 2618 1117 incipit
2651 1049 2768 1118 ipsa
2795 1048 2962 1103 verba
2999 1050 3185 1104 Latina
3217 1050 3505 1107 l-‘lodoardi

1885 1132 2146 1206 allegare,
2170 1134 2268 1187 sed
2300 1151 2366 1189 ex
2386 1135 2551 1191 unico
2583 1138 2902 1208 exemplari,
2936 1154 3116 1210 coque
3145 1157 3293 1210 saepe
3320 1141 3504 1196 incor-

1888 1233 2034 1276 recto
2075 1230 2130 1276 et
2159 1223 2480 1294 depravato,
2517 1237 2574 1280 ut
2606 1228 2803 1282 eodem
2851 1244 3016 1293 anno,
3070 1229 3199 1283 item
3217 1232 3343 1295 871,
3374 1232 3500 1298 877,

1884 1311 2009 1377 892,
2037 1312 2163 1378 893,
2187 1321 2243 1368 et
2269 1313 2402 1369 alibi
2431 1315 2619 1370 videre
2634 1324 2737 1370 est.
2765 1317 3029 1372 Caeterum
3063 1334 3172 1373 non
3196 1320 3315 1375 sine
3339 1323 3502 1376 tande

1886 1399 2342 1472 ipsiusmeminit,
2375 1413 2435 1461 ut
2483 1423 2574 1461 an.
2621 1407 2750 1470 933,
2780 1422 2982 1462 vocans
3010 1419 3326 1465 accuratum
3358 1411 3504 1466 illius

1885 1493 2150 1564 temporis
2189 1494 2537 1566 scriptorem,
2593 1497 2680 1551 cui
2740 1508 2946 1552 tantam
3007 1498 3171 1553 tidem
3203 1500 3412 1567 tribuit,
3445 1513 3503 1556 ut

1882 1601 2028 1641 anno
2059 1586 2165 1642 954
2213 1604 2277 1641 ex
2336 1603 2402 1643 eo
2449 1588 2589 1643 alios
2641 1605 2836 1644 omnes
2882 1591 3152 1646 mendacii
3187 1593 3499 1667 redarguat.

1809 1677 2108 1787 BQuantae
2162 1692 2291 1730 vero
2341 1678 2681 1735 auctoritatis
2736 1681 2934 1746 fuerit,
2995 1700 3060 1737 ex
3117 1700 3186 1738 eo
3239 1684 3503 1739 discimus

1887 1766 2452 1787 ___,,,_,.H__..A_‘_
2521 1777 2562 1787 ᾼ,
2992 1772 3025 1787 ,.
3097 1773 3166 1787 .,
3259 1775 3271 1787 ,
3455 1775 3466 1787 ,

1881 1766 2030 1836 quod
2053 1766 2120 1820 ad
2149 1766 2456 1840 legationes
2512 1777 2568 1823 ct
2589 1770 2810 1840 publica
2841 1772 3062 1846 negotia
3094 1773 3370 1829 interdum
3400 1775 3503 1830 ad-

1884 1858 2091 1912 hibitus
2121 1859 2191 1915 sit
2265 1860 2418 1915 Unde
2451 1861 2591 1917 libro
2628 1863 2828 1934 primo,
2859 1866 3039 1936 capite
3090 1866 3181 1925 20.
3214 1883 3274 1922 se
3310 1868 3503 1923 scribit

1881 1947 1949 2000 ab
1977 1949 2196 2005 Artaldo
2247 1950 2511 2022 episcopo
2544 1953 2771 2008 missum
2828 1966 3054 2026 prepter
3084 1973 3172 2010 res
3235 1960 3500 2028 quasdam

1883 2037 2169 2093 Remensis
2194 2039 2452 2096 Ecclesia:
2483 2041 2552 2095 ab
2585 2042 2877 2099 Ottbonem
2901 2061 3088 2119 regem
3111 2056 3164 2100 et
3191 2045 3500 2102 Conradum

1881 2126 2102 2181 ducem.

1956 2217 2018 2271 Ut
2040 2234 2170 2273 vero
2200 2219 2268 2274 ad
2327 2221 2531 2290 scripta
2572 2221 2696 2290 ejus
2740 2224 3042 2280 veniamus.
3071 2228 3312 2292 Quatuor
3339 2228 3502 2296 hujus

1879 2309 2065 2379 operis
2095 2310 2264 2367 libros
2295 2328 2417 2369 esse
2458 2313 2798 2370 demonstrat
2835 2318 3075 2373 auctoris
3107 2320 3387 2392 prologus,
3447 2321 3498 2375 in

1880 2416 1990 2470 quo
2011 2413 2166 2459 vocat
2195 2405 2576 2474 quadriﬁdam
2624 2407 2825 2462 laboris
2854 2412 2943 2464 sui
2970 2426 3122 2480 opus.
3155 2413 3503 2484 Quapropter

1881 2493 2020 2548 male
2051 2494 2405 2559 Trithemius,
2434 2501 2490 2549 et
2517 2494 2613 2568 qui
2639 2512 2768 2551 eum
2794 2509 3124 2570 sequuntur,
3159 2511 3270 2558 tres
3290 2503 3500 2558 solum-

1883 2585 2045 2640 modo
2070 2595 2380 2642 numerant.
2411 2586 2614 2644 Praeter
2644 2589 2745 2644 hos
2789 2600 3028 2660 quatuor
3050 2592 3222 2649 libros
3253 2594 3501 2651 Historiae

1884 2678 2170 2735 Remensis
2200 2679 2475 2745 Ecclesiae,
2524 2681 2640 2737 sive
2705 2689 2764 2737 ut
2791 2683 2883 2737 alii
2948 2694 3166 2753 vocant,
3209 2687 3280 2742 De
3326 2689 3503 2745 Gestis

1885 2767 2237 2824 Remensium
2294 2768 2638 2841 pontiﬁcum,
2693 2771 2748 2826 in
2804 2771 3009 2844 quibus
3059 2775 3230 2831 multa
3284 2776 3392 2834 alia
3429 2779 3501 2834 de

1882 2865 2087 2922 sanctis
2117 2872 2173 2920 et
2205 2863 2555 2918 monasteriis
2593 2863 2846 2934 ejusdem
2895 2865 3128 2922 civitatis
3158 2876 3212 2924 et
3243 2869 3500 2926 dimcesis

1883 2954 2180 3010 interserit.
2251 2952 2478 3024 Scripsit
2539 2954 2703 3008 etiam
2771 2954 3080 3012 Chronicon
3147 2958 3322 3013 aetatis
3385 2977 3499 3015 suae

1880 3049 2289 3106 exactissimum
2335 3046 2404 3102 ab
2461 3063 2607 3104 anno
2649 3049 2864 3104 Domini
2902 3049 3007 3105 919
3043 3067 3218 3123 usque
3247 3051 3315 3107 ad
3370 3052 3498 3120 966,

1879 3141 2028 3214 quod
2057 3141 2112 3196 in
2162 3141 2340 3198 lucem
2389 3138 2619 3211 protulit
2648 3139 2841 3194 Petrus
2892 3140 3137 3196 Pithoeus
3185 3140 3328 3196 inter
3356 3141 3500 3198 duo-

1881 3232 2060 3287 decim
2088 3230 2387 3300 scriptores
2433 3239 2745 3286 coaetaneos
2801 3231 3091 3286 Annalium
3145 3240 3202 3286 et
3257 3230 3500 3286 historia:

1882 3321 2234 3376 Francorum.
2269 3318 2538 3372 Excusum
2600 3326 2684 3373 est
2730 3333 2873 3389 Opus
2923 3318 2977 3372 in
3030 3328 3222 3376 octavo
3279 3319 3501 3376 Parisiis

1882 3409 2038 3474 1588,
2089 3416 2144 3464 et
2176 3407 2514 3462 Francot'urti
2570 3409 2728 3463 1594.
2775 3409 3012 3464 Tametsi
3074 3411 3129 3466 in
3175 3409 3498 3482 praefatione

1879 3499 2095 3554 dubitet
2127 3499 2271 3554 idem
2323 3497 2567 3552 Pithoeus
2609 3497 2753 3552 sitne
2810 3498 3059 3566 ejusdem
3116 3499 3376 3555 auctoris.
3409 3499 3499 3557 Sic

1879 3590 2026 3644 enim
2048 3588 2123 3644 ait
2157 3605 2170 3642 :
2203 3613 2226 3634 «
2260 3588 2378 3642 lam
2410 3587 2478 3641 de
2510 3587 2806 3642 Frodoardi
2837 3587 3108 3647 Chronico
3139 3588 3271 3673 (sive
3301 3588 3349 3645 is
3378 3586 3500 3645 Fla-

1878 3682 2072 3736 valdus
2101 3680 2187 3736 vel
2215 3679 2480 3735 Floardus
2523 3680 2592 3735 sit
2645 3679 2933 3736 Remensis
2974 3681 3228 3738 Ecclesiae
3262 3681 3500 3754 presby-

1879 3781 1979 3835 ter,
2014 3771 2108 3844 qui
2138 3770 2682 3842 archiepiscOpornm
2713 3787 2938 3826 suorum
2969 3771 3116 3827 Vitas
3143 3789 3175 3826 a
3221 3774 3276 3828 Β.
3315 3772 3496 3830 Remi-

1877 3862 1966 3937 gio
1983 3863 2053 3916 ad
2102 3862 2402 3922 Artaldum,
2454 3860 2672 3915 diverso
2706 3862 2867 3932 plauc
2901 3862 3045 3932 stylo
3101 3861 3412 3934 descripsit)
3443 3875 3496 3920 et

1879 3956 1985 4010 hoc
2015 3970 2243 4010 monere
2264 3954 2440 4008 visum
2477 3961 2578 4018 est,
2619 3970 2684 4008 ea
2728 3970 2851 4025 quae
2895 3954 2964 4010 ad
2983 3953 3355 4011 Virdunenses
3376 3957 3499 4028 epi-

1877 4064 2076 4119 scopos
2095 4048 2394 4118 pertinent,
2418 4046 2514 4102 sed
2541 4054 2596 4101 et
2615 4047 2722 4102 alia
2744 4047 2995 4120 quaedam
3017 4049 3243 4122 virgulis
3261 4050 3492 4116 inclusa,

1880 4155 1946 4192 ex
1980 4137 2154 4194 tribus
2183 4137 2349 4193 unius
2379 4153 2500 4191 esse
2531 4138 2679 4208 quod
2709 4137 3036 4195 Divionense
3075 4140 3493 4210 appellavimus.

1879 4245 2196 4300 quanquam
2263 4229 2512 4282 Viriduni
2577 4228 2760 4298 potius
2823 4228 3160 4299 descriptum
3228 4229 3494 4284 videatur.

1880 4321 2134 4393 Quisquis
2174 4320 2264 4374 ille
2289 4319 2390 4374 fuit
2422 4319 2676 4390 scriptor,
2718 4320 2918 4376 multas
2947 4321 3194 4393 profecto
3227 4322 3388 4377 nobis
3407 4324 3492 4378 sui

1879 4411 2065 4469 saeculi
2095 4409 2336 4465 historiae
2371 4409 2628 4465 tenebras
2672 4410 2950 4476 discutiet,
3003 4432 3030 4460 ι»
3059 4420 3164 4467 etc.
3207 4413 3283 4467 De
3306 4413 3406 4468 hac
3438 4430 3498 4468 re

176 4503 321 4557 variae
352 4505 620 4568 lectionis,
657 4523 867 4580 magnae
897 4507 1202 4580 diligentiae
1243 4516 1297 4562 et
1323 4507 1584 4564 indefessi
1619 4509 1773 4564 labo-
1797 4501 2150 4571 DPithazum
2209 4518 2318 4558 non
2371 4503 2470 4558 abs
2524 4521 2580 4558 re
2612 4504 2895 4560 dubitasse
2955 4505 3032 4559 ait
3087 4505 3142 4559 in
3176 4503 3496 4577 praefatione

177 4589 258 4642 ris.
291 4593 420 4648 llinc
437 4595 515 4648 ait
536 4595 588 4647 in
624 4594 942 4666 praefatione
961 4597 1125 4664 hujus
1155 4596 1423 4661 Historiae,
1460 4622 1481 4641 οι
1511 4612 1652 4668 Opus
1671 4597 1776 4652 hoc

175 4683 528 4757 undecunque
547 4688 871 4742 collectumc
889 4704 976 4742 sse
997 4705 1010 4741 :
1029 4714 1042 4733 ο
1062 4688 1399 4743 videlicetex
1412 4688 1777 4761 scriptoribus

175 4773 329 4825 sacris
357 4784 410 4826 et
442 4775 708 4845 profanis,
743 4777 914 4851 gestis
945 4789 1244 4848 martyrum
1277 4786 1335 4833 et
1375 4778 1513 4834 Vitis
1541 4778 1774 4834 aliorum

174 4872 492 4931 sanctorum,
542 4868 676 4922 actis
710 4869 1095 4938 conciliorum,
1153 4880 1208 4925 et
1263 4871 1514 4942 epistolis
1542 4870 1776 4943 pontiﬁ-

176 4965 305 5014 cum,
340 4957 634 5022 praesertim
689 4959 1061 5017 Remcnsium.
1124 4977 1262 5032 quas
1316 4978 1381 5015 ex
1412 4961 1649 5016 archivis
1678 4960 1779 5016 Ec-

177 5040 344 5094 clesiae
362 5059 472 5097 suae
504 5045 863 5116 deprompsit.
921 5049 1061 5103 Sane
1091 5066 1123 5102 a
1156 5050 1433 5120 praedictis
1463 5067 1587 5107 eum
1621 5065 1780 5108 com-

182 5133 426 5188 mendant
458 5139 625 5191 nostri
658 5139 843 5193 saeculi
873 5140 1177 5196 doctissimi
1224 5143 1516 5197 Annalium
1543 5143 1782 5214 scripto-

182 5237 259 5275 res
289 5226 546 5283 Baronius
576 5239 628 5284 et
661 5231 909 5303 Papirius
962 5233 1266 5300 Massonus,
1301 5235 1392 5306 qui
1433 5251 1564 5291 suos
1593 5237 1780 5296 Anna-

179 5307 250 5363 les
279 5328 337 5366 ex
385 5315 556 5385 ipsius
587 5319 806 5390 scriptis
846 5320 1143 5390 plurimum
1181 5332 1606 5379 exornaverunt.
1661 5323 1780 5382 Me-

182 5401 322 5457 minit
367 5407 541 5477 ipsius
591 5410 1038 5482 frequentissime
1090 5414 1356 5469 Baronius
1407 5425 1518 5470 tom
1602 5417 1666 5484 Χ,
1711 5417 1780 5474 ab

183 5506 312 5548 anno
338 5499 440 5552 845
471 5517 646 5571 usque
690 5503 757 5556 ad
785 5519 913 5556 ann.
982 5504 1105 5558 962.
1140 5505 1245 5558 Sed
1280 5507 1426 5575 quod
1457 5507 1778 5577 dolendum,

182 5583 489 5656 caallegans
511 5605 632 5658 quae
660 5607 723 5643 ex
772 5591 977 5646 Gallico
1012 5593 1312 5663 exemplari
1361 5595 1557 5651 mutilo
1589 5606 1645 5652 et
1674 5598 1781 5651 im-

185 5670 408 5733 perfecto
430 5677 638 5730 curavit
671 5677 724 5730 in
772 5677 1019 5733 Latinum
1051 5679 1354 5748 transferri,
1389 5689 1448 5736 ut
1482 5683 1604 5753 ipsc
1638 5683 1781 5739 fate-

1877 4595 2222 4658 Sirmondus,
2246 4592 2496 4648 adhibito
2526 4593 2690 4649 etiam
2738 4596 2843 4650 hoc
2881 4605 3208 4671 argumento
3260 4593 3408 4666 quod
3441 4595 3494 4650 in

1878 4695 2062 4742 vetere
2090 4685 2416 4741 Kalendario
2465 4685 2518 4740 S.
2553 4685 2731 4742 Mariae
2777 4686 3062 4742 Remensis
3112 4686 3407 4742 adnotatus
3427 4685 3498 4740 sit

1879 4778 2065 4835 obitus
2112 4777 2197 4832 his
2224 4777 2445 4833 verbis:
2477 4795 2563 4836 xvx
2613 4778 2883 4833 Kalendas
2911 4778 3106 4831 lunias
3163 4775 3496 4832 Hadoardus

1877 4875 2156 4944 presbyter
2187 4879 2235 4927 et
2265 4876 2554 4928 cauonicus
2586 4889 2600 4937 ;
2635 4888 2759 4926 cum
2791 4879 3070 4924 auctorem
3093 4866 3345 4923 Chronici
3377 4866 3496 4922 Flo-

1881 4962 2149 5017 doardum
2180 4979 2212 5017 v
2239 4963 2509 5016 Kalendas
2539 4960 2752 5030 Apriles
2775 4960 2883 5014 vita
2914 4957 3162 5012 functum
3181 4972 3301 5010 esse
3329 4957 3499 5011 Chro-

1886 5053 1990 5107 nici
2015 5051 2292 5123 appendix
2313 5051 2524 5104 doceat.
2551 5048 2904 5106 Verumscire
2929 5057 3151 5120 Oportet
3177 5062 3286 5102 non
3303 5047 3496 5103 iisdem

1882 5144 2101 5207 diebus,
2129 5141 2332 5213 quibus
2349 5140 2740 5210 aliquisexhac
2761 5140 2870 5194 vita
2899 5139 3153 5204 discedit,
3183 5137 3499 5193 anniversa-

1883 5239 2014 5294 riam
2067 5231 2650 5290 commemorationem
2689 5231 2876 5286 obitus
2940 5231 3111 5303 ipsius
3140 5227 3410 5285 celebrari
3441 5228 3497 5283 in

1884 5324 2156 5390 Ecclesiis,
2187 5331 2246 5377 ut
2295 5323 2496 5394 passim
2556 5327 2787 5378 tertatur
2845 5340 2996 5387 usus,
3045 5323 3209 5395 idque
3249 5319 3322 5378 ob
3353 5319 3501 5376 varia

1885 5418 2277 5490 impedimenta
2308 5423 2361 5468 et
2407 5412 2752 5486 potissimum
2797 5415 2942 5472 circa
2973 5427 3190 5486 tempus
3222 5413 3499 5485 paschale,

1883 5523 1993 5579 quo
2024 5507 2123 5560 iste
2172 5503 2424 5575 migravit
2453 5520 2483 5556 e
2541 5501 2671 5554 vita.
2715 5507 3060 5575 QuaprOptcr
3088 5504 3346 5560 eumdem
3379 5518 3503 5558 esse

1887 5596 2172 5664 utriusque
2201 5593 2386 5661 Operis
2410 5597 2693 5646 auctorem
2743 5609 2852 5647 non
2879 5597 3059 5650 solum
3099 5595 3301 5650 fatetur
3332 5592 3502 5665 Papi-

1886 5684 2019 5749 rius,
2054 5681 2149 5736 lib.
2186 5680 2530 5734 "Annalium
2562 5674 2893 5736 Francorum
2919 5684 2974 5738 in
3001 5684 3193 5740 Carolo
3223 5680 3506 5753 Simplicc,
