3970 6212
428 298 498 351 ‘23
1552 295 1916 351 FLODOARDI
1957 297 2259 352 CANONICI
2302 294 2627 349 REMENSIS
3643 301 3696 355 21

429 426 524 480 lib.
553 444 587 480 ι.
621 426 737 479 Alia
767 424 995 495 insuper
1016 424 1187 478 multa
1208 423 1497 494 scripsisse
1540 423 1764 490 dicitur,
1808 442 1929 497 qua:
1976 425 2044 480 ad
2071 431 2118 497 Α
2143 423 2363 497 fundus,
2389 428 2543 496 gesta
2565 420 2919 497 Remensium
2945 420 3283 497 pontificum,
3313 420 3379 497 ab
3399 421 3525 497 urbe
3551 422 3698 479 Remis

434 497 682 553 notitiam
711 500 887 550 meam
914 511 1024 550 non
1047 502 1335 549 venerunt.

1192 586 1283 640 III.

438 679 742 733 Dominicus
786 676 1080 731 Grimanus
1118 674 1421 729 cardinalis
1460 675 1518 729 S.
1560 677 1735 730 Marci
1788 679 1845 729 in
1884 678 2051 731 Dario

504 749 579 801 ad
622 752 733 802 Des.
767 750 1060 802 Erasmum
1101 762 1221 800 can.
1252 746 1428 800 ordin.
1471 746 1526 801 S.
1568 750 1877 813 Augustini.
1908 748 2053 816 quod

505 835 761 874 emensum
811 821 889 872 est
924 817 1157 873 Basilum
1201 833 1347 870 anno
1392 818 1552 883 1508,
1607 818 1757 888 apud
1810 820 2051 873 Michae-

505 892 608 945 lem
666 891 970 945 Furterium
1034 892 1086 942 et
1137 890 1395 943 Joannem
1449 889 1690 956 Scotum,
1745 890 1879 957 folio
1937 888 2005 945 32
2036 929 2050 955 ,

507 967 636 1016 nota
666 962 754 1016 13.

508 1052 643 1131 pum
684 1050 869 1106 Remis
905 1064 1159 1131 agerem,
1211 1048 1415 1131 obtulit
1466 1049 1719 1131 mihiml).
1780 1050 2054 1131 Robertus

440 1123 761 1178 Briconetus
809 1120 1192 1191 archiepiscop
1271 1120 1481 1175 clariss.
1539 1121 1725 1176 Gallia:
1775 1122 2052 1176 cancella-

440 1194 882 1268 riusiregistrum
911 1209 1025 1268 _ms._
1054 1190 1347 1268 continens
1376 1200 1611 1263 quatuor
1640 1193 1813 1268 libros
1872 1194 2053 1268 Histo-

441 1266 533 1319 riae
567 1261 856 1320 Remensis
908 1261 1183 1326 Ecclesiae,
1216 1261 1441 1317 auctore
1482 1271 1537 1318 et
1579 1264 1869 1318 collectore
1923 1264 2052 1319 Flo-

441 1338 669 1402 doardo,
719 1336 867 1389 illius
894 1334 1172 1406 quondam
1205 1334 1489 1406 canonico,
1532 1336 1731 1389 exinde
1760 1337 2049 1390 monacho.

444 1408 663 1463 Mutatio
693 1415 887 1470 status,
916 1405 983 1461 et
1021 1421 1085 1458 ex
1118 1406 1385 1460 canonico
1417 1405 1622 1461 factum
1656 1406 1823 1461 tuisse
1855 1423 2053 1460 mona-

430 1476 629 1538 ‘chum.
664 1478 871 1533 indicat
912 1476 1327 1548 pietatemviri.
1366 1478 1531 1531 Docte
1584 1478 1804 1547 scripsit
1834 1488 1888 1531 et
1919 1477 2055 1531 dili-

481 1557 657 1604 euter.
706 1547 945 1621 Plurima
973 1555 1120 1602 enim
1162 1547 1291 1601 ilius
1321 1548 1534 1621 registri
1577 1548 1645 1621 iis
1697 1550 1904 1621 contuli
1936 1565 2058 1620 quae

461 1619 534 1677 iic
567 1621 619 1675 in
669 1620 925 1675 Vaticana
955 1627 1323 1691 asservantur,
1358 1619 1535 1691 eaque
1576 1619 1812 1691 fideliter
1850 1619 2059 1674 exseri—

446 1702 536 1763 pta
569 1691 754 1747 inveni
781 1709 794 1744 :
826 1691 982 1745 abest
1010 1690 1079 1743 ab
1110 1705 1176 1743 eo
1203 1690 1585 1763 _veterat0rum
1620 1690 1837 1763 rubigo.
1873 1701 1928 1745 et
1956 1707 2059 1746 uo-

444 1761 633 1820 vorum
695 1769 991 1833 auctorum
1036 1761 1321 1830 asperitas.
1378 1762 1450 1833 Et.
1490 1762 1535 1814 si
1577 1761 2060 1833 nostri/temporis

444 1850 753 1890 aerumnosa
809 1832 1034 1888 miseria
1088 1847 1199 1886 non
1248 1832 1531 1903 praeferret
1579 1833 1763 1887 studio
1817 1832 2059 1888 historiae

446 1907 657 1986 lucrum
697 1905 841 1985 vitae,
893 1921 995 1986 nec
1026 1904 1201 1986 magis
1250 1903 1847 1986 consuleretavaritim
1893 1920 2056 1977 quam

444 1977 788 2049 antiquitatis
819 1976 1050 2039 notitia},
1084 1975 1285 2049 dignus
1314 1983 1458 2030 esset
1484 1975 1638 2046 prelo
1669 1984 1880 2030 auctor.

1215 2063 1298 2117 IV.

444 2154 760 2211 Guillelmus
814 2155 1144 2221 Eysengreiu
1178 2154 1233 2205 in
1266 2153 1517 2223 Catatogo
1554 2155 1769 2207 testium
1818 2154 2063 2207 veritatis

834 2225 1144 2278 orthodoxae
1179 2228 1373 2278 matris
1400 2224 1669 2283 Ecclesia.

520 2314 848 2394 Flavaldush
899 2313 1225 2394 Bemeusi‘s.
1262 2313 1634 2394 Benedictiua;
1700 2313 2067 2394 professionis

448 2386 771 2450 monachus,
800 2384 884 2439 vir
909 2390 1016 2455 tam
1057 2384 1261 2455 divinis
1297 2400 1462 2455 quam
1496 2384 1746 2455 profanis
1774 2385 2066 2455 scripturis

448 2456 714 2522 eruditus,
748 2454 1043 2510 historicus
1095 2454 1393 2524 perfectus,
1435 2454 1728 2528 theoIOgus
1774 2454 1904 2511 vero
1937 2473 2068 2527 pro-

2148 490 2593 563 condita,“quam
2626 491 2829 546 milites
2862 490 3014 546 Remi
3047 508 3077 563 a
3116 491 3277 563 fratre
3318 492 3530 546 Romulo
3555 497 3700 550 necati

2151 567 2385 636 fugatos,
2409 562 2480 619 ob
2507 564 2828 636 memoriam
2862 562 3079 617 Domini
3110 562 3195 616 sui
3220 563 3565 636 construxisse
3585 580 3702 636 com-

2152 633 2479 701 memorant,
2524 651 2696 705 usque
2740 635 2808 688 ad
2839 651 2937 688 sua
2968 641 3213 704 tempora
3256 633 3425 689 tribus
3452 634 3702 689 volumini-

2152 708 2275 774 bus,
2306 707 2531 779 quibus‘
2554 706 2869 777 complures
2901 706 2993 759 SS.
3038 712 3327 775 martyrum
3366 705 3601 759 historias
3633 724 3703 761 re-

2152 779 2301 846 citat,
2326 777 2579 833 deduxit.
2933 848 2975 901 ν

2155 940 2414 1010 Papirius
2442 941 2723 995 Massonus
2776 938 2869 991 lia.
2913 954 2951 991 ιι
3010 938 3313 992 Annalium
3345 938 3644 991 Francorum
3668 940 3712 991 in

2723 1027 2937 1082 (ἰλλοιο
2987 1026 3201 1082 Mxouo.

2226 1115 2571 1169 Frodoardus
2600 1115 2701 1168 sub
2759 1114 2950 1169 Carolo
2981 1114 3242 1184 Simplice
3271 1122 3325 1169 et
3354 1113 3605 1169 Ludovico
3631 1112 3712 1167 ﬂo-

2156 1187 2287 1266 ruit,
2310 1186 2568 1311 Vitasaue
2599 1186 2919 1256 pontiticum
2960 1186 3309 1266 Remensium
3340 1184 3712 1257 diligentissime

2156 1265 2386 1311 scriptas
2428 1274 2456 1311 a
2529 1266 2778 1311 posteros
2808 1265 3128 1311 trausmnsnt.
3172 1259 3330 1311 cuius
3353 1257 3528 1311 oneris
3554 1270 3709 1311 exem-

2155 1259 2386 1327 scriptas
2428 1259 2495 1311 ad
2529 1266 2778 1328 posteros
2808 1259 3129 1324 transmisit,
3172 1259 3330 1327 cujus
3353 1259 3528 1328 operis
3554 1270 3709 1311 exem-

2158 1329 2331 1399 plaria
2360 1329 2571 1401 aliquot
2602 1329 2830 1384 Lutetiae
2859 1328 3118 1384 vidimus.

2918 1421 2999 1474 VI.

2582 1511 2727 1565 Idem
2752 1512 2807 1564 in
2835 1510 3048 1565 Cxaow
3074 1510 3346 1565 Smpuca.

2229 1602 2496 1673 Sequeusi
2526 1618 2671 1656 anno
2698 1603 2820 1667 (hoc
2837 1610 2921 1655 est
2948 1601 3073 1674 920)
3097 1600 3287 1674 magni
3310 1606 3477 1674 motus
3504 1596 3721 1674 inﬁallia

2158 1683 2284 1727 sunt
2316 1668 2621 1753 exortide
2652 1674 2863 1753 quibus.
2886 1681 2939 1727 et
2960 1668 3617 1753 aliisnptiblicisnegotiis
3644 1668 3717 1753 di:

2157 1762 2345 1817 cemrus
2393 1762 2459 1798 ex
2489 1738 2771 1798 Chronicis
2818 1745 3068 1817 ejusdem
3100 1738 3393 1817 Frodoardi
3438 1738 3601 1817 (quem
3644 1738 3719 1817 alii

2158 1816 2524 1889 Ij‘lodoardum
2566 1824 2778 1875 vocantt
2815 1815 3103 1889 Remensis
3144 1815 3395 1889 Ecclesiae
3419 1811 3719 1889 presbyteri.

2164 1888 2213 1941 Is
2242 1888 2391 1961 enim
2423 1894 2845 1961 auctorprzeter
2877 1888 3022 1941 Vitas
3063 1885 3720 1961 pontilicumltemensium

2161 1958 2383 2027 scripsit
2439 1954 2701 2031 chronica
2758 1958 2827 2010 ab
2876 1975 3022 2012 anno
3063 1954 3494 2031 'nongeutesimo
3546 1954 3725 2031 decimo

2163 2024 2308 2083 nono
2337 2046 2516 2100 usque
2544 2030 2610 2083 ad
2635 2045 2838 2083 annum
2863 2024 3726 2102 nongentesiihumsexagesimum

2163 2108 2396 2165 sextum,
2426 2093 2543 2171 'quo
2574 2101 2809 2156 excessit
2839 2118 2868 2154 e
2901 2093 3011 2155 vita
3042 2100 3239 2171 quinto
3282 2093 3533 2171 Kalendas
3562 2093 3729 2165 Aprilis

2164 2168 2573 2244 septuagesimo
2604 2179 2757 2226 sexto
2811 2168 3114 2242 [dicendum
3160 2171 3341 2244 tertio]
3389 2168 3550 2244 aetatis
3576 2179 3727 2244 anno:

2167 2236 2560 2314 uosque'illum
2606 2236 2927 2314 scriptorem
2988 2244 3259 2313 deinceps
3315 2236 3594 2314 i'nACarolo,
3640 2236 3729 2290 Ro-

2167 2312 2346 2377 herro.
2373 2314 2720 2395 regem,
2756 2313 3055 2395 ,ιυίιονίρρ
3106 2312 3731 2395 ειςιιοεειτίρηεθίηιρεηξις

2170 2376 2464 2457 praeteritis
2495 2376 2831 2451 Vitichindo,
2874 2395 2928 2440 et
2957 2386 3079 2441 aliis
3109 2384 3343 2441 minoris
3383 2376 3653 2455 diligentiae
3677 2376 3732 2429 de

2171 2456 2300 2511 tidei
2336 2457 2724 2528 SCJipIOl‘ibllS.

3662 2627 3730 2636 ...-

1315 2777 2925 2938 FLODOABDI

1786 3013 2097 3071 CANONICI
2139 3014 2466 3070 REMENSIS

678 3163 1553 3393 HISTORIA]
1698 3167 2565 3311 REMENSIS
2715 3167 3568 3313 ECCLESl/E

1600 3445 1946 3548 LIBRI
2023 3452 2675 3573 QUATUOR.

479 3646 684 3742 Operti
724 3659 779 3742 et
833 3648 1060 3742 studio
1095 3648 1376 3742 Georgii
1396 3649 1766 3742 Coivenerii,
1797 3652 1887 3742 _S.
1928 3652 2249 3737 theologia:
2293 3654 2565 3719 doctoris
2612 3666 2666 3720 et
2724 3656 2883 3739 regii
2910 3675 2989 3721 ac
3035 3655 3357 3720 ordinarii
3396 3643 3745 3742 professoris,

565 3736 906 3821 collegiatw
933 3738 1202 3802 ecclesiis
1229 3740 1296 3802 S.
1332 3740 1509 3804 Petri
1530 3739 1859 3825 prcepositi
1904 3752 1959 3807 et
2010 3734 2370 3808 Academia:
2422 3744 2763 3809 Duacensis
2791 3734 3201 3819 'canccllarii,
3256 3746 3325 3809 in.
3378 3734 3567 3809 lucem
3602 3734 3744 3800 edi“.

567 3825 834 3892 Scholiis
861 3837 916 3892 et
945 3826 1106 3891 netis
1134 3827 1543 3913 amplissimis
1572 3829 1914 3895 illustrati.

1676 3976 2005 4040 (Bibliotheca
2034 3979 2255 4038 Patrum,
2283 3988 2401 4031 tom.
2428 3981 2602 4043 XVII.)

1337 4248 1960 4337 ΡΒλέΕΕΑΤΙΟ
2028 4251 2189 4338 ΑΙ)
2256 4249 2920 4339 LECTOREM.

532 4432 807 4487 Benevole
868 4432 1061 4499 lector,
1101 4433 1236 4506 quid
1275 4450 1306 4489 a
1361 4433 1522 4490 nobis
1563 4434 1873 4506 praestitum
1922 4434 1995 4489 sit
2029 4434 2085 4488 in
2108 4437 2158 4506 Ο
2183 4433 2306 4505 plar
2339 4433 2661 4489 monasterii
2690 4434 2744 4488 S.
2781 4433 3036 4507 Remigii,
3078 4435 3224 4506 qood
3263 4435 3441 4489 littera
3470 4448 3498 4485 r
3525 4424 3757 4507 designa-

463 4522 627 4591 hujus
656 4522 897 4578 auctoris
925 4522 1175 4579 editione
1215 4525 1407 4596 paucis
1435 4526 1646 4597 accipe.
1682 4522 1910 4581 Collatio
1940 4523 2084 4579 facta

462 4619 546 4666 est
572 4611 630 4666 in
659 4612 980 4667 universum
1011 4613 1078 4667 ad
1127 4622 1341 4686 septem
1375 4616 1730 4689 exemplaria.
1782 4615 1909 4670 Tria
1935 4615 2083 4670 enim

466 4700 613 4756 inter
669 4716 731 4755 se
760 4701 993 4757 contulit
1037 4703 1142 4775 piae
1183 4706 1463 4761 memorias
1517 4705 1777 4761 dominus
1826 4705 2084 4760 Nicolaus

468 4795 774 4864 Cbesneau,
806 4796 1049 4854 decanus
1085 4807 1141 4855 et
1187 4800 1492 4855 canonicus
1522 4801 1575 4855 S.
1609 4800 1994 4873 Symphoriani
2026 4800 2083 4856 in

468 4884 609 4941 urbe
639 4884 919 4956 Remensi,
951 4890 1044 4962 qui
1073 4890 1216 4946 hanc
1239 4889 1545 4957 historiam,
1573 4907 1672 4947 seu
1694 4891 1880 4947 verius
1908 4890 2086 4947 histo-

471 4973 568 5030 ria:
598 4973 763 5044 huius
790 4975 995 5034 bonam
1022 4986 1237 5051 partem
1266 4978 1323 5033 in
1353 4978 1610 5035 Gallicam
1633 4980 1876 5056 linguam
1905 4989 2087 5036 trans-

470 5063 621 5133 tulit,
654 5072 712 5121 et
740 5066 937 5123 eadem
980 5068 1169 5141 lingua
1198 5068 1375 5124 edidit
1403 5069 1590 5126 Remis
1628 5088 1906 5139 excusam,
1940 5087 2085 5127 anno

471 5153 631 5223 1581,
673 5169 775 5226 per
801 5155 1070 5212 Joannem
1110 5157 1340 5234 Foygni.
1378 5158 1551 5232 Hujus
1579 5159 1776 5217 decani
1806 5161 2088 5233 exemplar

471 5241 725 5300 Latinum
753 5245 1210 5320 manuscriptum,
1240 5265 1306 5306 ex
1355 5266 1466 5323 quo
1497 5250 1591 5306 ille
1620 5250 1784 5307 vertit
1812 5251 1868 5306 in
1921 5250 2089 5307 Galli-

472 5347 621 5402 cum,
650 5334 834 5393 attulit
862 5336 931 5392 ad
966 5353 1057 5394 me
1084 5338 1321 5395 Thomas
1356 5340 1538 5396 Witus
1564 5341 1616 5397 ιι.
1661 5340 1719 5396 U.
1752 5340 2092 5407 licentiatus,

472 5425 727 5482 tradente
787 5427 837 5483 ei
889 5428 949 5484 Β.
1002 5430 1121 5487 viro
1160 5431 1385 5488 domino
1444 5432 1696 5488 Antonio
1736 5432 2093 5487 Beauchesne

474 5511 762 5571 Remensis
785 5517 1033 5574 ecclesiae
1057 5521 1326 5576 canonico
1348 5529 1402 5576 et
1428 5522 1764 5588 succentori,
1791 5521 1885 5592 qui
1916 5528 2091 5575 testa-

472 5603 644 5660 menti
676 5603 930 5678 praadicti
984 5603 1192 5663 domini
1236 5600 1522 5665 Chesneau
1578 5608 1756 5665 fuerat
1784 5620 2088 5667 exsecutor.

2185 4539 2329 4589 mus,
2364 4523 2432 4577 ad
2463 4522 2746 4594 exemplar
2774 4506 3020 4577 ecclesiae
3060 4521 3495 4593 metropolitanaa
3532 4518 3584 4571 Β.
3612 4506 3764 4567 Maria!

2186 4624 2241 4669 et
2266 4614 2333 4668 ad
2359 4614 2602 4677 tertium.
2626 4613 2774 4685 quod
2793 4613 3109 4676 particulari
3129 4613 3355 4669 nomine
3385 4626 3493 4666 non
3522 4603 3761 4675 designat,

2185 4705 2281 4760 sed
2313 4706 2483 4762 credo
2511 4705 2678 4761 fuisse
2705 4705 3047 4778 lgniacense.
3083 4705 3155 4759 Ex
3176 4704 3264 4759 his
3292 4700 3592 4758 secundum
3612 4692 3767 4747 diver-

2186 4811 2305 4850 sum
2335 4796 2441 4852 fuit
2469 4796 2538 4851 ab
2569 4812 2635 4852 eo
2666 4796 2814 4868 quod
2842 4795 2909 4849 ad
2941 4812 3029 4851 me
3060 4803 3253 4867 postea
3280 4790 3649 4848 transmissum
3678 4783 3764 4875 est:

2189 4888 2259 4944 de
2289 4905 2399 4960 quo
2426 4887 2586 4943 infra.
2628 4888 2759 4943 Nam
2784 4904 2933 4959 saepe
2964 4894 3117 4943 notat
3143 4887 3198 4941 in
3228 4884 3478 4958 margine
3506 4878 3654 4935 aliter
3678 4871 3767 4942 legi

2191 4980 2245 5035 in
2265 4980 2564 5050 exemplari
2588 4981 2646 5034 Β.
2674 4980 2857 5034 Maria:
2873 4995 3037 5051 quam
3066 4976 3410 5041 habeatnrin
3429 4988 3494 5028 eo
3531 4964 3666 5040 quod
3685 4972 3770 5061 ξοδ

2189 5071 2487 5127 habuimus
2532 5081 2590 5126 ut
2622 5072 2857 5143 exempli
2889 5070 3065 5143 gratia
3095 5069 3192 5125 lib.
3227 5086 3263 5130 ι,
3315 5083 3366 5122 c.
3395 5065 3486 5131 20,
3517 5061 3570 5115 in
3607 5054 3768 5111 codice

2189 5162 2527 5235 metropolit.
2564 5161 2698 5217 dicit
2728 5161 2835 5236 legi
2856 5177 3004 5217 secus
3035 5177 3244 5217 amnem
3273 5159 3487 5219 Suram,
3510 5164 3625 5208 cum
3645 5145 3693 5199 in
3715 5153 3769 5236 φ

2191 5252 2341 5324 quod
2368 5234 2662 5307 habuimus
2713 5234 2929 5323 legatur
2963 5253 3165 5306 Faram
3220 5248 3336 5304 Lib‘.
3372 5261 3454 5311 ιιι,
3482 5257 3527 5298 c.
3550 5239 3609 5332 ξι,
3646 5234 3771 5332 uol-ill

2194 5343 2305 5417 legi
2348 5344 2613 5412 Αιθανάίε
2637 5343 2934 5402 abbatissa.
2968 5342 3045 5396 uti
3075 5350 3130 5397 et
3160 5342 3215 5396 in
3244 5337 3435 5395 codice
3463 5334 3514 5387 s.
3548 5330 3770 5417 Remigii.

2193 5409 2317 5489 cuin
2351 5432 2406 5486 in
2428 5409 2618 5488 nostro
2646 5432 2717 5487 sit
2743 5430 3083 5504 Adalgardls.
3119 5429 3351 5490 Ibidem,
3385 5423 3504 5485 c.7,
3536 5415 3659 5473 dicit
3681 5409 3769 5504 legi

2195 5523 2251 5575 in
2280 5520 2469 5576 codice
2502 5521 2535 5573 S
2590 5520 2768 5576 Maria:
2800 5498 2927 5574 et
2955 5517 3189 5594 Remigii
3215 5532 3335 5573 cum
3357 5513 3575 5584 palmis,
3605 5505 3652 5559 in
3680 5498 3770 5594 alio

2195 5621 2377 5667 autem
2416 5612 2719 5683 exemplari
2766 5628 2887 5668 cum
2913 5590 3163 5683 psalmis,
3195 5604 3471 5681 quomodo
3501 5599 3654 5656 etiam
3683 5590 3768 5683 hfl‘

476 5691 588 5750 Hoc
613 5701 872 5751 notamus
894 5692 1089 5750 littera
1102 5697 1356 5755 «Porro
1384 5698 1644 5756 collatum
1682 5706 1767 5755 est
1790 5701 1863 5755 ad
1905 5714 2094 5754 exem-
2111 5683 2175 5753 D
2195 5699 2365 5756 bebat
2394 5678 2642 5756 nostrum
2663 5702 2721 5757 Β.
2742 5678 2944 5758 Mariae.
2974 5700 3086 5757 lloc
3114 5678 3276 5773 igitur
3293 5691 3569 5762 exemplar
3586 5678 3767 5739 domin!

616 5828 642 5849 9
