3970 6212
176 322 255 379 25

180 549 388 595 exacte
417 542 606 617 relegi.
638 544 835 598 Verum
863 545 1291 616 deprehendens
1323 548 1652 619 quibusdam
1672 549 1809 604 locis

182 630 465 684 nonnulla
493 632 709 698 deesse,
743 649 990 704 quaerere
1022 635 1162 704 C(Ppi
1198 634 1303 689 alia
1353 637 1685 708 exemplaria
1740 655 1805 691 ex

180 720 398 791 quibus
430 722 645 792 impieri
681 734 904 793 possent
935 725 1048 779 istae
1080 726 1310 781 lacunae.
1371 729 1501 782 Tum
1543 730 1676 783 mihi
1706 746 1807 801 op-

182 818 453 878 portune,
483 827 651 881 opera
669 811 798 867 dicti
828 812 1039 869 domini
1060 816 1456 881 Witi,duoalia
1473 820 1806 891 exemplaria

183 898 413 971 integra
446 900 628 953 Remis
670 901 994 957 transmissa
1051 913 1199 972 sunt,
1256 923 1425 961 unum
1480 924 1544 962 ex
1570 909 1807 964 archivis

179 992 444 1046 ecclesiae
503 994 941 1064 métropolitanaz‘
1004 997 1062 1053 Β.
1122 998 1323 1067 Mariae,
1381 1000 1435 1053 in
1485 1001 1807 1056 membrana

180 1084 423 1155 antiqua
471 1102 634 1140 manu
667 1096 969 1155 exaratum,
1028 1091 1173 1161 quod
1208 1092 1491 1163 signemus
1526 1093 1703 1148 littera
1730 1112 1799 1160 m,

180 1177 425 1229 alterum
460 1177 687 1242 recenti,
722 1194 867 1232 anno
898 1180 1157 1235 videlicet
1183 1182 1342 1246 1596,
1382 1184 1715 1253 descriptum
1746 1185 1801 1239 in

178 1268 397 1330 charta,
453 1286 515 1323 ex
548 1271 746 1324 eodem
780 1273 947 1326 veteri
1004 1275 1299 1344 exemplari
1358 1292 1455 1344 per
1516 1277 1801 1331 dominum

180 1360 487 1434 Georgium
522 1361 868 1435 Montgerard
927 1364 1164 1433 priorem
1202 1367 1442 1421 coenobii
1481 1369 1532 1421 S.
1588 1368 1800 1422 Martini

178 1448 617 1517 Sparnacensis,
651 1451 847 1521 partim
872 1454 1154 1519 correctis,
1210 1454 1404 1524 partim
1437 1456 1661 1511 mutatis
1714 1457 1804 1512 hic

179 1547 233 1592 et
271 1539 350 1594 ibi
414 1541 604 1595 verbis
661 1542 1012 1612 quibusdam.
1071 1544 1361 1619 Signamus
1415 1548 1593 1602 littera
1644 1565 1691 1611 ε,
1749 1556 1805 1603 et

181 1634 489 1699 utrumque
523 1630 637 1684 fere
666 1633 1113 1701 semperjunctis
1143 1635 1287 1689 notis
1314 1651 1414 1690 ms.
1448 1637 1802 1707 quandoqui-

180 1720 303 1773 dem
339 1727 395 1772 et
436 1736 537 1790 pro
569 1723 997 1794 unoexemplari
1025 1724 1279 1779 habenda
1308 1727 1421 1782 sint
1448 1729 1561 1782 haec
1593 1728 1799 1793 duo,eo

778 324 1101 381 HISTORLE
1140 327 1476 383 ECCLESl/E
1515 328 1842 385 REMENSIS
1883 331 2057 388 LIBRI
2098 332 2420 399 QUATUOR.
2447 362 2520 371 —-
2558 327 2921 385 Pli/EFATIO.
3446 317 3517 375 26

178 449 482 504 Chesncau
517 453 699 507 curavi
727 453 866 509 meis
896 455 1211 525 sumptibus
1244 455 1506 517 describi,
1536 464 1589 511 et
1618 466 1809 528 postea
1833 465 1884 531 Α

1983 463 2040 516 1η
2068 460 2461 533 orthographia
2491 458 2633 513 nihil
2664 457 2827 511 etiam
2859 451 3207 515 mutavimus,
3239 449 3345 503 nisi
3397 464 3511 514 eas,

1908 567 2033 627 quae
2065 551 2364 604 insolentes
2383 557 2435 604 et
2463 548 2770 618 depravatae
2802 549 3119 606 censentur,
3143 547 3200 594 ut
3226 539 3513 627 dompnus,

1908 625 2240 708 dunipnutio,
2273 654 2549 708 sompuus,
2581 638 2929 703 conterminat,
2962 631 3326 698 solempnitas,
3357 625 3517 680 ebdo-

1908 744 2044 793 nws,
2071 728 2394 797 parrochus,
2450 725 2766 795 parrochia,
2807 725 2981 783 carta,
3033 720 3380 781 summittere,
3404 716 3511 770 Ni-

1905 823 2142 886 cholaus,
2171 822 2475 886 Nichosius,
2511 820 2799 882 subiciens,
2836 816 3096 877 adiciens,
3155 812 3427 874 cmonium,
3461 815 3515 860 et

1906 914 2133 969 similes.
2172 916 2228 968 In
2259 914 2380 967 aliis
2406 914 2613 984 placuit
2638 912 2967 981 scripturam
2998 906 3091 960 illo
3119 913 3366 974 tempore
3396 900 3514 955 usi-

1907 1014 2071 1062 tatam
2138 1007 2377 1077 relinqui
2439 1006 2492 1060 in
2548 1006 2777 1078 gratiam
2846 997 3232 1070 antiquitatis,
3294 1003 3353 1050 ut
3410 994 3513 1049 Ka-

1906 1095 2055 1150 rolus
2085 1136 2100 1161 ,
2155 1096 2537 1159 Karlomanus,
2574 1094 2865 1165 Pippinius
2901 1136 2915 1158 ,
2971 1088 3307 1145 Thcodulfus
3331 1128 3346 1155 ,
3401 1085 3511 1140 Ro-

1903 1188 2108 1243 dulfus.

1975 1276 2167 1330 Omnia
2206 1278 2492 1347 scripturae
2532 1278 2650 1332 loca
2708 1292 2831 1348 quae
2882 1275 3138 1332 citantur,
3182 1272 3510 1344 plerumque

1903 1366 2067 1419 etiam
2101 1381 2163 1418 ea
2195 1366 2262 1420 ad
2294 1383 2416 1437 quae
2436 1362 3306 1437 respicitur,marginiadjecimus
3345 1356 3512 1411 Simi—

1904 1455 2030 1509 liter
2056 1464 2110 1510 et
2138 1472 2200 1509 ea
2233 1472 2356 1527 quae
2415 1473 2479 1509 ex
2537 1456 2660 1509 aliis
2719 1457 2960 1509 citantur
3013 1451 3350 1514 auctoribus,
3387 1465 3509 1520 quae

1902 1545 2087 1598 omnia
2120 1546 2184 1597 ad
2242 1545 2536 1618 originalia
2588 1544 2943 1600 contulimus.
3006 1549 3059 1596 et
3112 1540 3317 1611 saepius
3347 1554 3412 1591 ex
3443 1537 3510 1589 iis

1903 1634 2338 1688 emendavimus.
2371 1636 2628 1699 Quaedam
2661 1643 2840 1688 tamen
2898 1632 3126 1703 reperiri
3174 1646 3285 1684 non
3322 1636 3509 1699 potue-

1903 1732 2045 1780 runt.
2079 1728 2191 1787 Qua
2225 1725 2433 1778 ratione
2466 1724 2729 1777 nonnulla
2761 1730 2889 1775 sunt
2923 1720 3375 1789 emendata,quae
3398 1716 3508 1770 alio

177 1810 326 1880 (ἴυοά
356 1778 646 1880 Ito-sterilis
676 1829 739 1867 ex
762 1778 933 1884 priori
964 1816 1036 1869 sit
1065 1816 1437 1887 desumptum.
1472 1819 1585 1873 Duo
1618 1827 1798 1874 tamen
1823 1778 1875 1846 Β
1900 1811 1995 1910 qui
2024 1811 2110 1865 vix
2143 1814 2426 1867 emendari
2448 1813 2778 1883 potuissent,
2809 1829 2931 1865 cum
2959 1808 3293 1879 exemplaria
3315 1816 3508 1861 aucto-

180 1914 567 1966 numerarnus,
600 1902 730 1973 quia
760 1903 949 1958 multis
980 1904 1116 1959 locis
1144 1907 1414 1961 correctio
1444 1915 1537 1961 aut
1568 1908 1797 1963 mutatio

175 1989 311 2045 facta
345 2000 440 2045 est.
494 1992 585 2045 llis
615 1996 858 2065 acceptis
883 1996 1115 2069 integris
1141 1998 1567 2069 exemplaribus,
1596 2000 1799 2069 depre-

179 2078 340 2132 hendi
389 2079 459 2132 in
491 2082 791 2152 exemplari
846 2083 980 2137 dicti
1034 2085 1249 2141 Domini
1309 2089 1580 2143 Chesneau
1637 2087 1795 2142 facile

170 2166 362 2221 deesse
391 2176 654 2238 quartam
686 2179 895 2239 partem
927 2173 1135 2242 aperis.
1194 2175 1536 2245 QuaprOpter
1583 2175 1795 2229 deseri-

169 2258 273 2327 ptis
303 2259 455 2314 locis
478 2259 713 2331 singulis
743 2277 865 2332 quas
896 2263 1145 2331 deerant,
1179 2282 1321 2321 novo
1370 2267 1560 2322 labore
1593 2276 1788 2335 totum,

172 2348 459 2416 exemplar
487 2364 673 2401 meum
703 2350 778 2404 ita
833 2352 1147 2422 suppletum
1204 2357 1435 2424 contuli,
1492 2369 1546 2413 et
1577 2360 1790 2431 integre

175 2438 340 2512 relegi
370 2456 503 2493 cum
538 2441 819 2509 praedictis
847 2444 1068 2499 duobus
1095 2446 1324 2521 integris
1356 2452 1784 2521 exemplaribus,

171 2535 221 2581 et
248 2529 604 2597 postmodum
644 2546 808 2600 quam
842 2532 960 2587 fieri
995 2536 1172 2604 potuit
1229 2540 1639 2595 accuratissime
1693 2543 1784 2596 di-

170 2616 384 2686 spunxi.
413 2617 499 2671 Ad
530 2617 648 2672 haec
679 2635 780 2689 pro
814 2622 1006 2690 majori
1036 2623 1155 2681 luce
1187 2627 1351 2682 etiam
1405 2629 1472 2683 ad
1505 2631 1786 2701 exemplar

174 2706 430 2760 Gallicum
460 2706 656 2761 omnia
683 2711 955 2773 recensui,
989 2722 1043 2766 et
1072 2729 1137 2767 ex
1169 2731 1235 2770 eo
1266 2717 1594 2790 plerumque
1611 2721 1785 2790 patria

170 2791 345 2866 lingua
376 2794 711 2850 obscuriora
743 2798 966 2854 nomina
995 2804 1218 2873 pr0pria
1250 2804 1303 2858 in
1334 2807 1582 2881 margine
1610 2810 1785 2864 adno-

175 2886 295 2951 tavi,
325 2885 527 2941 lectori
561 2895 777 2961 gratum
812 2892 866 2943 td
898 2891 1016 2947 fore
1044 2910 1154 2948 non
1182 2896 1460 2952 dubitans.
1497 2899 1569 2953 Ex
1601 2902 1782 2955 omni-

174 2972 266 3027 bus
285 2982 468 3029 autem
508 2978 812 3033 correctius
839 2980 1011 3035 visum
1044 2990 1127 3037 est
1155 2987 1434 3056 exemplar
1462 2990 1779 3045 monasterii

172 3065 202 3116 S
252 3065 517 3141 Remigii,
546 3083 612 3123 ex
642 3086 752 3140 quo
799 3072 1082 3143 exemplar
1129 3079 1565 3148 metrOpolitanw
1592 3082 1779 3136 eccle-

1838 3130 1858 3151 Ἰ

172 3151 280 3217 siaz,
310 3155 527 3228 alioqui
552 3156 685 3212 satis
716 3170 1050 3227 correctum,
1113 3165 1297 3219 multis
1353 3166 1491 3222 locis
1530 3171 1778 3241 suppleri
1812 3134 1861 3197 (λ

173 3240 374 3309 debuit,
408 3261 529 3300 non
561 3251 772 3301 tantum
833 3248 888 3302 in
944 3250 1149 3314 verbis,
1206 3255 1303 3308 sed
1352 3256 1515 3311 etiam
1549 3240 1781 3332 integris

170 3333 472 3401 sententiis,
514 3353 636 3408 quae
666 3339 886 3395 omissae
914 3340 1147 3398 fuerant.
1185 3346 1437 3402 Sciebam
1469 3349 1695 3405 Parisiis
1727 3359 1782 3407 et

168 3420 290 3475 alibi
321 3425 480 3493 plura
535 3435 749 3483 exstare
810 3430 1021 3487 calamo
1072 3433 1352 3506 descripta
1415 3440 1778 3509 exemplaria.

172 3512 571 3573 Commemorat
613 3519 761 3574 enim
790 3521 1040 3593 Papirius
1098 3526 1379 3583 Massonus
1426 3531 1526 3585 lib.
1561 3550 1597 3586 ιι
1652 3550 1783 3590 suo-

172 3624 282 3664 rum
311 3609 632 3677 Annalium,
666 3627 727 3668 sc
757 3613 969 3686 aliquot
1022 3618 1142 3685 ejus
1196 3621 1533 3692 exemplaria
1580 3625 1784 3682 vidisse

173 3698 407 3757 Lutetiae.
440 3701 557 3757 Sed
588 3703 720 3774 quio
752 3705 1004 3775 puriores
1031 3725 1096 3763 ex
1124 3711 1245 3781 ipso
1277 3711 1429 3768 fonte
1455 3714 1661 3771 hauriri
1692 3735 1784 3774 so-

173 3788 278 3843 lent
305 3806 484 3863 aquae,
524 3791 730 3847 idcirco
749 3808 815 3847 ex
845 3796 1082 3852 archivis
1116 3799 1485 3858 Remensibus
1506 3821 1571 3859 ea
1597 3808 1784 3877 potius

170 3883 397 3948 petenda
426 3899 557 3937 esse
584 3883 851 3952 judicavi,
888 3904 988 3957 pro
1021 3890 1228 3960 quibus
1259 3910 1486 3969 magnas
1523 3914 1627 3971 ago
1657 3916 1784 3973 gra-

174 3970 267 4026 tias
296 3974 660 4030 thesaurariis
694 3983 749 4031 et
781 3978 1130 4035 archivorum
1158 3982 1319 4040 dictae
1344 3970 1782 4060 metropOlitanae

171 4063 407 4121 ecclesiae
439 4066 743 4140 magistris,
777 4069 869 4141 qui
927 4086 992 4126 ea
1023 4072 1257 4129 duorum
1290 4094 1562 4135 annorum
1602 4084 1782 4153 spatio

173 4154 297 4210 mihi
326 4158 533 4213 utenda
594 4161 1091 4237 communicarunt.
1163 4166 1443 4225 Pnedictis
1490 4176 1781 4231 exantlatis

174 4244 803 4321 laboribus,prodiithoc
828 4270 967 4325 Opus
998 4255 1121 4311 sine
1152 4258 1279 4314 ullis
1311 4269 1493 4316 tamen
1519 4265 1665 4319 notis
1686 4274 1781 4321 aut

175 4337 410 4395 scholiis.
447 4341 678 4398 Parisiis
703 4361 845 4400 anno
904 4348 1064 4409 1611,
1115 4366 1247 4405 cura
1295 4360 1343 4406 et
1381 4356 1563 4409 studio
1597 4360 1658 4412 Β.
1716 4362 1775 4413 Ρ.

174 4422 352 4485 Jacobi
374 4433 661 4489 Sirmondi
683 4437 942 4493 SocJesu
968 4442 1286 4510 presbyteri.
1317 4446 1470 4510 Quod
1503 4450 1784 4521 exemplar

968 4493 981 4507 ι
1254 4493 1285 4497 Ἴ-
1322 4493 1470 4510 ,νη
1506 4493 1773 4521 ν..ν...,,....

179 4530 359 4577 nactus
387 4525 595 4593 denuo,
622 4528 690 4582 ad
725 4530 905 4601 capite
936 4532 1004 4585 ad
1057 4533 1283 4600 calcem,
1343 4538 1528 4592 omnia
1559 4556 1681 4594 cum
1715 4558 1781 4598 eo
1801 4493 1861 4563 D

178 4609 332 4681 relegi
365 4630 377 4666 :
408 4621 464 4668 et
495 4608 639 4671 sicut
667 4617 815 4673 illius
850 4635 955 4689 ope
989 4637 1098 4675 non
1132 4640 1338 4693 paucas
1392 4628 1623 4681 mendas
1653 4648 1779 4685 sus-

175 4697 285 4760 tuli,
314 4700 394 4755 sic
422 4702 500 4756 ibi
531 4706 843 4776 complures
859 4725 981 4763 esse
1004 4710 1296 4768 derelictas
1324 4715 1694 4785 deprehendi,
1727 4728 1781 4775 et

176 4800 566 4861 nonnunquam
599 4794 843 4870 integras
874 4798 1051 4854 lineas
1082 4800 1298 4858 deesse.
1361 4806 1474 4860 Hoc
1500 4809 1781 4879 exemplar

176 4883 419 4935 notamus
451 4882 637 4939 littera
669 4887 709 4940 Ι.

238 4965 499 5027 Caeterum
532 4976 671 5031 nihil
725 4984 811 5034 est
864 4997 894 5034 a
950 4982 1113 5037 nobis
1174 4985 1543 5055 immutatum,
1602 4994 1687 5047 vel
1724 4994 1778 5049 in

176 5058 312 5147 textu
343 5062 607 5131 positum,
642 5069 789 5138 quod
824 5084 935 5123 non
967 5079 1086 5127 erat
1118 5073 1171 5127 in
1226 5078 1659 5148 exemplaribus,
1694 5084 1779 5138 vel

179 5138 227 5192 in
257 5146 620 5221 originalibus
680 5154 736 5209 in
794 5156 861 5211 iis
918 5175 1041 5230 quae
1098 5162 1322 5219 aliunde
1381 5166 1637 5236 citantur,
1674 5173 1776 5227 nisi

181 5230 408 5304 illipsum
440 5258 705 5314 expresse
735 5247 788 5301 in
818 5251 1087 5323 margine,
1112 5256 1197 5309 vel
1240 5256 1293 5310 in
1316 5258 1545 5313 scholiis
1564 5264 1780 5335 signiﬁ-

178 5328 491 5422 caverimus,
526 5335 611 5390 vel
644 5337 738 5392 ubi
772 5342 1113 5411 exploratum
1143 5355 1261 5402 erat
1289 5350 1550 5405 mendum
1576 5364 1780 5422 essc,et

178 5407 375 5508 lapsum
403 5421 713 5491 scriptoris,
742 5444 907 5483 unam
950 5431 1189 5489 litteram
1247 5455 1344 5508 pro
1400 5440 1506 5494 alia
1536 5443 1782 5498 scriben-

180 5499 255 5554 tis.
286 5504 383 5560 Ubi
417 5511 637 5569 diversa
669 5526 786 5572 erat
811 5520 998 5585 lectio,
1034 5541 1134 5579 nec
1157 5535 1305 5583 certo
1339 5531 1627 5587 constabat
1657 5552 1779 5606 quae

176 5602 293 5645 νῦνῆ
330 5608 495 5667 esset,
525 5603 959 5672 probabiliorem
989 5610 1044 5664 in
1086 5621 1232 5668 textu
1266 5618 1617 5685 retinuimus,
1642 5602 1780 5678 alte-

177 5691 282 5733 ram
313 5685 640 5761 plerumque
663 5694 729 5746 ad
755 5710 906 5750 oram
938 5700 1321 5771 relegavimus.

1901 1903 1974 1955 ris
2006 1903 2192 1957 multis
2225 1904 2359 1958 locis
2397 1905 2602 1958 fuerint
2634 1905 2950 1974 depravata,
2985 1911 3039 1955 et
3072 1918 3180 1971 prae
3212 1906 3504 1959 vetustate,

1900 1993 2199 2067 legentium
2232 1997 2423 2050 oculos
2452 1997 2734 2069 fugientia.

1969 2088 2098 2148 Quae
2131 2086 2292 2141 tertio
2326 2086 2466 2139 libro
2496 2086 2772 2139 habentur
2810 2085 2913 2155 qui
2950 2090 3093 2137 totus
3125 2088 3207 2134 est
3235 2080 3304 2133 de
3333 2078 3504 2149 gestis

1898 2179 1951 2226 et
1984 2174 2206 2242 scriptis
2232 2175 2522 2243 llincmari)
2558 2175 2765 2229 contuli
2807 2174 2875 2227 ad
2931 2171 3195 2242 opuscula
3250 2177 3305 2223 et
3337 2167 3501 2238 epist.

1894 2264 2141 2331 ejusdem
2174 2266 2470 2330 Hincmari,
2507 2274 2613 2320 tam
2640 2283 2670 2320 a
2706 2266 2763 2320 tt.
2784 2266 2839 2319 P.
2870 2264 3310 2325 Joanncltusaeo,
3341 2275 3505 2330 quam

1893 2373 1923 2410 a
1949 2357 2163 2410 Joanne
2195 2356 2459 2412 Cordesio
2492 2358 2753 2413 Ecclesiae
2798 2354 3206 2412 Lemovicensis
3236 2350 3506 2407 canonico

1892 2450 2059 2504 edita.
2472 2508 2483 2519 κ

1949 2541 2039 2594 -Αά
2074 2542 2191 2596 haec
2224 2543 2447 2597 collatio
2479 2542 2618 2598 facta
2658 2542 2823 2596 estad
2855 2550 3033 2596 tomos
3056 2538 3424 2593 Conciliorum
3448 2544 3509 2592 ot

1888 2629 2152 2700 epistolas
2186 2632 2558 2686 Romanorum
2620 2629 2969 2702 pontificum,
3029 2627 3122 2682 ubi
3150 2627 3219 2680 de
3253 2624 3508 2681 conciliis

1885 2722 2082 2793 agitur.
2121 2724 2252 2777 Item
2287 2740 2408 2777 cum
2468 2724 2773 2778 Annalibus
2827 2719 3220 2776 ecclesiasticis
3273 2715 3507 2771 Cmsaris

1887 2814 2127 2878 Baronii,
2163 2824 2215 2869 et
2249 2815 2544 2886 praecipuis
2585 2816 2770 2871 Galliae
2801 2830 2865 2869 ac
2905 2813 3075 2887 Belgii
3138 2809 3507 2881 historiogra-

1886 2906 2050 2976 phis,
2102 2906 2348 2978 Gregorii
2414 2909 2760 2972 'l'uronensi,
2822 2906 3118 2971 Aimoino,
3181 2902 3500 2983 Sigeberto,

1883 3000 2192 3056 Christiano
2247 3003 2491 3069 Massaeo,
2551 3004 2756 3058 Jacobo
2810 3003 3021 3074 Meyeo,
3078 2999 3298 3070 Papirio
3355 2997 3502 3051 Mas-

1882 3109 2042 3159 sono,
2076 3102 2130 3150 et
2155 3095 2295 3149 aliis.
2324 3097 2392 3150 Ex
2425 3097 2628 3167 quibus
2655 3096 2979 3150 auctoribus
3010 3094 3337 3164 plerumque
3353 3099 3506 3145 certa

1885 3187 2151 3255 temporis
2186 3188 2452 3259 cujusque
2510 3188 2587 3242 rei
2647 3195 2813 3259 gestae
2871 3196 3000 3240 nota
3030 3192 3115 3237 est
3171 3183 3387 3251 adjecta
3447 3179 3502 3234 in

1884 3275 2149 3347 margine,
2187 3277 2270 3329 vel
2324 3277 2378 3330 in
2431 3276 2662 3331 scholiis
2718 3281 2841 3345 post
2898 3272 3104 3327 calcem
3156 3269 3346 3340 operis
3400 3267 3503 3320 ad-

1886 3366 2113 3436 positis.

1954 3457 2075 3512 Haec
2105 3458 2253 3512 enim
2278 3458 2333 3511 in
2354 3459 2565 3513 scholia
2581 3458 2808 3513 omnino
2825 3451 3505 3521 necessariaessejudica-

1885 3548 2064 3603 vimus
2095 3569 2111 3604 :
2149 3559 2259 3604 tum
2286 3551 2434 3620 quod
2466 3549 2705 3605 auctoris
2746 3547 2916 3603 dictio
2948 3546 3020 3600 ob
3052 3546 3156 3599 hoc
3180 3544 3505 3615 frequenter

1886 3637 2127 3692 obscura
2156 3638 2410 3709 sit,quod
2435 3639 2627 3711 longas
2657 3645 2826 3691 textat
2858 3634 3136 3707 periodos,
3157 3649 3279 3704 quae
3312 3631 3505 3700 impli-

1885 3736 2078 3783 cantur
2102 3730 2366 3784 varietate
2398 3739 2451 3785 et
2473 3727 2829 3784 multitudine
2848 3742 3037 3782 eorum
3055 3740 3175 3795 quae
3206 3721 3504 3795 contigerit

1884 3829 1939 3875 et
1962 3820 2244 3877 interserit
2272 3841 2285 3888 ;
2322 3831 2432 3877 tum
2467 3822 2633 3877 etiam
2656 3820 2801 3894 quod
2827 3818 3105 3875 interdum
3135 3823 3318 3870 utatur
3335 3829 3503 3867 voca-

1884 3912 2031 3967 bulis
2053 3912 2150 3969 illo
2181 3915 2407 3986 quidem
2440 3932 2556 3971 aevo
2597 3912 2919 3980 tritissimls,
2951 3909 3049 3965 sed
3078 3908 3318 3980 quaejam
3341 3904 3502 3960 abie-

1885 4010 2012 4058 runt
2040 4003 2091 4056 in
2126 4003 2573 4059 desuetudinem.
2609 4005 2731 4059 llaec
2764 4002 2947 4057 indice
3001 4004 3254 4068 separato
3309 4010 3501 4059 ,rccen-

1884 4092 2121 4149 suimus.
2154 4092 2403 4163 Denique
2463 4110 2562 4163 per
2619 4094 2724 4147 hoc
2784 4091 3009 4145 multam
3063 4086 3272 4142 auctori
3322 4084 3499 4138 lucem

1883 4178 2132 4237 attulisse
2164 4180 2463 4244 credimus,
2505 4181 2653 4251 quod
2686 4181 2742 4234 in
2774 4179 2858 4233 his
2896 4176 3124 4233 scholiis
3151 4188 3499 4246 quaecunque

1882 4277 2112 4342 possent
2164 4271 2221 4322 in
2278 4269 2508 4323 dubium
2542 4270 2681 4323 verti
2713 4267 3146 4339 explicuerimus
3177 4283 3191 4329 ;
3234 4265 3499 4335 pleraque

1883 4359 2046 4415 etiam
2062 4358 2301 4413 auctoris
2316 4360 2460 4413 dicta
2473 4358 2705 4413 aliorum
2734 4357 3052 4413 testimonio
3076 4354 3498 4422 ﬁrmaverimus,

1883 4456 1937 4505 et
1967 4449 2113 4503 unde
2145 4447 2300 4519 plura
2320 4447 2374 4501 in
2393 4464 2513 4501 eam
2544 4464 2657 4502 rem
2687 4448 2755 4502 de
2784 4464 2893 4518 qua
2914 4446 3098 4521 agitur
3118 4445 3231 4517 peti
3265 4444 3497 4518 possint,

1885 4540 2339 4596 indicaverimus.

1956 4632 2242 4686 Postremo
2284 4631 2594 4703 catalogum
2628 4629 2876 4685 omnium
2912 4627 3265 4683 Remensium
3306 4625 3495 4682 archi-

1883 4724 2277 4795 episcoporum
2294 4723 2735 4792 adjecimus,non
2754 4722 2870 4777 sola
2893 4720 3117 4776 nomina
3140 4730 3498 4775 recensentes

1879 4812 1976 4866 sed
2004 4820 2057 4866 et
2090 4821 2308 4885 tempus
2362 4812 2630 4867 sessionis
2656 4828 2847 4867 eorum
2876 4819 2931 4865 et
2989 4811 3274 4877 decessus,
3331 4828 3496 4882 quam

1880 4900 2161 4975 potuimus
2181 4914 2330 4961 certa
2391 4905 2521 4970 fide,
2557 4915 2611 4961 et
2644 4903 2973 4977 principalia
3005 4918 3196 4959 eorum
3231 4912 3405 4977 gesta.
3441 4903 3494 4957 Si

1881 5003 2066 5047 tamen
2107 4994 2159 5047 in
2224 5005 2493 5066 tempore,
2526 4996 2580 5049 in
2637 5003 2784 5050 tanta
2817 5000 3110 5059 vetustate,
3166 4994 3495 5063 scriptorum

1882 5082 2123 5147 raritate,
2160 5093 2214 5137 et
2245 5084 2573 5154 Opinionum
2607 5084 2947 5146 diversitate,
3008 5098 3234 5153 secpum
3285 5082 3496 5154 ubique

1882 5190 1991 5227 non
2025 5175 2330 5247 attigimus,
2354 5175 2573 5229 veniam
2599 5178 2754 5232 dabit
2774 5194 2965 5249 mquus
2994 5176 3168 5231 lector
3184 5184 3238 5230 et
3260 5174 3495 5230 candide

1882 5262 2204 5317 emendabit
2258 5265 2316 5317 ln
2350 5264 2452 5318 hoc
2499 5268 2748 5340 catagolo
2778 5268 3074 5339 plurimum
3109 5264 3282 5334 adjuti
3308 5280 3498 5318 sumus

1882 5353 1951 5407 iis
1976 5369 2100 5424 qua:
2132 5355 2296 5410 nobis
2343 5358 2753 5412 communicare
2808 5360 3066 5433 dignatus
3123 5365 3207 5413 est
3238 5356 3498 5411 Claudius

1882 5446 2142 5514 Despretz
2173 5446 2425 5510 Atrebas,
2459 5446 2717 5502 dominus
2743 5451 2810 5504 de
2840 5451 3134 5518 Queant,J.
3173 5450 3233 5505 U.
3270 5451 3326 5504 L.
3362 5465 3497 5505 con-

1880 5533 2235 5599 sultissimus,
2292 5535 2638 5606 depromptis
2668 5552 2734 5590 ex
2762 5540 2929 5594 variis
2956 5539 3379 5614 antiquitatibus
3410 5541 3496 5596 lo-
3524 5538 3537 5561 ‘

1881 5641 2071 5683 corum
2122 5624 2327 5690 Galliae,
2364 5625 2562 5698 partim
2615 5643 2771 5691 mss.,
2828 5634 3027 5699 partim
3073 5633 3336 5688 excussls.
3393 5632 3493 5697 Qui

1878 5713 2044 5768 etiam
2076 5713 2240 5769 nobis
2269 5713 2648 5789 suppeditavit
2676 5722 2858 5771 statua
2885 5722 3173 5789 synodalia
3201 5719 3493 5792 perdomi-
