3970 6212
417 292 485 347 27
1526 290 1889 346 FLODOARDI
1933 289 2236 346 CANONlCl
2278 290 2603 345 REMENSIS
3668 285 3738 341 28

416 431 547 469 num
579 413 933 475 Sonnacium,
968 414 1253 484 epistolam
1287 413 1509 487 Adelagi
1538 413 1606 468 ad
1638 412 2022 478 Flodoardum,
2052 419 2099 484 Α
2127 412 2225 479 Qui
2255 419 2309 467 et
2337 412 2382 466 si
2414 427 2589 483 usque
2618 411 2685 465 ad
2718 408 3238 481 quinquagesimum
3270 414 3525 479 quartum
3560 406 3742 460 archi-

416 512 469 555 et
499 502 761 556 nonnulla
783 502 888 555 alia
921 502 989 555 de
1014 518 1202 556 eorum
1226 502 1540 555 testimonia
1582 502 1730 555 Juvit
1762 510 2028 572 prmterea

418 594 699 665 catalogus
726 593 791 647 ad
824 595 1030 648 calcem
1067 594 1399 664 exemplaris
1432 593 1680 647 ecclesiae
1702 593 2028 663 metropoli-

420 694 559 739 tanae
610 687 664 739 Β.
720 685 897 739 Mariae
956 686 1241 740 Remensis
1282 686 1498 740 diversa
1531 702 1693 740 manu
1727 686 2019 756 ascriptus.

424 853 789 861 "ma——

2129 503 2451 574 episcopum
2472 517 2580 555 non
2608 500 2811 553 habeat
2835 498 2939 552 nisi
2962 498 3108 552 nuda
3136 497 3379 562 nomina,
3408 496 3466 550 in
3493 512 3743 568 sequen-

2128 593 2277 647 tibus
2308 599 2393 647 est
2420 591 2716 662 copiosior.

1364 999 2060 1090 PROLOGUS
2140 999 2811 1089 AUCTORIS

1776 1186 1854 1225 AD
1901 1184 1958 1226 Β.
2009 1183 2369 1226 EPISCOPUM.

495 1432 726 1487 Domino
757 1433 1085 1499 venerabili,
1117 1440 1170 1486 et
1198 1432 1251 1486 in
1304 1432 1500 1487 Christi
1533 1434 1800 1489 charrtate
1830 1436 2027 1489 admo-

2134 1436 2339 1491 nimum
2360 1435 2415 1490 in
2446 1437 2790 1491 correctione
2821 1450 3070 1489 meorum
3101 1443 3276 1489 terere
3294 1450 3478 1489 moras
3508 1451 3752 1506 opuscu-

422 1526 550 1578 dum
583 1524 1139 1597 diligibili,przeclaro
1171 1526 1389 1595 prarsuli
1418 1526 1477 1580 R.
1507 1526 1874 1591 FLODOARDUS,
1900 1536 2029 1583 tan-
2058 1541 2108 1607 Β
2132 1525 2329 1589 lorum,
2364 1542 2487 1580 cum
2522 1534 2765 1579 veterum
2799 1524 3049 1579 nonnulli
3108 1524 3438 1593 scriptorum
3482 1526 3661 1596 magis
3690 1525 3749 1579 in

423 1622 489 1666 ta‘
518 1612 880 1686 benignitatis
921 1614 1172 1680 famulus,
1220 1630 1411 1669 omnes
1442 1626 1752 1669 sanctarum
1772 1616 2033 1671 virtutum

428 1701 480 1755 in
512 1701 724 1756 Christo
755 1703 1037 1774 gaudium.

496 1790 855 1845 Creberrimis
921 1792 1361 1846 admonitionum
1434 1803 1734 1847 vestrarum
1792 1794 2033 1849 stimulis

434 1879 749 1951 instigatus,
783 1881 1035 1934 discusso
1068 1881 1285 1934 tandem
1319 1881 1547 1935 desidiae
1581 1882 1899 1956 pigritantis
1921 1891 2033 1937 tor-

430 1971 935 2043 pore,abjectisquc
954 1973 1291 2027 diversarum
1306 1990 1558 2028 curarum
1573 1973 2035 2044 occupationibus

429 2063 615 2134 relego
644 2063 909 2118 ferventis
937 2066 1105 2119 studii
1150 2066 1314 2119 vestri
1370 2066 1606 2120 solertia)
1638 2064 2031 2137 quadriiidum,

428 2152 594 2206 nostri
622 2151 825 2206 laboris
862 2169 1002 2221 opus
1048 2154 1418 2225 undecunque
1450 2154 1761 2218 collectum,
1795 2164 1850 2208 et
1879 2155 2035 2226 capi-

429 2245 664 2309 tulatim,
695 2253 857 2315 prout
880 2245 1078 2313 jubere
1106 2247 1315 2317 dignati
1345 2247 1499 2311 estis,
1555 2246 1905 2316 dispositum,
1936 2262 2037 2302 no-

426 2350 553 2394 stra:
582 2339 795 2395 scilicet
827 2338 1081 2393 Ecclesiae
1115 2338 1399 2392 Bernensis
1431 2338 1778 2394 historiarum
1810 2338 2030 2393 librum.

426 2432 576 2485 llaud
612 2432 797 2485 mirari
826 2431 909 2484 vel
943 2448 1179 2501 cumque
1210 2430 1756 2500 potenssanctitatem
1782 2430 2037 2485 culminis

426 2525 592 2578 vestri
622 2542 793 2595 super
845 2525 945 2578 hac
1000 2523 1460 2578 rememoratione
1517 2522 1772 2592 obsequii
1831 2522 2028 2586 nostri,

426 2618 619 2681 utpote
650 2612 886 2667 diversis
925 2612 1388 2683 occupationibus
1440 2611 1754 2681 praepediti,
1812 2610 2032 2665 hiemali

425 2720 648 2774 quoque
670 2703 916 2775 glacialis
944 2703 1069 2777 gelu
1105 2703 1301 2777 rigoris
1323 2703 2035 2769 obstricti,chara.\atorum

434 2796 661 2864 insuper
700 2795 1007 2867 indigentia
1028 2795 1310 2850 coarctati.
1356 2794 1542 2865 Neque
1571 2795 1790 2856 mirum.
1825 2812 1913 2849 me
1939 2795 2037 2849 mi-

2136 1615 2519 1670 retractatione
2554 1630 2805 1684 suorum,
2863 1629 3027 1683 quam
3077 1612 3437 1667 meditatione
3468 1614 3749 1668 demorati

2135 1707 2382 1761 ferantur
2410 1706 2667 1760 liborum.
2700 1706 2808 1759 Sed
2864 1721 2965 1759 nec
3012 1705 3195 1759 adhuc
3242 1721 3437 1760 omnes
3489 1707 3557 1760 ad
3618 1724 3749 1777 per-

2134 1799 2337 1853 fectum
2377 1814 2463 1852 me
2517 1806 2650 1868 puto
2705 1797 3021 1852 eliminasse
3076 1797 3353 1862 mendas;
3414 1806 3463 1851 et
3519 1798 3567 1852 si
3626 1814 3752 1869 qum

2135 1891 2483 1960 reperientur
2514 1889 2801 1959 scriptoris
2828 1889 2968 1944 forte
3013 1888 3167 1955 vitia,
3229 1888 3517 1944 industriae
3557 1900 3758 1946 vestra:

2136 1990 2398 2054 poterunt
2444 1981 2736 2053 expurgari
2763 1981 3000 2053 sagacia.
3050 1981 3165 2035 Non
3198 1980 3346 2034 enim
3394 1998 3484 2035 me
3525 1981 3600 2036 ita
3628 1999 3762 2052 per-

2138 2071 2337 2126 fectum
2373 2086 2498 2125 reor
2526 2070 2594 2124 ad
2620 2086 2860 2143 unguem
2881 2069 2995 2124 fore
3020 2076 3506 2140 perscrutatorem,
3533 2078 3592 2125 ut
3613 2070 3763 2126 ferre

2138 2164 2307 2218 nolim
2341 2167 2384 2217 si
2416 2179 2578 2235 quem
2607 2162 3090 2234 diligentioremin
3123 2161 3479 2215 eliminandis
3498 2162 3763 2218 vitiisin-

2136 2270 2341 2309 venero
2397 2261 2788 2309 correctorem.
2849 2253 3021 2326 Igitur
3049 2252 3179 2325 quia
3218 2253 3525 2308 sanctitatis
3558 2263 3762 2310 vestrae

2137 2342 2283 2398 circa
2328 2343 2632 2397 tantitatem
2684 2349 2871 2397 nostra
2919 2341 3140 2412 profusa
3177 2342 3397 2397 videtur
3418 2342 3762 2399 exuberasse

2137 2435 2381 2501 dilectio,
2416 2436 2563 2489 hunc
2591 2434 2757 2489 studii
2807 2433 2978 2490 nostri
3008 2434 3265 2501 fructum,
3326 2434 3488 2488 vestri
3519 2435 3759 2509 dignum

2135 2526 2261 2580 duxi
2296 2526 2582 2581 tutaminis
2604 2526 2859 2600 delegare
2877 2526 3207 2597 patrocinio,
3241 2534 3300 2580 ut
3329 2542 3453 2597 quae
3504 2544 3535 2580 a
3565 2535 3762 2582 nostra

2135 2621 2263 2667 sunt
2294 2614 2439 2669 dicta
2469 2615 2525 2668 in
2559 2615 2805 2668 tenebris
2850 2614 3179 2680 humilitate,
3212 2614 3281 2668 ab
3339 2614 3625 2669 industria:
3652 2631 3761 2669 ve-

2138 2713 2263 2759 strze
2296 2706 2636 2761 sublimitate
2659 2707 2913 2761 dicantur
2934 2706 2991 2760 in
3020 2706 3248 2761 lumine.

428 2983 3752 3007 _____—__________—___,__________________________

1588 3136 1990 3224 LIBER
2081 3138 2582 3227 PRIMUS

969 3455 1178 3509 CAPUT
1208 3456 1483 3511 PRIMUM.

766 3570 839 3622 De
878 3570 1182 3624 conditione
1232 3572 1384 3625 urbis
1431 3574 1721 3626 Remensis.

510 3676 659 3731 Fidei
690 3686 892 3733 nostrae
951 3679 1275 3733 fundamina
1332 3680 1669 3750 proditurus,
1724 3699 1786 3736 ac
1846 3691 2047 3740 nostra

436 3766 622 3818 Patres
661 3766 918 3821 Ecclesiae
974 3775 1359 3835 memoratrus,
1409 3770 1674 3824 mrenium
1733 3778 2045 3827 nostrorum

434 3853 706 3909 locatores
745 3855 828 3908 vel
861 3855 1222 3911 instructores
1274 3858 1605 3930 exquisisse,
1664 3876 1773 3915 non
1834 3862 1901 3914 ad
1929 3879 2042 3916 rem

431 3944 570 3996 adeo
602 3944 878 4014 pertinere
927 3945 1228 4011 videbitur,
1262 3964 1385 4001 cum
1446 3947 1550 4019 ipsi
1598 3949 1791 4003 salutis
1823 3958 2042 4006 aeterna:

435 4032 510 4084 nil
543 4032 705 4086 nobis
753 4034 1076 4104 contulisse,
1124 4035 1375 4107 quinimo
1428 4037 1632 4091 erroris
1679 4036 1764 4092 sui
1811 4040 2041 4114 vestigia

432 4120 713 4192 lapidibus
742 4123 1017 4196 insculpta
1073 4127 1365 4197 reliquisse
1405 4127 1728 4181 doceantur.
1790 4129 1863 4183 De
1886 4129 2042 4185 urbis

434 4228 672 4284 namque
701 4222 900 4270 nostra
926 4215 1237 4271 fundatore.
1266 4235 1334 4272 eu
1368 4218 1611 4272 nominis
1635 4217 1897 4285 inditore,
1929 4235 2040 4275 non

433 4305 826 4362 onmimodisa
879 4309 1044 4363 nobis
1095 4310 1456 4381 approbanda
1507 4311 1727 4384 vulgata
1785 4319 2044 4368 censetur

436 4397 651 4467 opinio,
683 4414 806 4471 quae
829 4400 1056 4456 Remum
1082 4402 1558 4463 Romulifratrem.
1611 4404 1849 4459 civitatis
1879 4405 2042 4473 hujus

439 4486 810 4543 institutorem
835 4505 900 4545 ac
919 4491 1164 4546 nominis
1205 4493 1368 4547 tradit
1413 4503 1722 4559 auetorem,
1749 4510 1875 4548 cum
1906 4494 2042 4549 urbe

440 4575 605 4630 Roma
634 4577 873 4649 geminis
911 4579 1252 4646 auctoribus,
1291 4582 1520 4638 Romulo
1554 4583 1833 4653 Remoque
1856 4622 1870 4646 ,
1904 4582 2032 4636 fun-

434 4670 577 4736 data,
612 4669 794 4723 fratris
815 4671 1086 4725 militibus
1110 4673 1335 4729 Remum
1359 4675 1525 4730 certis
1546 4673 1882 4744 accipiamus
1900 4675 2036 4729 scri-

437 4761 708 4829 ptoribus,
740 4760 1108 4830 interfectum;
1132 4781 1234 4820 nec
1260 4765 1413 4819 illum
1443 4765 1597 4835 prius
1618 4781 1647 4817 a
1671 4763 1833 4818 fratre
1859 4781 2041 4820 reces-

2069 3466 2118 3534 C
2150 3479 2285 3535 fore.
2346 3481 2644 3537 Intervenit
2698 3484 2900 3537 deinde
2952 3484 3038 3538 his
3082 3484 3510 3559 cogitationibus
3559 3490 3774 3546 avitum

2148 3571 2374 3636 malum,
2411 3572 2565 3644 regni
2593 3564 2816 3643 cupido,
2850 3582 3013 3645 atque
3044 3574 3171 3629 inde
3237 3574 3444 3630 fmdum
3477 3588 3773 3635 certamen

2147 3673 2394 3719 coortum
2419 3681 2449 3718 a
2483 3667 2615 3720 satis
2650 3667 2764 3721 miti
2801 3668 3091 3739 principio.
3128 3670 3391 3734 Quoniam
3424 3672 3636 3746 gemini
3677 3690 3777 3728 es-

2148 3766 2289 3824 sent,
2324 3775 2427 3813 nec
2454 3759 2634 3814 aetatis
2663 3761 2996 3815 verecundia
3022 3762 3317 3817 discrimen
3370 3762 3555 3819 facere
3578 3776 3777 3834 posset

2147 3857 2206 3903 ut
2227 3849 2325 3913 dii,
2352 3866 2585 3921 quorum
2620 3851 2804 3905 tutelae
2830 3867 2893 3905 ea
2923 3852 3039 3906 loca
3067 3861 3271 3917 essent,
3329 3853 3576 3926 auguriis
3605 3855 3768 3927 lege.-

2149 3950 2268 3996 rent
2291 3942 2384 4012 qui
2408 3959 2609 3997 nomen
2638 3958 2790 3998 nova?
2824 3943 2947 3998 urbi
2968 3944 3146 4009 daret,
3165 3944 3554 4016 quiconditam
3580 3945 3768 4017 impe—

2144 4031 2226 4086 rio
2262 4043 2432 4105 reget,
2496 4032 2796 4086 Palatinum
2849 4034 3132 4099 Romulus,
3191 4033 3394 4087 Remus
3420 4035 3761 4089 Aventinum

2142 4121 2211 4175 ad
2241 4122 2674 4194 inaugurandum
2706 4123 2910 4193 templa
2941 4124 3183 4193 capiunt.
3218 4122 3390 4178 Priori
3425 4122 3599 4178 Remo
3651 4140 3761 4177 au-

2142 4213 2359 4287 gurium
2394 4213 2610 4269 venisse
2640 4214 2813 4269 fertur
2833 4231 2926 4270 sex
2956 4215 3220 4271 vultures:
3243 4215 3471 4285 jamque
3505 4215 3763 4270 nuntiato

2145 4305 2399 4377 augurio,
2430 4322 2552 4360 cum
2567 4306 2770 4376 duplex
2796 4322 3058 4360 numerus
3070 4305 3302 4361 Romulo
3318 4322 3377 4359 se
3394 4306 3759 4368 ostendisset,

2144 4407 2440 4468 utrumque
2464 4414 2646 4472 regem
2679 4414 2778 4452 sua
2809 4398 3100 4454 multitudo
3131 4398 3577 4453 consalutaverat
3616 4407 3759 4452 tem-

2146 4505 2280 4560 pore
2311 4489 2389 4543 illi
2415 4497 2715 4561 praecepto:
2741 4496 2795 4544 at
2825 4490 2880 4543 hi
2915 4506 3144 4546 numero
3172 4490 3354 4544 avium
3389 4506 3624 4563 regnum
3649 4498 3761 4544 tra-

2145 4581 2371 4637 hebant.
2406 4582 2539 4637 Inde
2563 4598 2685 4637 cum
2704 4582 3064 4638 altercatione
3079 4583 3357 4658 congressi
3406 4598 3439 4636 a
3459 4583 3761 4637 certamine

2142 4673 2343 4728 irarum
2375 4672 2441 4726 ad
2473 4672 2678 4727 caedem
2711 4678 3014 4727 vertuntur.
3051 4671 3130 4726 lbi
3160 4672 3217 4725 in
3251 4670 3409 4726 turba
3451 4672 3599 4726 ictus
3657 4672 3762 4725 Re-

2144 4778 2265 4816 mus
2294 4761 2496 4816 cecidit
2549 4761 2832 4831 Vulgatior
2861 4770 3043 4815 autem
3072 4759 3213 4815 fama
3243 4766 3344 4825 est,
3368 4758 3616 4814 ludibrio
3650 4759 3760 4813 fra-

434 4850 597 4914 sisse,
630 4850 759 4905 dum
792 4867 900 4907 uno
932 4861 1090 4924 partu
1124 4854 1276 4922 editi,
1299 4862 1353 4908 et
1384 4853 2041 4923 interpastoreseducati,
2066 4841 2120 4908 Ι)
2146 4851 2245 4905 tris
2276 4851 2504 4905 Remum
2538 4866 2711 4906 novos
2735 4850 3080 4905 transiluisse
3121 4865 3325 4904 muros.
3359 4850 3492 4903 [nde
3524 4850 3596 4904 ab
3626 4850 3761 4903 irato

436 4945 844 5018 latrociniisque
876 4949 1274 5017 dediti,urbem
1305 4948 1656 5003 constituisse
1678 4949 2043 5020 reperiantur;

438 5045 665 5107 ortaque
696 5036 971 5093 simultate
1000 5055 1063 5093 ac
1107 5040 1277 5093 Remo
1303 5037 1469 5092 fratre
1493 5037 1802 5103 interfecto,
1840 5039 2044 5094 civitati

441 5129 704 5185 Romulus
726 5147 790 5186 ex
814 5131 1036 5185 nomine
1057 5147 1158 5186 suo
1184 5146 1384 5186 nomen
1409 5130 1627 5186 dedisse
1650 5131 1883 5205 legatur.
1912 5132 2043 5186 Nam

440 5230 498 5276 ut
526 5222 631 5277 Titi
664 5222 797 5277 Livii
827 5222 1009 5278 verbis
1039 5231 1257 5279 utamur
1288 5224 1500 5291 (desed.
1537 5224 1579 5290 Ι,
1609 5225 1702 5278 lib.
1741 5226 1778 5289 r)
1866 5242 1890 5273 (ι
1935 5223 2047 5278 Νυ-

439 5314 620 5369 mitori
678 5314 887 5369 Albana
944 5316 1209 5385 permissa
1241 5333 1322 5384 re,
1375 5316 1666 5371 Romulum
1700 5316 2047 5386 Remumque

438 5404 641 5474 cupido
671 5403 838 5474 cepit,
864 5404 919 5457 in
952 5404 1037 5459 his
1066 5405 1201 5460 locis
1225 5405 1570 5476 ubiexpositi
1592 5405 1799 5476 ubique
1828 5404 2048 5459 educati

436 5501 613 5555 erant,
638 5492 790 5546 urbis
816 5493 1143 5561 condendae,
1169 5502 1223 5548 et
1247 5502 1536 5565 supererat
1557 5491 1855 5547 multitudo
1887 5491 2049 5545 Alba-

442 5599 638 5639 norum
673 5584 1133 5653 Latinorumque;
1168 5586 1234 5640 ad
1265 5585 1316 5639 id
1343 5593 1587 5655 pastores
1618 5598 1836 5655 quoque
1860 5598 2049 5636 acces-

439 5685 641 5743 serant,
674 5675 769 5746 qui
802 5688 997 5729 omnes
1026 5674 1180 5729 facile
1212 5692 1367 5746 spem
1399 5674 1665 5739 facerent,
1710 5689 1930 5743 parvam
1960 5672 2050 5725 Al-

440 5766 586 5835 bam,
608 5750 842 5839 parvum
867 5764 1286 5835 Lavinium,prae
1302 5784 1367 5821 ea
1395 5765 1531 5819 urbe
1547 5782 1668 5835 quae
1692 5764 2046 5826 conderetur,

2150 4944 2380 5000 Romulo
2403 4947 2551 5010 (eum
2584 4943 2768 4997 verbis
2797 4958 3020 5014 quoque
3052 4927 3390 5012 increpitans
3411 4941 3711 5010 adjecisset
3745 4957 3762 4992 :

2148 5034 2237 5089 Sic
2265 5034 2492 5100 deinde,
2527 5035 2848 5106 quicunque
2880 5034 3022 5088 alius
3062 5033 3338 5089 transiliet
3381 5050 3506 5087 mea
3540 5033 3761 5097 muenia)

2147 5124 2517 5179 interfectum.
2556 5124 2633 5177 lta
2654 5124 2804 5177 solus
2836 5130 3040 5193 potitus
3069 5122 3303 5192 imperio
3324 5121 3614 5186 Romulus,
3633 5137 3764 5176 con-

2148 5218 2261 5273 dita
2290 5217 2422 5271 urbs
2450 5216 2755 5272 conditoris
2785 5215 3007 5270 nomine
3035 5213 3312 5285 appellata
3366 5234 3392 5260 ι»
3447 5212 3526 5266 lta
3557 5212 3763 5266 Livius.

2151 5309 2500 5365 Probabilius
2540 5324 2673 5383 ergo
2696 5305 3097 5377 videtur,quod
3131 5321 3161 5357 a
3192 5302 3463 5357 militibus
3493 5302 3648 5357 Remi
3669 5318 3769 5372 pa-

2150 5403 2252 5457 tria
2282 5402 2532 5476 profugis
2560 5402 2693 5456 urbs
2714 5409 2897 5455 nostra
2918 5397 3157 5454 condita.
3182 5394 3264 5449 vel
3302 5394 3599 5450 Remorum
3630 5408 3768 5465 gens

2150 5491 2399 5546 instituta
2422 5499 2660 5560 putatur,
2695 5506 2817 5544 cum
2867 5498 2921 5542 et
2949 5485 3154 5542 muenia
3205 5483 3469 5540 Romanis
3496 5481 3769 5553 auspiciis

2154 5581 2439 5653 insignita,
2470 5592 2525 5636 et
2570 5582 2773 5637 editior
2804 5588 2960 5652 porta
3004 5577 3185 5634 Martis
3238 5577 3498 5631 Romame
3555 5573 3767 5643 stirpis,

2150 5680 2400 5730 veterum
2433 5673 2721 5744 opinione,
2754 5670 3138 5746 propagatoris
3162 5686 3225 5723 ex
3250 5667 3481 5722 nomine
3508 5666 3769 5724 vocitata.

2152 5761 2393 5832 priscum
2427 5762 2493 5815 ad
2527 5763 2643 5815 haec
2669 5778 2890 5832 quoque
2920 5768 3103 5816 nostra
3156 5772 3468 5829 cognomen
3515 5769 3767 5809 reserva-
