3970 6212
257 287 335 342 ‘29

939 283 1262 339 HISTORIrE
1306 283 1639 339 ECCLESIA‘I
1680 283 2006 339 REMENSIS
2048 281 2222 336 LIBRI
2263 276 2679 344 QUATUOR.—
2721 273 2842 326 LIB.
2888 273 2923 324 I.
3522 261 3592 318 30

257 415 405 470 verit
435 421 702 485 tempora.
736 413 902 483 Cujus
924 414 1088 468 etiam
1148 413 1442 479 fornicem,
1475 412 1878 484 prodeuntibus
1905 433 1955 500 Α
1987 420 2177 485 perata
2209 411 2410 473 facere,
2442 415 2497 462 et
2528 403 2751 476 Oppidis
2775 400 3046 470 recipere,
3081 404 3138 450 et
3169 394 3450 500 frumnento
3483 407 3590 492 caa-

259 509 572 570 dexterum,
602 507 748 577 lupae
775 506 945 561 Remo
969 507 1318 578 Romuloque
1343 507 1524 578 parvis
1543 507 1712 559 ubera
1735 521 1879 575 pra:-

261 601 675 665 bentisl‘abula,
710 601 989 654 cernimus
1039 601 1383 664 innotatum;
1437 600 1651 654 medius
1702 607 1882 653 autem

259 691 560 748 duodecim
591 690 886 752 mensium,
933 689 1092 757 juxta
1119 689 1523 744 Romaneorum
1559 688 1879 759 dispositio-

264 800 415 847 nem,
449 781 720 853 panditur
740 779 1094 834 ordinatione
1127 780 1451 850 desculptus
1482 798 1497 845 ;
1533 779 1746 836 tertius.
1792 779 1885 849 qui

259 883 319 928 et
351 871 579 928 sinister
606 884 909 943 cygnorum
935 870 1021 923 vel
1050 887 1306 924 anserum
1332 869 1882 945 ﬁguratusauspicio.

260 966 454 1019 Nautai
483 962 760 1033 siquidem
791 979 1027 1036 cygnum
1061 963 1262 1017 bonam
1302 962 1621 1035 prognosim
1650 962 1884 1032 prodere

261 1056 472 1121 ferunt,
501 1061 560 1108 ut
583 1055 657 1108 ait
680 1054 960 1108 XEmilius:

421 1143 622 1205 Cygnus
652 1142 701 1190 in
733 1142 972 1205 auspiciis
992 1157 1185 1204 semper
1204 1141 1485 1205 lzetissimus
1509 1140 1626 1205 ales.

424 1202 564 1253 Hunc
584 1212 760 1266 optant
791 1202 974 1262 nautzn,
997 1202 1115 1268 quia
1134 1219 1183 1252 se
1207 1218 1304 1252 non
1332 1203 1506 1264 mergit
1529 1203 1579 1250 in
1605 1202 1780 1250 undas.

261 1292 507 1342 Anseres
532 1302 754 1358 quoque
783 1296 1084 1342 nocturnas
1111 1287 1373 1342 excubias
1409 1285 1716 1348 celebrant,
1749 1301 1887 1356 quas

256 1387 462 1434 cantus
489 1378 813 1433 assiduitate
846 1386 1134 1433 testantur.
1168 1378 1414 1449 Denique
1460 1377 1700 1432 Romana
1721 1377 1886 1431 etiam

259 1470 532 1542 capitolia
564 1470 714 1524 Gallo
741 1486 988 1524 servasse
1019 1471 1310 1524 traduntur
1331 1470 1398 1523 ab
1422 1470 1598 1524 hoste.

341 1563 452 1616 Nec
483 1561 677 1614 mirum
707 1571 912 1626 tamen,
947 1561 1102 1615 urbis
1136 1569 1334 1616 nostrae
1389 1560 1768 1615 conditionem
1802 1560 1883 1612 vel

258 1655 544 1728 originem
578 1670 686 1709 non
711 1655 766 1707 in
795 1655 1086 1724 prOpatulo
1117 1653 1257 1717 dari,
1291 1669 1412 1707 cum
1450 1653 1519 1705 de
1549 1652 1724 1721 ipsius
1746 1667 1885 1722 gen-

261 1749 428 1808 tium,
486 1749 568 1801 vel
624 1746 776 1801 orbis
803 1746 1042 1800 dominae
1075 1747 1258 1800 Roma:
1293 1744 1632 1804 conditione,
1673 1743 1887 1796 Isidoro

262 1848 413 1894 teste
449 1840 502 1901 (l.
557 1855 624 1892 xv
652 1839 960 1905 Originum,
1018 1855 1138 1908 cap.
1174 1839 1250 1904 I),
1314 1837 1526 1891 oriatur
1563 1837 1888 1906 plerumque

262 1927 574 1995 dissensio,
595 1936 652 1982 ut
673 1929 792 1996 ejus
821 1928 1116 1999 diligenter
1136 1926 1358 1998 agnosci
1384 1941 1492 1979 non
1507 1926 1684 1996 possit
1709 1925 1888 1996 origo.

263 2018 404 2071 Nam
438 2016 727 2070 Sallustius
758 2019 845 2082 (In
879 2016 1117 2082 Catilin.)
1152 2035 1168 2068 :
1200 2039 1215 2062 ι
1253 2015 1472 2079 Urbem,
1534 2015 1735 2085 inquit,
1771 2014 1890 2070 Ro-

265 2127 442 2175 mam,
476 2110 638 2164 sicuti
669 2126 774 2182 ego
806 2110 1017 2179 accepi,
1051 2108 1350 2162 condidere
1381 2116 1546 2178 atque
1570 2106 1889 2161 habitavere

265 2203 437 2256 initio
467 2201 708 2270 Trojani,
760 2202 875 2272 qui,
900 2201 1067 2254 Ainea
1093 2201 1255 2266 duce,
1279 2199 1506 2253 sedibus
1537 2199 1765 2254 incertis
1790 2216 1888 2253 va-

259 2294 562 2367 gabantur.
600 2315 627 2342 υ
653 2293 754 2346 Alii
795 2293 987 2347 dicunt
1015 2292 1083 2347 ab
1114 2292 1364 2346 Evandro
1394 2292 1706 2346 secundum
1739 2291 1887 2361 quod

264 2385 536 2460 Virgilius
569 2386 801 2452 (Eneid.
828 2390 939 2453 vni)
985 2403 997 2438 :

428 2478 567 2526 Tunc
589 2491 672 2526 rex
698 2477 962 2526 Evandrus
993 2477 1228 2526 Romanze
1249 2476 1475 2524 conditor
1506 2476 1648 2523 arcis.

343 2557 648 2629 Eutropius
665 2574 887 2630 quoque
913 2558 968 2611 in
992 2557 1136 2611 libro
1161 2557 1521 2611 Historiarum
1545 2556 1625 2610 sic
1647 2555 1890 2626 loquitur

263 2647 465 2701 dicens
496 2663 510 2699 :
547 2667 570 2695 ‹‹
607 2646 891 2710 Romulus,
921 2662 1050 2700 cum
1083 2645 1229 2700 inter
1261 2653 1508 2715 pastores
1530 2645 1890 2699 Iatrocinare-

262 2745 376 2799 tur,
404 2743 530 2789 octo
557 2734 748 2790 decem
776 2735 936 2788 annis
967 2743 1146 2798 natus,
1176 2733 1369 2788 urbem
1393 2735 1646 2808 exiguam
1681 2733 1735 2786 in
1762 2734 1889 2787 Par-

257 2828 439 2883 Iatino
461 2833 656 2881 monte
677 2827 982 2887 constituit.
1009 2827 1287 2882 conditam
1311 2826 1588 2881 civitatem
1616 2842 1683 2880 ex
1708 2826 1888 2880 nomi-

258 2933 335 2972 ne
358 2930 459 2970 suo
492 2914 718 2970 Romam
744 2915 976 2971 vocavit.
1027 2915 1162 2970 Post
1217 2917 1363 2970 hunc
1414 2915 1600 2970 Tullus
1627 2915 1887 2970 Hostilius

260 3026 414 3075 eam,
446 3007 665 3077 adjecto
695 3007 866 3063 leio
898 3019 1111 3073 monte,
1149 3008 1450 3079 ampliavit.
1486 3008 1732 3079 Indeque
1775 3025 1886 3062 cae-

267 3099 375 3154 teri
409 3097 646 3152 diversis
666 3096 868 3151 diversi
906 3096 1246 3169 temporibus
1278 3096 1584 3168 principes,
1617 3097 1734 3167 ejus
1766 3097 1888 3151 edi-

267 3204 423 3250 tores
481 3191 567 3246 vel
595 3190 1024 3263 ampliﬁcatores
1077 3191 1333 3245 extitere.
1400 3210 1424 3239 ››
1485 3188 1644 3244 Urbis
1701 3198 1884 3244 autem

271 3296 479 3344 nostra)
505 3301 708 3341 nomen
735 3285 1165 3340 Durocortorum
1197 3283 1484 3354 quondam
1512 3282 1745 3347 dictum,
1765 3282 1888 3336 Cae-

266 3378 416 3435 saris
436 3374 703 3432 astruitur
723 3374 983 3441 Historia,
1007 3374 1063 3428 in
1083 3389 1190 3444 qua
1216 3371 1358 3427 libro
1379 3380 1533 3426 sexto
1553 3371 1634 3426 sic
1653 3370 1888 3445 legitur:

273 3494 300 3521 .
337 3467 584 3522 Vastatis
615 3463 956 3539 regionibus,
990 3463 1291 3518 exercitum
1332 3461 1512 3516 Caesar
1543 3460 1897 3515 Durocorto-

275 3575 398 3616 rum
432 3557 724 3611 Remorum
755 3553 990 3617 reducit,
1039 3551 1392 3621 concilioque
1450 3549 1506 3602 in
1553 3566 1679 3603 eum
1713 3550 1894 3603 locum

275 3647 467 3703 Galliae
496 3644 724 3705 indicto,
759 3643 829 3696 de
861 3641 1248 3712 conjuratioue
1280 3641 1563 3695 Senonum
1607 3647 1661 3694 et
1695 3640 1900 3693 Carnu-

279 3748 396 3794 tum
425 3735 786 3807 quaastionem
835 3731 1039 3786 habere
1080 3730 1345 3785 instituit.
1403 3751 1423 3779 ι
1463 3730 1707 3784 [Ειιιίσυδ
1737 3731 1898 3785 etiam

280 3835 338 3886 in
373 3826 805 3899 Cosmographia
841 3827 922 3880 sic
954 3832 1225 3882 memorat
1261 3843 1272 3878 :
1312 3847 1335 3876 α
1393 3827 1432 3879 Λ
1461 3826 1775 3882 Mediolano
1803 3845 1903 3898 per

279 3922 444 3992 Alpes
477 3918 686 3974 Cottias
715 3918 981 3972 Viennam
1017 3917 1080 3971 Μ.
1146 3917 1200 3970 Ρ.
1239 3915 1493 3972 CCCCIX.
1542 3920 1672 3974 Inde
1724 3921 1903 3974 Duro-

278 4015 588 4072 cortorum,
621 4006 686 4059 Μ.
709 4005 766 4059 Ρ.
801 4005 1155 4068 CCCXXXIII,
1175 4022 1298 4076 quae
1321 4004 1460 4061 fiunt
1482 4008 1657 4077 leuga:
1690 4008 1902 4062 CCXXI.

285 4103 426 4156 Item
442 4116 471 4153 a
494 4101 861 4153 Durocortoro
883 4099 1215 4153 Divodorum
1238 4115 1438 4168 usque,
1465 4099 1754 4157 M.P.LXII.
1773 4102 1904 4156 Item

281 4191 396 4245 alio
435 4190 638 4243 itinere
674 4204 706 4241 a
742 4187 1117 4243 Durocortoro
1148 4188 1460 4242 Dividorum
1496 4206 1690 4260 usque,
1731 4191 1795 4245 M.
1845 4191 1900 4244 P.

285 4278 600 4333 LXXXVIII.
631 4278 763 4330 Item
780 4293 810 4330 a
833 4278 1198 4332 Durocortoro
1218 4277 1483 4331 Treveros
1503 4295 1677 4349 usque
1700 4281 1906 4346 Bagaco

285 4367 653 4422 Nervicorum
677 4365 1155 4439 Durocortoleugze
1169 4366 1338 4419 XCIX.
1357 4367 1491 4420 Item
1508 4383 1537 4420 a
1550 4368 1758 4439 Bagaco
1773 4369 1908 4422 Ner-

1988 484 2232 572 terisque
2265 498 2428 552 rebus
2469 497 2682 567 juvare.
2738 493 3002 561 Reliquos
3058 502 3254 541 omnes
3301 485 3496 550 Belgas
3539 484 3592 536 in

1986 862 2544 937 consanguineosque
2575 872 2726 922 suos,
2759 854 2851 924 qui
2881 850 3076 906 eodem
3103 848 3249 916 jure,
3274 847 3481 901 eisdem
3517 847 3595 899 Ie-

1986 957 2149 1027 gibus
2182 961 2429 1016 utantur,
2459 963 2744 1018 unumque
2768 945 3147 1012 magistratum
3191 959 3312 997 cum
3366 943 3472 996 illis
3501 943 3597 996 ha-

1988 1047 2176 1114 beant,
2201 1045 2483 1099 deterrere
2521 1040 2826 1112 potuerint,
2881 1037 3018 1109 quin
3048 1050 3170 1088 cum
3201 1035 3284 1088 his
3315 1033 3598 1089 consenti-

1989 1143 2131 1190 rent.
2168 1155 2196 1183 υ
2233 1135 2363 1187 Item
2395 1132 2573 1197 (Ibid.)
2604 1148 2615 1182 :
2642 1150 2669 1179 α
2693 1129 2894 1198 Caesar,
2929 1133 3217 1201 postquam
3251 1141 3446 1181 omnes
3474 1123 3597 1178 Bel-

1987 1244 2179 1299 garum
2205 1226 2392 1296 copias
2424 1224 2476 1276 in
2512 1239 2679 1276 unum
2713 1222 2890 1275 locum
2952 1231 3172 1275 coactas
3219 1220 3286 1272 ad
3319 1235 3376 1271 se
3410 1217 3598 1270 venire

1988 1321 2144 1384 vidit,
2169 1335 2353 1389 neque
2380 1317 2491 1388 jam
2527 1317 2692 1385 longe.
2724 1315 2944 1378 abesse,
2970 1314 3036 1366 ab
3067 1314 3168 1376 his,
3193 1328 3332 1382 quos
3350 1311 3596 1373 miserat,

1991 1410 2440 1484 exploratoribus
2473 1417 2528 1461 et
2559 1407 2627 1461 ab
2655 1407 2836 1460 Remis
2875 1405 3156 1474 cognovit,
3216 1404 3420 1457 ﬂumen
3458 1404 3599 1455 Axo-

1990 1520 2113 1557 nam
2189 1504 2434 1570 (Αἰςηρλι,
2509 1499 2655 1570 quod
2715 1507 2796 1552 est
2843 1499 2894 1551 in
2964 1495 3226 1550 extremis
3309 1495 3598 1548 Remorum

1989 1593 2212 1656 finibus,
2281 1593 2581 1647 exercitum
2632 1591 2920 1644 traducere
2980 1586 3273 1642 maturavit
3299 1594 3465 1654 atque
3526 1584 3600 1637 ibi

1989 1695 2166 1740 castra
2216 1685 2417 1754 posuit.
2477 1685 2603 1748 Quze
2657 1698 2742 1735 res
2801 1690 2853 1734 ct
2877 1681 3016 1735 latus
3073 1695 3243 1733 unum
3295 1685 3599 1730 castrorum

1991 1775 2124 1844 ripis
2147 1773 2391 1827 ﬂuminis
2420 1771 2692 1825 munitum
2725 1779 2777 1824 et
2801 1783 2924 1840 post
2949 1786 3074 1823 eum
3109 1783 3229 1838 quae
3279 1774 3458 1828 erant,
3487 1772 3602 1817 tuta

1992 1868 2060 1922 ab
2089 1867 2343 1921 hostibus
2371 1865 2659 1928 reddebat,
2708 1872 2764 1916 et
2795 1871 3134 1916 commeatus
3175 1859 3243 1912 ab
3273 1859 3473 1919 Remis,
3511 1873 3597 1908 rc-

1992 1956 2269 2026 liquisque
2294 1953 2629 2018 civitatibus,
2665 1961 2721 2006 ut
2745 1952 2866 2004 sine
2901 1949 3145 2020 periculo
3178 1949 3243 2000 ad
3297 1962 3419 1999 eum
3465 1961 3597 2015 por-

1996 2048 2096 2102 tari
2116 2054 2367 2117 possent,
2404 2045 2698 2100 cfticiebat.
2737 2044 2791 2096 In
2837 2059 2901 2096 eo
2927 2041 3155 2095 Ilumine
3189 2056 3330 2110 pons
3349 2047 3483 2090 erat.
3523 2036 3600 2089 Ibi

1993 2137 2309 2208 praesidium
2339 2136 2588 2207 ponti,et
2609 2136 2661 2188 in
2687 2133 2858 2187 altera
2885 2140 3040 2202 parte
3065 2129 3309 2182 ﬂuminis
3338 2126 3602 2180 Titurium

1990 2229 2255 2283 Sabinum
2274 2229 2512 2299 legatum
2526 2243 2647 2281 cum
2663 2242 2755 2279 sex
2771 2217 3531 2291 cohortibusreliquit.Castra
3547 2216 3602 2269 in

1991 2322 2344 2376 altitudinem
2370 2321 2570 2392 pedum
2585 2318 2877 2372 duodecim
2898 2315 3218 2384 fossamque
3235 2312 3436 2382 pedum
3451 2318 3607 2363 octo-

1989 2411 2167 2466 decim
2202 2411 2418 2464 munire
2436 2409 2618 2477 jubet.
2642 2407 2720 2460 Ab
2750 2407 2883 2476 ipsis
2905 2405 3102 2459 castris
3120 2401 3383 2472 Oppidum
3410 2399 3606 2453 Remo-

1991 2502 2381 2568 rum,nominc
2415 2501 2631 2564 Bibrax,
2674 2496 2824 2569 quod
2879 2497 3075 2550 aberat
3114 2493 3283 2548 millia
3345 2506 3604 2563 passuum

1990 2589 2293 2646 octodecim
2325 2591 2492 2660 (Orig
2525 2633 2538 2656 ,
2566 2591 2708 2654 octo)
2757 2604 2821 2641 ex
2878 2586 3096 2649 itinere,
3148 2597 3350 2655 magno
3394 2581 3606 2650 impetu

1991 2681 2170 2754 Belgae
2188 2695 2512 2751 Oppugnare
2545 2685 2856 2747 coeperunt.
2891 2675 3049 2748 Egre
3075 2689 3141 2728 eo
3183 2673 3273 2727 die
3290 2677 3607 2726 sustentata

1991 2778 2077 2824 est
2107 2769 2385 2824 Gallorum
2417 2777 2583 2839 atque
2631 2766 2920 2839 Belgarum
2953 2761 3300 2838 Oppugnatio
3334 2761 3468 2814 haec.
3507 2759 3605 2812 Ubi

1987 2861 2344 2929 circumjecta
2394 2857 2753 2913 multitudine
2813 2855 3098 2912 hominum
3150 2851 3279 2907 totis
3307 2849 3605 2912 moenibus,

1988 2951 2239 3023 undique
2274 2952 2328 3006 in
2353 2966 2576 3005 murum
2601 2947 2814 3020 lapides
2833 2945 2940 3016 jaci
2964 2943 3106 3014 coepi
3127 2949 3282 3009 sunt,
3302 2955 3608 3009 murusque

1989 3039 2386 3096 defensoribus
2431 3039 2676 3094 nudatus
2731 3045 2836 3103 est,
2888 3032 3172 3091 testudine
3227 3033 3373 3086 tacta
3435 3028 3610 3100 portis

1913 3158 1963 3226 Ο
1990 3129 2317 3195 succedunt,
2355 3145 2688 3199 murumque
2737 3127 3044 3189 subruunt,
3073 3123 3222 3194 quod
3259 3134 3403 3188 (ms,
3433 3119 3609 3188 aditu)

1990 3232 2105 3277 tum
2137 3222 2296 3277 facile
2318 3221 2504 3276 ﬁebat.
2529 3222 2777 3291 Namque
2798 3228 2948 3273 tanta
2988 3215 3286 3270 multitudo
3317 3211 3530 3282 lapides
3548 3227 3610 3266 ac

1994 3315 2102 3368 tela
2128 3313 2520 3384 conjiciebant,
2553 3323 2612 3366 ut
2671 3313 2728 3366 in
2777 3325 2935 3363 muro
2976 3305 3322 3363 consistendi
3359 3309 3612 3374 potestas

1997 3401 2318 3456 essetnulli.
2343 3400 2474 3455 Cum
2492 3398 2659 3454 ﬁnem
2682 3395 3044 3470 oppugnandi
3064 3412 3169 3451 nox
3185 3392 3613 3457 fecisset,lccius

2000 3490 2223 3555 Remus,
2248 3505 2463 3543 summa
2496 3487 2789 3542 nobilitate
2817 3496 2873 3541 et
2931 3485 3107 3559 gratia
3157 3486 3297 3537 inter
3325 3497 3478 3543 suos,
3515 3481 3609 3549 qui

2002 3588 2113 3635 tum
2134 3578 2336 3652 oppido
2368 3579 2679 3650 praafuerat,
2714 3594 2860 3631 unus
2908 3592 2973 3629 ex
3015 3575 3121 3639 his,
3175 3571 3267 3644 qui
3321 3571 3484 3645 legati
3545 3569 3614 3624 de

2003 3690 2134 3744 pace
2162 3674 2229 3726 ad
2261 3674 2531 3728 Caesarem
2562 3678 2854 3735 venerant,
2889 3668 3146 3723 nuntium
3174 3663 3240 3718 ad
3265 3680 3391 3717 eum
3426 3661 3612 3728 mittit,

2003 3763 2108 3817 nisi
2135 3763 2448 3818 subsidium
2479 3762 2584 3816 sibi
2609 3762 2876 3820 mittatur.
2913 3775 3032 3812 sese
3072 3755 3282 3809 diutius
3337 3752 3614 3806 sustinere

2007 3870 2116 3908 non
2144 3871 2323 3924 posse.
2363 3855 2434 3908 Eo
2454 3853 2521 3906 de
2555 3851 2734 3906 media
2757 3859 2919 3905 nocte
2941 3849 3140 3908 Ctesar,
3165 3843 3358 3898 iisdem
3381 3840 3615 3894 ducibus

2008 3962 2158 4008 usus,
2179 3946 2271 4016 qui
2294 3944 2470 3999 nuntii
2494 3942 2561 3996 ab
2592 3942 2732 3996 Iccio
2758 3948 3039 4004 venerant,
3094 3933 3356 3989 Numidas
3411 3938 3463 3984 ct
3493 3928 3615 3983 Cre-

2009 4046 2092 4091 tas
2111 4037 2422 4109 sagittarios
2447 4046 2500 4091 et
2531 4035 2838 4090 funditores
2885 4032 3136 4085 Baleares
3165 4025 3417 4080 subsidio
3451 4021 3615 4092 Oppi-

2008 4127 2168 4181 danis
2200 4127 2382 4180 mittit.
2415 4127 2659 4190 Quorum
2711 4123 2956 4176 adventu
2990 4126 3043 4173 et
3104 4116 3286 4171 Remis
3337 4129 3465 4167 cum
3520 4126 3617 4180 spe

2010 4215 2352 4270 defensionis
2374 4214 2618 4268 studium
2652 4208 3044 4283 propugnandi
3077 4204 3326 4269 accessit,
3361 4212 3416 4256 et
3449 4200 3621 4255 hosti-

2010 4309 2114 4361 bus
2135 4305 2328 4360 eadem
2352 4307 2419 4358 de
2463 4322 2630 4359 causa
2654 4320 2782 4375 spes
2827 4298 3080 4372 potiundi
3120 4295 3308 4368 Oppidi
3343 4292 3614 4348 discessit.

2012 4399 2198 4468 Itique
2231 4396 2512 4467 pauIiSper
2547 4391 2693 4464 apud
2749 4389 3014 4461 Oppidum
3071 4384 3290 4449 morati,
3343 4397 3616 4455 agrosque

283 4457 534 4512 vicorum
556 4456 984 4510 Durocortorum
1006 4455 1308 4509 Remorum
1335 4472 1535 4526 usque,
1562 4456 1626 4510 Μ.
1652 4457 1708 4510 Ρ.
1734 4457 1896 4511 ΜΗ.»
1931 4480 1986 4548 D
2014 4455 2312 4541 Rer‘non'lm
2375 4455 2719 4554 dgpopdlaﬁ,
2752 4455 3011 4534 (ﬁnibus
3047 4474 3204 4538 vicis,
3235 4470 3619 4540 adiﬁciisque’

929 4583 1150 4639 CAPUT
1194 4586 1260 4640 II.

467 4678 540 4729 De
564 4677 812 4728 amicitia
843 4678 1204 4732 Romanorum
1235 4682 1399 4746 atque
1430 4679 1724 4734 Remorum.

356 4767 586 4820 Constat
618 4766 810 4838 itaque
841 4769 1141 4823 Remorum
1173 4769 1439 4840 pOpulum
1473 4770 1678 4841 populo
1705 4771 1910 4825 Roma-

289 4872 492 4910 norum
530 4856 884 4911 tenacissima
918 4857 1114 4928 priscis
1158 4858 1288 4913 olim
1326 4859 1676 4928 temporibus
1706 4860 1908 4914 amici-

288 4949 370 5003 tia
395 4949 676 5015 junctum,
709 4949 1010 5018 prtelibatze
1032 4949 1170 5004 Julii
1196 4950 1424 5005 Caesaris
1465 4953 1718 5006 Historia)
1749 4952 1910 5006 libris

285 5041 346 5103 (ι.
387 5056 421 5092 ιι
456 5041 605 5103 init.)
659 5039 763 5094 hoc
797 5040 975 5110 ipsum
1019 5041 1473 5112 astipulantibus,
1511 5043 1601 5098 ubi
1661 5044 1904 5117 legitur:

294 5154 313 5180 α
351 5131 452 5190 Eo,
502 5131 719 5185 scilicet
748 5132 814 5184 ad
877 5130 1019 5186 ﬁnes
1067 5133 1382 5203 Belgarum,
1421 5136 1540 5204 ipso
1587 5136 1800 5189 Caesare
1843 5135 1910 5188 de

289 5221 630 5290 improviso,
694 5219 1048 5292 celeriusque
1090 5222 1346 5278 omnium
1403 5223 1692 5293 Opinione,
1716 5239 1914 5294 perve-

293 5313 529 5377 niente,
586 5312 828 5375 Remos,
896 5313 1134 5382 proximi
1188 5313 1374 5368 Gallia:
1423 5331 1486 5368 ex
1551 5316 1731 5382 Belgis
1786 5325 1916 5368 sunt

291 5402 360 5456 ad
396 5417 528 5456 eum
577 5400 795 5471 legatos
851 5401 1046 5454 Iccium
1094 5409 1147 5456 et
1195 5401 1640 5478 Andebrogium,
1700 5404 1916 5475 primos

289 5491 537 5546 civitatis
561 5505 702 5553 suae,
737 5488 976 5553 misisse,
1001 5500 1057 5543 et
1078 5507 1136 5544 se
1158 5508 1370 5562 suaque
1410 5493 1601 5546 omnia
1619 5493 1920 5547 oﬂ'erentes

291 5585 348 5638 in
410 5582 580 5638 Iidem
639 5589 812 5650 atque
869 5581 1173 5636 amicitiam
1209 5583 1399 5652 pOpuli
1435 5585 1660 5638 Romani
1692 5584 1918 5639 omnino

289 5677 641 5749 conjurasse,
673 5680 1007 5741 paratosque
1041 5689 1160 5727 esse
1193 5682 1247 5728 et
1270 5674 1493 5728 obsides
1524 5676 1676 5740 dare,
1709 5685 1766 5729 ct
1796 5675 1903 5728 im-

2007 4595 2118 4649 quo
2147 4575 2299 4630 adire
2324 4579 2601 4646 poterant,
2638 4567 2895 4631 incensis,
2926 4564 2991 4618 ad
3024 4573 3207 4619 castra
3237 4559 3464 4616 Caesaris
3491 4575 3620 4613 om-

2010 4673 2178 4728 nibus
2209 4669 2384 4740 cOpiis
2424 4665 2853 4729 contenderunt,
2888 4673 2942 4718 ct
2971 4680 3001 4717 a
3054 4661 3302 4716 millibus
3355 4674 3620 4731 passuum

2012 4765 2194 4818 minus
2223 4760 2440 4816 duabus
2469 4768 2647 4814 castra
2681 4767 3006 4829 posuerunt.
3044 4779 3068 4807 »
3143 4756 3209 4810 Et
3243 4766 3362 4828 post
3402 4771 3619 4826 pauca:

2015 4881 2036 4907 α
2078 4859 2270 4911 Ilostes
2293 4855 2544 4927 protinus
2569 4871 2632 4907 ex
2649 4869 2715 4908 eo
2747 4852 2866 4907 loco
2885 4851 2952 4906 ad
2973 4851 3176 4907 ﬂumen
3199 4852 3458 4908 Axonam
3483 4867 3622 4906 con-

2013 4951 2332 5013 tenderunt,
2367 4948 2517 5020 quod
2545 4965 2667 5004 esse
2685 4949 2844 5004 ctiam
2879 4958 3004 5018 post
3053 4959 3243 5004 nostra
3293 4957 3475 5004 castra
3525 4945 3626 5000 de—

2014 5047 2382 5096 monstratum
2416 5050 2516 5094 est.
2544 5040 2624 5094 Ibi
2653 5039 2808 5094 vadis
2837 5041 3317 5110 repertis,partem
3341 5037 3624 5110 copiarum

2013 5149 2236 5188 suarum
2268 5129 2625 5185 transducere
2655 5133 2839 5186 conati
2870 5139 3018 5196 sunt,
3051 5145 3116 5185 eo
3144 5129 3394 5194 consilio,
3440 5138 3520 5192 ut,
3580 5128 3626 5181 si

2018 5235 2268 5297 possent,
2297 5223 2610 5288 castellum,
2669 5223 2756 5278 cui
2817 5232 3048 5295 praeerat
3099 5221 3336 5286 Quintus
3387 5219 3630 5275 Titurius

2018 5317 2642 5388 legatus,expugnarent
2661 5324 2998 5387 pontemque
3014 5311 3412 5368 interciderent
3433 5314 3599 5381 (Orig.
3613 5353 3627 5374 ,

2021 5406 2170 5460 inter
2197 5402 2554 5460 scinderent).
2581 5405 2633 5458 Si
2666 5406 2848 5460 minus
2869 5404 3180 5475 potuissent
3214 5417 3374 5475 agros
3421 5402 3626 5456 Remo-

2022 5513 2141 5552 rum
2173 5496 2588 5568 popularentur,
2616 5497 2708 5566 qui
2734 5512 2934 5569 magno
2957 5495 3119 5550 nobis
3147 5494 3268 5548 usui
3306 5492 3373 5548 ad
3415 5494 3626 5549 bellum

2020 5586 2322 5656 gerendum
2341 5591 2989 5656 erant,commeatusque
3010 5592 3234 5639 nostros
3255 5583 3629 5638 sustinebant.

2022 5673 2220 5741 Ctesar,
2243 5674 2443 5731 certior
2470 5672 2699 5726 factusa
2748 5672 2980 5737 Titurio,
3036 5689 3256 5728 omnem
3309 5673 3632 5742 aequitatem
