3970 6212
456 292 524 347 27

1566 291 1929 347 FLODOARDI
1973 290 2277 348 CANONICI
2316 291 2642 346 REMENSIS
3681 290 3743 345 28

457 432 585 469 num
618 414 972 477 Sonnacium,
1006 414 1292 485 epistolam
1326 413 1548 487 Adelagi
1577 414 1645 469 ad
1678 413 2062 480 Flodoardum,
2091 421 2139 486 Α
2166 414 2265 480 Qui
2294 420 2348 468 et
2377 413 2421 467 si
2453 428 2628 484 usque
2657 413 2724 466 ad
2756 410 3277 483 quinquagesimum
3308 416 3554 481 quartum
3585 411 3746 464 archi—

455 512 509 556 et
538 503 800 557 nonnulla
822 502 927 556 alia
960 503 1029 555 de
1054 519 1243 557 eorum
1265 502 1579 557 testimonia
1621 502 1769 556 Juvit
1800 510 2066 572 praeterea

457 595 738 665 catalogus
765 594 831 647 ad
863 595 1068 649 calcem
1106 594 1438 664 exemplaris
1471 594 1719 648 ecclesiae
1742 594 2067 664 metrOpoli—

460 694 599 739 tanae
648 687 704 739 B.
759 686 937 740 Mariae
995 685 1280 740 Remensis
1321 686 1537 740 diversa
1570 703 1732 741 manu
1767 686 2058 757 ascriptus.

463 853 829 861 -—_—————.._.-._

2168 504 2490 575 episcopum
2510 519 2621 557 non
2647 502 2850 556 habeat
2874 500 2978 554 nisi
3001 500 3147 553 nuda
3175 499 3414 565 nomina,
3444 498 3499 552 in
3526 515 3746 570 sequen-

2167 594 2316 649 tibus
2347 600 2432 648 est
2459 592 2755 663 copiosior.

1402 1000 2100 1091 PROLOGUS
2178 1000 2849 1090 AUCTORIS

1815 1186 1893 1226 AD
1941 1186 1997 1226 Il.
2048 1184 2407 1227 EPISCOPL'M.

535 1433 765 1487 Domino
796 1433 1124 1499 venerabili,
1156 1441 1209 1487 et
1237 1434 1290 1486 in
1343 1433 1539 1488 Christi
1572 1436 1839 1489 charitate
1869 1436 2066 1491 admo-

2172 1436 2379 1492 nimum
2400 1436 2455 1491 in
2485 1439 2829 1492 correctione
2860 1451 3109 1491 meorum
3140 1445 3315 1491 terere
3334 1451 3515 1490 moras
3543 1451 3754 1507 opuscu-

462 1526 589 1578 dum
623 1525 1178 1597 diligibili,praeclaro
1210 1527 1427 1596 praesuli
1457 1527 1515 1580 R.
1545 1527 1913 1591 FLODOARDUS,
1939 1536 2068 1583 tan-
2098 1542 2147 1608 Β
2171 1526 2368 1591 lorum,
2403 1543 2527 1581 cum
2560 1536 2803 1580 veterum
2838 1525 3088 1580 nonnulli
3147 1525 3477 1594 scriptorum
3518 1526 3679 1597 magis
3704 1525 3751 1578 in

462 1622 528 1666 ta!
557 1613 918 1686 benignitatis
959 1615 1211 1681 famulus,
1259 1631 1450 1669 omnes
1481 1626 1792 1670 sanctarum
1811 1617 2071 1672 virtutum

466 1701 520 1754 in
550 1702 763 1757 Christo
793 1703 1076 1775 gaudium.

535 1790 894 1846 Creberrimis
961 1792 1401 1847 admonitionum
1473 1804 1773 1848 vestrarum
1831 1796 2072 1850 stimulis

473 1879 788 1952 iustigatus,
822 1881 1073 1935 discusso
1106 1882 1324 1934 tandem
1359 1882 1586 1936 desidia!
1621 1883 1938 1956 pigritantis
1960 1892 2071 1939 tor-

469 1972 973 2043 pore,abjectisque
993 1974 1330 2027 diversarum
1345 1991 1597 2028 curarum
1612 1975 2073 2045 occupationibus

468 2064 653 2135 relego
684 2064 947 2118 ferventis
976 2066 1143 2119 studii
1189 2066 1353 2119 vestri
1409 2066 1645 2121 solertia:
1677 2066 2070 2138 quadritidum,

467 2153 633 2206 nostri
662 2152 864 2206 laboris
902 2168 1041 2222 opus
1086 2154 1458 2225 undecunque
1489 2155 1800 2218 collectum,
1835 2165 1889 2209 et
1918 2156 2074 2227 capi-

468 2245 703 2310 tulatim,
735 2253 896 2316 prout
919 2246 1117 2313 jubere
1145 2247 1355 2317 dignati
1384 2248 1538 2312 estis,
1594 2247 1943 2317 dispositum,
1975 2263 2075 2303 no-

466 2351 592 2395 stra:
621 2339 834 2395 scilicet
866 2339 1120 2394 Ecclesia
1154 2339 1439 2393 Remensis
1469 2338 1817 2395 historiarum
1849 2339 2069 2395 librum.

465 2433 614 2486 Haud
651 2432 834 2486 mirari
864 2432 948 2485 vel
982 2448 1219 2502 cumque
1248 2431 1795 2501 potenssanctitatem
1822 2431 2075 2485 culminis

465 2525 631 2577 vestri
661 2541 831 2595 super
884 2526 985 2579 hac
1040 2524 1499 2579 rememoratioue
1556 2523 1811 2594 obsequii
1870 2523 2067 2587 nostri,

466 2618 657 2681 utpote
689 2613 925 2667 diversis
964 2613 1427 2683 occupationibus
1479 2612 1792 2682 praepediti,
1850 2612 2070 2666 hiemali

464 2720 686 2773 quoque
710 2704 955 2775 glacialis
983 2704 1108 2777 gelu
1143 2704 1339 2777 rigoris
1361 2704 2073 2769 obstricti,chara.\atorum

474 2795 700 2864 insuper
737 2794 1046 2867 indigentia
1067 2795 1349 2850 coarctati.
1394 2795 1581 2866 Neque
1610 2795 1829 2857 mirum.
1864 2812 1953 2849 me
1978 2796 2076 2850 mi-

2175 1616 2558 1671 retractatione
2593 1631 2843 1685 suorum,
2902 1630 3065 1685 quam
3116 1614 3476 1668 meditatione
3507 1613 3751 1669 demorati

2175 1708 2421 1762 ferantur
2450 1708 2705 1762 liborum.
2739 1707 2847 1761 Sed
2902 1722 3005 1761 nec
3051 1706 3233 1761 adhuc
3281 1722 3477 1761 omnes
3526 1707 3588 1761 ad
3642 1723 3751 1777 per-

2173 1801 2374 1854 fectum
2415 1815 2502 1854 me
2555 1808 2689 1870 puto
2744 1799 3059 1853 eliminasse
3114 1798 3395 1863 mendas;
3454 1807 3503 1852 et
3554 1798 3597 1853 si
3649 1814 3754 1869 qua

2173 1892 2523 1962 reperientur
2553 1890 2840 1961 scriptoris
2868 1890 3006 1946 forte
3052 1890 3206 1956 vitia,
3269 1890 3552 1945 industria:
3588 1899 3757 1945 vestra:

2174 1992 2437 2054 poterunt
2483 1982 2775 2055 expurgari
2802 1982 3039 2055 sagacia.
3089 1982 3204 2037 Non
3237 1982 3389 2036 enim
3438 1998 3522 2036 me
3560 1982 3627 2036 ita
3652 1998 3760 2051 pcr-

2177 2072 2377 2127 fectum
2411 2088 2537 2127 reor
2565 2071 2633 2125 ad
2658 2087 2899 2144 unguem
2920 2071 3034 2126 fore
3061 2078 3542 2141 perscrutatorem,
3568 2077 3619 2126 ut
3639 2069 3760 2124 ferre

2176 2165 2347 2220 nolim
2380 2169 2422 2218 si
2455 2181 2617 2236 quem
2646 2163 3129 2236 diligentioremin
3161 2162 3517 2218 eliminandis
3535 2162 3759 2217 vitiisin-

2175 2272 2379 2311 venero
2437 2262 2827 2310 correctorem.
2888 2254 3060 2328 Igitur
3088 2254 3217 2326 quia
3257 2254 3560 2309 sanctitatis
3590 2261 3758 2308 vestm

2176 2344 2321 2399 circa
2367 2344 2671 2399 tantitatem
2723 2350 2910 2398 nostra
2958 2342 3180 2413 profusa
3216 2344 3440 2398 videtur
3459 2342 3758 2397 exuberasse

2176 2436 2420 2502 dilectio,
2455 2437 2602 2491 hunc
2630 2435 2796 2490 studii
2846 2435 3017 2491 nostri
3047 2435 3304 2503 fructum,
3370 2435 3527 2490 vestri
3554 2435 3756 2509 dignum

2174 2527 2300 2581 duxi
2334 2528 2620 2582 tutaminis
2642 2527 2898 2601 delegare
2916 2526 3245 2598 patrocinio,
3280 2535 3343 2582 ut
3373 2543 3493 2599 qua:
3542 2544 3570 2581 a
3597 2533 3757 2581 nostra

2174 2622 2302 2668 sunt
2333 2616 2478 2669 dicta
2508 2616 2563 2669 in
2598 2616 2844 2670 tenebris
2888 2615 3218 2681 humilitate,
3252 2615 3322 2670 ab
3384 2615 3649 2671 industria).
3672 2628 3756 2668 ve-

2176 2713 2301 2760 strae
2334 2707 2675 2762 sublimitate
2698 2708 2952 2763 dicantur
2974 2707 3031 2763 in
3060 2708 3287 2763 lumine.

467 2983 3749 3005 .________________________*________________________

1627 3137 2029 3225 LIBER
2120 3139 2621 3228 PRIMUS

1008 3455 1217 3509 CAPUT
1247 3456 1522 3511 PRIMUM.

805 3570 879 3623 De
917 3571 1220 3624 conditione
1272 3572 1423 3626 urbis
1470 3574 1760 3627 Bernensis.

549 3677 698 3731 Fidei
730 3686 931 3734 nostrae
990 3680 1313 3735 fundamina
1369 3682 1708 3752 proditurus,
1763 3699 1825 3737 ac
1885 3692 2086 3740 nostra;

476 3766 662 3818 Patres
700 3766 956 3821 Ecclesiae
1014 3777 1397 3836 memoratrus,
1448 3771 1712 3825 mrenium
1772 3780 2083 3828 nostrorum

473 3854 745 3909 locatores
784 3855 866 3908 vel
900 3855 1261 3910 instructores
1313 3858 1643 3929 exquisisse,
1704 3877 1813 3915 non
1872 3863 1938 3915 ad
1968 3880 2082 3917 rem

470 3943 609 3997 adeo
641 3944 917 4013 pertinere
966 3945 1267 4010 videbitur,
1301 3963 1425 4001 cum
1484 3947 1589 4018 ipsi
1637 3949 1830 4004 salutis
1862 3959 2081 4006 aeternae

473 4032 549 4084 nil
583 4032 744 4086 nobis
791 4034 1115 4103 contulisse,
1163 4035 1414 4106 quinimo
1467 4037 1670 4091 erroris
1717 4037 1802 4093 sui
1850 4040 2080 4114 vestigia

471 4120 751 4190 lapidibus
782 4123 1056 4196 insculpta
1112 4126 1404 4197 reliquisse
1444 4127 1767 4182 doceantur.
1828 4130 1902 4184 De
1925 4130 2080 4185 urbis

473 4227 711 4283 namque
739 4221 939 4269 nostrae
966 4214 1276 4271 fundatore.
1305 4234 1373 4272 eu
1407 4219 1650 4273 nominis
1674 4219 1936 4285 inditore,
1968 4236 2079 4275 non

471 4305 865 4362 omnimodisa
918 4308 1083 4365 nobis
1134 4311 1494 4383 approbanda
1544 4312 1766 4385 vulgata
1824 4319 2083 4368 censetur

475 4395 689 4466 Opinio,
721 4415 845 4471 qua:
867 4401 1094 4458 Remum
1120 4403 1597 4464 Romulifratrem.
1650 4405 1887 4459 civitatis
1918 4405 2081 4474 hujus

478 4485 848 4545 institutorem
874 4507 937 4547 ac
958 4494 1202 4549 nominis
1243 4494 1407 4548 tradit
1452 4504 1761 4559 auctorem,
1788 4511 1914 4547 cum
1944 4494 2081 4550 urbe

478 4575 645 4630 lloma
673 4579 911 4650 geminis
949 4582 1290 4647 auctoribus,
1330 4582 1559 4636 Romulo
1593 4582 1873 4651 Remoque
1895 4623 1909 4645 ,
1942 4582 2072 4637 fun-

473 4669 616 4737 data,
650 4671 832 4725 fratris
854 4673 1124 4726 militibus
1148 4674 1373 4726 Remum
1398 4672 1564 4727 certis
1585 4672 1921 4743 accipiamus
1940 4675 2074 4728 scri-

476 4761 746 4827 ptoribus,
777 4762 1147 4827 interfectum;
1170 4778 1274 4816 nec
1299 4762 1453 4815 illum
1482 4762 1635 4832 prius
1657 4779 1687 4815 a
1710 4761 1871 4816 fratre
1898 4780 2080 4819 reces-

2108 3466 2157 3534 C
2188 3480 2325 3535 fore.
2385 3482 2684 3538 Intervenit
2737 3484 2939 3538 deinde
2992 3485 3077 3539 his
3121 3485 3546 3560 cogitationibus
3589 3487 3764 3540 avitum

2186 3572 2413 3637 malum,
2449 3572 2605 3645 regni
2632 3562 2856 3644 cupido,
2889 3582 3053 3646 atque
3083 3575 3210 3630 inde
3276 3574 3485 3631 fmdum
3517 3586 3764 3631 certamen

2185 3673 2433 3720 coortum
2458 3682 2487 3718 a
2522 3668 2654 3721 satis
2689 3668 2804 3731 miti
2841 3669 3130 3740 principio.
3166 3671 3435 3735 Quoniam
3466 3670 3658 3746 gemini
3693 3684 3767 3721 es—

2186 3767 2328 3824 sent,
2363 3777 2465 3814 nec
2493 3760 2673 3815 aetatis
2701 3763 3035 3817 verecundia
3061 3762 3361 3819 discrimen
3413 3763 3585 3818 facere
3608 3767 3766 3831 posset

2186 3858 2243 3904 ut
2266 3850 2363 3915 dii,
2391 3867 2624 3921 quorum
2659 3853 2843 3906 tutelae
2868 3868 2933 3905 ea
2962 3853 3078 3907 loca
3105 3862 3311 3917 essent,
3371 3851 3606 3926 auguriis
3630 3851 3760 3920 lege-

2188 3951 2306 3997 rent
2330 3944 2421 4013 qui
2447 3959 2648 3998 nomen
2678 3959 2829 3998 novae
2863 3944 2986 3999 urbi
3006 3946 3184 4011 daret,
3204 3945 3296 4017 qui
3313 3945 3585 4000 conditam
3609 3942 3761 4010 impe-

2182 4032 2264 4086 rio
2300 4044 2470 4105 reget,
2535 4032 2835 4087 Palatinum
2888 4034 3170 4099 Romulus,
3230 4035 3436 4089 Remus
3462 4032 3754 4087 Aventinum

2180 4121 2249 4176 ad
2279 4122 2714 4195 inaugurandum
2746 4123 2949 4194 templa
2980 4124 3222 4195 capiunt.
3257 4123 3431 4180 Priori
3466 4123 3623 4177 Remo
3669 4132 3754 4170 au-

2181 4214 2397 4287 gurium
2432 4213 2649 4269 venisse
2680 4214 2853 4270 fertur
2873 4232 2965 4270 sex
2996 4217 3259 4271 vultures:
3282 4216 3509 4286 jamque
3540 4209 3757 4266 nuntiato

2184 4305 2437 4377 augurio,
2467 4322 2590 4361 cum
2605 4306 2809 4376 duplex
2837 4322 3097 4360 numerus
3110 4306 3343 4361 Romulo
3359 4323 3419 4360 se
3435 4302 3754 4360 ostendisset.

2183 4407 2478 4468 utrumque
2501 4414 2685 4473 regem
2719 4415 2819 4452 sua
2848 4398 3139 4454 multitudo
3170 4399 3603 4453 consalutaverat
3637 4400 3754 4446 tem—

2184 4505 2319 4561 pore
2350 4489 2427 4543 illi
2453 4496 2754 4560 praecepto:
2780 4497 2833 4544 at
2864 4491 2919 4543 hi
2954 4506 3183 4545 numero
3210 4490 3394 4544 avium
3429 4501 3643 4562 regnum
3665 4490 3756 4535 tra-

2183 4582 2409 4637 hebant.
2446 4582 2577 4637 lnde
2601 4598 2724 4636 cum
2743 4582 3397 4659 altercationccongressi
3447 4598 3477 4635 a
3497 4574 3757 4635 certamine

2180 4675 2382 4727 irarum
2413 4672 2480 4727 ad
2511 4672 2717 4728 caedem
2749 4678 3053 4727 vertuntur.
3089 4672 3168 4726 lbi
3199 4673 3256 4726 in
3290 4671 3450 4726 turba
3489 4671 3623 4725 ictus
3672 4662 3757 4715 Rc-

2183 4778 2304 4815 mus
2333 4762 2535 4815 cecidit
2587 4761 2871 4830 Vulgatior
2900 4769 3082 4815 autem
3110 4760 3253 4814 fama
3281 4767 3384 4826 est,
3407 4755 3636 4813 ludibrio
3666 4750 3757 4804 fra-

474 4850 635 4913 sisse,
669 4851 798 4904 dum
830 4866 939 4904 uno
971 4858 1129 4919 partu
1164 4849 1315 4917 editi,
1338 4858 1392 4903 et
1422 4849 2080 4921 interpastoreseducati,
2105 4840 2159 4908 1)
2185 4851 2283 4905 tris
2314 4850 2542 4905 Remum
2577 4866 2750 4905 novos
2774 4850 3118 4905 transiluisse
3159 4866 3364 4904 muros.
3398 4849 3528 4903 lnde
3556 4845 3619 4899 ab
3645 4843 3758 4895 irato

475 4944 883 5015 latrociniisque
916 4945 1313 5010 dediti,urbem
1344 4946 1695 5001 constituisse
1717 4947 2082 5018 reperiantur;

477 5043 704 5104 ortaque
735 5032 1010 5088 simultate
1040 5050 1103 5088 ac
1148 5034 1316 5089 Remo
1342 5034 1507 5089 fratre
1532 5035 1840 5100 interfecto,
1879 5037 2083 5092 civitati

480 5127 743 5181 Romulus
766 5141 830 5180 ex
854 5126 1076 5182 nomine
1096 5143 1197 5183 suo
1223 5143 1422 5183 nomen
1448 5128 1665 5184 dedisse
1689 5129 1920 5204 legatur.
1950 5130 2081 5184 Nam

479 5224 538 5271 ut
567 5216 672 5271 Titi
704 5216 835 5272 Livii
867 5218 1048 5275 verbis
1076 5227 1295 5276 utamur
1326 5222 1539 5289 (dcc/1d.
1575 5223 1617 5287 l,
1647 5223 1739 5277 lib.
1779 5226 1816 5287 t)
1904 5242 1927 5271 ‹‹
1973 5222 2085 5276 Νυ-

478 5308 659 5364 mitori
717 5310 925 5367 Albana
983 5314 1247 5384 permissa
1280 5330 1360 5381 re,
1414 5314 1703 5368 Romulum
1738 5314 2084 5385 Remumque

477 5400 680 5471 cupido
710 5401 876 5473 cepit,
901 5403 957 5457 in
991 5402 1075 5458 his
1105 5403 1239 5459 locis
1264 5403 1608 5474 ubiexpositi
1630 5404 1837 5475 ubique
1866 5403 2084 5457 educati

474 5498 651 5555 erant,
676 5491 827 5546 urbis
854 5493 1180 5560 condendae,
1206 5501 1261 5547 et
1285 5500 1574 5563 supererat
1595 5490 1892 5546 multitudo
1924 5490 2087 5545 Alba-

480 5597 676 5640 norum
710 5584 1169 5656 Latinorumque;
1205 5585 1272 5639 ad
1302 5584 1354 5639 id
1380 5592 1624 5654 pastores
1655 5598 1874 5655 quoque
1896 5598 2085 5637 acces-

476 5686 679 5744 serant,
712 5678 804 5749 qui
838 5693 1033 5733 omnes
1061 5676 1216 5731 facile
1248 5692 1403 5746 spem
1436 5674 1702 5740 facerent,
1746 5690 1966 5744 parvam
1997 5673 2087 5727 Al-

477 5766 623 5838 bam,
648 5785 877 5842 parvum
901 5768 1322 5837 Lavinium,pra)
1338 5785 1403 5822 ea
1432 5766 1568 5820 urbe
1583 5782 1705 5837 quae
1729 5767 2082 5827 conderetur,

2189 4943 2418 4999 Romulo
2441 4947 2588 5010 (cum
2621 4942 2806 4997 verbis
2836 4958 3059 5013 quoque
3091 4928 3429 5012 increpitans
3450 4936 3718 5008 adjecisset
3746 4943 3759 4978 :

2186 5034 2275 5088 Sic
2303 5034 2529 5100 deinde,
2564 5034 2887 5106 quicunque
2919 5034 3060 5088 alius
3101 5033 3376 5089 transiliet
3420 5047 3538 5085 mea
3568 5022 3757 5083 mmnial

2185 5123 2555 5178 interfectum.
2594 5123 2671 5176 lta
2692 5123 2842 5177 solus
2875 5130 3078 5193 potitus
3107 5122 3340 5193 imperio
3362 5118 3634 5180 Romulus,
3650 5124 3760 5166 cou-

2186 5217 2299 5271 dita
2328 5216 2460 5270 urbs
2486 5215 2793 5271 conditoris
2823 5215 3045 5270 nomine
3073 5213 3350 5285 appellata
3404 5232 3430 5259 ιι»
3483 5210 3555 5262 lta
3584 5201 3757 5259 Livius.

2188 5309 2538 5364 Probabilius
2578 5324 2711 5382 ergo
2735 5305 3137 5376 videtur,quod
3169 5320 3198 5357 a
3231 5301 3496 5357 militibus
3525 5292 3664 5351 Remi
3682 5304 3763 5360 pa-

2189 5402 2290 5456 tria
2321 5401 2569 5476 profugis
2598 5401 2731 5455 urbs
2752 5409 2934 5455 nostra
2956 5397 3195 5454 condita.
3221 5394 3301 5450 vel
3339 5393 3620 5448 Remorum
3648 5393 3762 5481 ἦρξε

2187 5490 2435 5544 instituta
2459 5498 2698 5561 putatur,
2733 5506 2854 5543 cum
2905 5498 2960 5542 et
2987 5485 3192 5542 mcenia
3245 5480 3502 5539 Romanis
3527 5480 3761 5567 auspiciis

2192 5580 2475 5653 insignita,
2507 5592 2561 5637 et
2608 5581 2811 5637 editior
2841 5589 2997 5652 porta
3042 5577 3223 5634 Martis
3276 5576 3528 5629 Romana:
3579 5564 3760 5630 stirpis,

2187 5678 2437 5731 veterum
2469 5673 2758 5745 opinione,
2792 5671 3176 5747 prepagatoris
3200 5686 3263 5724 ex
3287 5664 3510 5720 nomine
3536 5654 3761 5713 vocitata.

2189 5761 2429 5833 priscum
2463 5763 2530 5817 ad
2562 5764 2679 5816 hzec
2707 5778 2927 5832 quoque
2958 5768 3140 5815 nostra
3194 5768 3497 5828 cognomen
3542 5753 3760 5802 reserva-
