3970 6212
195 292 261 346 ‘29
876 286 1200 341 HlSTORIrE
1243 286 1576 360 ECCLESIIE
1617 287 1944 343 REMENSIS
1985 287 2160 342 LIBRI
2201 283 2617 350 QUATUOR.—
2657 281 2778 334 LIB.
2825 281 2861 332 I.
3458 271 3528 328 30

201 418 335 473 verit
361 425 640 486 tempora.
673 415 839 484 Cujus
861 416 1025 470 etiam
1086 416 1378 483 fornicem,
1412 416 1816 488 prodeuntibus
1841 437 1892 504 Α
1923 425 2114 490 persta
2147 417 2347 479 facere,
2379 421 2434 469 et
2465 410 2688 482 Oppidis
2710 408 2983 478 recipere,
3018 412 3075 458 et
3106 402 3387 504 frumnento
3419 417 3526 502 ete-

215 511 511 572 dextcrum,
541 507 685 578 lupae
711 508 882 563 Remo
906 509 1254 581 Romuloque
1278 510 1461 580 parvis
1481 510 1650 564 ubera
1671 525 1816 579 pra:-

215 603 389 658 bentis
409 602 612 668 fabula,
647 602 926 656 cernimus
976 604 1320 667 innotatum;
1373 604 1588 658 medius
1639 611 1818 658 autem

213 692 497 750 duodecim
528 691 822 755 mensium,
869 691 1029 759 juxta
1055 691 1460 746 Romaneorum
1495 692 1816 763 dispositio-

214 801 352 848 nem,
385 782 656 853 panditur
677 781 1030 836 ordinatione
1064 783 1388 854 desculplus
1418 802 1433 848 ;
1469 783 1684 840 tertius.
1728 783 1821 854 qui

211 885 260 929 et
289 872 516 928 sinister
542 886 846 945 cygnorum
870 873 957 926 vel
985 889 1242 928 anserum
1270 873 1819 949 figuratusauspicio.

211 966 390 1020 Nautai
419 963 696 1035 siquidem
727 981 963 1039 cygnum
998 965 1198 1020 bonam
1239 966 1557 1039 prognosim
1585 966 1820 1036 prodere

211 1056 406 1122 ferunt,
436 1063 496 1109 ut
518 1056 594 1110 ait
617 1056 896 1110 [Emiliusz

355 1145 558 1208 Cygnus
587 1144 638 1192 in
669 1145 907 1208 auSpiciis
927 1159 1120 1208 semper
1139 1144 1421 1208 laetissimus
1445 1144 1561 1208 ales.

357 1205 499 1254 Hunc
519 1214 696 1268 optant
726 1205 909 1265 nautas,
932 1205 1051 1271 quia
1069 1221 1119 1255 se
1142 1221 1240 1255 non
1267 1207 1441 1269 mergit
1464 1206 1514 1255 in
1541 1206 1716 1254 undas.

209 1291 439 1343 Anseres
465 1305 689 1360 quoque
719 1299 1019 1345 nocturnas
1046 1290 1308 1345 excubias
1343 1289 1651 1352 celebrant,
1684 1306 1822 1360 quas

207 1388 394 1435 cantus
420 1380 748 1436 assiduitate
780 1389 1069 1436 testantur.
1103 1381 1348 1452 Denique
1395 1381 1635 1436 Romana
1656 1381 1820 1435 etiam

209 1471 463 1543 capitolia
497 1472 649 1526 Gallo
676 1488 922 1527 servasse
953 1474 1245 1528 traduntur
1266 1473 1333 1527 ab
1356 1474 1532 1528 hoste.

275 1565 382 1618 Nec
413 1563 611 1617 mirum
641 1573 846 1629 tamen,
881 1565 1036 1618 urbis
1071 1573 1270 1619 nostra:
1323 1564 1703 1619 conditionem
1735 1564 1817 1617 vel

207 1656 473 1729 originem
509 1672 620 1711 non
645 1657 700 1709 in
729 1657 1020 1730 propatulo
1052 1657 1190 1721 dari,
1225 1673 1345 1711 cum
1383 1657 1453 1709 de
1483 1656 1657 1726 ipsius
1679 1672 1819 1726 gen-

209 1749 357 1810 tium,
413 1751 498 1803 vel
558 1748 710 1802 orbis
737 1749 976 1803 dominae
1009 1750 1191 1804 Roma:
1227 1748 1566 1811 conditione,
1607 1747 1820 1801 Isidoro

211 1849 341 1895 teste
376 1842 428 1904 (l.
485 1857 557 1894 xv
585 1841 894 1908 Originum,
951 1857 1072 1911 cap.
1107 1842 1183 1907 1),
1247 1841 1460 1894 oriatur
1496 1841 1822 1910 plerumque

212 1929 502 1997 dissensio,
525 1938 587 1984 ut
605 1931 726 1998 ejus
755 1930 1050 2002 diligenter
1069 1930 1292 2002 agnosci
1317 1945 1424 1983 non
1440 1930 1617 2000 possit
1642 1930 1820 2001 origo.

211 2018 331 2071 Nam
363 2018 661 2073 Sallustius
691 2022 779 2084 (In
811 2020 1050 2086 Catilin.)
1085 2038 1100 2071 :
1133 2043 1148 2065 ι
1185 2018 1405 2084 Urbem,
1466 2019 1667 2090 inquit,
1703 2019 1823 2075 Ro-

214 2128 367 2178 mam,
400 2112 570 2166 sicuti
603 2128 706 2184 ego
739 2112 949 2182 accepi,
985 2111 1283 2165 condidere
1314 2119 1478 2182 atque
1502 2111 1821 2166 habitavere

213 2203 361 2258 initio
390 2203 641 2272 Trojani,
692 2204 807 2274 qui,
832 2204 1000 2258 Ainea
1026 2204 1188 2270 duce,
1212 2203 1438 2257 sedibus
1469 2204 1698 2258 incertis
1722 2221 1820 2258 va-

209 2295 486 2367 gabantur.
531 2317 559 2344 ι»
585 2295 687 2349 Alii
728 2296 920 2350 dicunt
947 2295 1015 2350 ab
1045 2295 1297 2350 Evandro
1326 2296 1639 2350 secundum
1671 2296 1819 2366 quod

212 2387 458 2462 Virgilius
494 2389 732 2455 (Eneid.
761 2392 871 2456 vni)
917 2407 928 2441 :

353 2480 492 2528 Tunc
517 2493 604 2528 rex
630 2479 894 2529 Evandrus
925 2481 1159 2529 Romamn
1181 2480 1407 2528 conditor
1438 2481 1579 2528 arcis.

274 2559 580 2632 Eutropius
597 2575 818 2632 quoque
843 2561 900 2614 in
924 2561 1067 2614 libro
1093 2560 1452 2615 Historiarum
1476 2561 1557 2614 sic
1576 2560 1821 2631 loquitur

213 2647 388 2702 dicens
417 2666 431 2702 :
467 2670 494 2700 «
538 2648 822 2713 Romulus,
853 2664 981 2703 cum
1014 2648 1161 2703 inter
1191 2656 1440 2719 pastores
1461 2649 1822 2704 latrocinare-

211 2743 304 2800 tur,
329 2746 450 2792 octo
478 2736 679 2792 decem
708 2737 867 2791 annis
898 2745 1077 2802 natus,
1108 2736 1301 2792 urbem
1325 2739 1578 2811 exiguam
1613 2738 1666 2792 in
1693 2739 1820 2793 Par-

208 2827 362 2884 Iatino
383 2835 586 2884 monte
607 2829 913 2889 constituit,
941 2830 1218 2884 conditam
1242 2830 1520 2885 civitatem
1547 2847 1614 2885 ex
1640 2831 1819 2886 nomi-

208 2932 268 2970 ne
287 2932 381 2972 suo
411 2917 649 2973 Romam
675 2918 906 2973 vocavit.
957 2917 1093 2974 Post
1149 2919 1294 2974 hunc
1345 2919 1531 2974 Tullus
1557 2920 1818 2975 Hostilius

210 3025 338 3077 eam,
369 3010 596 3080 adjecto
626 3009 796 3065 Coelio
828 3021 1041 3076 monte,
1079 3011 1381 3082 ampliavit.
1416 3012 1663 3084 Indeque
1706 3029 1818 3068 cae-

215 3099 303 3153 teri
334 3097 576 3155 diversis
597 3098 798 3153 diversi
834 3099 1176 3172 temporibus
1207 3100 1514 3172 principes,
1547 3101 1665 3172 ejus
1697 3103 1818 3156 edi-

215 3202 347 3249 tores
401 3194 489 3249 vel
523 3192 954 3264 amplificatores
1007 3193 1264 3248 extitere.
1331 3213 1355 3242 ››
1416 3193 1574 3248 Urbis
1631 3203 1815 3249 autem

217 3297 400 3344 nostrae
425 3302 639 3344 nomen
665 3288 1095 3343 Durocortorum
1127 3287 1414 3357 quondam
1442 3285 1676 3352 dictum,
1695 3287 1818 3340 Cae-

213 3379 340 3434 saris
359 3376 633 3434 astruitur
654 3376 912 3444 Historia,
937 3377 992 3430 in
1013 3391 1121 3447 qua
1145 3375 1288 3430 libro
1310 3384 1463 3430 sexto
1483 3375 1564 3430 sic
1584 3374 1819 3449 legitur:

219 3492 238 3518 ι
271 3469 509 3525 Vastatis
543 3465 885 3541 regionibus,
919 3465 1221 3521 exercitum
1262 3464 1442 3520 Caesar
1473 3464 1826 3520 Durocorto-

219 3575 326 3613 rum
355 3559 652 3613 Remorum
685 3556 920 3619 reducit,
968 3554 1321 3624 concilioque
1379 3553 1435 3606 in
1481 3569 1607 3607 eum
1643 3554 1823 3608 locum

219 3647 390 3703 Galliae
418 3646 653 3707 indicto,
688 3644 758 3698 de
790 3645 1177 3714 conjuratioue
1209 3644 1492 3699 Senonum
1536 3651 1590 3698 et
1623 3644 1830 3699 Carnu-

222 3746 323 3792 tum
350 3736 715 3809 quaestionem
764 3734 969 3789 habere
1009 3733 1274 3788 instituit.
1331 3755 1352 3783 ι
1391 3734 1635 3789 1Ethicus
1665 3735 1828 3790 etiam

223 3832 270 3884 in
302 3829 733 3901 Cosmographia
770 3829 850 3883 sic
882 3835 1153 3884 memorat
1189 3847 1201 3881 :
1241 3849 1264 3878 ι(
1321 3830 1361 3883 A
1389 3829 1703 3886 Mediolano
1733 3849 1831 3902 per

221 3921 370 3991 Alpes
400 3920 614 3976 Cottias
643 3920 909 3974 Viennam
945 3919 1009 3973 M.
1074 3919 1128 3972 Ρ.
1167 3918 1421 3975 CCCCIX.
1471 3924 1600 3978 Inde
1651 3925 1831 3979 Duro-

221 4016 513 4074 cortorum,
548 4007 614 4061 Μ.
636 4007 693 4061 Ρ.
728 4007 1082 4071 CCCXXXIII,
1103 4025 1226 4080 quae
1248 4008 1387 4064 fiunt
1410 4012 1584 4082 leuga:
1619 4012 1829 4067 CCXXI.

225 4099 396 4155 ltema
417 4102 788 4156 Durocortoro
809 4101 1144 4155 Divodorum
1167 4118 1366 4172 usque,
1391 4103 1682 4162 M.P.LXII.
1700 4107 1831 4160 Item

223 4189 323 4244 alio
361 4191 564 4244 itinere
601 4206 634 4243 a
670 4189 1045 4246 Durocortoro
1075 4191 1388 4246 Dividorum
1424 4210 1618 4264 usque,
1657 4195 1722 4249 M.
1771 4195 1828 4249 P.

226 4277 526 4333 LXXXVIII.
558 4280 690 4332 Item
707 4295 736 4332 a
760 4280 1125 4336 Durocortoro
1146 4281 1411 4335 Treveros
1430 4299 1605 4353 usque
1627 4285 1833 4353 Bagaco

225 4363 579 4424 Nervicorum
604 4367 1082 4442 Durocortoleugm
1094 4369 1264 4423 XCIX.
1285 4371 1417 4424 Item
1435 4373 1685 4444 aBagaco
1699 4374 1834 4427 Ner-

224 4453 459 4511 vicorum
480 4458 911 4512 Durocortorum
932 4458 1234 4513 Remorum
1262 4477 1462 4531 usque,
1488 4461 1553 4514 Id.
1578 4461 1634 4515 P.
1659 4462 1790 4516 LIII.

855 4586 1076 4642 CAPUT
1120 4589 1186 4644 ll.

392 4679 465 4730 De
489 4679 738 4731 amicitia
768 4681 1130 4734 Romanorum
1161 4686 1325 4750 atque
1355 4684 1649 4739 Remorum.

289 4765 511 4822 Constat
544 4769 735 4840 itaque
767 4771 1066 4826 Remorum
1098 4773 1364 4844 p0pulum
1399 4775 1604 4846 pepulo
1630 4776 1835 4830 Roma-

231 4868 418 4908 norum
455 4859 810 4914 tenacissima
843 4861 1038 4931 priscis
1083 4862 1213 4917 olim
1251 4864 1601 4933 temporibus
1631 4865 1833 4920 amici-

230 4943 302 4998 tia
323 4947 600 5014 junctum,
634 4951 936 5020 praelibatze
957 4953 1095 5008 Julii
1121 4954 1349 5010 Caesaris
1391 4957 1642 5012 Historiae
1673 4958 1835 5012 libris

227 5035 280 5096 (ι.
316 5054 350 5089 ιι
383 5041 532 5104 init.)
584 5042 688 5096 hoc
722 5043 899 5113 ipsum
944 5045 1398 5116 astipulantibus,
1436 5049 1526 5102 ubi
1584 5049 1829 5121 legitur:

234 5146 252 5172 α
286 5127 380 5189 Eo,
429 5131 643 5186 scilicet
672 5135 738 5187 ad
801 5133 943 5189 ﬁnes
992 5137 1307 5207 Belgarum,
1344 5139 1465 5209 ipso
1511 5139 1724 5195 Caesare
1767 5141 1836 5194 de

231 5212 555 5287 improviso,
617 5222 972 5295 celeriusque
1014 5225 1271 5280 omnium
1327 5228 1616 5297 Opinione,
1640 5245 1837 5300 perve-

233 5306 458 5375 niente,
514 5311 751 5378 Remos,
818 5316 1056 5384 proximi
1112 5317 1298 5372 Galliae
1347 5335 1410 5373 ex
1475 5321 1655 5387 Belgis
1709 5330 1839 5374 sunt

233 5395 457 5491 adeum
506 5400 716 5472 legatos
772 5404 969 5458 Iccium
1017 5413 1070 5460 et
1118 5405 1563 5481 Andebrogium,
1624 5409 1838 5480 primos

231 5484 466 5541 civitatis
490 5505 624 5555 suae,
659 5491 898 5557 misisse,
923 5503 979 5547 et
1000 5511 1060 5548 se
1081 5511 1292 5566 suaque
1332 5497 1523 5550 omnia
1542 5497 1843 5550 offerentes

234 5572 288 5626 in
347 5575 511 5633 fidem
563 5591 734 5653 atque
791 5584 1095 5640 amicitiam
1131 5587 1322 5656 populi
1357 5589 1583 5642 Romani
1614 5589 1841 5645 omnino

235 5667 566 5738 conjurasse,
597 5683 929 5745 paratosque
962 5692 1081 5731 esse
1115 5686 1169 5732 et
1192 5678 1414 5733 obsides
1445 5680 1597 5745 dare,
1630 5689 1688 5734 et
1717 5679 1824 5734 im-

1924 508 2169 577 terisque
2202 504 2365 558 rebus
2405 503 2619 573 juvare.
2676 500 2939 568 Reliquos
2995 511 3191 550 omnes
3237 495 3433 560 Belgas
3474 494 3529 546 in

1923 596 2093 651 armis
2123 610 2265 660 esse,
2291 593 2725 660 Germanosque,
2762 586 2857 657 qui
2884 585 3032 655 ripas
3073 583 3246 637 Rheni
3280 582 3531 637 incolunt

1922 702 2046 742 sese
2079 701 2200 739 cum
2233 683 2320 737 his
2357 681 2729 752 conjunxisse,
2795 684 3126 744 tantumque
3169 688 3290 726 esse
3338 686 3530 726 eorum

1923 778 2177 834 omnium
2211 775 2476 838 furorem,
2508 780 2666 826 utne
2715 769 3022 821 Suessones
3055 762 3304 833 quidem,
3335 761 3533 815 fratres

1922 868 2480 943 consanguineosque
2510 879 2662 928 suos,
2694 861 2787 931 qui
2816 857 3012 913 eodem
3039 857 3184 924 jure,
3210 856 3417 910 eisdem
3452 856 3531 909 le-

1921 962 2085 1032 gibus
2118 967 2364 1023 utantur,
2394 970 2680 1026 unumque
2704 951 3083 1020 magistratum
3126 967 3249 1006 cum
3301 951 3407 1005 illis
3436 952 3532 1005 ha-

1923 1053 2111 1119 beant,
2137 1051 2418 1105 deterrere
2456 1047 2761 1118 potuerint,
2817 1044 2952 1116 quin
2983 1058 3106 1096 cum
3135 1043 3220 1096 his
3250 1042 3534 1098 consenti-

1924 1148 2066 1195 rent.
2103 1161 2130 1189 υ
2168 1141 2299 1193 Item
2330 1138 2508 1204 (Ibid)
2539 1155 2550 1189 :
2577 1157 2604 1186 (ι
2628 1135 2828 1205 Caesar,
2863 1140 3152 1208 postquam
3185 1150 3381 1189 omnes
3408 1132 3532 1188 Bel-

1921 1248 2113 1304 garum
2140 1232 2327 1301 copias
2358 1230 2411 1282 in
2447 1245 2614 1282 unum
2648 1229 2825 1282 locum
2887 1237 3106 1283 coactas
3155 1228 3221 1280 ad
3253 1243 3310 1280 se
3345 1226 3532 1280 venire

1923 1326 2078 1390 vidit,
2103 1340 2288 1394 neque
2315 1323 2427 1394 jam
2461 1323 2626 1392 longe
2659 1322 2878 1388 abesse,
2905 1322 2970 1374 ab
3001 1322 3102 1385 his,
3127 1336 3266 1390 quos
3283 1320 3530 1383 miserat,

1925 1416 2375 1489 exploratoribus
2407 1423 2463 1468 et
2494 1414 2561 1467 ab
2590 1413 2771 1467 Remis
2809 1413 3090 1482 cognovit,
3149 1412 3354 1466 ﬂumen
3392 1413 3533 1465 Axo-

1924 1525 2047 1562 nam
2123 1509 2368 1576 (Aisnc),
2443 1505 2589 1576 quod
2649 1513 2731 1559 est
2777 1506 2828 1558 in
2898 1504 3161 1558 extremis
3242 1505 3533 1557 Remorum

1923 1599 2146 1662 finibus,
2215 1599 2516 1653 exercitum
2566 1597 2854 1650 traducere
2912 1594 3399 1663 niaturavitatque
3459 1593 3532 1646 ibi

1923 1700 2099 1746 castra
2149 1691 2350 1760 posuit.
2410 1690 2537 1754 Quae
2590 1705 2675 1742 res
2734 1696 2787 1741 et
2811 1689 2949 1742 latus
3006 1703 3177 1741 unum
3228 1693 3533 1739 castrorum

1924 1780 2058 1850 ripis
2080 1778 2324 1833 ﬂuminis
2353 1778 2625 1832 munitum
2658 1785 2711 1831 et
2735 1790 2858 1847 post
2883 1794 3008 1830 eum
3042 1791 3162 1846 qum
3212 1783 3392 1837 erant,
3421 1782 3535 1827 tuta

1925 1873 1993 1927 ab
2022 1873 2276 1927 hostibus
2304 1871 2592 1934 reddebat,
2641 1878 2698 1924 et
2727 1879 3068 1924 commeatus
3108 1868 3176 1921 ab
3207 1867 3406 1929 Remis,
3444 1882 3530 1919 re-

1925 1961 2202 2032 liquisque
2227 1959 2561 2025 civitatibus,
2597 1959 2799 2013 utsine
2834 1957 3077 2028 periculo
3111 1958 3176 2009 ad
3229 1972 3353 2009 eum
3398 1971 3530 2025 por-

1928 2054 2029 2108 tari
2049 2060 2299 2123 possent,
2337 2051 2630 2106 efficiebat.
2670 2051 2724 2104 ln
2769 2066 2834 2104 eo
2859 2049 3088 2103 ﬂumine
3121 2064 3262 2118 pons
3281 2056 3416 2100 erat.
3455 2045 3534 2098 lbi

1925 2143 2241 2214 praesidium
2271 2142 2521 2212 ponti,et
2541 2143 2593 2195 in
2619 2140 2790 2194 altera
2816 2147 2972 2209 parte
2996 2137 3242 2190 ﬂuminis
3271 2135 3535 2189 Titurium

1922 2235 2187 2289 Sabinum
2205 2235 2444 2304 legatum
2457 2249 2580 2288 cum
2595 2249 2687 2286 sex
2703 2226 3464 2300 cohortibusreliquit.Castra
3480 2225 3534 2278 in

1922 2328 2275 2382 altitudinem
2301 2327 2501 2398 pedum
2517 2325 2810 2380 duodecim
2829 2323 3151 2392 fossamque
3166 2320 3369 2391 pedum
3383 2326 3540 2373 octo-

1921 2416 2098 2472 decim
2133 2417 2350 2470 munire
2367 2416 2549 2484 jubet.
2573 2414 2651 2468 Al)
2679 2414 2815 2484 ipsis
2836 2413 3034 2466 castris
3051 2409 3316 2481 oppidum
3342 2409 3538 2462 Remo-

1923 2508 2312 2574 rum,nomine
2346 2509 2562 2572 Bibrax,
2605 2505 2754 2577 quod
2810 2505 3006 2558 aberat
3044 2502 3215 2556 millia
3275 2515 3536 2572 passuum

1921 2595 2224 2653 octodecim
2256 2598 2423 2667 (Orig
2456 2641 2468 2663 ,
2497 2597 2639 2665 octo)
2688 2612 2752 2650 ex
2808 2594 3028 2658 itinere,
3079 2605 3281 2665 magno
3326 2590 3539 2660 impetu

1923 2687 2101 2761 Belgae
2119 2702 2443 2758 oppugnare
2475 2692 2786 2755 coeperunt.
2821 2683 2981 2756 ZEgre
3005 2698 3071 2737 eo
3115 2682 3204 2736 die
3221 2687 3538 2735 sustentata

1921 2785 2008 2830 est
2038 2776 2315 2830 Gallorum
2347 2784 2513 2847 atque
2561 2774 2850 2847 Belgarum
2884 2771 3231 2847 Oppugnatio
3264 2771 3399 2824 haec.
3438 2769 3536 2822 Ubi

1919 2866 2274 2935 circumjecta
2325 2864 2683 2920 multitudine
2744 2863 3028 2920 hominum
3080 2861 3210 2916 totis
3237 2859 3535 2922 moenibus,

1918 2957 2170 3029 undique
2204 2959 2258 3012 in
2283 2973 2506 3012 murum
2530 2955 2744 3028 lapides
2763 2953 2870 3024 jaci
2895 2952 3036 3023 coepi
3057 2958 3212 3017 sunt,
3232 2964 3539 3019 murusque

1919 3045 2316 3101 defensoribus
2361 3047 2606 3102 nudatus
2661 3053 2766 3111 est,
2818 3041 3102 3099 testudine
3156 3042 3302 3095 facta
3363 3038 3540 3110 portis

1844 3163 1893 3231 C
1920 3135 2246 3201 succedunt,
2284 3153 2617 3206 murumque
2666 3135 2974 3198 subruunt,
3003 3132 3152 3202 quod
3189 3141 3332 3197 (ms.,
3363 3128 3538 3231 aditu)

1922 3237 2035 3282 tum
2066 3227 2225 3282 facile
2248 3227 2433 3282 fiebat.
2458 3228 2707 3299 Namque
2727 3235 2878 3282 tanta
2917 3223 3215 3280 multitudo
3245 3220 3459 3292 lapides
3477 3236 3539 3275 ac

1924 3319 2031 3373 tela
2057 3320 2448 3390 conjiciebant,
2482 3330 2540 3373 ut
2600 3320 2657 3373 in
2706 3334 2864 3372 muro
2905 3315 3251 3373 consistendi
3288 3319 3540 3386 potestas

1927 3407 2247 3461 essetnulli.
2271 3407 2402 3462 Cum
2421 3406 2587 3462 finem
2611 3405 2972 3479 oppugnandi
2993 3423 3097 3461 nox
3114 3403 3541 3469 fecisset,lccius

1929 3495 2152 3560 Remus,
2177 3512 2392 3549 summa
2424 3495 2717 3550 nobilitate
2746 3504 2802 3549 et
2859 3496 3035 3568 gratia
3085 3497 3226 3548 inter
3255 3509 3407 3554 suos,
3443 3490 3537 3561 qui

1931 3594 2042 3640 tum
2063 3584 2265 3657 oppido
2295 3586 2607 3656 praefuerat,
2643 3601 2788 3639 unus
2836 3601 2903 3638 ex
2943 3585 3049 3648 his,
3103 3583 3196 3655 qui
3249 3582 3411 3658 legati
3473 3579 3542 3635 de

1931 3695 2062 3749 pace
2091 3680 2158 3732 ad
2189 3680 2458 3734 Caesarem
2489 3686 2781 3742 venerant,
2817 3677 3074 3731 nuntium
3102 3675 3169 3729 ad
3193 3691 3319 3729 eum
3354 3672 3540 3738 mittit,

1931 3769 2036 3822 nisi
2063 3770 2377 3824 subsidium
2407 3769 2512 3822 sibi
2537 3769 2804 3827 mittatur.
2840 3781 2960 3819 sese
3000 3764 3210 3818 diutius
3264 3763 3543 3817 sustinere

1935 3876 2045 3914 non
2072 3877 2251 3930 posse.
2291 3861 2362 3914 Eo
2382 3859 2449 3913 de
2483 3857 2661 3914 media
2685 3866 2847 3912 nocte
2868 3855 3067 3915 Ctesar,
3093 3852 3286 3906 iisdem
3308 3851 3543 3906 ducibus

1935 3967 2086 4012 usus,
2107 3952 2198 4021 qui
2222 3950 2397 4005 nuntii
2421 3949 2489 4004 ab
2520 3949 2659 4003 Iccio
2684 3955 2966 4011 venerant,
3021 3942 3284 3996 Numidas
3339 3950 3391 3994 et
3421 3939 3544 3994 Cre-

1935 4051 2020 4096 tas
2039 4043 2350 4115 sagittarios
2374 4052 2428 4098 et
2458 4042 2765 4097 funditores
2812 4039 3063 4093 Baleares
3092 4034 3344 4089 subsidio
3379 4032 3543 4102 Oppi-

1934 4131 2096 4186 danis
2128 4133 2309 4188 mittit.
2343 4133 2585 4197 Quorum
2639 4131 2883 4184 adventu
2916 4134 2969 4180 et
3031 4123 3213 4179 Remis
3263 4138 3393 4176 cum
3447 4137 3545 4190 spe

1936 4221 2279 4276 defensionis
2301 4221 2545 4274 studium
2579 4216 2970 4290 propugnandi
3003 4213 3253 4278 accessit,
3288 4221 3344 4264 et
3376 4211 3548 4265 hosti-

1937 4315 2041 4367 bus
2062 4312 2256 4366 eadem
2279 4313 2346 4365 de
2389 4329 2557 4367 causa
2581 4327 2709 4383 spes
2754 4307 3007 4380 potiundi
3047 4303 3236 4377 Oppidi
3269 4302 3542 4358 discessit.

1938 4405 2125 4474 Itaque
2156 4403 2438 4474 paulisper
2473 4398 2620 4472 apud
2675 4398 2940 4470 oppidum
2998 4393 3217 4459 morati,
3269 4406 3543 4465 agrosque

1799 4483 1822 4512 ’³
1857 4485 1913 4553 D
1941 4494 2238 4547 Remorum
2300 4489 2645 4561 depOpulati,
2678 4485 2938 4542 omnibus
2972 4484 3130 4548 vicis,
3161 4479 3545 4549 aedificiisque,

1933 4601 2044 4655 quo
2073 4583 2225 4637 adire
2249 4587 2527 4652 poterant,
2564 4575 2821 4640 incensis,
2852 4573 2918 4628 ad
2950 4583 3132 4628 castra
3162 4569 3389 4625 Caesaris
3418 4584 3545 4623 om-

1937 4679 2103 4733 nibus
2135 4676 2310 4748 copiis
2350 4673 2779 4738 contenderunt,
2814 4681 2868 4726 et
2897 4689 2928 4726 a
2980 4671 3228 4727 millibus
3280 4685 3546 4741 passuum

1938 4771 2120 4824 minus
2149 4767 2366 4822 duabus
2395 4777 2573 4822 castra
2606 4776 2931 4838 posuerunt.
2969 4788 2993 4816 »
3069 4767 3134 4820 Et
3167 4776 3288 4838 post
3329 4781 3506 4836 pauca
3533 4781 3545 4817 :

1940 4887 1962 4914 ς(
2002 4865 2195 4917 Hostes
2218 4863 2469 4934 protinus
2494 4880 2557 4916 ex
2575 4877 2640 4917 eo
2671 4862 2792 4917 loco
2810 4860 2877 4916 ad
2898 4861 3101 4917 ﬂumen
3124 4863 3384 4918 Axonam
3409 4877 3546 4916 con-

1938 4957 2257 5021 tenderunt,
2292 4955 2442 5028 quod
2470 4973 2592 5012 esse
2609 4958 2769 5012 ctiam
2805 4967 2930 5028 post
2978 4968 3169 5014 nostra
3218 4967 3400 5014 castra
3451 4956 3551 5010 de.-

1939 5054 2306 5103 moustratum
2341 5056 2440 5102 est.
2468 5047 2549 5102 Ibi
2577 5047 2732 5102 vadis
2762 5050 3016 5118 repertis,
3034 5055 3242 5120 partem
3265 5048 3550 5121 capiarum

1937 5155 2159 5194 suarum
2193 5137 2549 5192 transducere
2579 5141 2764 5194 conati
2794 5148 2942 5206 sunt,
2975 5155 3041 5194 eo
3069 5139 3318 5204 consilio,
3365 5149 3445 5202 ut,
3505 5139 3552 5192 si

1940 5241 2191 5303 possent,
2221 5230 2533 5295 castellum,
2592 5230 2680 5285 cui
2739 5241 2972 5302 praeerat
3023 5231 3261 5295 Quintus
3312 5229 3554 5285 Titurius

1941 5324 2566 5396 legatus,expugnarent
2584 5331 2922 5395 pontemque
2938 5321 3336 5377 interciderent
3357 5323 3550 5392 (Orig,

1944 5413 2093 5466 inter
2120 5410 2477 5470 scinderent).
2505 5413 2557 5466 Si
2589 5413 2772 5466 minus
2793 5413 3103 5483 potuissent
3138 5427 3298 5485 agros
3345 5412 3550 5466 Remo-

1944 5519 2063 5558 rum
2095 5503 2511 5575 popularentur,
2539 5505 2632 5576 qui
2657 5521 2856 5578 magno
2880 5504 3042 5559 nobis
3071 5504 3190 5558 usui
3229 5503 3296 5558 ad
3338 5504 3550 5559 bellum

1943 5593 2244 5664 gerendum
2263 5600 2911 5666 erant,commeatusque
2934 5601 3157 5649 nostros
3177 5593 3552 5648 sustinebant.

1945 5681 2142 5749 Caesar,
2165 5683 2366 5740 certior
2392 5682 2621 5739 factusa
2670 5683 2902 5750 Titurio,
2958 5698 3178 5739 omnem
3231 5683 3554 5752 aequitatem
