3970 6212
454 292 522 347 27

1564 291 1926 347 FLODOARDI
1970 290 2274 347 CANONICI
2314 290 2640 346 REMENSIS
3679 290 3741 345 28

455 432 582 469 num
616 414 970 477 Sonnacium,
1005 414 1290 484 epistolam
1324 414 1545 487 Adelagi
1575 414 1643 469 ad
1675 413 2059 479 Flodoardum,
2090 420 2136 486 Α
2164 413 2262 479 Qui
2292 420 2345 468 et
2374 413 2418 467 si
2451 428 2627 484 usque
2654 412 2721 466 ad
2754 409 3275 482 quinquagesimum
3306 416 3552 480 quartum
3583 410 3744 464 archi-

453 512 505 555 et
535 502 798 556 nonnulla
820 502 925 555 alia
958 502 1026 555 de
1051 519 1240 556 eorum
1263 502 1577 556 testimonia
1619 502 1767 555 Juvit
1799 509 2064 572 praeterea

454 594 736 665 catalogus
762 593 829 647 ad
861 595 1066 648 calcem
1104 594 1435 664 exemplaris
1468 593 1717 648 ecclesiae
1740 594 2065 664 metrOpoli-

457 694 596 739 lanae
646 687 701 739 Β.
756 685 934 740 Mariae
992 685 1278 740 Retnensis
1318 686 1535 739 diversa
1567 702 1730 740 manu
1764 686 2055 757 ascriptus.

460 853 825 861 -——___—-.._..-_

2166 504 2487 575 episcopum
2508 518 2618 557 non
2644 501 2849 554 habeat
2872 499 2976 554 nisi
2999 500 3145 553 nuda
3173 498 3412 564 nomina,
3442 498 3497 551 in
3524 515 3745 570 sequen-

2165 594 2313 649 tibus
2345 601 2430 648 est
2456 591 2753 663 copiosior.

1400 1000 2097 1090 PROLOGUS
2176 1000 2847 1090 AUCTORIS

1812 1186 1891 1225 AD
1939 1185 1995 1226 Β.
2046 1184 2405 1227 EPISCOPL'M.

532 1432 762 1486 Domino
793 1433 1121 1497 venerabili,
1154 1441 1206 1487 et
1235 1433 1287 1486 in
1341 1432 1536 1488 Christi
1570 1435 1836 1489 charttate
1866 1436 2064 1490 admo-

2170 1436 2377 1491 nimum
2397 1436 2453 1491 in
2482 1438 2826 1492 correctione
2858 1452 3105 1490 meorum
3137 1444 3313 1490 terere
3332 1451 3513 1490 moras
3540 1451 3752 1506 Opuscu-

459 1526 586 1577 dum
620 1524 1176 1597 diligibili,pr2eclaro
1208 1526 1425 1596 praesuli
1455 1527 1513 1580 R.
1543 1526 1911 1591 FLODOARDUS,
1936 1536 2066 1583 tan-
2095 1542 2145 1608 Β
2169 1526 2366 1591 lorum,
2400 1543 2524 1581 cum
2558 1535 2801 1580 veterum
2835 1524 3085 1580 nonnulli
3144 1525 3474 1594 scriptorum
3516 1526 3676 1596 magis
3702 1525 3748 1578 in

460 1622 525 1665 tat
554 1613 916 1686 benignitatis
957 1614 1209 1680 famulus,
1256 1631 1448 1669 omnes
1479 1626 1789 1670 sanctarum
1808 1617 2069 1672 virtutum

464 1701 517 1754 in
548 1702 761 1756 Christo
791 1703 1073 1774 gaudium.

532 1789 891 1845 Creberrimis
958 1792 1398 1847 admonitionum
1471 1802 1771 1848 vestrarum
1829 1795 2069 1849 stimulis

470 1879 786 1951 instigatus,
820 1881 1071 1935 discusso
1104 1882 1321 1934 tandem
1356 1882 1584 1936 desidiae
1618 1883 1936 1956 pigritantis
1959 1892 2069 1938 tor-

466 1971 971 2043 pore,abjectisque
990 1973 1328 2027 diversarum
1343 1991 1595 2028 curarum
1610 1975 2071 2044 occupationibus

465 2063 651 2134 relego
681 2063 945 2118 ferventis
974 2066 1141 2118 studii
1187 2066 1351 2119 vestri
1406 2066 1643 2120 solertia:
1675 2065 2067 2137 quadrifidam,

464 2152 630 2205 nostri
659 2151 862 2206 laboris
899 2169 1039 2221 opus
1083 2154 1455 2225 undecunque
1487 2154 1798 2219 collectum,
1832 2165 1887 2209 et
1915 2156 2071 2226 capi-

466 2245 701 2309 tulatim,
732 2253 893 2315 prout
917 2246 1115 2313 jubere
1143 2247 1352 2317 dignati
1382 2247 1536 2311 estis,
1592 2246 1941 2317 dispositum,
1972 2263 2073 2303 no-

463 2350 590 2393 stra:
619 2339 832 2395 scilicet
863 2338 1118 2393 Ecclesiae
1151 2338 1436 2392 Remensis
1468 2338 1815 2394 historiarum
1847 2339 2067 2395 librum.

463 2432 612 2485 lrlaud
649 2431 833 2485 mirari
862 2432 946 2485 vel
980 2448 1216 2502 cumque
1245 2430 1792 2500 potenssanctitatem
1819 2430 2073 2485 culminis

463 2525 629 2577 vestri
658 2541 828 2595 super
881 2525 982 2578 hac
1037 2523 1497 2578 rememoratione
1554 2522 1809 2593 obsequii
1868 2523 2065 2586 nostri,

463 2618 654 2680 utpote
687 2612 922 2666 diversis
961 2612 1424 2683 occupationibus
1477 2611 1790 2682 praepediti,
1848 2612 2068 2666 hiemali

462 2718 683 2773 quoque
707 2704 953 2774 glacialis
980 2703 1105 2777 gelu
1140 2703 1338 2777 rigoris
1359 2703 2071 2769 obstricti,charaxalorum

471 2795 698 2863 insuper
736 2794 1044 2866 indigentia
1065 2795 1346 2849 coarctati.
1392 2795 1579 2866 Neque
1608 2795 1827 2857 mirum,
1863 2812 1950 2849 me
1975 2796 2074 2849 mi-

2172 1616 2555 1670 retractatione
2591 1631 2841 1685 suorum,
2899 1630 3063 1685 quam
3113 1613 3474 1668 meditatione
3505 1614 3748 1668 demorati

2173 1708 2418 1762 ferantur
2448 1707 2703 1762 liborum.
2737 1707 2844 1761 Sed
2900 1722 3002 1761 nec
3048 1706 3231 1761 adhuc
3278 1722 3474 1761 omnes
3524 1707 3586 1761 ad
3640 1723 3748 1777 per-

2171 1800 2372 1854 fectum
2412 1815 2499 1853 me
2554 1808 2686 1869 puto
2741 1798 3056 1853 eliminasse
3112 1798 3392 1862 mendas;
3451 1807 3503 1852 et.
3552 1798 3594 1852 si
3647 1814 3751 1869 quae

2170 1891 2520 1961 reperientur
2550 1890 2837 1960 scriptoris
2864 1890 3003 1945 forte
3049 1889 3203 1955 vitia,
3266 1890 3550 1944 industria:
3585 1899 3754 1945 vestra:

2172 1991 2435 2054 poterunt
2481 1981 3036 2054 expurgarisagacia.
3086 1981 3202 2036 Non
3235 1981 3387 2036 enim
3434 1998 3519 2036 me
3558 1981 3625 2036 ita
3649 1997 3757 2051 per-

2174 2072 2374 2127 fectum
2409 2087 2535 2126 reor
2562 2070 2630 2125 ad
2656 2087 2896 2143 unguem
2918 2070 3031 2125 fore
3058 2077 3540 2141 perscrutatorem,
3564 2077 3617 2126 ut
3636 2069 3757 2123 ferre

2174 2164 2343 2219 nolim
2377 2168 2421 2218 si
2452 2180 2614 2235 quem
2643 2163 3126 2235 diligentioremin
3159 2162 3515 2217 eliminandis
3533 2161 3756 2216 vitiisiu-

2173 2272 2377 2311 venero
2434 2262 2824 2310 correctorem.
2885 2254 3057 2327 Igitur
3085 2253 3215 2326 quia
3254 2253 3557 2309 sanctitatis
3588 2262 3756 2307 vestrm

2173 2343 2319 2398 circa
2365 2344 2668 2399 tantitatem
2720 2350 2907 2398 nostra
2955 2342 3177 2413 profusa
3213 2344 3438 2398 videtur
3457 2342 3756 2396 exuberasse

2173 2435 2417 2501 dilectio,
2452 2437 2599 2490 hunc
2627 2435 2793 2490 studii
2843 2434 3014 2490 nostri
3044 2435 3302 2503 fructum,
3367 2435 3524 2490 vestri
3552 2435 3753 2508 dignum

2171 2526 2298 2581 duxi
2332 2527 2618 2582 tutaminis
2640 2527 2895 2601 delegare
2913 2527 3243 2598 patrocinio,
3277 2534 3340 2582 ut
3371 2542 3490 2599 qua:
3539 2544 3567 2580 a
3594 2532 3754 2580 nostra

2171 2622 2299 2668 sunt
2330 2615 2475 2669 dicta
2505 2616 2560 2669 in
2595 2616 2841 2669 tenebris
2886 2615 3215 2680 humilitate,
3249 2614 3320 2669 ab
3381 2613 3646 2670 industria:
3670 2627 3754 2667 vc-

2174 2713 2299 2760 strze
2332 2707 2672 2762 sublimitate
2695 2708 2949 2762 dicantur
2970 2707 3027 2761 in
3057 2707 3284 2762 lumine.

1625 3137 2026 3225 LIBER
2118 3138 2617 3228 PRIMUS

1005 3454 1214 3509 CAPUT
1244 3456 1519 3511 PRIMUM.

802 3570 876 3621 De
914 3570 1218 3623 conditione
1270 3571 1420 3625 urbis
1467 3574 1757 3626 Remensis.

547 3676 695 3731 Fidei
727 3685 928 3732 nostra:
987 3679 1312 3733 fundamina
1368 3681 1706 3750 proditurus,
1761 3699 1823 3737 ac
1883 3692 2084 3740 nostra;

473 3764 659 3818 Patres
697 3766 954 3820 Ecclesiae
1011 3775 1395 3835 meinoratrus,
1445 3770 1711 3824 mcenium
1770 3779 2082 3827 nostrorum

471 3852 742 3909 locatores
781 3854 865 3907 vel
897 3854 1258 3910 instructores
1310 3858 1642 3929 exquisisse,
1702 3876 1811 3915 non
1870 3862 1937 3914 ad
1965 3879 2079 3916 rem

468 3943 606 3996 adeo
639 3944 914 4012 pertinere
964 3945 1264 4009 videbitur,
1299 3962 1422 4001 cum
1482 3946 1588 4018 ipsi
1635 3948 1827 4003 salutis
1859 3958 2078 4005 aeternae

470 4030 546 4083 nil
580 4032 741 4085 nobis
788 4034 1113 4103 contulisse,
1161 4035 1411 4106 quinimo
1464 4037 1669 4091 erroris
1715 4037 1800 4092 sui
1847 4040 2077 4114 vestigia

468 4120 748 4190 lapidibus
779 4122 1053 4195 insculpta
1109 4126 1402 4197 reliquisse
1441 4127 1765 4182 doceantur.
1825 4130 1899 4183 De
1923 4129 2078 4185 urbis

471 4227 708 4283 namque
737 4220 937 4269 nostrae
963 4214 1274 4271 fundatore.
1302 4234 1371 4272 eu
1405 4218 1647 4272 nominis
1671 4218 1933 4285 inditore,
1965 4236 2076 4275 non

469 4304 863 4361 omnimodisa
915 4308 1080 4364 nobis
1131 4310 1491 4382 approbanda
1543 4312 1763 4385 vulgata
1821 4319 2080 4368 censetur

472 4395 687 4465 opinio,
718 4414 842 4470 quae
865 4400 1091 4457 Remum
1117 4403 1595 4462 Romulifratrem.
1647 4404 1885 4459 civitatis
1915 4405 2077 4474 hujus

476 4483 846 4543 institutorem
871 4506 935 4546 ac
956 4493 1200 4548 nominis
1240 4494 1404 4548 tradit
1449 4502 1758 4559 auctorem,
1785 4510 1911 4547 cum
1942 4494 2077 4549 urbe

476 4573 642 4629 ltoma
671 4577 909 4649 geminis
946 4581 1288 4645 auctoribus,
1327 4581 1557 4636 Romulo
1590 4582 1870 4651 Remoque
1892 4622 1906 4644 ,
1938 4582 2068 4636 fun-

470 4667 613 4735 data,
648 4669 830 4724 fratris
851 4672 1122 4726 militibus
1146 4673 1371 4725 Remum
1396 4671 1562 4726 certis
1582 4671 1918 4742 accipiamus
1936 4675 2072 4728 scri-

474 4760 744 4826 ptoribus,
775 4761 1145 4827 interfectum;
1169 4777 1272 4815 nec
1296 4761 1449 4814 illum
1481 4761 1633 4831 prius
1655 4778 1684 4814 a
1708 4761 1869 4816 fratre
1895 4779 2077 4819 reces-

2105 3466 2154 3534 C
2186 3480 2322 3535 fore.
2382 3482 2680 3537 Intervenit
2733 3484 2936 3538 deinde
2989 3484 3074 3539 his
3118 3485 3543 3559 cogitationibus
3586 3486 3761 3540 avitum

2184 3571 2410 3636 malum,
2446 3572 2601 3644 regni
2628 3562 2853 3643 cupido,
2886 3581 3049 3645 atque
3080 3575 3207 3629 inde
3273 3574 3482 3631 foedum
3513 3585 3762 3631 certamen

2183 3672 2429 3719 coortum
2455 3682 2484 3718 a
2519 3666 2651 3720 satis
2686 3667 2801 3729 miti
2838 3669 3127 3740 principio.
3164 3671 3431 3735 Quoniam
3463 3669 3655 3746 gemini
3689 3684 3763 3721 es-

2184 3765 2325 3824 sent,
2360 3775 2463 3813 nec
2489 3759 2669 3814 aetatis
2699 3762 3033 3817 verecundia
3058 3762 3358 3818 discrimen
3410 3763 3582 3818 facere
3604 3766 3763 3831 posset

2183 3857 2241 3902 nt
2263 3849 2361 3914 dii,
2389 3866 2620 3921 quorum
2654 3852 2840 3906 tutelae
2866 3868 2930 3905 ea
2960 3853 3075 3907 loca
3103 3861 3308 3917 essent,
3368 3852 3602 3926 auguriis
3627 3851 3756 3921 lege-

2185 3950 2304 3995 rent
2327 3942 2420 4012 qui
2444 3959 2645 3998 nomen
2674 3959 2826 3999 novze
2860 3944 2983 3999 urbi
3003 3946 3181 4010 daret,
3201 3945 3293 4016 qui
3311 3945 3582 4000 conditam
3606 3942 3757 4011 impe-

2180 4031 2261 4086 rio
2298 4043 2468 4105 reget,
2532 4033 2832 4087 Palatinum
2885 4034 3168 4099 Romulus,
3226 4034 3433 4088 Remus
3459 4032 3750 4086 Aventinum

2178 4121 2246 4175 ad
2276 4122 2710 4194 inaugurandum
2742 4123 2945 4193 templa
2976 4124 3220 4194 capiunt.
3254 4123 3428 4179 Priori
3462 4122 3621 4176 Remo
3665 4131 3751 4169 au-

2178 4213 2395 4287 gurium
2430 4213 2646 4267 venisse
2677 4214 2848 4269 fertur
2869 4232 2961 4270 sex
2992 4216 3256 4271 vultures:
3279 4215 3506 4286 jamque
3537 4209 3755 4266 nuntiato

2180 4305 2435 4377 augurio,
2466 4321 2587 4360 cum
2603 4305 2805 4376 duplex
2833 4322 3094 4361 numerus
3106 4306 3339 4362 Romulo
3356 4322 3415 4361 se
3432 4301 3751 4360 ostendisset.

2180 4406 2476 4468 utrumque
2498 4414 2683 4473 regem
2715 4414 2816 4451 sua
2845 4398 3136 4454 multitudo
3167 4399 3601 4454 consalutaverat
3634 4400 3751 4446 tem-

2182 4505 2316 4561 pore
2348 4489 2425 4544 illi
2450 4496 2751 4561 praecepto:
2776 4497 2830 4544 at
2862 4490 2917 4543 hi
2951 4507 3180 4545 numero
3208 4490 3391 4544 avium
3426 4502 3640 4563 regnum
3662 4491 3754 4535 tra-

2181 4582 2406 4638 hebant.
2443 4582 2575 4637 lnde
2599 4598 2720 4636 cum
2740 4582 3100 4638 altercatione
3115 4583 3394 4659 congressi
3443 4598 3473 4635 a
3494 4574 3755 4635 certamine

2177 4674 2379 4728 irarum
2411 4673 2477 4727 ad
2509 4673 2713 4728 caedem
2746 4679 3050 4727 vertuntur.
3082 4671 3165 4726 lbi
3196 4672 3252 4726 in
3287 4670 3446 4725 turba
3485 4671 3619 4725 ictus
3668 4663 3755 4715 Rc-

2180 4778 2301 4816 mus
2330 4762 2533 4816 cecidit
2585 4761 2868 4831 angatior
2897 4771 3079 4816 autem
3107 4759 3249 4814 fama
3278 4767 3381 4825 est,
3405 4755 3633 4813 ludibrio
3663 4750 3754 4805 fra-

472 4848 633 4914 sisse,
666 4851 795 4904 dum
828 4866 937 4904 uno
968 4857 1127 4919 partu
1161 4848 1313 4916 editi,
1336 4858 1390 4903 et
1420 4848 2077 4921 interpastoreseducati,
2102 4840 2156 4908 D
2182 4851 2281 4905 tris
2312 4851 2540 4905 Remum
2575 4866 2747 4906 novos
2771 4851 3115 4905 transiluisse
3156 4865 3361 4904 muros.
3395 4848 3525 4903 lude
3553 4845 3616 4899 ab
3642 4843 3755 4895 irato

473 4944 881 5015 latrociniisque
913 4944 1310 5010 dediti,urbem
1342 4945 1692 5001 constituisse
1714 4947 2079 5018 reperiantur;

474 5043 701 5105 ortaque
732 5032 1008 5087 simultate
1037 5050 1100 5088 ac
1145 5034 1314 5089 Remo
1340 5034 1505 5089 fratre
1529 5035 1838 5101 interfecto,
1877 5037 2080 5092 civitati

478 5125 741 5180 Romulus
764 5141 829 5180 ex
851 5126 1073 5182 nomine
1093 5143 1195 5183 suo
1220 5143 1420 5183 nomen
1445 5128 1662 5184 dedisse
1686 5129 1918 5203 legatur.
1948 5130 2078 5184 Nam

476 5224 535 5270 ut
564 5216 669 5271 Titi
702 5216 834 5271 Livii
864 5218 1046 5275 verbis
1074 5228 1293 5276 utamur
1324 5222 1537 5288 (decad.
1572 5222 1614 5287 l,
1645 5223 1737 5276 lib.
1776 5226 1813 5286 ι)
1901 5241 1924 5271 α
1970 5222 2083 5276 Νυ-

477 5308 658 5364 mitori
714 5310 923 5367 Albana
980 5313 1245 5384 permissa
1276 5330 1357 5381 re,
1410 5314 1701 5368 Romulum
1737 5314 2081 5385 Remumque

475 5400 678 5471 cupido
708 5401 873 5473 cepit,
898 5403 954 5457 in
988 5403 1073 5458 his
1102 5403 1236 5459 locis
1261 5402 1605 5475 ubiexpositi
1629 5404 1835 5475 ubique
1864 5403 2081 5457 educati

472 5498 649 5555 erant,
674 5491 825 5545 urbis
852 5492 1178 5561 condendae,
1204 5500 1258 5547 et
1282 5500 1572 5563 supererat
1593 5490 1890 5545 multitudo
1922 5490 2084 5544 Alba-

478 5596 674 5639 norum
706 5584 1167 5655 Latinorumque;
1202 5584 1270 5639 ad
1300 5584 1352 5639 id
1378 5592 1622 5654 pastores
1653 5598 1871 5653 quoque
1894 5598 2083 5636 acces-

473 5686 676 5744 serant,
709 5678 802 5749 qui
836 5692 1030 5732 omnes
1058 5675 1214 5730 facile
1245 5692 1401 5746 spem
1433 5675 1699 5739 facerent,
1744 5690 1964 5743 parvam
1994 5672 2084 5726 Al-

473 5767 621 5838 bam,
642 5753 875 5842 parvum
899 5768 1320 5838 Lavinium,pra‘.
1336 5785 1401 5822 ea
1429 5765 1566 5820 urbe
1581 5781 1703 5834 quae
1726 5766 2079 5827 conderetur,

2186 4944 2415 4999 Romulo
2439 4948 2587 5010 (cum
2620 4943 2803 4997 verbis
2833 4959 3055 5014 quoque
3088 4927 3427 5012 increpitans
3447 4936 3715 5007 adjecisset
3743 4943 3756 4978 ε

2184 5034 2272 5087 Sic
2301 5034 2527 5100 deinde,
2563 5035 2884 5106 quicunque
2916 5034 3057 5088 alius
3099 5033 3373 5089 transiliet
3416 5046 3535 5085 mea
3565 5022 3755 5082 moenia?

2182 5123 2553 5178 interfectum.
2592 5124 2669 5176 lta
2690 5123 2839 5177 solus
2872 5130 3075 5193 potitus
3104 5121 3337 5193 imperio
3359 5118 3631 5179 Romulus,
3647 5124 3757 5166 0οη·

2183 5217 2297 5271 dita
2325 5217 2458 5270 urbs
2485 5215 2791 5271 conditoris
2820 5215 3042 5270 nomine
3070 5213 3347 5285 appellata
3401 5232 3426 5258 η
3480 5209 3551 5262 lta
3581 5201 3754 5258 Livius.

2186 5309 2535 5363 Probabilius
2576 5323 2709 5382 ergo
2732 5306 3133 5376 videtur,quod
3166 5320 3193 5357 a
3227 5301 3493 5357 militibus
3522 5292 3661 5351 Remi
3678 5304 3759 5360 pa-

2186 5402 2287 5456 tria
2320 5401 2568 5475 profugis
2595 5401 2728 5455 urbs
2749 5409 2931 5454 nostra
2953 5397 3191 5454 condita.
3217 5394 3297 5450 vel
3336 5393 3616 5481 Remorum
3644 5393 3759 5481 gens

2185 5490 2433 5544 instituta
2457 5498 2695 5560 putatur,
2730 5505 2852 5543 cum
2902 5498 2957 5542 et
2984 5486 3189 5542 moenia
3240 5480 3499 5539 Romanis
3523 5480 3758 5567 ausptctls

2188 5581 2473 5654 insignita,
2504 5591 2559 5636 et
2605 5581 2808 5637 editior
2839 5588 2995 5652 porta
3039 5577 3221 5634 Martis
3272 5576 3524 5629 Romanae
3575 5564 3756 5630 stirpis,

2184 5679 2434 5731 veterum
2467 5672 2755 5743 Opinione,
2789 5671 3173 5747 propagatoris
3197 5686 3260 5724 ex
3284 5665 3506 5720 nomine
3532 5655 3758 5713 vocitata.

2187 5761 2427 5833 priscum
2461 5761 2527 5815 ad
2561 5762 2677 5816 haec
2704 5778 2924 5831 quoque
2955 5768 3137 5815 nostra
3191 5768 3494 5828 cognomen
3539 5754 3756 5802 reserva-
