  <div class='ocr_page' id='page_1' title='image "/cluster/home/n/w/nwhite01/storage/ocr_20150623/134-135/uva.x000829784/588.png"; bbox 0 0 3970 6212; ppageno 0'>
   <div class='ocr_carea' id='block_1_1' title="bbox 188 262 3526 342">
    <p class='ocr_par' dir='ltr' id='par_1_1' title="bbox 188 262 3526 342">
     <span class='ocr_line' id='line_1_1' title="bbox 188 262 3526 342; baseline -0.007 -2"><span class='ocrx_word' id='word_1_1' title='bbox 188 287 256 341; x_wconf 75' lang='lat'><strong>‘29</strong></span> <span class='ocrx_word' id='word_1_2' title='bbox 872 281 1196 336; x_wconf 61' lang='lat' dir='ltr'><strong>IIISTORIIE</strong></span> <span class='ocrx_word' id='word_1_3' title='bbox 1239 281 1572 336; x_wconf 66' lang='lat' dir='ltr'><strong>ECCLESIA‘I</strong></span> <span class='ocrx_word' id='word_1_4' title='bbox 1614 280 1940 336; x_wconf 80' lang='lat' dir='ltr'><strong>REMENSIS</strong></span> <span class='ocrx_word' id='word_1_5' title='bbox 1981 279 2156 334; x_wconf 81' lang='lat' dir='ltr'><strong>LIBRI</strong></span> <span class='ocrx_word' id='word_1_6' title='bbox 2196 275 2613 342; x_wconf 78' lang='lat' dir='ltr'><strong>QUATUOR.—</strong></span> <span class='ocrx_word' id='word_1_7' title='bbox 2655 273 2775 326; x_wconf 85' lang='lat' dir='ltr'><strong>LIB.</strong></span> <span class='ocrx_word' id='word_1_8' title='bbox 2821 272 2858 324; x_wconf 93' lang='lat' dir='ltr'><strong>l.</strong></span> <span class='ocrx_word' id='word_1_9' title='bbox 3456 262 3526 319; x_wconf 89' lang='grc'><strong>30</strong></span> 
     </span>
    </p>
   </div>
   <div class='ocr_carea' id='block_1_2' title="bbox 191 393 3524 497">
    <p class='ocr_par' dir='ltr' id='par_1_2' title="bbox 191 393 3524 497">
     <span class='ocr_line' id='line_1_2' title="bbox 191 393 3524 497; baseline -0.007 -29"><span class='ocrx_word' id='word_1_10' title='bbox 191 413 330 468; x_wconf 89' lang='lat' dir='ltr'><strong>verit</strong></span> <span class='ocrx_word' id='word_1_11' title='bbox 358 420 636 481; x_wconf 88' lang='lat' dir='ltr'><strong>tempora.</strong></span> <span class='ocrx_word' id='word_1_12' title='bbox 669 410 835 479; x_wconf 88' lang='lat' dir='ltr'><strong>Cujus</strong></span> <span class='ocrx_word' id='word_1_13' title='bbox 857 411 1020 465; x_wconf 88' lang='lat' dir='ltr'><strong>etiam</strong></span> <span class='ocrx_word' id='word_1_14' title='bbox 1082 411 1375 477; x_wconf 90' lang='lat' dir='ltr'><strong>fornicem,</strong></span> <span class='ocrx_word' id='word_1_15' title='bbox 1409 409 1812 481; x_wconf 74' lang='lat' dir='ltr'><strong>prodeuntibus</strong></span> <span class='ocrx_word' id='word_1_16' title='bbox 1839 430 1888 497; x_wconf 71' lang='grc' dir='ltr'>Α</span> <span class='ocrx_word' id='word_1_17' title='bbox 1920 418 2111 483; x_wconf 85' lang='lat' dir='ltr'><strong>perata</strong></span> <span class='ocrx_word' id='word_1_18' title='bbox 2142 409 2344 471; x_wconf 88' lang='lat' dir='ltr'><strong>facere,</strong></span> <span class='ocrx_word' id='word_1_19' title='bbox 2376 414 2430 461; x_wconf 90' lang='lat' dir='ltr'><strong>et</strong></span> <span class='ocrx_word' id='word_1_20' title='bbox 2461 402 2685 475; x_wconf 86' lang='lat' dir='ltr'><strong>Oppidis</strong></span> <span class='ocrx_word' id='word_1_21' title='bbox 2708 400 2980 470; x_wconf 91' lang='lat' dir='ltr'><strong>recipere,</strong></span> <span class='ocrx_word' id='word_1_22' title='bbox 3016 403 3072 450; x_wconf 91' lang='lat' dir='ltr'><strong>et</strong></span> <span class='ocrx_word' id='word_1_23' title='bbox 3103 393 3385 497; x_wconf 49' lang='lat' dir='ltr'><strong>frumnento</strong></span> <span class='ocrx_word' id='word_1_24' title='bbox 3417 408 3524 493; x_wconf 57' lang='lat' dir='ltr'><strong>cm-</strong></span> 
     </span>
    </p>
   </div>
   <div class='ocr_carea' id='block_1_3' title="bbox 203 503 1812 575">
    <p class='ocr_par' dir='ltr' id='par_1_3' title="bbox 203 503 1812 575">
     <span class='ocr_line' id='line_1_3' title="bbox 203 503 1812 575; baseline -0.003 -15"><span class='ocrx_word' id='word_1_25' title='bbox 203 507 506 567; x_wconf 83' lang='lat' dir='ltr'><strong>dexterum,</strong></span> <span class='ocrx_word' id='word_1_26' title='bbox 537 503 681 574; x_wconf 69' lang='lat' dir='ltr'><strong>lupae</strong></span> <span class='ocrx_word' id='word_1_27' title='bbox 709 503 878 558; x_wconf 95' lang='lat' dir='ltr'><strong>Remo</strong></span> <span class='ocrx_word' id='word_1_28' title='bbox 902 504 1251 574; x_wconf 89' lang='lat' dir='ltr'><strong>Romuloque</strong></span> <span class='ocrx_word' id='word_1_29' title='bbox 1275 504 1457 575; x_wconf 86' lang='lat' dir='ltr'><strong>parvis</strong></span> <span class='ocrx_word' id='word_1_30' title='bbox 1476 504 1646 557; x_wconf 87' lang='lat' dir='ltr'><strong>ubera</strong></span> <span class='ocrx_word' id='word_1_31' title='bbox 1668 519 1812 573; x_wconf 66' lang='lat' dir='ltr'><strong>pra:-</strong></span> 
     </span>
    </p>
   </div>
   <div class='ocr_carea' id='block_1_4' title="bbox 203 597 1816 662">
    <p class='ocr_par' dir='ltr' id='par_1_4' title="bbox 203 597 1816 662">
     <span class='ocr_line' id='line_1_4' title="bbox 203 597 1816 662; baseline -0.003 -9"><span class='ocrx_word' id='word_1_32' title='bbox 203 597 609 662; x_wconf 86' lang='lat' dir='ltr'><strong>hentistabula,</strong></span> <span class='ocrx_word' id='word_1_33' title='bbox 643 597 922 652; x_wconf 91' lang='lat' dir='ltr'><strong>cernimus</strong></span> <span class='ocrx_word' id='word_1_34' title='bbox 971 599 1317 662; x_wconf 73' lang='lat' dir='ltr'><strong>innotatum;</strong></span> <span class='ocrx_word' id='word_1_35' title='bbox 1370 597 1585 652; x_wconf 91' lang='lat' dir='ltr'><strong>medius</strong></span> <span class='ocrx_word' id='word_1_36' title='bbox 1635 605 1816 651; x_wconf 87' lang='lat' dir='ltr'><strong>autem</strong></span> 
     </span>
    </p>
   </div>
   <div class='ocr_carea' id='block_1_5' title="bbox 201 685 1813 756">
    <p class='ocr_par' dir='ltr' id='par_1_5' title="bbox 201 685 1813 756">
     <span class='ocr_line' id='line_1_5' title="bbox 201 685 1813 756; baseline -0.001 -15"><span class='ocrx_word' id='word_1_37' title='bbox 201 688 494 745; x_wconf 89' lang='lat' dir='ltr'><strong>duodecim</strong></span> <span class='ocrx_word' id='word_1_38' title='bbox 525 687 818 749; x_wconf 88' lang='lat' dir='ltr'><strong>mensium,</strong></span> <span class='ocrx_word' id='word_1_39' title='bbox 866 687 1024 753; x_wconf 84' lang='lat' dir='ltr'><strong>juxta</strong></span> <span class='ocrx_word' id='word_1_40' title='bbox 1052 685 1456 741; x_wconf 88' lang='lat' dir='ltr'><strong>Romaneorum</strong></span> <span class='ocrx_word' id='word_1_41' title='bbox 1492 685 1813 756; x_wconf 87' lang='lat' dir='ltr'><strong>dispositio-</strong></span> 
     </span>
    </p>
   </div>
   <div class='ocr_carea' id='block_1_6' title="bbox 205 776 1818 849">
    <p class='ocr_par' dir='ltr' id='par_1_6' title="bbox 205 776 1818 849">
     <span class='ocr_line' id='line_1_6' title="bbox 205 776 1818 849; baseline -0.002 -15"><span class='ocrx_word' id='word_1_42' title='bbox 205 797 344 843; x_wconf 91' lang='lat' dir='ltr'><strong>nem,</strong></span> <span class='ocrx_word' id='word_1_43' title='bbox 379 777 652 849; x_wconf 74' lang='lat' dir='ltr'><strong>panditur</strong></span> <span class='ocrx_word' id='word_1_44' title='bbox 673 776 1026 830; x_wconf 84' lang='lat' dir='ltr'><strong>ordinatione</strong></span> <span class='ocrx_word' id='word_1_45' title='bbox 1061 777 1384 848; x_wconf 90' lang='lat' dir='ltr'><strong>desculptus</strong></span> <span class='ocrx_word' id='word_1_46' title='bbox 1414 795 1430 841; x_wconf 92' lang='lat'><strong><em>;</em></strong></span> <span class='ocrx_word' id='word_1_47' title='bbox 1466 776 1680 833; x_wconf 89' lang='lat' dir='ltr'><strong>tertius.</strong></span> <span class='ocrx_word' id='word_1_48' title='bbox 1725 776 1818 847; x_wconf 88' lang='lat' dir='ltr'><strong>qui</strong></span> 
     </span>
    </p>
   </div>
   <div class='ocr_carea' id='block_1_7' title="bbox 201 866 1816 942">
    <p class='ocr_par' dir='ltr' id='par_1_7' title="bbox 201 866 1816 942">
     <span class='ocr_line' id='line_1_7' title="bbox 201 866 1816 942; baseline -0.001 -18"><span class='ocrx_word' id='word_1_49' title='bbox 201 880 251 924; x_wconf 90' lang='lat' dir='ltr'><strong>et</strong></span> <span class='ocrx_word' id='word_1_50' title='bbox 281 867 512 924; x_wconf 88' lang='lat' dir='ltr'><strong>sinister</strong></span> <span class='ocrx_word' id='word_1_51' title='bbox 539 881 842 940; x_wconf 83' lang='lat' dir='ltr'><strong>cygnorum</strong></span> <span class='ocrx_word' id='word_1_52' title='bbox 868 867 953 920; x_wconf 89' lang='lat' dir='ltr'><strong>vel</strong></span> <span class='ocrx_word' id='word_1_53' title='bbox 982 884 1239 922; x_wconf 83' lang='lat' dir='ltr'><strong>anserum</strong></span> <span class='ocrx_word' id='word_1_54' title='bbox 1267 866 1816 942; x_wconf 85' lang='lat' dir='ltr'><strong>ﬁguratusauspicio.</strong></span> 
     </span>
    </p>
   </div>
   <div class='ocr_carea' id='block_1_8' title="bbox 202 959 1818 1033">
    <p class='ocr_par' dir='ltr' id='par_1_8' title="bbox 202 959 1818 1033">
     <span class='ocr_line' id='line_1_8' title="bbox 202 959 1818 1033; baseline -0.002 -18"><span class='ocrx_word' id='word_1_55' title='bbox 202 962 385 1015; x_wconf 68' lang='lat' dir='ltr'><strong>Nautm</strong></span> <span class='ocrx_word' id='word_1_56' title='bbox 414 959 694 1030; x_wconf 83' lang='lat' dir='ltr'><strong>siquidem</strong></span> <span class='ocrx_word' id='word_1_57' title='bbox 725 975 959 1033; x_wconf 77' lang='lat' dir='ltr'><strong>cygnum</strong></span> <span class='ocrx_word' id='word_1_58' title='bbox 993 959 1195 1014; x_wconf 86' lang='lat' dir='ltr'><strong>bonam</strong></span> <span class='ocrx_word' id='word_1_59' title='bbox 1235 959 1555 1032; x_wconf 87' lang='lat' dir='ltr'><strong>prognosim</strong></span> <span class='ocrx_word' id='word_1_60' title='bbox 1582 959 1818 1029; x_wconf 88' lang='lat' dir='ltr'><strong>prodere</strong></span> 
     </span>
    </p>
   </div>
   <div class='ocr_carea' id='block_1_9' title="bbox 202 1051 893 1117">
    <p class='ocr_par' dir='ltr' id='par_1_9' title="bbox 202 1051 893 1117">
     <span class='ocr_line' id='line_1_9' title="bbox 202 1051 893 1117; baseline -0.003 -11"><span class='ocrx_word' id='word_1_61' title='bbox 202 1052 401 1117; x_wconf 88' lang='lat' dir='ltr'><strong>ferunt,</strong></span> <span class='ocrx_word' id='word_1_62' title='bbox 431 1058 493 1104; x_wconf 91' lang='lat' dir='ltr'><strong>ut</strong></span> <span class='ocrx_word' id='word_1_63' title='bbox 514 1051 590 1104; x_wconf 87' lang='lat' dir='ltr'><strong>ait</strong></span> <span class='ocrx_word' id='word_1_64' title='bbox 613 1051 893 1104; x_wconf 64' lang='lat' dir='ltr'><strong>ZEmiIius:</strong></span> 
     </span>
    </p>
   </div>
   <div class='ocr_carea' id='block_1_10' title="bbox 350 1138 1558 1202">
    <p class='ocr_par' dir='ltr' id='par_1_10' title="bbox 350 1138 1558 1202">
     <span class='ocr_line' id='line_1_10' title="bbox 350 1138 1558 1202; baseline 0 -16"><span class='ocrx_word' id='word_1_65' title='bbox 350 1140 555 1202; x_wconf 61' lang='lat' dir='ltr'><strong>Cygnus</strong></span> <span class='ocrx_word' id='word_1_66' title='bbox 583 1138 634 1187; x_wconf 91' lang='lat' dir='ltr'><strong>in</strong></span> <span class='ocrx_word' id='word_1_67' title='bbox 666 1139 904 1202; x_wconf 77' lang='lat' dir='ltr'><strong>aUSpiciis</strong></span> <span class='ocrx_word' id='word_1_68' title='bbox 924 1153 1117 1202; x_wconf 87' lang='lat' dir='ltr'><strong>semper</strong></span> <span class='ocrx_word' id='word_1_69' title='bbox 1136 1138 1419 1202; x_wconf 75' lang='lat' dir='ltr'><strong>lzetissimus</strong></span> <span class='ocrx_word' id='word_1_70' title='bbox 1442 1138 1558 1202; x_wconf 82' lang='lat' dir='ltr'><strong>ales.</strong></span> 
     </span>
    </p>
   </div>
   <div class='ocr_carea' id='block_1_11' title="bbox 352 1200 1714 1266">
    <p class='ocr_par' dir='ltr' id='par_1_11' title="bbox 352 1200 1714 1266">
     <span class='ocr_line' id='line_1_11' title="bbox 352 1200 1714 1266; baseline -0.001 -18"><span class='ocrx_word' id='word_1_71' title='bbox 352 1200 496 1250; x_wconf 87' lang='lat' dir='ltr'><strong>Hunc</strong></span> <span class='ocrx_word' id='word_1_72' title='bbox 515 1208 694 1264; x_wconf 85' lang='lat' dir='ltr'><strong>optant</strong></span> <span class='ocrx_word' id='word_1_73' title='bbox 723 1200 906 1259; x_wconf 61' lang='lat' dir='ltr'><strong>nauta},</strong></span> <span class='ocrx_word' id='word_1_74' title='bbox 930 1200 1048 1266; x_wconf 79' lang='lat' dir='ltr'><strong>quia</strong></span> <span class='ocrx_word' id='word_1_75' title='bbox 1066 1216 1115 1249; x_wconf 89' lang='lat' dir='ltr'><strong>se</strong></span> <span class='ocrx_word' id='word_1_76' title='bbox 1139 1215 1237 1250; x_wconf 94' lang='lat' dir='ltr'><strong>non</strong></span> <span class='ocrx_word' id='word_1_77' title='bbox 1265 1200 1439 1262; x_wconf 79' lang='lat' dir='ltr'><strong>mergit</strong></span> <span class='ocrx_word' id='word_1_78' title='bbox 1462 1200 1512 1248; x_wconf 92' lang='lat' dir='ltr'><strong>in</strong></span> <span class='ocrx_word' id='word_1_79' title='bbox 1539 1200 1714 1248; x_wconf 90' lang='lat' dir='ltr'><strong>undas.</strong></span> 
     </span>
    </p>
   </div>
   <div class='ocr_carea' id='block_1_12' title="bbox 203 1283 1820 1355">
    <p class='ocr_par' dir='ltr' id='par_1_12' title="bbox 203 1283 1820 1355">
     <span class='ocr_line' id='line_1_12' title="bbox 203 1283 1820 1355; baseline -0.001 -17"><span class='ocrx_word' id='word_1_80' title='bbox 203 1288 436 1338; x_wconf 84' lang='lat' dir='ltr'><strong>Anseres</strong></span> <span class='ocrx_word' id='word_1_81' title='bbox 463 1299 686 1355; x_wconf 92' lang='lat' dir='ltr'><strong>quoque</strong></span> <span class='ocrx_word' id='word_1_82' title='bbox 715 1293 1016 1339; x_wconf 85' lang='lat' dir='ltr'><strong>nocturnas</strong></span> <span class='ocrx_word' id='word_1_83' title='bbox 1043 1285 1306 1339; x_wconf 82' lang='lat' dir='ltr'><strong>excubias</strong></span> <span class='ocrx_word' id='word_1_84' title='bbox 1341 1283 1649 1346; x_wconf 88' lang='lat' dir='ltr'><strong>celebrant,</strong></span> <span class='ocrx_word' id='word_1_85' title='bbox 1683 1299 1820 1354; x_wconf 89' lang='lat' dir='ltr'><strong>quas</strong></span> 
     </span>
    </p>
   </div>
   <div class='ocr_carea' id='block_1_13' title="bbox 200 1375 1818 1447">
    <p class='ocr_par' dir='ltr' id='par_1_13' title="bbox 200 1375 1818 1447">
     <span class='ocr_line' id='line_1_13' title="bbox 200 1375 1818 1447; baseline -0.001 -17"><span class='ocrx_word' id='word_1_86' title='bbox 200 1384 390 1430; x_wconf 92' lang='lat' dir='ltr'><strong>cantus</strong></span> <span class='ocrx_word' id='word_1_87' title='bbox 417 1375 745 1430; x_wconf 88' lang='lat' dir='ltr'><strong>assiduitate</strong></span> <span class='ocrx_word' id='word_1_88' title='bbox 777 1383 1066 1430; x_wconf 88' lang='lat' dir='ltr'><strong>testantur.</strong></span> <span class='ocrx_word' id='word_1_89' title='bbox 1099 1376 1347 1447; x_wconf 88' lang='lat' dir='ltr'><strong>Denique</strong></span> <span class='ocrx_word' id='word_1_90' title='bbox 1393 1375 1633 1430; x_wconf 84' lang='lat' dir='ltr'><strong>Romana</strong></span> <span class='ocrx_word' id='word_1_91' title='bbox 1655 1375 1818 1429; x_wconf 90' lang='lat' dir='ltr'><strong>etiam</strong></span> 
     </span>
    </p>
   </div>
   <div class='ocr_carea' id='block_1_14' title="bbox 203 1467 1532 1538">
    <p class='ocr_par' dir='ltr' id='par_1_14' title="bbox 203 1467 1532 1538">
     <span class='ocr_line' id='line_1_14' title="bbox 203 1467 1532 1538; baseline 0 -16"><span class='ocrx_word' id='word_1_92' title='bbox 203 1467 461 1538; x_wconf 88' lang='lat' dir='ltr'><strong>capitolia</strong></span> <span class='ocrx_word' id='word_1_93' title='bbox 493 1467 646 1521; x_wconf 88' lang='lat' dir='ltr'><strong>Gallo</strong></span> <span class='ocrx_word' id='word_1_94' title='bbox 673 1483 920 1522; x_wconf 83' lang='lat' dir='ltr'><strong>servasse</strong></span> <span class='ocrx_word' id='word_1_95' title='bbox 951 1468 1243 1522; x_wconf 91' lang='lat' dir='ltr'><strong>traduntur</strong></span> <span class='ocrx_word' id='word_1_96' title='bbox 1263 1468 1331 1521; x_wconf 89' lang='lat' dir='ltr'><strong>ab</strong></span> <span class='ocrx_word' id='word_1_97' title='bbox 1354 1469 1532 1522; x_wconf 88' lang='lat' dir='ltr'><strong>hoste.</strong></span> 
     </span>
    </p>
   </div>
   <div class='ocr_carea' id='block_1_15' title="bbox 271 1558 1816 1625">
    <p class='ocr_par' dir='ltr' id='par_1_15' title="bbox 271 1558 1816 1625">
     <span class='ocr_line' id='line_1_15' title="bbox 271 1558 1816 1625; baseline -0.002 -12"><span class='ocrx_word' id='word_1_98' title='bbox 271 1560 378 1613; x_wconf 84' lang='lat' dir='ltr'><strong>Nec</strong></span> <span class='ocrx_word' id='word_1_99' title='bbox 410 1558 608 1612; x_wconf 90' lang='lat' dir='ltr'><strong>mirum</strong></span> <span class='ocrx_word' id='word_1_100' title='bbox 637 1567 844 1625; x_wconf 87' lang='lat' dir='ltr'><strong>tamen,</strong></span> <span class='ocrx_word' id='word_1_101' title='bbox 879 1559 1034 1612; x_wconf 90' lang='lat' dir='ltr'><strong>urbis</strong></span> <span class='ocrx_word' id='word_1_102' title='bbox 1069 1567 1268 1613; x_wconf 70' lang='lat' dir='ltr'><strong>nostra:</strong></span> <span class='ocrx_word' id='word_1_103' title='bbox 1321 1558 1702 1613; x_wconf 89' lang='lat' dir='ltr'><strong>conditionem</strong></span> <span class='ocrx_word' id='word_1_104' title='bbox 1734 1558 1816 1611; x_wconf 92' lang='lat' dir='ltr'><strong>vel</strong></span> 
     </span>
    </p>
   </div>
   <div class='ocr_carea' id='block_1_16' title="bbox 203 1650 1818 1724">
    <p class='ocr_par' dir='ltr' id='par_1_16' title="bbox 203 1650 1818 1724">
     <span class='ocr_line' id='line_1_16' title="bbox 203 1650 1818 1724; baseline -0.004 -17"><span class='ocrx_word' id='word_1_105' title='bbox 203 1652 470 1724; x_wconf 80' lang='lat' dir='ltr'><strong>originem</strong></span> <span class='ocrx_word' id='word_1_106' title='bbox 508 1667 618 1706; x_wconf 94' lang='lat' dir='ltr'><strong>non</strong></span> <span class='ocrx_word' id='word_1_107' title='bbox 643 1651 697 1704; x_wconf 92' lang='lat' dir='ltr'><strong>in</strong></span> <span class='ocrx_word' id='word_1_108' title='bbox 726 1652 1018 1722; x_wconf 90' lang='lat' dir='ltr'><strong>propatulo</strong></span> <span class='ocrx_word' id='word_1_109' title='bbox 1050 1651 1189 1715; x_wconf 91' lang='lat' dir='ltr'><strong>dari,</strong></span> <span class='ocrx_word' id='word_1_110' title='bbox 1223 1667 1344 1704; x_wconf 91' lang='lat' dir='ltr'><strong>cum</strong></span> <span class='ocrx_word' id='word_1_111' title='bbox 1382 1651 1451 1703; x_wconf 90' lang='lat' dir='ltr'><strong>de</strong></span> <span class='ocrx_word' id='word_1_112' title='bbox 1482 1650 1656 1720; x_wconf 86' lang='lat' dir='ltr'><strong>ipsius</strong></span> <span class='ocrx_word' id='word_1_113' title='bbox 1678 1665 1818 1720; x_wconf 85' lang='lat' dir='ltr'><strong>gen-</strong></span> 
     </span>
    </p>
   </div>
   <div class='ocr_carea' id='block_1_17' title="bbox 206 1741 1820 1804">
    <p class='ocr_par' dir='ltr' id='par_1_17' title="bbox 206 1741 1820 1804">
     <span class='ocr_line' id='line_1_17' title="bbox 206 1741 1820 1804; baseline -0.002 -6"><span class='ocrx_word' id='word_1_114' title='bbox 206 1745 354 1804; x_wconf 86' lang='lat' dir='ltr'><strong>tium.</strong></span> <span class='ocrx_word' id='word_1_115' title='bbox 411 1746 496 1798; x_wconf 90' lang='lat' dir='ltr'><strong>vel</strong></span> <span class='ocrx_word' id='word_1_116' title='bbox 556 1743 708 1798; x_wconf 92' lang='lat' dir='ltr'><strong>orbis</strong></span> <span class='ocrx_word' id='word_1_117' title='bbox 735 1743 974 1798; x_wconf 62' lang='lat' dir='ltr'><strong>dominae</strong></span> <span class='ocrx_word' id='word_1_118' title='bbox 1007 1745 1190 1798; x_wconf 65' lang='lat' dir='ltr'><strong>Romae</strong></span> <span class='ocrx_word' id='word_1_119' title='bbox 1225 1742 1565 1804; x_wconf 89' lang='lat' dir='ltr'><strong>conditione,</strong></span> <span class='ocrx_word' id='word_1_120' title='bbox 1606 1741 1820 1794; x_wconf 90' lang='lat' dir='ltr'><strong>Isidoro</strong></span> 
     </span>
    </p>
   </div>
   <div class='ocr_carea' id='block_1_18' title="bbox 207 1835 1821 1906">
    <p class='ocr_par' dir='ltr' id='par_1_18' title="bbox 207 1835 1821 1906">
     <span class='ocr_line' id='line_1_18' title="bbox 207 1835 1821 1906; baseline -0.002 -16"><span class='ocrx_word' id='word_1_121' title='bbox 207 1845 338 1890; x_wconf 89' lang='lat' dir='ltr'><strong>teste</strong></span> <span class='ocrx_word' id='word_1_122' title='bbox 373 1837 426 1899; x_wconf 82' lang='grc' dir='ltr'><strong>(Ι.</strong></span> <span class='ocrx_word' id='word_1_123' title='bbox 483 1852 555 1890; x_wconf 86' lang='lat' dir='ltr'><strong>xv</strong></span> <span class='ocrx_word' id='word_1_124' title='bbox 583 1837 892 1902; x_wconf 80' lang='lat' dir='ltr'><strong>Originum,</strong></span> <span class='ocrx_word' id='word_1_125' title='bbox 949 1852 1070 1906; x_wconf 88' lang='lat' dir='ltr'><strong>cap.</strong></span> <span class='ocrx_word' id='word_1_126' title='bbox 1106 1837 1182 1902; x_wconf 79' lang='grc'><strong>1),</strong></span> <span class='ocrx_word' id='word_1_127' title='bbox 1245 1835 1458 1889; x_wconf 91' lang='lat' dir='ltr'><strong>oriatur</strong></span> <span class='ocrx_word' id='word_1_128' title='bbox 1495 1835 1821 1904; x_wconf 87' lang='lat' dir='ltr'><strong>plerumque</strong></span> 
     </span>
    </p>
   </div>
   <div class='ocr_carea' id='block_1_19' title="bbox 209 1923 1820 1996">
    <p class='ocr_par' dir='ltr' id='par_1_19' title="bbox 209 1923 1820 1996">
     <span class='ocr_line' id='line_1_19' title="bbox 209 1923 1820 1996; baseline 0.002 -20"><span class='ocrx_word' id='word_1_129' title='bbox 209 1925 500 1992; x_wconf 78' lang='lat' dir='ltr'><strong>dissensio,</strong></span> <span class='ocrx_word' id='word_1_130' title='bbox 523 1933 584 1980; x_wconf 94' lang='lat' dir='ltr'><strong>ut</strong></span> <span class='ocrx_word' id='word_1_131' title='bbox 604 1926 724 1993; x_wconf 88' lang='lat' dir='ltr'><strong>ejus</strong></span> <span class='ocrx_word' id='word_1_132' title='bbox 753 1925 1048 1996; x_wconf 79' lang='lat' dir='ltr'><strong>diligenter</strong></span> <span class='ocrx_word' id='word_1_133' title='bbox 1067 1924 1291 1996; x_wconf 85' lang='lat' dir='ltr'><strong>agnosci</strong></span> <span class='ocrx_word' id='word_1_134' title='bbox 1317 1939 1423 1978; x_wconf 91' lang='lat' dir='ltr'><strong>non</strong></span> <span class='ocrx_word' id='word_1_135' title='bbox 1440 1924 1616 1994; x_wconf 89' lang='lat' dir='ltr'><strong>possit</strong></span> <span class='ocrx_word' id='word_1_136' title='bbox 1641 1923 1820 1995; x_wconf 80' lang='lat' dir='ltr'><strong>origo.</strong></span> 
     </span>
    </p>
   </div>
   <div class='ocr_carea' id='block_1_20' title="bbox 208 2013 1822 2084">
    <p class='ocr_par' dir='ltr' id='par_1_20' title="bbox 208 2013 1822 2084">
     <span class='ocr_line' id='line_1_20' title="bbox 208 2013 1822 2084; baseline 0.001 -18"><span class='ocrx_word' id='word_1_137' title='bbox 208 2014 328 2067; x_wconf 81' lang='lat' dir='ltr'><strong>Nam</strong></span> <span class='ocrx_word' id='word_1_138' title='bbox 361 2013 658 2068; x_wconf 90' lang='lat' dir='ltr'><strong>Sallustius</strong></span> <span class='ocrx_word' id='word_1_139' title='bbox 689 2017 777 2080; x_wconf 87' lang='lat' dir='ltr'><strong>(In</strong></span> <span class='ocrx_word' id='word_1_140' title='bbox 811 2015 1049 2080; x_wconf 79' lang='lat' dir='ltr'><strong>Catilin.)</strong></span> <span class='ocrx_word' id='word_1_141' title='bbox 1085 2033 1098 2066; x_wconf 88' lang='lat'><strong><em>:</em></strong></span> <span class='ocrx_word' id='word_1_142' title='bbox 1132 2038 1146 2060; x_wconf 79' lang='grc' dir='ltr'>ι</span> <span class='ocrx_word' id='word_1_143' title='bbox 1185 2013 1404 2077; x_wconf 90' lang='lat' dir='ltr'><strong>Urbem,</strong></span> <span class='ocrx_word' id='word_1_144' title='bbox 1466 2013 1667 2084; x_wconf 84' lang='lat' dir='ltr'><strong>inquit,</strong></span> <span class='ocrx_word' id='word_1_145' title='bbox 1703 2013 1822 2068; x_wconf 86' lang='lat' dir='ltr'><strong>R0-</strong></span> 
     </span>
    </p>
   </div>
   <div class='ocr_carea' id='block_1_21' title="bbox 212 2105 1820 2179">
    <p class='ocr_par' dir='ltr' id='par_1_21' title="bbox 212 2105 1820 2179">
     <span class='ocr_line' id='line_1_21' title="bbox 212 2105 1820 2179; baseline 0 -19"><span class='ocrx_word' id='word_1_146' title='bbox 212 2123 365 2172; x_wconf 89' lang='lat' dir='ltr'><strong>mam,</strong></span> <span class='ocrx_word' id='word_1_147' title='bbox 398 2107 569 2162; x_wconf 90' lang='lat' dir='ltr'><strong>sicuti</strong></span> <span class='ocrx_word' id='word_1_148' title='bbox 601 2123 704 2179; x_wconf 85' lang='lat' dir='ltr'><strong>ego</strong></span> <span class='ocrx_word' id='word_1_149' title='bbox 737 2107 948 2177; x_wconf 91' lang='lat' dir='ltr'><strong>accepi,</strong></span> <span class='ocrx_word' id='word_1_150' title='bbox 983 2105 1282 2160; x_wconf 88' lang='lat' dir='ltr'><strong>condidere</strong></span> <span class='ocrx_word' id='word_1_151' title='bbox 1313 2115 1478 2176; x_wconf 88' lang='lat' dir='ltr'><strong>atque</strong></span> <span class='ocrx_word' id='word_1_152' title='bbox 1501 2105 1820 2160; x_wconf 82' lang='lat' dir='ltr'><strong>habitavere</strong></span> 
     </span>
    </p>
   </div>
   <div class='ocr_carea' id='block_1_22' title="bbox 210 2198 1819 2270">
    <p class='ocr_par' dir='ltr' id='par_1_22' title="bbox 210 2198 1819 2270">
     <span class='ocr_line' id='line_1_22' title="bbox 210 2198 1819 2270; baseline 0 -19"><span class='ocrx_word' id='word_1_153' title='bbox 210 2199 359 2254; x_wconf 91' lang='lat' dir='ltr'><strong>initio</strong></span> <span class='ocrx_word' id='word_1_154' title='bbox 389 2199 640 2267; x_wconf 88' lang='lat' dir='ltr'><strong>Trojani,</strong></span> <span class='ocrx_word' id='word_1_155' title='bbox 691 2199 806 2270; x_wconf 90' lang='lat' dir='ltr'><strong>qui,</strong></span> <span class='ocrx_word' id='word_1_156' title='bbox 832 2199 1000 2252; x_wconf 67' lang='lat' dir='ltr'><strong>Ainea</strong></span> <span class='ocrx_word' id='word_1_157' title='bbox 1025 2198 1187 2265; x_wconf 90' lang='lat' dir='ltr'><strong>duce,</strong></span> <span class='ocrx_word' id='word_1_158' title='bbox 1211 2198 1438 2252; x_wconf 88' lang='lat' dir='ltr'><strong>sedibus</strong></span> <span class='ocrx_word' id='word_1_159' title='bbox 1469 2198 1697 2252; x_wconf 83' lang='lat' dir='ltr'><strong>incertis</strong></span> <span class='ocrx_word' id='word_1_160' title='bbox 1722 2215 1819 2251; x_wconf 89' lang='lat' dir='ltr'><strong>va-</strong></span> 
     </span>
    </p>
   </div>
   <div class='ocr_carea' id='block_1_23' title="bbox 207 2289 1819 2363">
    <p class='ocr_par' dir='ltr' id='par_1_23' title="bbox 207 2289 1819 2363">
     <span class='ocr_line' id='line_1_23' title="bbox 207 2289 1819 2363; baseline -0.001 -18"><span class='ocrx_word' id='word_1_161' title='bbox 207 2291 485 2363; x_wconf 85' lang='lat' dir='ltr'><strong>gabantur.</strong></span> <span class='ocrx_word' id='word_1_162' title='bbox 529 2313 558 2340; x_wconf 72' lang='grc' dir='ltr'><strong>υ</strong></span> <span class='ocrx_word' id='word_1_163' title='bbox 585 2290 685 2344; x_wconf 81' lang='lat' dir='ltr'><strong>Alii</strong></span> <span class='ocrx_word' id='word_1_164' title='bbox 727 2291 919 2345; x_wconf 91' lang='lat' dir='ltr'><strong>dicunt</strong></span> <span class='ocrx_word' id='word_1_165' title='bbox 946 2289 1014 2345; x_wconf 85' lang='lat' dir='ltr'><strong>ab</strong></span> <span class='ocrx_word' id='word_1_166' title='bbox 1045 2289 1296 2344; x_wconf 83' lang='lat' dir='ltr'><strong>Evandro</strong></span> <span class='ocrx_word' id='word_1_167' title='bbox 1326 2290 1638 2344; x_wconf 91' lang='lat' dir='ltr'><strong>secundum</strong></span> <span class='ocrx_word' id='word_1_168' title='bbox 1671 2289 1819 2359; x_wconf 89' lang='lat' dir='ltr'><strong>quod</strong></span> 
     </span>
    </p>
   </div>
   <div class='ocr_carea' id='block_1_24' title="bbox 211 2383 928 2457">
    <p class='ocr_par' dir='ltr' id='par_1_24' title="bbox 211 2383 928 2457">
     <span class='ocr_line' id='line_1_24' title="bbox 211 2383 928 2457; baseline 0.001 -22"><span class='ocrx_word' id='word_1_169' title='bbox 211 2383 458 2457; x_wconf 78' lang='lat' dir='ltr'><strong>Virgilius</strong></span> <span class='ocrx_word' id='word_1_170' title='bbox 493 2383 732 2450; x_wconf 69' lang='lat' dir='ltr'><strong>(Eneid.</strong></span> <span class='ocrx_word' id='word_1_171' title='bbox 759 2388 870 2452; x_wconf 72' lang='lat' dir='ltr'><strong>vin)</strong></span> <span class='ocrx_word' id='word_1_172' title='bbox 916 2401 928 2436; x_wconf 88' lang='lat'><strong>:</strong></span> 
     </span>
    </p>
   </div>
   <div class='ocr_carea' id='block_1_25' title="bbox 351 2474 1579 2524">
    <p class='ocr_par' dir='ltr' id='par_1_25' title="bbox 351 2474 1579 2524">
     <span class='ocr_line' id='line_1_25' title="bbox 351 2474 1579 2524; baseline -0.003 0"><span class='ocrx_word' id='word_1_173' title='bbox 351 2476 490 2524; x_wconf 86' lang='lat' dir='ltr'><strong>Tunc</strong></span> <span class='ocrx_word' id='word_1_174' title='bbox 517 2489 604 2524; x_wconf 84' lang='lat' dir='ltr'><strong>rex</strong></span> <span class='ocrx_word' id='word_1_175' title='bbox 630 2475 892 2524; x_wconf 83' lang='lat' dir='ltr'><strong>Evandrus</strong></span> <span class='ocrx_word' id='word_1_176' title='bbox 925 2476 1159 2524; x_wconf 72' lang='lat' dir='ltr'><strong>Romamn</strong></span> <span class='ocrx_word' id='word_1_177' title='bbox 1181 2474 1407 2522; x_wconf 88' lang='lat' dir='ltr'><strong>conditor</strong></span> <span class='ocrx_word' id='word_1_178' title='bbox 1438 2474 1579 2521; x_wconf 87' lang='lat' dir='ltr'><strong>arcis.</strong></span> 
     </span>
    </p>
   </div>
   <div class='ocr_carea' id='block_1_26' title="bbox 273 2553 1821 2628">
    <p class='ocr_par' dir='ltr' id='par_1_26' title="bbox 273 2553 1821 2628">
     <span class='ocr_line' id='line_1_26' title="bbox 273 2553 1821 2628; baseline -0.001 -19"><span class='ocrx_word' id='word_1_179' title='bbox 273 2555 579 2628; x_wconf 88' lang='lat' dir='ltr'><strong>Eutr0pius</strong></span> <span class='ocrx_word' id='word_1_180' title='bbox 596 2571 818 2627; x_wconf 91' lang='lat' dir='ltr'><strong>quoque</strong></span> <span class='ocrx_word' id='word_1_181' title='bbox 844 2556 898 2609; x_wconf 93' lang='lat' dir='ltr'><strong>in</strong></span> <span class='ocrx_word' id='word_1_182' title='bbox 923 2556 1066 2609; x_wconf 90' lang='lat' dir='ltr'><strong>libro</strong></span> <span class='ocrx_word' id='word_1_183' title='bbox 1092 2555 1452 2609; x_wconf 83' lang='lat' dir='ltr'><strong>Historiarum</strong></span> <span class='ocrx_word' id='word_1_184' title='bbox 1477 2554 1557 2608; x_wconf 91' lang='lat' dir='ltr'><strong>sic</strong></span> <span class='ocrx_word' id='word_1_185' title='bbox 1577 2553 1821 2624; x_wconf 87' lang='lat' dir='ltr'><strong>loquitur</strong></span> 
     </span>
    </p>
   </div>
   <div class='ocr_carea' id='block_1_27' title="bbox 211 2643 1821 2713">
    <p class='ocr_par' dir='ltr' id='par_1_27' title="bbox 211 2643 1821 2713">
     <span class='ocr_line' id='line_1_27' title="bbox 211 2643 1821 2713; baseline 0 -17"><span class='ocrx_word' id='word_1_186' title='bbox 211 2643 387 2698; x_wconf 88' lang='lat' dir='ltr'><strong>dicens</strong></span> <span class='ocrx_word' id='word_1_187' title='bbox 416 2662 430 2698; x_wconf 87' lang='lat'><strong>:</strong></span> <span class='ocrx_word' id='word_1_188' title='bbox 466 2665 494 2696; x_wconf 85' lang='grc'>‹‹</span> <span class='ocrx_word' id='word_1_189' title='bbox 538 2644 822 2708; x_wconf 80' lang='lat' dir='ltr'><strong>Romulus,</strong></span> <span class='ocrx_word' id='word_1_190' title='bbox 852 2660 981 2698; x_wconf 88' lang='lat' dir='ltr'><strong>cum</strong></span> <span class='ocrx_word' id='word_1_191' title='bbox 1014 2643 1160 2698; x_wconf 88' lang='lat' dir='ltr'><strong>inter</strong></span> <span class='ocrx_word' id='word_1_192' title='bbox 1191 2651 1440 2713; x_wconf 83' lang='lat' dir='ltr'><strong>pastores</strong></span> <span class='ocrx_word' id='word_1_193' title='bbox 1461 2643 1821 2698; x_wconf 88' lang='lat' dir='ltr'><strong>latrocinare-</strong></span> 
     </span>
    </p>
   </div>
   <div class='ocr_carea' id='block_1_28' title="bbox 211 2731 1820 2805">
    <p class='ocr_par' dir='ltr' id='par_1_28' title="bbox 211 2731 1820 2805">
     <span class='ocr_line' id='line_1_28' title="bbox 211 2731 1820 2805; baseline 0.001 -21"><span class='ocrx_word' id='word_1_194' title='bbox 211 2739 304 2796; x_wconf 91' lang='lat' dir='ltr'><strong>tur,</strong></span> <span class='ocrx_word' id='word_1_195' title='bbox 329 2741 450 2788; x_wconf 89' lang='lat' dir='ltr'><strong>octo</strong></span> <span class='ocrx_word' id='word_1_196' title='bbox 477 2733 677 2787; x_wconf 90' lang='lat' dir='ltr'><strong>decem</strong></span> <span class='ocrx_word' id='word_1_197' title='bbox 707 2732 866 2786; x_wconf 91' lang='lat' dir='ltr'><strong>annis</strong></span> <span class='ocrx_word' id='word_1_198' title='bbox 896 2741 1076 2795; x_wconf 89' lang='lat' dir='ltr'><strong>natus,</strong></span> <span class='ocrx_word' id='word_1_199' title='bbox 1108 2731 1300 2786; x_wconf 89' lang='lat' dir='ltr'><strong>urbem</strong></span> <span class='ocrx_word' id='word_1_200' title='bbox 1325 2733 1578 2805; x_wconf 82' lang='lat' dir='ltr'><strong>exiguam</strong></span> <span class='ocrx_word' id='word_1_201' title='bbox 1612 2732 1666 2785; x_wconf 91' lang='lat' dir='ltr'><strong>in</strong></span> <span class='ocrx_word' id='word_1_202' title='bbox 1694 2733 1820 2786; x_wconf 81' lang='lat' dir='ltr'><strong>Par-</strong></span> 
     </span>
    </p>
   </div>
   <div class='ocr_carea' id='block_1_29' title="bbox 207 2824 1819 2884">
    <p class='ocr_par' dir='ltr' id='par_1_29' title="bbox 207 2824 1819 2884">
     <span class='ocr_line' id='line_1_29' title="bbox 207 2824 1819 2884; baseline 0.002 -10"><span class='ocrx_word' id='word_1_203' title='bbox 207 2824 362 2880; x_wconf 90' lang='lat' dir='ltr'><strong>latino</strong></span> <span class='ocrx_word' id='word_1_204' title='bbox 383 2831 585 2880; x_wconf 89' lang='lat' dir='ltr'><strong>monte</strong></span> <span class='ocrx_word' id='word_1_205' title='bbox 607 2825 913 2884; x_wconf 86' lang='lat' dir='ltr'><strong>constituit.</strong></span> <span class='ocrx_word' id='word_1_206' title='bbox 939 2825 1218 2879; x_wconf 87' lang='lat' dir='ltr'><strong>conditam</strong></span> <span class='ocrx_word' id='word_1_207' title='bbox 1242 2824 1519 2879; x_wconf 89' lang='lat' dir='ltr'><strong>civitatem</strong></span> <span class='ocrx_word' id='word_1_208' title='bbox 1548 2841 1614 2878; x_wconf 86' lang='lat' dir='ltr'><strong>ex</strong></span> <span class='ocrx_word' id='word_1_209' title='bbox 1640 2825 1819 2879; x_wconf 93' lang='lat' dir='ltr'><strong>nomi-</strong></span> 
     </span>
    </p>
   </div>
   <div class='ocr_carea' id='block_1_30' title="bbox 209 2913 1818 2969">
    <p class='ocr_par' dir='ltr' id='par_1_30' title="bbox 209 2913 1818 2969">
     <span class='ocr_line' id='line_1_30' title="bbox 209 2913 1818 2969; baseline 0.001 -3"><span class='ocrx_word' id='word_1_210' title='bbox 209 2928 268 2966; x_wconf 90' lang='lat' dir='ltr'><strong>ne</strong></span> <span class='ocrx_word' id='word_1_211' title='bbox 288 2928 381 2968; x_wconf 90' lang='lat' dir='ltr'><strong>suo</strong></span> <span class='ocrx_word' id='word_1_212' title='bbox 412 2913 648 2969; x_wconf 91' lang='lat' dir='ltr'><strong>Romam</strong></span> <span class='ocrx_word' id='word_1_213' title='bbox 674 2913 906 2969; x_wconf 88' lang='lat' dir='ltr'><strong>vocavit.</strong></span> <span class='ocrx_word' id='word_1_214' title='bbox 957 2913 1093 2968; x_wconf 89' lang='lat' dir='ltr'><strong>Post</strong></span> <span class='ocrx_word' id='word_1_215' title='bbox 1149 2914 1294 2968; x_wconf 91' lang='lat' dir='ltr'><strong>hunc</strong></span> <span class='ocrx_word' id='word_1_216' title='bbox 1345 2913 1531 2968; x_wconf 88' lang='lat' dir='ltr'><strong>Tullus</strong></span> <span class='ocrx_word' id='word_1_217' title='bbox 1557 2913 1818 2968; x_wconf 87' lang='lat' dir='ltr'><strong>Hostilius</strong></span> 
     </span>
    </p>
   </div>
   <div class='ocr_carea' id='block_1_31' title="bbox 211 3005 1818 3077">
    <p class='ocr_par' dir='ltr' id='par_1_31' title="bbox 211 3005 1818 3077">
     <span class='ocr_line' id='line_1_31' title="bbox 211 3005 1818 3077; baseline 0.001 -18"><span class='ocrx_word' id='word_1_218' title='bbox 211 3021 339 3072; x_wconf 86' lang='lat' dir='ltr'><strong>eam,</strong></span> <span class='ocrx_word' id='word_1_219' title='bbox 369 3006 596 3076; x_wconf 89' lang='lat' dir='ltr'><strong>adjecto</strong></span> <span class='ocrx_word' id='word_1_220' title='bbox 626 3005 796 3060; x_wconf 80' lang='lat' dir='ltr'><strong>Ccelio</strong></span> <span class='ocrx_word' id='word_1_221' title='bbox 827 3016 1042 3070; x_wconf 90' lang='lat' dir='ltr'><strong>monte,</strong></span> <span class='ocrx_word' id='word_1_222' title='bbox 1079 3005 1381 3076; x_wconf 90' lang='lat' dir='ltr'><strong>ampliavit.</strong></span> <span class='ocrx_word' id='word_1_223' title='bbox 1417 3006 1663 3077; x_wconf 90' lang='lat' dir='ltr'><strong>lndeque</strong></span> <span class='ocrx_word' id='word_1_224' title='bbox 1707 3023 1818 3061; x_wconf 84' lang='lat' dir='ltr'><strong>cae-</strong></span> 
     </span>
    </p>
   </div>
   <div class='ocr_carea' id='block_1_32' title="bbox 216 3093 1819 3167">
    <p class='ocr_par' dir='ltr' id='par_1_32' title="bbox 216 3093 1819 3167">
     <span class='ocr_line' id='line_1_32' title="bbox 216 3093 1819 3167; baseline 0.001 -19"><span class='ocrx_word' id='word_1_225' title='bbox 216 3094 304 3149; x_wconf 92' lang='lat' dir='ltr'><strong>teri</strong></span> <span class='ocrx_word' id='word_1_226' title='bbox 335 3093 576 3151; x_wconf 87' lang='lat' dir='ltr'><strong>diversis</strong></span> <span class='ocrx_word' id='word_1_227' title='bbox 596 3094 798 3149; x_wconf 89' lang='lat' dir='ltr'><strong>diversi</strong></span> <span class='ocrx_word' id='word_1_228' title='bbox 835 3094 1176 3167; x_wconf 91' lang='lat' dir='ltr'><strong>temporibus</strong></span> <span class='ocrx_word' id='word_1_229' title='bbox 1207 3094 1515 3166; x_wconf 86' lang='lat' dir='ltr'><strong>principes,</strong></span> <span class='ocrx_word' id='word_1_230' title='bbox 1547 3094 1666 3165; x_wconf 90' lang='lat' dir='ltr'><strong>ejus</strong></span> <span class='ocrx_word' id='word_1_231' title='bbox 1697 3096 1819 3149; x_wconf 91' lang='lat' dir='ltr'><strong>edi-</strong></span> 
     </span>
    </p>
   </div>
   <div class='ocr_carea' id='block_1_33' title="bbox 216 3186 1815 3260">
    <p class='ocr_par' dir='ltr' id='par_1_33' title="bbox 216 3186 1815 3260">
     <span class='ocr_line' id='line_1_33' title="bbox 216 3186 1815 3260; baseline -0.001 -17"><span class='ocrx_word' id='word_1_232' title='bbox 216 3198 347 3245; x_wconf 90' lang='lat' dir='ltr'><strong>tores</strong></span> <span class='ocrx_word' id='word_1_233' title='bbox 402 3190 488 3244; x_wconf 89' lang='lat' dir='ltr'><strong>vel</strong></span> <span class='ocrx_word' id='word_1_234' title='bbox 523 3188 954 3260; x_wconf 87' lang='lat' dir='ltr'><strong>amplificatores</strong></span> <span class='ocrx_word' id='word_1_235' title='bbox 1007 3189 1264 3244; x_wconf 85' lang='lat' dir='ltr'><strong>extitere.</strong></span> <span class='ocrx_word' id='word_1_236' title='bbox 1331 3208 1355 3237; x_wconf 76' lang='grc' dir='ltr'><strong>ι)</strong></span> <span class='ocrx_word' id='word_1_237' title='bbox 1416 3186 1574 3242; x_wconf 90' lang='lat' dir='ltr'><strong>Urbis</strong></span> <span class='ocrx_word' id='word_1_238' title='bbox 1632 3196 1815 3242; x_wconf 89' lang='lat' dir='ltr'><strong>autem</strong></span> 
     </span>
    </p>
   </div>
   <div class='ocr_carea' id='block_1_34' title="bbox 219 3279 1819 3352">
    <p class='ocr_par' dir='ltr' id='par_1_34' title="bbox 219 3279 1819 3352">
     <span class='ocr_line' id='line_1_34' title="bbox 219 3279 1819 3352; baseline -0.003 -13"><span class='ocrx_word' id='word_1_239' title='bbox 219 3293 401 3339; x_wconf 56' lang='lat' dir='ltr'><strong>nostra;</strong></span> <span class='ocrx_word' id='word_1_240' title='bbox 425 3298 639 3340; x_wconf 88' lang='lat' dir='ltr'><strong>nomen</strong></span> <span class='ocrx_word' id='word_1_241' title='bbox 666 3283 1095 3338; x_wconf 89' lang='lat' dir='ltr'><strong>Durocortorum</strong></span> <span class='ocrx_word' id='word_1_242' title='bbox 1127 3281 1414 3352; x_wconf 88' lang='lat' dir='ltr'><strong>quondam</strong></span> <span class='ocrx_word' id='word_1_243' title='bbox 1442 3279 1676 3345; x_wconf 90' lang='lat' dir='ltr'><strong>dictum,</strong></span> <span class='ocrx_word' id='word_1_244' title='bbox 1696 3280 1819 3334; x_wconf 67' lang='lat' dir='ltr'><strong>Cte-</strong></span> 
     </span>
    </p>
   </div>
   <div class='ocr_carea' id='block_1_35' title="bbox 215 3368 1819 3442">
    <p class='ocr_par' dir='ltr' id='par_1_35' title="bbox 215 3368 1819 3442">
     <span class='ocr_line' id='line_1_35' title="bbox 215 3368 1819 3442; baseline -0.004 -13"><span class='ocrx_word' id='word_1_245' title='bbox 215 3375 342 3429; x_wconf 88' lang='lat' dir='ltr'><strong>saris</strong></span> <span class='ocrx_word' id='word_1_246' title='bbox 361 3372 634 3429; x_wconf 85' lang='lat' dir='ltr'><strong>astruitur</strong></span> <span class='ocrx_word' id='word_1_247' title='bbox 655 3371 912 3440; x_wconf 86' lang='lat' dir='ltr'><strong>Historia,</strong></span> <span class='ocrx_word' id='word_1_248' title='bbox 937 3372 993 3426; x_wconf 89' lang='lat' dir='ltr'><strong>in</strong></span> <span class='ocrx_word' id='word_1_249' title='bbox 1013 3387 1121 3442; x_wconf 90' lang='lat' dir='ltr'><strong>qua</strong></span> <span class='ocrx_word' id='word_1_250' title='bbox 1146 3370 1288 3425; x_wconf 92' lang='lat' dir='ltr'><strong>libro</strong></span> <span class='ocrx_word' id='word_1_251' title='bbox 1310 3379 1464 3424; x_wconf 88' lang='lat' dir='ltr'><strong>sexto</strong></span> <span class='ocrx_word' id='word_1_252' title='bbox 1483 3369 1564 3424; x_wconf 91' lang='lat' dir='ltr'><strong>sic</strong></span> <span class='ocrx_word' id='word_1_253' title='bbox 1585 3368 1819 3442; x_wconf 85' lang='lat' dir='ltr'><strong>legitur:</strong></span> 
     </span>
    </p>
   </div>
   <div class='ocr_carea' id='block_1_36' title="bbox 221 3458 1827 3536">
    <p class='ocr_par' dir='ltr' id='par_1_36' title="bbox 221 3458 1827 3536">
     <span class='ocr_line' id='line_1_36' title="bbox 221 3458 1827 3536; baseline -0.002 -21"><span class='ocrx_word' id='word_1_254' title='bbox 221 3487 240 3513; x_wconf 77' lang='grc' dir='ltr'><strong>σ</strong></span> <span class='ocrx_word' id='word_1_255' title='bbox 273 3464 510 3520; x_wconf 88' lang='lat' dir='ltr'><strong>Vastatis</strong></span> <span class='ocrx_word' id='word_1_256' title='bbox 544 3460 885 3536; x_wconf 87' lang='lat' dir='ltr'><strong>regionibus,</strong></span> <span class='ocrx_word' id='word_1_257' title='bbox 920 3461 1221 3516; x_wconf 90' lang='lat' dir='ltr'><strong>exercitum</strong></span> <span class='ocrx_word' id='word_1_258' title='bbox 1263 3459 1442 3514; x_wconf 70' lang='lat' dir='ltr'><strong>Caesar</strong></span> <span class='ocrx_word' id='word_1_259' title='bbox 1473 3458 1827 3513; x_wconf 88' lang='lat' dir='ltr'><strong>Durocorto-</strong></span> 
     </span>
    </p>
   </div>
   <div class='ocr_carea' id='block_1_37' title="bbox 222 3547 1824 3619">
    <p class='ocr_par' dir='ltr' id='par_1_37' title="bbox 222 3547 1824 3619">
     <span class='ocr_line' id='line_1_37' title="bbox 222 3547 1824 3619; baseline -0.004 -11"><span class='ocrx_word' id='word_1_260' title='bbox 222 3571 328 3608; x_wconf 87' lang='lat' dir='ltr'><strong>rum</strong></span> <span class='ocrx_word' id='word_1_261' title='bbox 357 3555 654 3608; x_wconf 88' lang='lat' dir='ltr'><strong>Remorum</strong></span> <span class='ocrx_word' id='word_1_262' title='bbox 684 3551 920 3614; x_wconf 89' lang='lat' dir='ltr'><strong>reducit,</strong></span> <span class='ocrx_word' id='word_1_263' title='bbox 969 3549 1322 3619; x_wconf 90' lang='lat' dir='ltr'><strong>concilioque</strong></span> <span class='ocrx_word' id='word_1_264' title='bbox 1380 3547 1435 3600; x_wconf 92' lang='lat' dir='ltr'><strong>in</strong></span> <span class='ocrx_word' id='word_1_265' title='bbox 1482 3564 1608 3602; x_wconf 91' lang='lat' dir='ltr'><strong>eum</strong></span> <span class='ocrx_word' id='word_1_266' title='bbox 1643 3547 1824 3602; x_wconf 90' lang='lat' dir='ltr'><strong>locum</strong></span> 
     </span>
    </p>
   </div>
   <div class='ocr_carea' id='block_1_38' title="bbox 222 3638 1831 3708">
    <p class='ocr_par' dir='ltr' id='par_1_38' title="bbox 222 3638 1831 3708">
     <span class='ocr_line' id='line_1_38' title="bbox 222 3638 1831 3708; baseline -0.001 -13"><span class='ocrx_word' id='word_1_267' title='bbox 222 3643 392 3698; x_wconf 75' lang='lat' dir='ltr'><strong>Gallia:</strong></span> <span class='ocrx_word' id='word_1_268' title='bbox 419 3641 654 3701; x_wconf 87' lang='lat' dir='ltr'><strong>indicto,</strong></span> <span class='ocrx_word' id='word_1_269' title='bbox 689 3640 759 3693; x_wconf 91' lang='lat' dir='ltr'><strong>de</strong></span> <span class='ocrx_word' id='word_1_270' title='bbox 791 3639 1178 3708; x_wconf 90' lang='lat' dir='ltr'><strong>conjuratione</strong></span> <span class='ocrx_word' id='word_1_271' title='bbox 1210 3639 1491 3693; x_wconf 90' lang='lat' dir='ltr'><strong>Senonum</strong></span> <span class='ocrx_word' id='word_1_272' title='bbox 1536 3645 1590 3692; x_wconf 91' lang='lat' dir='ltr'><strong>et</strong></span> <span class='ocrx_word' id='word_1_273' title='bbox 1623 3638 1831 3693; x_wconf 88' lang='lat' dir='ltr'><strong>Carnu-</strong></span> 
     </span>
    </p>
   </div>
   <div class='ocr_carea' id='block_1_39' title="bbox 225 3727 1828 3804">
    <p class='ocr_par' dir='ltr' id='par_1_39' title="bbox 225 3727 1828 3804">
     <span class='ocr_line' id='line_1_39' title="bbox 225 3727 1828 3804; baseline -0.001 -18"><span class='ocrx_word' id='word_1_274' title='bbox 225 3740 325 3787; x_wconf 92' lang='lat' dir='ltr'><strong>tum</strong></span> <span class='ocrx_word' id='word_1_275' title='bbox 353 3731 716 3804; x_wconf 66' lang='lat' dir='ltr'><strong>quaestionem</strong></span> <span class='ocrx_word' id='word_1_276' title='bbox 764 3729 970 3783; x_wconf 89' lang='lat' dir='ltr'><strong>habere</strong></span> <span class='ocrx_word' id='word_1_277' title='bbox 1010 3727 1276 3783; x_wconf 91' lang='lat' dir='ltr'><strong>instituit.</strong></span> <span class='ocrx_word' id='word_1_278' title='bbox 1332 3749 1352 3776; x_wconf 72' lang='grc' dir='ltr'>ι</span> <span class='ocrx_word' id='word_1_279' title='bbox 1392 3729 1636 3783; x_wconf 64' lang='grc' dir='ltr'><strong>[Ειιὶὶουε</strong></span> <span class='ocrx_word' id='word_1_280' title='bbox 1665 3729 1828 3784; x_wconf 91' lang='lat' dir='ltr'><strong>etiam</strong></span> 
     </span>
    </p>
   </div>
   <div class='ocr_carea' id='block_1_40' title="bbox 227 3823 1832 3896">
    <p class='ocr_par' dir='ltr' id='par_1_40' title="bbox 227 3823 1832 3896">
     <span class='ocr_line' id='line_1_40' title="bbox 227 3823 1832 3896; baseline 0.001 -18"><span class='ocrx_word' id='word_1_281' title='bbox 227 3827 273 3879; x_wconf 93' lang='lat' dir='ltr'><strong>in</strong></span> <span class='ocrx_word' id='word_1_282' title='bbox 305 3823 734 3895; x_wconf 77' lang='lat' dir='ltr'><strong>Cosmographia</strong></span> <span class='ocrx_word' id='word_1_283' title='bbox 771 3823 852 3878; x_wconf 93' lang='lat' dir='ltr'><strong>sic</strong></span> <span class='ocrx_word' id='word_1_284' title='bbox 884 3830 1154 3879; x_wconf 89' lang='lat' dir='ltr'><strong>memorat</strong></span> <span class='ocrx_word' id='word_1_285' title='bbox 1191 3841 1202 3876; x_wconf 94' lang='lat'>:</span> <span class='ocrx_word' id='word_1_286' title='bbox 1242 3843 1265 3873; x_wconf 80' lang='grc' dir='ltr'><em>α</em></span> <span class='ocrx_word' id='word_1_287' title='bbox 1322 3825 1362 3877; x_wconf 88' lang='grc' dir='ltr'><strong>Λ</strong></span> <span class='ocrx_word' id='word_1_288' title='bbox 1390 3825 1704 3880; x_wconf 90' lang='lat' dir='ltr'><strong>Mediolano</strong></span> <span class='ocrx_word' id='word_1_289' title='bbox 1733 3843 1832 3896; x_wconf 91' lang='lat' dir='ltr'><strong>per</strong></span> 
     </span>
    </p>
   </div>
   <div class='ocr_carea' id='block_1_41' title="bbox 225 3912 1832 3986">
    <p class='ocr_par' dir='ltr' id='par_1_41' title="bbox 225 3912 1832 3986">
     <span class='ocr_line' id='line_1_41' title="bbox 225 3912 1832 3986; baseline 0.004 -19"><span class='ocrx_word' id='word_1_290' title='bbox 225 3916 372 3986; x_wconf 70' lang='lat' dir='ltr'><strong>Alpes</strong></span> <span class='ocrx_word' id='word_1_291' title='bbox 402 3915 616 3972; x_wconf 88' lang='lat' dir='ltr'><strong>Cottias</strong></span> <span class='ocrx_word' id='word_1_292' title='bbox 645 3915 911 3968; x_wconf 86' lang='lat' dir='ltr'><strong>Viennam</strong></span> <span class='ocrx_word' id='word_1_293' title='bbox 947 3914 1010 3968; x_wconf 86' lang='lat' dir='ltr'><strong>M.</strong></span> <span class='ocrx_word' id='word_1_294' title='bbox 1075 3913 1130 3967; x_wconf 87' lang='lat' dir='ltr'><strong>P.</strong></span> <span class='ocrx_word' id='word_1_295' title='bbox 1168 3912 1422 3969; x_wconf 81' lang='lat' dir='ltr'><strong>CCCCIX.</strong></span> <span class='ocrx_word' id='word_1_296' title='bbox 1471 3918 1600 3972; x_wconf 90' lang='lat' dir='ltr'><strong>Inde</strong></span> <span class='ocrx_word' id='word_1_297' title='bbox 1653 3920 1832 3973; x_wconf 89' lang='lat' dir='ltr'><strong>Duro-</strong></span> 
     </span>
    </p>
   </div>
   <div class='ocr_carea' id='block_1_42' title="bbox 226 4002 1830 4076">
    <p class='ocr_par' dir='ltr' id='par_1_42' title="bbox 226 4002 1830 4076">
     <span class='ocr_line' id='line_1_42' title="bbox 226 4002 1830 4076; baseline 0.004 -21"><span class='ocrx_word' id='word_1_298' title='bbox 226 4011 515 4070; x_wconf 90' lang='lat' dir='ltr'><strong>cortorum,</strong></span> <span class='ocrx_word' id='word_1_299' title='bbox 549 4003 616 4056; x_wconf 88' lang='lat' dir='ltr'><strong>M.</strong></span> <span class='ocrx_word' id='word_1_300' title='bbox 637 4002 695 4056; x_wconf 89' lang='lat' dir='ltr'><strong>P.</strong></span> <span class='ocrx_word' id='word_1_301' title='bbox 730 4002 1085 4064; x_wconf 87' lang='lat' dir='ltr'><strong>CCCXXXIII,</strong></span> <span class='ocrx_word' id='word_1_302' title='bbox 1105 4020 1228 4074; x_wconf 67' lang='lat' dir='ltr'><strong>quae</strong></span> <span class='ocrx_word' id='word_1_303' title='bbox 1250 4003 1389 4059; x_wconf 87' lang='lat' dir='ltr'><strong>fiunt</strong></span> <span class='ocrx_word' id='word_1_304' title='bbox 1412 4006 1585 4076; x_wconf 74' lang='lat' dir='ltr'><strong>Ieugae</strong></span> <span class='ocrx_word' id='word_1_305' title='bbox 1619 4007 1830 4062; x_wconf 87' lang='lat' dir='ltr'><strong>CCXXI.</strong></span> 
     </span>
    </p>
   </div>
   <div class='ocr_carea' id='block_1_43' title="bbox 231 4094 1832 4167">
    <p class='ocr_par' dir='ltr' id='par_1_43' title="bbox 231 4094 1832 4167">
     <span class='ocr_line' id='line_1_43' title="bbox 231 4094 1832 4167; baseline 0.004 -21"><span class='ocrx_word' id='word_1_306' title='bbox 231 4094 398 4150; x_wconf 88' lang='lat' dir='ltr'><strong>Itema</strong></span> <span class='ocrx_word' id='word_1_307' title='bbox 420 4098 790 4151; x_wconf 89' lang='lat' dir='ltr'><strong>Durocortoro</strong></span> <span class='ocrx_word' id='word_1_308' title='bbox 811 4095 1146 4150; x_wconf 89' lang='lat' dir='ltr'><strong>Divodorum</strong></span> <span class='ocrx_word' id='word_1_309' title='bbox 1169 4113 1368 4167; x_wconf 89' lang='lat' dir='ltr'><strong>usque,</strong></span> <span class='ocrx_word' id='word_1_310' title='bbox 1394 4097 1682 4156; x_wconf 84' lang='lat' dir='ltr'><strong>M.P.LXII.</strong></span> <span class='ocrx_word' id='word_1_311' title='bbox 1702 4101 1832 4154; x_wconf 89' lang='lat' dir='ltr'><strong>Item</strong></span> 
     </span>
    </p>
   </div>
   <div class='ocr_carea' id='block_1_44' title="bbox 227 4183 1829 4258">
    <p class='ocr_par' dir='ltr' id='par_1_44' title="bbox 227 4183 1829 4258">
     <span class='ocr_line' id='line_1_44' title="bbox 227 4183 1829 4258; baseline 0.004 -22"><span class='ocrx_word' id='word_1_312' title='bbox 227 4183 326 4239; x_wconf 86' lang='lat' dir='ltr'><strong>alio</strong></span> <span class='ocrx_word' id='word_1_313' title='bbox 364 4186 567 4240; x_wconf 85' lang='lat' dir='ltr'><strong>itinere</strong></span> <span class='ocrx_word' id='word_1_314' title='bbox 603 4201 634 4238; x_wconf 90' lang='lat' dir='ltr'><strong>a</strong></span> <span class='ocrx_word' id='word_1_315' title='bbox 672 4184 1048 4240; x_wconf 91' lang='lat' dir='ltr'><strong>Durocortoro</strong></span> <span class='ocrx_word' id='word_1_316' title='bbox 1079 4186 1390 4240; x_wconf 89' lang='lat' dir='ltr'><strong>Dividorum</strong></span> <span class='ocrx_word' id='word_1_317' title='bbox 1426 4203 1620 4258; x_wconf 89' lang='lat' dir='ltr'><strong>usque,</strong></span> <span class='ocrx_word' id='word_1_318' title='bbox 1660 4189 1724 4243; x_wconf 86' lang='lat' dir='ltr'><strong>M.</strong></span> <span class='ocrx_word' id='word_1_319' title='bbox 1773 4189 1829 4243; x_wconf 90' lang='grc' dir='ltr'><strong>Ρ.</strong></span> 
     </span>
    </p>
   </div>
   <div class='ocr_carea' id='block_1_45' title="bbox 231 4271 1835 4347">
    <p class='ocr_par' dir='ltr' id='par_1_45' title="bbox 231 4271 1835 4347">
     <span class='ocr_line' id='line_1_45' title="bbox 231 4271 1835 4347; baseline 0.005 -23"><span class='ocrx_word' id='word_1_320' title='bbox 231 4271 528 4329; x_wconf 80' lang='lat' dir='ltr'><strong>LXXXVIII.</strong></span> <span class='ocrx_word' id='word_1_321' title='bbox 561 4275 692 4328; x_wconf 91' lang='lat' dir='ltr'><strong>Item</strong></span> <span class='ocrx_word' id='word_1_322' title='bbox 709 4290 738 4327; x_wconf 90' lang='lat' dir='ltr'><strong>a</strong></span> <span class='ocrx_word' id='word_1_323' title='bbox 762 4275 1128 4330; x_wconf 88' lang='lat' dir='ltr'><strong>Durocortoro</strong></span> <span class='ocrx_word' id='word_1_324' title='bbox 1148 4275 1413 4330; x_wconf 83' lang='lat' dir='ltr'><strong>Treveros</strong></span> <span class='ocrx_word' id='word_1_325' title='bbox 1432 4293 1606 4347; x_wconf 91' lang='lat' dir='ltr'><strong>usque</strong></span> <span class='ocrx_word' id='word_1_326' title='bbox 1628 4278 1835 4347; x_wconf 81' lang='lat' dir='ltr'><strong>Bagaco</strong></span> 
     </span>
    </p>
   </div>
   <div class='ocr_carea' id='block_1_46' title="bbox 231 4358 1836 4438">
    <p class='ocr_par' dir='ltr' id='par_1_46' title="bbox 231 4358 1836 4438">
     <span class='ocr_line' id='line_1_46' title="bbox 231 4358 1836 4438; baseline 0.005 -25"><span class='ocrx_word' id='word_1_327' title='bbox 231 4358 581 4419; x_wconf 90' lang='lat' dir='ltr'><strong>Nervicorum</strong></span> <span class='ocrx_word' id='word_1_328' title='bbox 607 4363 1085 4437; x_wconf 68' lang='lat' dir='ltr'><strong>Durocortoleugze</strong></span> <span class='ocrx_word' id='word_1_329' title='bbox 1098 4363 1267 4417; x_wconf 83' lang='lat' dir='ltr'><strong>XCIX.</strong></span> <span class='ocrx_word' id='word_1_330' title='bbox 1288 4365 1419 4418; x_wconf 91' lang='lat' dir='ltr'><strong>Item</strong></span> <span class='ocrx_word' id='word_1_331' title='bbox 1437 4381 1465 4418; x_wconf 90' lang='lat' dir='ltr'><strong>a</strong></span> <span class='ocrx_word' id='word_1_332' title='bbox 1478 4367 1687 4438; x_wconf 89' lang='lat' dir='ltr'><strong>Bagaco</strong></span> <span class='ocrx_word' id='word_1_333' title='bbox 1702 4367 1836 4420; x_wconf 83' lang='lat' dir='ltr'><strong>Ner-</strong></span> 
     </span>
    </p>
   </div>
   <div class='ocr_carea' id='block_1_47' title="bbox 1921 485 3527 570">
    <p class='ocr_par' dir='ltr' id='par_1_47' title="bbox 1921 485 3527 570">
     <span class='ocr_line' id='line_1_47' title="bbox 1921 485 3527 570; baseline -0.012 -15"><span class='ocrx_word' id='word_1_334' title='bbox 1921 501 2166 570; x_wconf 87' lang='lat' dir='ltr'><strong>terisque</strong></span> <span class='ocrx_word' id='word_1_335' title='bbox 2199 497 2362 551; x_wconf 91' lang='lat' dir='ltr'><strong>rebus</strong></span> <span class='ocrx_word' id='word_1_336' title='bbox 2402 496 2616 565; x_wconf 89' lang='lat' dir='ltr'><strong>juvarc.</strong></span> <span class='ocrx_word' id='word_1_337' title='bbox 2673 492 2936 560; x_wconf 86' lang='lat' dir='ltr'><strong>Reliquos</strong></span> <span class='ocrx_word' id='word_1_338' title='bbox 2992 503 3189 541; x_wconf 89' lang='lat' dir='ltr'><strong>omnes</strong></span> <span class='ocrx_word' id='word_1_339' title='bbox 3235 486 3431 551; x_wconf 81' lang='lat' dir='ltr'><strong>Belgas</strong></span> <span class='ocrx_word' id='word_1_340' title='bbox 3472 485 3527 537; x_wconf 91' lang='lat' dir='ltr'><strong>in</strong></span> 
     </span>
    </p>
   </div>
   <div class='ocr_carea' id='block_1_48' title="bbox 1919 573 3529 652">
    <p class='ocr_par' dir='ltr' id='par_1_48' title="bbox 1919 573 3529 652">
     <span class='ocr_line' id='line_1_48' title="bbox 1919 573 3529 652; baseline -0.011 -8"><span class='ocrx_word' id='word_1_341' title='bbox 1919 589 2090 644; x_wconf 89' lang='lat' dir='ltr'><strong>armis</strong></span> <span class='ocrx_word' id='word_1_342' title='bbox 2119 602 2262 652; x_wconf 89' lang='lat' dir='ltr'><strong>esse,</strong></span> <span class='ocrx_word' id='word_1_343' title='bbox 2288 587 2722 652; x_wconf 84' lang='lat' dir='ltr'><strong>Germanosque,</strong></span> <span class='ocrx_word' id='word_1_344' title='bbox 2759 577 2855 649; x_wconf 91' lang='lat' dir='ltr'><strong>qui</strong></span> <span class='ocrx_word' id='word_1_345' title='bbox 2882 576 3030 646; x_wconf 88' lang='lat' dir='ltr'><strong>ripas</strong></span> <span class='ocrx_word' id='word_1_346' title='bbox 3071 574 3244 628; x_wconf 87' lang='lat' dir='ltr'><strong>Rheni</strong></span> <span class='ocrx_word' id='word_1_347' title='bbox 3278 573 3529 628; x_wconf 89' lang='lat' dir='ltr'><strong>incolunt</strong></span> 
     </span>
    </p>
   </div>
   <div class='ocr_carea' id='block_1_49' title="bbox 1919 672 3528 744">
    <p class='ocr_par' dir='ltr' id='par_1_49' title="bbox 1919 672 3528 744">
     <span class='ocr_line' id='line_1_49' title="bbox 1919 672 3528 744; baseline -0.012 -10"><span class='ocrx_word' id='word_1_348' title='bbox 1919 696 2044 734; x_wconf 88' lang='lat' dir='ltr'><strong>sese</strong></span> <span class='ocrx_word' id='word_1_349' title='bbox 2076 694 2197 732; x_wconf 90' lang='lat' dir='ltr'><strong>cum</strong></span> <span class='ocrx_word' id='word_1_350' title='bbox 2231 676 2318 730; x_wconf 91' lang='lat' dir='ltr'><strong>his</strong></span> <span class='ocrx_word' id='word_1_351' title='bbox 2355 672 2726 744; x_wconf 71' lang='lat' dir='ltr'><strong>coniunxisse.</strong></span> <span class='ocrx_word' id='word_1_352' title='bbox 2792 675 3124 735; x_wconf 87' lang='lat' dir='ltr'><strong>tantumque</strong></span> <span class='ocrx_word' id='word_1_353' title='bbox 3167 679 3288 717; x_wconf 88' lang='lat' dir='ltr'><strong>esse</strong></span> <span class='ocrx_word' id='word_1_354' title='bbox 3336 678 3528 716; x_wconf 90' lang='lat' dir='ltr'><strong>eorum</strong></span> 
     </span>
    </p>
   </div>
   <div class='ocr_carea' id='block_1_50' title="bbox 1921 752 3531 830">
    <p class='ocr_par' dir='ltr' id='par_1_50' title="bbox 1921 752 3531 830">
     <span class='ocr_line' id='line_1_50' title="bbox 1921 752 3531 830; baseline -0.012 -4"><span class='ocrx_word' id='word_1_355' title='bbox 1921 771 2174 827; x_wconf 89' lang='lat' dir='ltr'><strong>omnium</strong></span> <span class='ocrx_word' id='word_1_356' title='bbox 2208 768 2473 830; x_wconf 89' lang='lat' dir='ltr'><strong>furorem,</strong></span> <span class='ocrx_word' id='word_1_357' title='bbox 2506 772 2664 818; x_wconf 90' lang='lat' dir='ltr'><strong>utne</strong></span> <span class='ocrx_word' id='word_1_358' title='bbox 2713 762 3020 813; x_wconf 84' lang='lat' dir='ltr'><strong>Suessones</strong></span> <span class='ocrx_word' id='word_1_359' title='bbox 3053 753 3302 824; x_wconf 88' lang='lat' dir='ltr'><strong>quidem,</strong></span> <span class='ocrx_word' id='word_1_360' title='bbox 3334 752 3531 806; x_wconf 81' lang='lat' dir='ltr'><strong>fratres</strong></span> 
     </span>
    </p>
   </div>
   <div class='ocr_carea' id='block_1_51' title="bbox 1919 847 3530 935">
    <p class='ocr_par' dir='ltr' id='par_1_51' title="bbox 1919 847 3530 935">
     <span class='ocr_line' id='line_1_51' title="bbox 1919 847 3530 935; baseline -0.011 -17"><span class='ocrx_word' id='word_1_361' title='bbox 1919 861 2477 935; x_wconf 87' lang='lat' dir='ltr'><strong>consanguineosque</strong></span> <span class='ocrx_word' id='word_1_362' title='bbox 2508 871 2660 921; x_wconf 91' lang='lat' dir='ltr'><strong>suos,</strong></span> <span class='ocrx_word' id='word_1_363' title='bbox 2692 853 2785 923; x_wconf 91' lang='lat' dir='ltr'><strong>qui</strong></span> <span class='ocrx_word' id='word_1_364' title='bbox 2814 849 3009 904; x_wconf 90' lang='lat' dir='ltr'><strong>eodem</strong></span> <span class='ocrx_word' id='word_1_365' title='bbox 3037 848 3183 916; x_wconf 86' lang='lat' dir='ltr'><strong>jure,</strong></span> <span class='ocrx_word' id='word_1_366' title='bbox 3208 847 3416 901; x_wconf 88' lang='lat' dir='ltr'><strong>eisdem</strong></span> <span class='ocrx_word' id='word_1_367' title='bbox 3451 847 3530 900; x_wconf 81' lang='lat' dir='ltr'><strong>le-</strong></span> 
     </span>
    </p>
   </div>
   <div class='ocr_carea' id='block_1_52' title="bbox 1919 943 3531 1025">
    <p class='ocr_par' dir='ltr' id='par_1_52' title="bbox 1919 943 3531 1025">
     <span class='ocr_line' id='line_1_52' title="bbox 1919 943 3531 1025; baseline -0.008 -17"><span class='ocrx_word' id='word_1_368' title='bbox 1919 955 2083 1025; x_wconf 82' lang='lat' dir='ltr'><strong>gibus</strong></span> <span class='ocrx_word' id='word_1_369' title='bbox 2115 959 2362 1015; x_wconf 87' lang='lat' dir='ltr'><strong>utantur,</strong></span> <span class='ocrx_word' id='word_1_370' title='bbox 2392 962 2678 1017; x_wconf 89' lang='lat' dir='ltr'><strong>unumque</strong></span> <span class='ocrx_word' id='word_1_371' title='bbox 2701 943 3081 1012; x_wconf 82' lang='lat' dir='ltr'><strong>magistratum</strong></span> <span class='ocrx_word' id='word_1_372' title='bbox 3125 958 3247 996; x_wconf 93' lang='lat' dir='ltr'><strong>cum</strong></span> <span class='ocrx_word' id='word_1_373' title='bbox 3300 943 3406 996; x_wconf 91' lang='lat' dir='ltr'><strong>illis</strong></span> <span class='ocrx_word' id='word_1_374' title='bbox 3435 944 3531 996; x_wconf 89' lang='lat' dir='ltr'><strong>ha-</strong></span> 
     </span>
    </p>
   </div>
   <div class='ocr_carea' id='block_1_53' title="bbox 1921 1033 3532 1112">
    <p class='ocr_par' dir='ltr' id='par_1_53' title="bbox 1921 1033 3532 1112">
     <span class='ocr_line' id='line_1_53' title="bbox 1921 1033 3532 1112; baseline -0.009 -13"><span class='ocrx_word' id='word_1_375' title='bbox 1921 1045 2108 1112; x_wconf 89' lang='lat' dir='ltr'><strong>beant,</strong></span> <span class='ocrx_word' id='word_1_376' title='bbox 2135 1043 2416 1098; x_wconf 86' lang='lat' dir='ltr'><strong>deterrere</strong></span> <span class='ocrx_word' id='word_1_377' title='bbox 2454 1039 2759 1110; x_wconf 90' lang='lat' dir='ltr'><strong>potuerint,</strong></span> <span class='ocrx_word' id='word_1_378' title='bbox 2815 1036 2950 1108; x_wconf 87' lang='lat' dir='ltr'><strong>quin</strong></span> <span class='ocrx_word' id='word_1_379' title='bbox 2981 1049 3104 1088; x_wconf 93' lang='lat' dir='ltr'><strong>cum</strong></span> <span class='ocrx_word' id='word_1_380' title='bbox 3134 1035 3218 1088; x_wconf 88' lang='lat' dir='ltr'><strong>his</strong></span> <span class='ocrx_word' id='word_1_381' title='bbox 3249 1033 3532 1088; x_wconf 91' lang='lat' dir='ltr'><strong>consenti-</strong></span> 
     </span>
    </p>
   </div>
   <div class='ocr_carea' id='block_1_54' title="bbox 1922 1123 3530 1200">
    <p class='ocr_par' dir='ltr' id='par_1_54' title="bbox 1922 1123 3530 1200">
     <span class='ocr_line' id='line_1_54' title="bbox 1922 1123 3530 1200; baseline -0.007 -12"><span class='ocrx_word' id='word_1_382' title='bbox 1922 1141 2064 1188; x_wconf 90' lang='lat' dir='ltr'><strong>rent.</strong></span> <span class='ocrx_word' id='word_1_383' title='bbox 2101 1154 2129 1182; x_wconf 69' lang='grc' dir='ltr'><strong>ι)</strong></span> <span class='ocrx_word' id='word_1_384' title='bbox 2166 1133 2297 1186; x_wconf 91' lang='lat' dir='ltr'><strong>Item</strong></span> <span class='ocrx_word' id='word_1_385' title='bbox 2329 1131 2506 1196; x_wconf 88' lang='lat' dir='ltr'><strong>(lbid.)</strong></span> <span class='ocrx_word' id='word_1_386' title='bbox 2537 1147 2548 1181; x_wconf 90' lang='lat'>:</span> <span class='ocrx_word' id='word_1_387' title='bbox 2575 1150 2602 1178; x_wconf 77' lang='grc' dir='ltr'><strong>(ι</strong></span> <span class='ocrx_word' id='word_1_388' title='bbox 2626 1128 2826 1197; x_wconf 62' lang='lat' dir='ltr'><strong>Caesar,</strong></span> <span class='ocrx_word' id='word_1_389' title='bbox 2861 1131 3150 1200; x_wconf 85' lang='lat' dir='ltr'><strong>postquam</strong></span> <span class='ocrx_word' id='word_1_390' title='bbox 3184 1141 3380 1180; x_wconf 90' lang='lat' dir='ltr'><strong>omnes</strong></span> <span class='ocrx_word' id='word_1_391' title='bbox 3407 1123 3530 1178; x_wconf 92' lang='lat' dir='ltr'><strong>Bel—</strong></span> 
     </span>
    </p>
   </div>
   <div class='ocr_carea' id='block_1_55' title="bbox 1920 1217 3531 1297">
    <p class='ocr_par' dir='ltr' id='par_1_55' title="bbox 1920 1217 3531 1297">
     <span class='ocr_line' id='line_1_55' title="bbox 1920 1217 3531 1297; baseline -0.007 -17"><span class='ocrx_word' id='word_1_392' title='bbox 1920 1242 2112 1297; x_wconf 80' lang='lat' dir='ltr'><strong>garum</strong></span> <span class='ocrx_word' id='word_1_393' title='bbox 2138 1225 2325 1294; x_wconf 91' lang='lat' dir='ltr'><strong>copias</strong></span> <span class='ocrx_word' id='word_1_394' title='bbox 2356 1223 2409 1276; x_wconf 91' lang='lat' dir='ltr'><strong>in</strong></span> <span class='ocrx_word' id='word_1_395' title='bbox 2445 1237 2612 1275; x_wconf 91' lang='lat' dir='ltr'><strong>unum</strong></span> <span class='ocrx_word' id='word_1_396' title='bbox 2646 1221 2823 1274; x_wconf 92' lang='lat' dir='ltr'><strong>locum</strong></span> <span class='ocrx_word' id='word_1_397' title='bbox 2885 1229 3105 1275; x_wconf 89' lang='lat' dir='ltr'><strong>coactas</strong></span> <span class='ocrx_word' id='word_1_398' title='bbox 3153 1219 3220 1272; x_wconf 92' lang='lat' dir='ltr'><strong>ad</strong></span> <span class='ocrx_word' id='word_1_399' title='bbox 3252 1234 3309 1270; x_wconf 89' lang='lat' dir='ltr'><strong>se</strong></span> <span class='ocrx_word' id='word_1_400' title='bbox 3344 1217 3531 1270; x_wconf 85' lang='lat' dir='ltr'><strong>venire</strong></span> 
     </span>
    </p>
   </div>
   <div class='ocr_carea' id='block_1_56' title="bbox 1922 1311 3529 1388">
    <p class='ocr_par' dir='ltr' id='par_1_56' title="bbox 1922 1311 3529 1388">
     <span class='ocr_line' id='line_1_56' title="bbox 1922 1311 3529 1388; baseline -0.007 -15"><span class='ocrx_word' id='word_1_401' title='bbox 1922 1319 2076 1383; x_wconf 83' lang='lat' dir='ltr'><strong>vidit,</strong></span> <span class='ocrx_word' id='word_1_402' title='bbox 2102 1334 2286 1388; x_wconf 92' lang='lat' dir='ltr'><strong>neque</strong></span> <span class='ocrx_word' id='word_1_403' title='bbox 2313 1317 2424 1388; x_wconf 88' lang='lat' dir='ltr'><strong>jam</strong></span> <span class='ocrx_word' id='word_1_404' title='bbox 2459 1316 2625 1384; x_wconf 84' lang='lat' dir='ltr'><strong>longe</strong></span> <span class='ocrx_word' id='word_1_405' title='bbox 2657 1314 2877 1379; x_wconf 88' lang='lat' dir='ltr'><strong>abesse,</strong></span> <span class='ocrx_word' id='word_1_406' title='bbox 2903 1314 2970 1366; x_wconf 88' lang='lat' dir='ltr'><strong>ab</strong></span> <span class='ocrx_word' id='word_1_407' title='bbox 3001 1313 3101 1376; x_wconf 91' lang='lat' dir='ltr'><strong>his,</strong></span> <span class='ocrx_word' id='word_1_408' title='bbox 3126 1328 3266 1382; x_wconf 86' lang='lat' dir='ltr'><strong>quos</strong></span> <span class='ocrx_word' id='word_1_409' title='bbox 3284 1311 3529 1373; x_wconf 82' lang='lat' dir='ltr'><strong>miserat,</strong></span> 
     </span>
    </p>
   </div>
   <div class='ocr_carea' id='block_1_57' title="bbox 1924 1404 3532 1482">
    <p class='ocr_par' dir='ltr' id='par_1_57' title="bbox 1924 1404 3532 1482">
     <span class='ocr_line' id='line_1_57' title="bbox 1924 1404 3532 1482; baseline -0.007 -16"><span class='ocrx_word' id='word_1_410' title='bbox 1924 1410 2374 1482; x_wconf 79' lang='lat' dir='ltr'><strong>exploratoribus</strong></span> <span class='ocrx_word' id='word_1_411' title='bbox 2406 1417 2462 1461; x_wconf 92' lang='lat' dir='ltr'><strong>et</strong></span> <span class='ocrx_word' id='word_1_412' title='bbox 2492 1407 2560 1460; x_wconf 91' lang='lat' dir='ltr'><strong>ab</strong></span> <span class='ocrx_word' id='word_1_413' title='bbox 2588 1405 2770 1459; x_wconf 84' lang='lat' dir='ltr'><strong>Remis</strong></span> <span class='ocrx_word' id='word_1_414' title='bbox 2808 1405 3089 1474; x_wconf 79' lang='lat' dir='ltr'><strong>cognovit,</strong></span> <span class='ocrx_word' id='word_1_415' title='bbox 3148 1404 3353 1457; x_wconf 83' lang='lat' dir='ltr'><strong>flumen</strong></span> <span class='ocrx_word' id='word_1_416' title='bbox 3391 1404 3532 1455; x_wconf 84' lang='lat' dir='ltr'><strong>Axo-</strong></span> 
     </span>
    </p>
   </div>
   <div class='ocr_carea' id='block_1_58' title="bbox 1922 1496 3531 1569">
    <p class='ocr_par' dir='ltr' id='par_1_58' title="bbox 1922 1496 3531 1569">
     <span class='ocr_line' id='line_1_58' title="bbox 1922 1496 3531 1569; baseline -0.006 -13"><span class='ocrx_word' id='word_1_417' title='bbox 1922 1519 2046 1556; x_wconf 87' lang='lat' dir='ltr'><strong>nam</strong></span> <span class='ocrx_word' id='word_1_418' title='bbox 2122 1502 2367 1568; x_wconf 51' lang='lat' dir='ltr'><strong>(Aisneg,</strong></span> <span class='ocrx_word' id='word_1_419' title='bbox 2441 1499 2588 1569; x_wconf 92' lang='lat' dir='ltr'><strong>quod</strong></span> <span class='ocrx_word' id='word_1_420' title='bbox 2647 1506 2730 1552; x_wconf 91' lang='lat' dir='ltr'><strong>est</strong></span> <span class='ocrx_word' id='word_1_421' title='bbox 2776 1499 2827 1551; x_wconf 91' lang='lat' dir='ltr'><strong>in</strong></span> <span class='ocrx_word' id='word_1_422' title='bbox 2897 1496 3159 1550; x_wconf 88' lang='lat' dir='ltr'><strong>extremis</strong></span> <span class='ocrx_word' id='word_1_423' title='bbox 3241 1496 3531 1548; x_wconf 90' lang='lat' dir='ltr'><strong>Remorum</strong></span> 
     </span>
    </p>
   </div>
   <div class='ocr_carea' id='block_1_59' title="bbox 1922 1584 3532 1655">
    <p class='ocr_par' dir='ltr' id='par_1_59' title="bbox 1922 1584 3532 1655">
     <span class='ocr_line' id='line_1_59' title="bbox 1922 1584 3532 1655; baseline -0.006 -9"><span class='ocrx_word' id='word_1_424' title='bbox 1922 1592 2145 1654; x_wconf 86' lang='lat' dir='ltr'><strong>finibus,</strong></span> <span class='ocrx_word' id='word_1_425' title='bbox 2214 1592 2514 1646; x_wconf 88' lang='lat' dir='ltr'><strong>exercitum</strong></span> <span class='ocrx_word' id='word_1_426' title='bbox 2565 1591 2852 1643; x_wconf 87' lang='lat' dir='ltr'><strong>traducere</strong></span> <span class='ocrx_word' id='word_1_427' title='bbox 2912 1587 3206 1642; x_wconf 82' lang='lat' dir='ltr'><strong>maturavit</strong></span> <span class='ocrx_word' id='word_1_428' title='bbox 3231 1595 3398 1655; x_wconf 89' lang='lat' dir='ltr'><strong>atque</strong></span> <span class='ocrx_word' id='word_1_429' title='bbox 3459 1584 3532 1637; x_wconf 90' lang='lat' dir='ltr'><strong>ibi</strong></span> 
     </span>
    </p>
   </div>
   <div class='ocr_carea' id='block_1_60' title="bbox 1921 1681 3532 1753">
    <p class='ocr_par' dir='ltr' id='par_1_60' title="bbox 1921 1681 3532 1753">
     <span class='ocr_line' id='line_1_60' title="bbox 1921 1681 3532 1753; baseline -0.006 -15"><span class='ocrx_word' id='word_1_430' title='bbox 1921 1694 2098 1739; x_wconf 85' lang='lat' dir='ltr'><strong>castra</strong></span> <span class='ocrx_word' id='word_1_431' title='bbox 2149 1684 2350 1753; x_wconf 85' lang='lat' dir='ltr'><strong>posuit.</strong></span> <span class='ocrx_word' id='word_1_432' title='bbox 2409 1685 2536 1747; x_wconf 67' lang='lat' dir='ltr'><strong>Quae</strong></span> <span class='ocrx_word' id='word_1_433' title='bbox 2589 1698 2674 1734; x_wconf 87' lang='lat' dir='ltr'><strong>res</strong></span> <span class='ocrx_word' id='word_1_434' title='bbox 2733 1689 2785 1734; x_wconf 92' lang='lat' dir='ltr'><strong>et</strong></span> <span class='ocrx_word' id='word_1_435' title='bbox 2810 1681 2948 1735; x_wconf 88' lang='lat' dir='ltr'><strong>latus</strong></span> <span class='ocrx_word' id='word_1_436' title='bbox 3005 1696 3175 1733; x_wconf 90' lang='lat' dir='ltr'><strong>unum</strong></span> <span class='ocrx_word' id='word_1_437' title='bbox 3227 1685 3532 1731; x_wconf 88' lang='lat' dir='ltr'><strong>castrorum</strong></span> 
     </span>
    </p>
   </div>
   <div class='ocr_carea' id='block_1_61' title="bbox 1851 1771 3534 1868">
    <p class='ocr_par' dir='ltr' id='par_1_61' title="bbox 1851 1771 3534 1868">
     <span class='ocr_line' id='line_1_61' title="bbox 1851 1771 3534 1868; baseline -0.006 -41"><span class='ocrx_word' id='word_1_438' title='bbox 1851 1802 1899 1868; x_wconf 74' lang='grc' dir='ltr'>Β</span> <span class='ocrx_word' id='word_1_439' title='bbox 1923 1773 2058 1843; x_wconf 88' lang='lat' dir='ltr'><strong>ripis</strong></span> <span class='ocrx_word' id='word_1_440' title='bbox 2079 1771 2324 1826; x_wconf 85' lang='lat' dir='ltr'><strong>fluminis</strong></span> <span class='ocrx_word' id='word_1_441' title='bbox 2353 1771 2625 1824; x_wconf 89' lang='lat' dir='ltr'><strong>munitum</strong></span> <span class='ocrx_word' id='word_1_442' title='bbox 2657 1778 2710 1824; x_wconf 90' lang='lat' dir='ltr'><strong>et</strong></span> <span class='ocrx_word' id='word_1_443' title='bbox 2735 1783 2857 1840; x_wconf 84' lang='lat' dir='ltr'><strong>post</strong></span> <span class='ocrx_word' id='word_1_444' title='bbox 2882 1787 3007 1823; x_wconf 91' lang='lat' dir='ltr'><strong>eum</strong></span> <span class='ocrx_word' id='word_1_445' title='bbox 3041 1784 3162 1838; x_wconf 64' lang='lat' dir='ltr'><strong>quae</strong></span> <span class='ocrx_word' id='word_1_446' title='bbox 3211 1776 3389 1829; x_wconf 89' lang='lat' dir='ltr'><strong>erant,</strong></span> <span class='ocrx_word' id='word_1_447' title='bbox 3419 1773 3534 1818; x_wconf 88' lang='lat' dir='ltr'><strong>tuta</strong></span> 
     </span>
    </p>
   </div>
   <div class='ocr_carea' id='block_1_62' title="bbox 1925 1859 3529 1926">
    <p class='ocr_par' dir='ltr' id='par_1_62' title="bbox 1925 1859 3529 1926">
     <span class='ocr_line' id='line_1_62' title="bbox 1925 1859 3529 1926; baseline -0.006 -6"><span class='ocrx_word' id='word_1_448' title='bbox 1925 1867 1992 1920; x_wconf 89' lang='lat' dir='ltr'><strong>ab</strong></span> <span class='ocrx_word' id='word_1_449' title='bbox 2021 1866 2276 1920; x_wconf 83' lang='lat' dir='ltr'><strong>hostibus</strong></span> <span class='ocrx_word' id='word_1_450' title='bbox 2304 1863 2592 1926; x_wconf 87' lang='lat' dir='ltr'><strong>reddebat,</strong></span> <span class='ocrx_word' id='word_1_451' title='bbox 2641 1871 2697 1915; x_wconf 89' lang='lat' dir='ltr'><strong>et</strong></span> <span class='ocrx_word' id='word_1_452' title='bbox 2727 1871 3066 1916; x_wconf 87' lang='lat' dir='ltr'><strong>commeatus</strong></span> <span class='ocrx_word' id='word_1_453' title='bbox 3107 1860 3175 1913; x_wconf 90' lang='lat' dir='ltr'><strong>ab</strong></span> <span class='ocrx_word' id='word_1_454' title='bbox 3206 1859 3404 1920; x_wconf 84' lang='lat' dir='ltr'><strong>Remis,</strong></span> <span class='ocrx_word' id='word_1_455' title='bbox 3442 1873 3529 1910; x_wconf 84' lang='lat' dir='ltr'><strong>re-</strong></span> 
     </span>
    </p>
   </div>
   <div class='ocr_carea' id='block_1_63' title="bbox 1925 1949 3528 2026">
    <p class='ocr_par' dir='ltr' id='par_1_63' title="bbox 1925 1949 3528 2026">
     <span class='ocr_line' id='line_1_63' title="bbox 1925 1949 3528 2026; baseline -0.007 -18"><span class='ocrx_word' id='word_1_456' title='bbox 1925 1955 2202 2026; x_wconf 90' lang='lat' dir='ltr'><strong>liquisque</strong></span> <span class='ocrx_word' id='word_1_457' title='bbox 2227 1951 2561 2017; x_wconf 87' lang='lat' dir='ltr'><strong>civitatibus,</strong></span> <span class='ocrx_word' id='word_1_458' title='bbox 2597 1960 2654 2005; x_wconf 90' lang='lat' dir='ltr'><strong>ut</strong></span> <span class='ocrx_word' id='word_1_459' title='bbox 2677 1951 2798 2003; x_wconf 89' lang='lat' dir='ltr'><strong>sine</strong></span> <span class='ocrx_word' id='word_1_460' title='bbox 2833 1949 3078 2020; x_wconf 74' lang='lat' dir='ltr'><strong>periculo</strong></span> <span class='ocrx_word' id='word_1_461' title='bbox 3110 1950 3175 2000; x_wconf 89' lang='lat' dir='ltr'><strong>ad</strong></span> <span class='ocrx_word' id='word_1_462' title='bbox 3228 1963 3351 2000; x_wconf 85' lang='lat' dir='ltr'><strong>eum</strong></span> <span class='ocrx_word' id='word_1_463' title='bbox 3397 1962 3528 2016; x_wconf 90' lang='lat' dir='ltr'><strong>por-</strong></span> 
     </span>
    </p>
   </div>
   <div class='ocr_carea' id='block_1_64' title="bbox 1928 2037 3531 2116">
    <p class='ocr_par' dir='ltr' id='par_1_64' title="bbox 1928 2037 3531 2116">
     <span class='ocr_line' id='line_1_64' title="bbox 1928 2037 3531 2116; baseline -0.008 -14"><span class='ocrx_word' id='word_1_464' title='bbox 1928 2047 2029 2102; x_wconf 89' lang='lat' dir='ltr'><strong>tari</strong></span> <span class='ocrx_word' id='word_1_465' title='bbox 2049 2053 2299 2116; x_wconf 81' lang='lat' dir='ltr'><strong>possent,</strong></span> <span class='ocrx_word' id='word_1_466' title='bbox 2336 2044 2630 2098; x_wconf 78' lang='lat' dir='ltr'><strong>efﬁciebat.</strong></span> <span class='ocrx_word' id='word_1_467' title='bbox 2670 2043 2724 2095; x_wconf 92' lang='lat' dir='ltr'><strong>In</strong></span> <span class='ocrx_word' id='word_1_468' title='bbox 2769 2058 2834 2096; x_wconf 93' lang='lat' dir='ltr'><strong>eo</strong></span> <span class='ocrx_word' id='word_1_469' title='bbox 2859 2041 3086 2094; x_wconf 85' lang='lat' dir='ltr'><strong>flumine</strong></span> <span class='ocrx_word' id='word_1_470' title='bbox 3121 2056 3261 2109; x_wconf 90' lang='lat' dir='ltr'><strong>pons</strong></span> <span class='ocrx_word' id='word_1_471' title='bbox 3280 2048 3414 2090; x_wconf 88' lang='lat' dir='ltr'><strong>erat.</strong></span> <span class='ocrx_word' id='word_1_472' title='bbox 3455 2037 3531 2089; x_wconf 93' lang='lat' dir='ltr'><strong>lbi</strong></span> 
     </span>
    </p>
   </div>
   <div class='ocr_carea' id='block_1_65' title="bbox 1925 2125 3533 2207">
    <p class='ocr_par' dir='ltr' id='par_1_65' title="bbox 1925 2125 3533 2207">
     <span class='ocr_line' id='line_1_65' title="bbox 1925 2125 3533 2207; baseline -0.007 -17"><span class='ocrx_word' id='word_1_473' title='bbox 1925 2135 2241 2207; x_wconf 64' lang='lat' dir='ltr'><strong>praesidium</strong></span> <span class='ocrx_word' id='word_1_474' title='bbox 2271 2135 2520 2205; x_wconf 91' lang='lat' dir='ltr'><strong>ponti,et</strong></span> <span class='ocrx_word' id='word_1_475' title='bbox 2541 2134 2593 2187; x_wconf 92' lang='lat' dir='ltr'><strong>in</strong></span> <span class='ocrx_word' id='word_1_476' title='bbox 2619 2133 2790 2186; x_wconf 87' lang='lat' dir='ltr'><strong>altera</strong></span> <span class='ocrx_word' id='word_1_477' title='bbox 2817 2139 2972 2200; x_wconf 84' lang='lat' dir='ltr'><strong>parte</strong></span> <span class='ocrx_word' id='word_1_478' title='bbox 2996 2129 3241 2182; x_wconf 85' lang='lat' dir='ltr'><strong>fluminis</strong></span> <span class='ocrx_word' id='word_1_479' title='bbox 3270 2125 3533 2180; x_wconf 90' lang='lat' dir='ltr'><strong>Titurium</strong></span> 
     </span>
    </p>
   </div>
   <div class='ocr_carea' id='block_1_66' title="bbox 1921 2216 3533 2297">
    <p class='ocr_par' dir='ltr' id='par_1_66' title="bbox 1921 2216 3533 2297">
     <span class='ocr_line' id='line_1_66' title="bbox 1921 2216 3533 2297; baseline -0.008 -16"><span class='ocrx_word' id='word_1_480' title='bbox 1921 2227 2187 2281; x_wconf 87' lang='lat' dir='ltr'><strong>Sabinum</strong></span> <span class='ocrx_word' id='word_1_481' title='bbox 2205 2228 2445 2297; x_wconf 84' lang='lat' dir='ltr'><strong>legatum</strong></span> <span class='ocrx_word' id='word_1_482' title='bbox 2458 2242 2580 2280; x_wconf 93' lang='lat' dir='ltr'><strong>cum</strong></span> <span class='ocrx_word' id='word_1_483' title='bbox 2595 2240 2687 2278; x_wconf 87' lang='lat' dir='ltr'><strong>sex</strong></span> <span class='ocrx_word' id='word_1_484' title='bbox 2703 2217 3462 2290; x_wconf 88' lang='lat' dir='ltr'><strong>cohortibusreliquit.Castra</strong></span> <span class='ocrx_word' id='word_1_485' title='bbox 3479 2216 3533 2269; x_wconf 94' lang='lat' dir='ltr'><strong>in</strong></span> 
     </span>
    </p>
   </div>
   <div class='ocr_carea' id='block_1_67' title="bbox 1922 2311 3538 2390">
    <p class='ocr_par' dir='ltr' id='par_1_67' title="bbox 1922 2311 3538 2390">
     <span class='ocr_line' id='line_1_67' title="bbox 1922 2311 3538 2390; baseline -0.007 -16"><span class='ocrx_word' id='word_1_486' title='bbox 1922 2320 2275 2374; x_wconf 82' lang='lat' dir='ltr'><strong>altitudinem</strong></span> <span class='ocrx_word' id='word_1_487' title='bbox 2301 2319 2502 2390; x_wconf 90' lang='lat' dir='ltr'><strong>pedum</strong></span> <span class='ocrx_word' id='word_1_488' title='bbox 2517 2317 2809 2371; x_wconf 87' lang='lat' dir='ltr'><strong>duodecim</strong></span> <span class='ocrx_word' id='word_1_489' title='bbox 2830 2315 3150 2383; x_wconf 86' lang='lat' dir='ltr'><strong>fossamque</strong></span> <span class='ocrx_word' id='word_1_490' title='bbox 3166 2311 3368 2382; x_wconf 90' lang='lat' dir='ltr'><strong>pedum</strong></span> <span class='ocrx_word' id='word_1_491' title='bbox 3382 2317 3538 2363; x_wconf 88' lang='lat' dir='ltr'><strong>octo-</strong></span> 
     </span>
    </p>
   </div>
   <div class='ocr_carea' id='block_1_68' title="bbox 1921 2399 3538 2476">
    <p class='ocr_par' dir='ltr' id='par_1_68' title="bbox 1921 2399 3538 2476">
     <span class='ocr_line' id='line_1_68' title="bbox 1921 2399 3538 2476; baseline -0.008 -13"><span class='ocrx_word' id='word_1_492' title='bbox 1921 2409 2098 2465; x_wconf 87' lang='lat' dir='ltr'><strong>decim</strong></span> <span class='ocrx_word' id='word_1_493' title='bbox 2133 2409 2350 2462; x_wconf 87' lang='lat' dir='ltr'><strong>munire</strong></span> <span class='ocrx_word' id='word_1_494' title='bbox 2367 2408 2550 2476; x_wconf 91' lang='lat' dir='ltr'><strong>jubet.</strong></span> <span class='ocrx_word' id='word_1_495' title='bbox 2574 2406 2652 2460; x_wconf 86' lang='lat' dir='ltr'><strong>Ab</strong></span> <span class='ocrx_word' id='word_1_496' title='bbox 2681 2405 2815 2476; x_wconf 86' lang='lat' dir='ltr'><strong>ipsis</strong></span> <span class='ocrx_word' id='word_1_497' title='bbox 2837 2404 3034 2458; x_wconf 88' lang='lat' dir='ltr'><strong>castris</strong></span> <span class='ocrx_word' id='word_1_498' title='bbox 3051 2400 3315 2472; x_wconf 92' lang='lat' dir='ltr'><strong>oppidum</strong></span> <span class='ocrx_word' id='word_1_499' title='bbox 3341 2399 3538 2452; x_wconf 88' lang='lat' dir='ltr'><strong>Remo-</strong></span> 
     </span>
    </p>
   </div>
   <div class='ocr_carea' id='block_1_69' title="bbox 1923 2493 3536 2568">
    <p class='ocr_par' dir='ltr' id='par_1_69' title="bbox 1923 2493 3536 2568">
     <span class='ocr_line' id='line_1_69' title="bbox 1923 2493 3536 2568; baseline -0.008 -13"><span class='ocrx_word' id='word_1_500' title='bbox 1923 2501 2313 2567; x_wconf 91' lang='lat' dir='ltr'><strong>rum,nominc</strong></span> <span class='ocrx_word' id='word_1_501' title='bbox 2347 2500 2563 2564; x_wconf 87' lang='lat' dir='ltr'><strong>Bibrax,</strong></span> <span class='ocrx_word' id='word_1_502' title='bbox 2606 2496 2755 2568; x_wconf 89' lang='lat' dir='ltr'><strong>quod</strong></span> <span class='ocrx_word' id='word_1_503' title='bbox 2811 2496 3006 2549; x_wconf 83' lang='lat' dir='ltr'><strong>aberat</strong></span> <span class='ocrx_word' id='word_1_504' title='bbox 3045 2493 3214 2547; x_wconf 91' lang='lat' dir='ltr'><strong>millia</strong></span> <span class='ocrx_word' id='word_1_505' title='bbox 3275 2505 3536 2562; x_wconf 89' lang='lat' dir='ltr'><strong>passuum</strong></span> 
     </span>
    </p>
   </div>
   <div class='ocr_carea' id='block_1_70' title="bbox 1921 2581 3538 2659">
    <p class='ocr_par' dir='ltr' id='par_1_70' title="bbox 1921 2581 3538 2659">
     <span class='ocr_line' id='line_1_70' title="bbox 1921 2581 3538 2659; baseline -0.008 -15"><span class='ocrx_word' id='word_1_506' title='bbox 1921 2588 2224 2645; x_wconf 90' lang='lat' dir='ltr'><strong>octodecim</strong></span> <span class='ocrx_word' id='word_1_507' title='bbox 2257 2589 2424 2659; x_wconf 85' lang='lat' dir='ltr'><strong>(Orig</strong></span> <span class='ocrx_word' id='word_1_508' title='bbox 2457 2631 2470 2654; x_wconf 94' lang='lat'><strong>,</strong></span> <span class='ocrx_word' id='word_1_509' title='bbox 2498 2590 2640 2655; x_wconf 70' lang='lat' dir='ltr'><strong>octo}</strong></span> <span class='ocrx_word' id='word_1_510' title='bbox 2689 2603 2752 2640; x_wconf 88' lang='lat' dir='ltr'><strong>ex</strong></span> <span class='ocrx_word' id='word_1_511' title='bbox 2810 2585 3028 2648; x_wconf 88' lang='lat' dir='ltr'><strong>itinere,</strong></span> <span class='ocrx_word' id='word_1_512' title='bbox 3080 2596 3281 2655; x_wconf 87' lang='lat' dir='ltr'><strong>magno</strong></span> <span class='ocrx_word' id='word_1_513' title='bbox 3326 2581 3538 2650; x_wconf 90' lang='lat' dir='ltr'><strong>impetu</strong></span> 
     </span>
    </p>
   </div>
   <div class='ocr_carea' id='block_1_71' title="bbox 1923 2672 3538 2753">
    <p class='ocr_par' dir='ltr' id='par_1_71' title="bbox 1923 2672 3538 2753">
     <span class='ocr_line' id='line_1_71' title="bbox 1923 2672 3538 2753; baseline -0.008 -20"><span class='ocrx_word' id='word_1_514' title='bbox 1923 2679 2101 2753; x_wconf 68' lang='lat' dir='ltr'><strong>Belgae</strong></span> <span class='ocrx_word' id='word_1_515' title='bbox 2119 2693 2443 2750; x_wconf 81' lang='lat' dir='ltr'><strong>Oppugnare</strong></span> <span class='ocrx_word' id='word_1_516' title='bbox 2476 2683 2788 2746; x_wconf 72' lang='lat' dir='ltr'><strong>cmperunt.</strong></span> <span class='ocrx_word' id='word_1_517' title='bbox 2822 2674 2981 2746; x_wconf 52' lang='grc' dir='ltr'><strong>(ΕεΓο</strong></span> <span class='ocrx_word' id='word_1_518' title='bbox 3006 2688 3072 2727; x_wconf 90' lang='lat' dir='ltr'><strong>eo</strong></span> <span class='ocrx_word' id='word_1_519' title='bbox 3115 2672 3204 2727; x_wconf 90' lang='lat' dir='ltr'><strong>die</strong></span> <span class='ocrx_word' id='word_1_520' title='bbox 3221 2676 3538 2726; x_wconf 83' lang='lat' dir='ltr'><strong>sustentata</strong></span> 
     </span>
    </p>
   </div>
   <div class='ocr_carea' id='block_1_72' title="bbox 1922 2759 3536 2838">
    <p class='ocr_par' dir='ltr' id='par_1_72' title="bbox 1922 2759 3536 2838">
     <span class='ocr_line' id='line_1_72' title="bbox 1922 2759 3536 2838; baseline -0.007 -15"><span class='ocrx_word' id='word_1_521' title='bbox 1922 2778 2009 2823; x_wconf 93' lang='lat' dir='ltr'><strong>est</strong></span> <span class='ocrx_word' id='word_1_522' title='bbox 2038 2768 2317 2823; x_wconf 85' lang='lat' dir='ltr'><strong>Gallorum</strong></span> <span class='ocrx_word' id='word_1_523' title='bbox 2348 2775 2514 2838; x_wconf 90' lang='lat' dir='ltr'><strong>atque</strong></span> <span class='ocrx_word' id='word_1_524' title='bbox 2563 2765 2852 2838; x_wconf 85' lang='lat' dir='ltr'><strong>Belgarum</strong></span> <span class='ocrx_word' id='word_1_525' title='bbox 2885 2761 3232 2836; x_wconf 86' lang='lat' dir='ltr'><strong>Oppugnatio</strong></span> <span class='ocrx_word' id='word_1_526' title='bbox 3265 2761 3400 2814; x_wconf 68' lang='lat' dir='ltr'><strong>hinc.</strong></span> <span class='ocrx_word' id='word_1_527' title='bbox 3438 2759 3536 2812; x_wconf 86' lang='lat' dir='ltr'><strong>Ubi</strong></span> 
     </span>
    </p>
   </div>
   <div class='ocr_carea' id='block_1_73' title="bbox 1919 2849 3535 2928">
    <p class='ocr_par' dir='ltr' id='par_1_73' title="bbox 1919 2849 3535 2928">
     <span class='ocr_line' id='line_1_73' title="bbox 1919 2849 3535 2928; baseline -0.008 -14"><span class='ocrx_word' id='word_1_528' title='bbox 1919 2859 2274 2928; x_wconf 91' lang='lat' dir='ltr'><strong>circumjecta</strong></span> <span class='ocrx_word' id='word_1_529' title='bbox 2326 2855 2684 2912; x_wconf 89' lang='lat' dir='ltr'><strong>multitudine</strong></span> <span class='ocrx_word' id='word_1_530' title='bbox 2746 2853 3030 2910; x_wconf 90' lang='lat' dir='ltr'><strong>hominum</strong></span> <span class='ocrx_word' id='word_1_531' title='bbox 3080 2851 3210 2906; x_wconf 87' lang='lat' dir='ltr'><strong>totis</strong></span> <span class='ocrx_word' id='word_1_532' title='bbox 3238 2849 3535 2912; x_wconf 63' lang='lat' dir='ltr'><strong>moznibus,</strong></span> 
     </span>
    </p>
   </div>
   <div class='ocr_carea' id='block_1_74' title="bbox 1918 2943 3539 3022">
    <p class='ocr_par' dir='ltr' id='par_1_74' title="bbox 1918 2943 3539 3022">
     <span class='ocr_line' id='line_1_74' title="bbox 1918 2943 3539 3022; baseline -0.008 -18"><span class='ocrx_word' id='word_1_533' title='bbox 1918 2950 2170 3022; x_wconf 88' lang='lat' dir='ltr'><strong>undique</strong></span> <span class='ocrx_word' id='word_1_534' title='bbox 2205 2951 2259 3004; x_wconf 91' lang='lat' dir='ltr'><strong>in</strong></span> <span class='ocrx_word' id='word_1_535' title='bbox 2283 2965 2508 3004; x_wconf 89' lang='lat' dir='ltr'><strong>murum</strong></span> <span class='ocrx_word' id='word_1_536' title='bbox 2532 2946 2746 3019; x_wconf 92' lang='lat' dir='ltr'><strong>lapides</strong></span> <span class='ocrx_word' id='word_1_537' title='bbox 2765 2944 2872 3015; x_wconf 89' lang='lat' dir='ltr'><strong>jaci</strong></span> <span class='ocrx_word' id='word_1_538' title='bbox 2896 2943 3037 3013; x_wconf 65' lang='lat' dir='ltr'><strong>ccepi</strong></span> <span class='ocrx_word' id='word_1_539' title='bbox 3058 2948 3214 3008; x_wconf 92' lang='lat' dir='ltr'><strong>sunt,</strong></span> <span class='ocrx_word' id='word_1_540' title='bbox 3233 2954 3539 3008; x_wconf 71' lang='lat' dir='ltr'><strong>mnusque</strong></span> 
     </span>
    </p>
   </div>
   <div class='ocr_carea' id='block_1_75' title="bbox 1920 3027 3540 3102">
    <p class='ocr_par' dir='ltr' id='par_1_75' title="bbox 1920 3027 3540 3102">
     <span class='ocr_line' id='line_1_75' title="bbox 1920 3027 3540 3102; baseline -0.007 -9"><span class='ocrx_word' id='word_1_541' title='bbox 1920 3038 2318 3094; x_wconf 86' lang='lat' dir='ltr'><strong>defensoribus</strong></span> <span class='ocrx_word' id='word_1_542' title='bbox 2362 3039 2608 3094; x_wconf 89' lang='lat' dir='ltr'><strong>nudatus</strong></span> <span class='ocrx_word' id='word_1_543' title='bbox 2663 3044 2768 3102; x_wconf 88' lang='lat' dir='ltr'><strong>est,</strong></span> <span class='ocrx_word' id='word_1_544' title='bbox 2820 3031 3104 3090; x_wconf 86' lang='lat' dir='ltr'><strong>testudine</strong></span> <span class='ocrx_word' id='word_1_545' title='bbox 3157 3033 3304 3085; x_wconf 82' lang='lat' dir='ltr'><strong>facta</strong></span> <span class='ocrx_word' id='word_1_546' title='bbox 3366 3027 3540 3100; x_wconf 91' lang='lat' dir='ltr'><strong>portis</strong></span> 
     </span>
    </p>
   </div>
   <div class='ocr_carea' id='block_1_76' title="bbox 1845 3117 3538 3224">
    <p class='ocr_par' dir='ltr' id='par_1_76' title="bbox 1845 3117 3538 3224">
     <span class='ocr_line' id='line_1_76' title="bbox 1845 3117 3538 3224; baseline -0.006 -41"><span class='ocrx_word' id='word_1_547' title='bbox 1845 3156 1894 3224; x_wconf 65' lang='grc' dir='ltr'><strong>Ο</strong></span> <span class='ocrx_word' id='word_1_548' title='bbox 1921 3127 2248 3194; x_wconf 91' lang='lat' dir='ltr'><strong>succedunt,</strong></span> <span class='ocrx_word' id='word_1_549' title='bbox 2284 3145 2619 3199; x_wconf 90' lang='lat' dir='ltr'><strong>murumque</strong></span> <span class='ocrx_word' id='word_1_550' title='bbox 2667 3126 2975 3189; x_wconf 89' lang='lat' dir='ltr'><strong>subruunt,</strong></span> <span class='ocrx_word' id='word_1_551' title='bbox 3004 3122 3153 3193; x_wconf 88' lang='lat' dir='ltr'><strong>quod</strong></span> <span class='ocrx_word' id='word_1_552' title='bbox 3190 3117 3538 3224; x_wconf 40' lang='lat' dir='ltr'><strong>(msuaditu)</strong></span> 
     </span>
    </p>
   </div>
   <div class='ocr_carea' id='block_1_77' title="bbox 1922 3211 3540 3292">
    <p class='ocr_par' dir='ltr' id='par_1_77' title="bbox 1922 3211 3540 3292">
     <span class='ocr_line' id='line_1_77' title="bbox 1922 3211 3540 3292; baseline -0.006 -18"><span class='ocrx_word' id='word_1_553' title='bbox 1922 3230 2036 3274; x_wconf 90' lang='lat' dir='ltr'><strong>tum</strong></span> <span class='ocrx_word' id='word_1_554' title='bbox 2067 3220 2226 3274; x_wconf 85' lang='lat' dir='ltr'><strong>facile</strong></span> <span class='ocrx_word' id='word_1_555' title='bbox 2249 3219 2434 3274; x_wconf 83' lang='lat' dir='ltr'><strong>fiebat.</strong></span> <span class='ocrx_word' id='word_1_556' title='bbox 2460 3221 2708 3292; x_wconf 87' lang='lat' dir='ltr'><strong>Namque</strong></span> <span class='ocrx_word' id='word_1_557' title='bbox 2729 3228 2880 3274; x_wconf 91' lang='lat' dir='ltr'><strong>tanta</strong></span> <span class='ocrx_word' id='word_1_558' title='bbox 2918 3214 3216 3270; x_wconf 90' lang='lat' dir='ltr'><strong>multitudo</strong></span> <span class='ocrx_word' id='word_1_559' title='bbox 3248 3211 3460 3283; x_wconf 89' lang='lat' dir='ltr'><strong>lapides</strong></span> <span class='ocrx_word' id='word_1_560' title='bbox 3477 3226 3540 3265; x_wconf 91' lang='lat' dir='ltr'><strong>ac</strong></span> 
     </span>
    </p>
   </div>
   <div class='ocr_carea' id='block_1_78' title="bbox 1925 3305 3541 3382">
    <p class='ocr_par' dir='ltr' id='par_1_78' title="bbox 1925 3305 3541 3382">
     <span class='ocr_line' id='line_1_78' title="bbox 1925 3305 3541 3382; baseline -0.006 -17"><span class='ocrx_word' id='word_1_561' title='bbox 1925 3312 2033 3366; x_wconf 84' lang='lat' dir='ltr'><strong>tela</strong></span> <span class='ocrx_word' id='word_1_562' title='bbox 2058 3311 2450 3382; x_wconf 87' lang='lat' dir='ltr'><strong>conjiciebant,</strong></span> <span class='ocrx_word' id='word_1_563' title='bbox 2485 3323 2542 3366; x_wconf 88' lang='lat' dir='ltr'><strong>ut</strong></span> <span class='ocrx_word' id='word_1_564' title='bbox 2602 3313 2658 3366; x_wconf 90' lang='lat' dir='ltr'><strong>in</strong></span> <span class='ocrx_word' id='word_1_565' title='bbox 2708 3327 2866 3365; x_wconf 90' lang='lat' dir='ltr'><strong>muro</strong></span> <span class='ocrx_word' id='word_1_566' title='bbox 2907 3305 3253 3365; x_wconf 80' lang='lat' dir='ltr'><strong>consistendi</strong></span> <span class='ocrx_word' id='word_1_567' title='bbox 3290 3309 3541 3375; x_wconf 88' lang='lat' dir='ltr'><strong>potestas</strong></span> 
     </span>
    </p>
   </div>
   <div class='ocr_carea' id='block_1_79' title="bbox 1928 3393 3542 3472">
    <p class='ocr_par' dir='ltr' id='par_1_79' title="bbox 1928 3393 3542 3472">
     <span class='ocr_line' id='line_1_79' title="bbox 1928 3393 3542 3472; baseline -0.005 -19"><span class='ocrx_word' id='word_1_568' title='bbox 1928 3399 2248 3453; x_wconf 91' lang='lat' dir='ltr'><strong>essetnulli.</strong></span> <span class='ocrx_word' id='word_1_569' title='bbox 2273 3399 2404 3454; x_wconf 93' lang='lat' dir='ltr'><strong>Cum</strong></span> <span class='ocrx_word' id='word_1_570' title='bbox 2423 3398 2589 3454; x_wconf 80' lang='lat' dir='ltr'><strong>finem</strong></span> <span class='ocrx_word' id='word_1_571' title='bbox 2613 3398 2974 3472; x_wconf 85' lang='lat' dir='ltr'><strong>oppugnandi</strong></span> <span class='ocrx_word' id='word_1_572' title='bbox 2994 3414 3100 3454; x_wconf 91' lang='lat' dir='ltr'><strong>nox</strong></span> <span class='ocrx_word' id='word_1_573' title='bbox 3115 3393 3542 3458; x_wconf 89' lang='lat' dir='ltr'><strong>fecisset,lccius</strong></span> 
     </span>
    </p>
   </div>
   <div class='ocr_carea' id='block_1_80' title="bbox 1930 3480 3538 3561">
    <p class='ocr_par' dir='ltr' id='par_1_80' title="bbox 1930 3480 3538 3561">
     <span class='ocr_line' id='line_1_80' title="bbox 1930 3480 3538 3561; baseline -0.005 -19"><span class='ocrx_word' id='word_1_574' title='bbox 1930 3488 2153 3554; x_wconf 86' lang='lat' dir='ltr'><strong>Remus,</strong></span> <span class='ocrx_word' id='word_1_575' title='bbox 2179 3504 2393 3541; x_wconf 91' lang='lat' dir='ltr'><strong>summa</strong></span> <span class='ocrx_word' id='word_1_576' title='bbox 2426 3487 2720 3542; x_wconf 89' lang='lat' dir='ltr'><strong>nobilitate</strong></span> <span class='ocrx_word' id='word_1_577' title='bbox 2748 3498 2804 3542; x_wconf 90' lang='lat' dir='ltr'><strong>et</strong></span> <span class='ocrx_word' id='word_1_578' title='bbox 2861 3489 3037 3561; x_wconf 87' lang='lat' dir='ltr'><strong>gratia</strong></span> <span class='ocrx_word' id='word_1_579' title='bbox 3087 3489 3228 3541; x_wconf 91' lang='lat' dir='ltr'><strong>inter</strong></span> <span class='ocrx_word' id='word_1_580' title='bbox 3256 3499 3408 3545; x_wconf 89' lang='lat' dir='ltr'><strong>suos,</strong></span> <span class='ocrx_word' id='word_1_581' title='bbox 3444 3480 3538 3550; x_wconf 87' lang='lat' dir='ltr'><strong>qui</strong></span> 
     </span>
    </p>
   </div>
   <div class='ocr_carea' id='block_1_81' title="bbox 1932 3570 3544 3650">
    <p class='ocr_par' dir='ltr' id='par_1_81' title="bbox 1932 3570 3544 3650">
     <span class='ocr_line' id='line_1_81' title="bbox 1932 3570 3544 3650; baseline -0.004 -17"><span class='ocrx_word' id='word_1_582' title='bbox 1932 3587 2043 3633; x_wconf 94' lang='lat' dir='ltr'><strong>tum</strong></span> <span class='ocrx_word' id='word_1_583' title='bbox 2064 3576 2267 3650; x_wconf 91' lang='lat' dir='ltr'><strong>oppido</strong></span> <span class='ocrx_word' id='word_1_584' title='bbox 2297 3578 2610 3649; x_wconf 75' lang='lat' dir='ltr'><strong>przefuerat,</strong></span> <span class='ocrx_word' id='word_1_585' title='bbox 2646 3594 2790 3631; x_wconf 93' lang='lat' dir='ltr'><strong>unus</strong></span> <span class='ocrx_word' id='word_1_586' title='bbox 2839 3595 2904 3631; x_wconf 83' lang='lat' dir='ltr'><strong>ex</strong></span> <span class='ocrx_word' id='word_1_587' title='bbox 2945 3579 3051 3642; x_wconf 86' lang='lat' dir='ltr'><strong>his,</strong></span> <span class='ocrx_word' id='word_1_588' title='bbox 3105 3575 3197 3648; x_wconf 91' lang='lat' dir='ltr'><strong>qui</strong></span> <span class='ocrx_word' id='word_1_589' title='bbox 3251 3572 3413 3648; x_wconf 86' lang='lat' dir='ltr'><strong>legati</strong></span> <span class='ocrx_word' id='word_1_590' title='bbox 3474 3570 3544 3626; x_wconf 91' lang='lat' dir='ltr'><strong>de</strong></span> 
     </span>
    </p>
   </div>
   <div class='ocr_carea' id='block_1_82' title="bbox 1932 3663 3542 3742">
    <p class='ocr_par' dir='ltr' id='par_1_82' title="bbox 1932 3663 3542 3742">
     <span class='ocr_line' id='line_1_82' title="bbox 1932 3663 3542 3742; baseline -0.006 -16"><span class='ocrx_word' id='word_1_591' title='bbox 1932 3689 2064 3742; x_wconf 88' lang='lat' dir='ltr'><strong>pace</strong></span> <span class='ocrx_word' id='word_1_592' title='bbox 2092 3673 2159 3725; x_wconf 90' lang='lat' dir='ltr'><strong>ad</strong></span> <span class='ocrx_word' id='word_1_593' title='bbox 2191 3673 2460 3727; x_wconf 66' lang='lat' dir='ltr'><strong>Caesarem</strong></span> <span class='ocrx_word' id='word_1_594' title='bbox 2491 3679 2784 3734; x_wconf 82' lang='lat' dir='ltr'><strong>venerant,</strong></span> <span class='ocrx_word' id='word_1_595' title='bbox 2819 3671 3075 3724; x_wconf 91' lang='lat' dir='ltr'><strong>nuntium</strong></span> <span class='ocrx_word' id='word_1_596' title='bbox 3104 3668 3170 3721; x_wconf 91' lang='lat' dir='ltr'><strong>ad</strong></span> <span class='ocrx_word' id='word_1_597' title='bbox 3195 3684 3321 3721; x_wconf 86' lang='lat' dir='ltr'><strong>eum</strong></span> <span class='ocrx_word' id='word_1_598' title='bbox 3356 3663 3542 3729; x_wconf 88' lang='lat' dir='ltr'><strong>mittit,</strong></span> 
     </span>
    </p>
   </div>
   <div class='ocr_carea' id='block_1_83' title="bbox 1932 3755 3545 3818">
    <p class='ocr_par' dir='ltr' id='par_1_83' title="bbox 1932 3755 3545 3818">
     <span class='ocr_line' id='line_1_83' title="bbox 1932 3755 3545 3818; baseline -0.006 -3"><span class='ocrx_word' id='word_1_599' title='bbox 1932 3762 2038 3815; x_wconf 90' lang='lat' dir='ltr'><strong>nisi</strong></span> <span class='ocrx_word' id='word_1_600' title='bbox 2065 3763 2379 3817; x_wconf 89' lang='lat' dir='ltr'><strong>subsidium</strong></span> <span class='ocrx_word' id='word_1_601' title='bbox 2409 3761 2514 3815; x_wconf 90' lang='lat' dir='ltr'><strong>sibi</strong></span> <span class='ocrx_word' id='word_1_602' title='bbox 2539 3760 2806 3818; x_wconf 87' lang='lat' dir='ltr'><strong>mittatur.</strong></span> <span class='ocrx_word' id='word_1_603' title='bbox 2843 3775 2962 3811; x_wconf 83' lang='lat' dir='ltr'><strong>sese</strong></span> <span class='ocrx_word' id='word_1_604' title='bbox 3002 3758 3212 3811; x_wconf 88' lang='lat' dir='ltr'><strong>diutius</strong></span> <span class='ocrx_word' id='word_1_605' title='bbox 3266 3755 3545 3809; x_wconf 68' lang='lat' dir='ltr'><strong>sustinere</strong></span> 
     </span>
    </p>
   </div>
   <div class='ocr_carea' id='block_1_84' title="bbox 1936 3843 3545 3924">
    <p class='ocr_par' dir='ltr' id='par_1_84' title="bbox 1936 3843 3545 3924">
     <span class='ocr_line' id='line_1_84' title="bbox 1936 3843 3545 3924; baseline -0.006 -18"><span class='ocrx_word' id='word_1_606' title='bbox 1936 3869 2047 3907; x_wconf 93' lang='lat' dir='ltr'><strong>non</strong></span> <span class='ocrx_word' id='word_1_607' title='bbox 2073 3870 2253 3924; x_wconf 86' lang='lat' dir='ltr'><strong>posse.</strong></span> <span class='ocrx_word' id='word_1_608' title='bbox 2293 3854 2364 3908; x_wconf 82' lang='lat' dir='ltr'><strong>Eo</strong></span> <span class='ocrx_word' id='word_1_609' title='bbox 2384 3852 2451 3906; x_wconf 89' lang='lat' dir='ltr'><strong>de</strong></span> <span class='ocrx_word' id='word_1_610' title='bbox 2485 3849 2663 3905; x_wconf 86' lang='lat' dir='ltr'><strong>media</strong></span> <span class='ocrx_word' id='word_1_611' title='bbox 2687 3857 2850 3903; x_wconf 87' lang='lat' dir='ltr'><strong>nocte</strong></span> <span class='ocrx_word' id='word_1_612' title='bbox 2871 3847 3070 3908; x_wconf 66' lang='lat' dir='ltr'><strong>Ctesar,</strong></span> <span class='ocrx_word' id='word_1_613' title='bbox 3094 3846 3288 3899; x_wconf 90' lang='lat' dir='ltr'><strong>iisdem</strong></span> <span class='ocrx_word' id='word_1_614' title='bbox 3310 3843 3545 3898; x_wconf 87' lang='lat' dir='ltr'><strong>ducibus</strong></span> 
     </span>
    </p>
   </div>
   <div class='ocr_carea' id='block_1_85' title="bbox 1937 3931 3546 4015">
    <p class='ocr_par' dir='ltr' id='par_1_85' title="bbox 1937 3931 3546 4015">
     <span class='ocr_line' id='line_1_85' title="bbox 1937 3931 3546 4015; baseline -0.008 -18"><span class='ocrx_word' id='word_1_615' title='bbox 1937 3961 2088 4006; x_wconf 85' lang='lat' dir='ltr'><strong>usus,</strong></span> <span class='ocrx_word' id='word_1_616' title='bbox 2109 3945 2200 4015; x_wconf 89' lang='lat' dir='ltr'><strong>qui</strong></span> <span class='ocrx_word' id='word_1_617' title='bbox 2223 3943 2400 3998; x_wconf 89' lang='lat' dir='ltr'><strong>nuntii</strong></span> <span class='ocrx_word' id='word_1_618' title='bbox 2424 3941 2492 3996; x_wconf 89' lang='lat' dir='ltr'><strong>ab</strong></span> <span class='ocrx_word' id='word_1_619' title='bbox 2523 3941 2662 3995; x_wconf 90' lang='lat' dir='ltr'><strong>Iccio</strong></span> <span class='ocrx_word' id='word_1_620' title='bbox 2688 3945 2969 4001; x_wconf 86' lang='lat' dir='ltr'><strong>venerant,</strong></span> <span class='ocrx_word' id='word_1_621' title='bbox 3023 3935 3285 3988; x_wconf 83' lang='lat' dir='ltr'><strong>Numidas</strong></span> <span class='ocrx_word' id='word_1_622' title='bbox 3340 3941 3392 3986; x_wconf 93' lang='lat' dir='ltr'><strong>et</strong></span> <span class='ocrx_word' id='word_1_623' title='bbox 3422 3931 3546 3985; x_wconf 87' lang='lat' dir='ltr'><strong>Cre-</strong></span> 
     </span>
    </p>
   </div>
   <div class='ocr_carea' id='block_1_86' title="bbox 1938 4024 3545 4109">
    <p class='ocr_par' dir='ltr' id='par_1_86' title="bbox 1938 4024 3545 4109">
     <span class='ocr_line' id='line_1_86' title="bbox 1938 4024 3545 4109; baseline -0.009 -19"><span class='ocrx_word' id='word_1_624' title='bbox 1938 4045 2021 4090; x_wconf 90' lang='lat' dir='ltr'><strong>tas</strong></span> <span class='ocrx_word' id='word_1_625' title='bbox 2041 4037 2352 4109; x_wconf 82' lang='lat' dir='ltr'><strong>sagittarios</strong></span> <span class='ocrx_word' id='word_1_626' title='bbox 2377 4045 2431 4091; x_wconf 89' lang='lat' dir='ltr'><strong>et</strong></span> <span class='ocrx_word' id='word_1_627' title='bbox 2461 4034 2768 4089; x_wconf 86' lang='lat' dir='ltr'><strong>funditores</strong></span> <span class='ocrx_word' id='word_1_628' title='bbox 2815 4030 3065 4083; x_wconf 85' lang='lat' dir='ltr'><strong>Baleares</strong></span> <span class='ocrx_word' id='word_1_629' title='bbox 3095 4026 3346 4080; x_wconf 90' lang='lat' dir='ltr'><strong>subsidio</strong></span> <span class='ocrx_word' id='word_1_630' title='bbox 3381 4024 3545 4095; x_wconf 89' lang='lat' dir='ltr'><strong>Oppi-</strong></span> 
     </span>
    </p>
   </div>
   <div class='ocr_carea' id='block_1_87' title="bbox 1936 4115 3547 4190">
    <p class='ocr_par' dir='ltr' id='par_1_87' title="bbox 1936 4115 3547 4190">
     <span class='ocr_line' id='line_1_87' title="bbox 1936 4115 3547 4190; baseline -0.007 -12"><span class='ocrx_word' id='word_1_631' title='bbox 1936 4125 2098 4180; x_wconf 82' lang='lat' dir='ltr'><strong>danis</strong></span> <span class='ocrx_word' id='word_1_632' title='bbox 2130 4126 2312 4180; x_wconf 89' lang='lat' dir='ltr'><strong>mittit.</strong></span> <span class='ocrx_word' id='word_1_633' title='bbox 2346 4127 2588 4190; x_wconf 85' lang='lat' dir='ltr'><strong>Quorum</strong></span> <span class='ocrx_word' id='word_1_634' title='bbox 2641 4123 2887 4176; x_wconf 90' lang='lat' dir='ltr'><strong>adventu</strong></span> <span class='ocrx_word' id='word_1_635' title='bbox 2919 4125 2972 4171; x_wconf 89' lang='lat' dir='ltr'><strong>et</strong></span> <span class='ocrx_word' id='word_1_636' title='bbox 3034 4115 3215 4170; x_wconf 91' lang='lat' dir='ltr'><strong>Remis</strong></span> <span class='ocrx_word' id='word_1_637' title='bbox 3265 4131 3394 4168; x_wconf 91' lang='lat' dir='ltr'><strong>cum</strong></span> <span class='ocrx_word' id='word_1_638' title='bbox 3449 4130 3547 4182; x_wconf 89' lang='lat' dir='ltr'><strong>spe</strong></span> 
     </span>
    </p>
   </div>
   <div class='ocr_carea' id='block_1_88' title="bbox 1938 4203 3551 4283">
    <p class='ocr_par' dir='ltr' id='par_1_88' title="bbox 1938 4203 3551 4283">
     <span class='ocr_line' id='line_1_88' title="bbox 1938 4203 3551 4283; baseline -0.008 -15"><span class='ocrx_word' id='word_1_639' title='bbox 1938 4215 2282 4269; x_wconf 88' lang='lat' dir='ltr'><strong>defensionis</strong></span> <span class='ocrx_word' id='word_1_640' title='bbox 2303 4214 2547 4268; x_wconf 89' lang='lat' dir='ltr'><strong>studium</strong></span> <span class='ocrx_word' id='word_1_641' title='bbox 2582 4207 2973 4283; x_wconf 82' lang='lat' dir='ltr'><strong>propugnandi</strong></span> <span class='ocrx_word' id='word_1_642' title='bbox 3007 4204 3255 4268; x_wconf 88' lang='lat' dir='ltr'><strong>accessit,</strong></span> <span class='ocrx_word' id='word_1_643' title='bbox 3290 4213 3344 4256; x_wconf 73' lang='lat' dir='ltr'><strong>et</strong></span> <span class='ocrx_word' id='word_1_644' title='bbox 3378 4203 3551 4257; x_wconf 89' lang='lat' dir='ltr'><strong>hosti-</strong></span> 
     </span>
    </p>
   </div>
   <div class='ocr_carea' id='block_1_89' title="bbox 1939 4293 3544 4375">
    <p class='ocr_par' dir='ltr' id='par_1_89' title="bbox 1939 4293 3544 4375">
     <span class='ocr_line' id='line_1_89' title="bbox 1939 4293 3544 4375; baseline -0.007 -15"><span class='ocrx_word' id='word_1_645' title='bbox 1939 4308 2042 4360; x_wconf 89' lang='lat' dir='ltr'><strong>bus</strong></span> <span class='ocrx_word' id='word_1_646' title='bbox 2064 4305 2257 4360; x_wconf 91' lang='lat' dir='ltr'><strong>eadem</strong></span> <span class='ocrx_word' id='word_1_647' title='bbox 2281 4306 2348 4358; x_wconf 90' lang='lat' dir='ltr'><strong>de</strong></span> <span class='ocrx_word' id='word_1_648' title='bbox 2392 4322 2559 4359; x_wconf 80' lang='lat' dir='ltr'><strong>causa</strong></span> <span class='ocrx_word' id='word_1_649' title='bbox 2583 4319 2712 4375; x_wconf 82' lang='lat' dir='ltr'><strong>spes</strong></span> <span class='ocrx_word' id='word_1_650' title='bbox 2757 4298 3010 4372; x_wconf 90' lang='lat' dir='ltr'><strong>potiundi</strong></span> <span class='ocrx_word' id='word_1_651' title='bbox 3049 4294 3239 4368; x_wconf 84' lang='lat' dir='ltr'><strong>Oppidi</strong></span> <span class='ocrx_word' id='word_1_652' title='bbox 3272 4293 3544 4349; x_wconf 85' lang='lat' dir='ltr'><strong>discessit.</strong></span> 
     </span>
    </p>
   </div>
   <div class='ocr_carea' id='block_1_90' title="bbox 1939 4384 3546 4468">
    <p class='ocr_par' dir='ltr' id='par_1_90' title="bbox 1939 4384 3546 4468">
     <span class='ocr_line' id='line_1_90' title="bbox 1939 4384 3546 4468; baseline -0.007 -18"><span class='ocrx_word' id='word_1_653' title='bbox 1939 4398 2127 4467; x_wconf 65' lang='lat' dir='ltr'><strong>Itaque</strong></span> <span class='ocrx_word' id='word_1_654' title='bbox 2159 4396 2441 4468; x_wconf 90' lang='lat' dir='ltr'><strong>paulisper</strong></span> <span class='ocrx_word' id='word_1_655' title='bbox 2476 4391 2622 4464; x_wconf 87' lang='lat' dir='ltr'><strong>apud</strong></span> <span class='ocrx_word' id='word_1_656' title='bbox 2678 4389 2943 4462; x_wconf 87' lang='lat' dir='ltr'><strong>Oppidum</strong></span> <span class='ocrx_word' id='word_1_657' title='bbox 3001 4384 3220 4449; x_wconf 79' lang='lat' dir='ltr'><strong>morati,</strong></span> <span class='ocrx_word' id='word_1_658' title='bbox 3272 4398 3546 4456; x_wconf 87' lang='lat' dir='ltr'><strong>agrosque</strong></span> 
     </span>
    </p>
   </div>
   <div class='ocr_carea' id='block_1_91' title="bbox 230 4453 3548 4554">
    <p class='ocr_par' dir='ltr' id='par_1_91' title="bbox 230 4453 3548 4554">
     <span class='ocr_line' id='line_1_91' title="bbox 230 4453 3548 4554; baseline 0.001 -55"><span class='ocrx_word' id='word_1_659' title='bbox 230 4464 461 4506; x_wconf 80' lang='lat' dir='ltr'><strong>vicorum</strong></span> <span class='ocrx_word' id='word_1_660' title='bbox 482 4453 912 4508; x_wconf 90' lang='lat' dir='ltr'><strong>Durocortorum</strong></span> <span class='ocrx_word' id='word_1_661' title='bbox 935 4453 1237 4507; x_wconf 86' lang='lat' dir='ltr'><strong>Remorum</strong></span> <span class='ocrx_word' id='word_1_662' title='bbox 1265 4470 1464 4524; x_wconf 90' lang='lat' dir='ltr'><strong>usque,</strong></span> <span class='ocrx_word' id='word_1_663' title='bbox 1490 4455 1556 4508; x_wconf 79' lang='grc' dir='ltr'><strong>Μ.</strong></span> <span class='ocrx_word' id='word_1_664' title='bbox 1580 4455 1636 4509; x_wconf 85' lang='grc' dir='ltr'><strong>Ρ.</strong></span> <span class='ocrx_word' id='word_1_665' title='bbox 1662 4455 1824 4509; x_wconf 70' lang='lat' dir='ltr'><strong>LIII.»</strong></span> <span class='ocrx_word' id='word_1_666' title='bbox 1860 4478 1915 4546; x_wconf 85' lang='lat' dir='ltr'>D</span> <span class='ocrx_word' id='word_1_667' title='bbox 1943 4453 2240 4540; x_wconf 40' lang='lat' dir='ltr'><strong>Rerhort‘lm</strong></span> <span class='ocrx_word' id='word_1_668' title='bbox 2303 4453 2648 4554; x_wconf 46' lang='lat' dir='ltr'><strong>dgpopdlau,</strong></span> <span class='ocrx_word' id='word_1_669' title='bbox 2681 4453 2941 4534; x_wconf 35' lang='lat' dir='ltr'><strong>canibus</strong></span> <span class='ocrx_word' id='word_1_670' title='bbox 2976 4475 3133 4539; x_wconf 47' lang='lat' dir='ltr'><strong>vicis,</strong></span> <span class='ocrx_word' id='word_1_671' title='bbox 3165 4453 3548 4540; x_wconf 39' lang='lat' dir='ltr'><strong>mdiﬁgiisque’</strong></span> 
     </span>
    </p>
   </div>
   <div class='ocr_carea' id='block_1_92' title="bbox 858 4581 1189 4639">
    <p class='ocr_par' dir='ltr' id='par_1_92' title="bbox 858 4581 1189 4639">
     <span class='ocr_line' id='line_1_92' title="bbox 858 4581 1189 4639; baseline 0.009 -4"><span class='ocrx_word' id='word_1_672' title='bbox 858 4581 1079 4637; x_wconf 80' lang='lat' dir='ltr'><strong>CAPUT</strong></span> <span class='ocrx_word' id='word_1_673' title='bbox 1123 4584 1189 4639; x_wconf 80' lang='grc' dir='ltr'><strong>ιι.</strong></span> 
     </span>
    </p>
   </div>
   <div class='ocr_carea' id='block_1_93' title="bbox 397 4674 1652 4745">
    <p class='ocr_par' dir='ltr' id='par_1_93' title="bbox 397 4674 1652 4745">
     <span class='ocr_line' id='line_1_93' title="bbox 397 4674 1652 4745; baseline 0.006 -21"><span class='ocrx_word' id='word_1_674' title='bbox 397 4674 468 4724; x_wconf 83' lang='lat' dir='ltr'><strong>De</strong></span> <span class='ocrx_word' id='word_1_675' title='bbox 492 4674 740 4726; x_wconf 78' lang='lat' dir='ltr'><strong>amicitia</strong></span> <span class='ocrx_word' id='word_1_676' title='bbox 770 4677 1133 4730; x_wconf 80' lang='lat' dir='ltr'><strong>Romanorum</strong></span> <span class='ocrx_word' id='word_1_677' title='bbox 1164 4680 1328 4745; x_wconf 79' lang='lat' dir='ltr'><strong>atque</strong></span> <span class='ocrx_word' id='word_1_678' title='bbox 1358 4677 1652 4732; x_wconf 81' lang='lat' dir='ltr'><strong>Remorum.</strong></span> 
     </span>
    </p>
   </div>
   <div class='ocr_carea' id='block_1_94' title="bbox 295 4759 1837 4839">
    <p class='ocr_par' dir='ltr' id='par_1_94' title="bbox 295 4759 1837 4839">
     <span class='ocr_line' id='line_1_94' title="bbox 295 4759 1837 4839; baseline 0.006 -26"><span class='ocrx_word' id='word_1_679' title='bbox 295 4759 514 4816; x_wconf 92' lang='lat' dir='ltr'><strong>Constat</strong></span> <span class='ocrx_word' id='word_1_680' title='bbox 547 4764 738 4835; x_wconf 89' lang='lat' dir='ltr'><strong>itaque</strong></span> <span class='ocrx_word' id='word_1_681' title='bbox 770 4767 1068 4821; x_wconf 90' lang='lat' dir='ltr'><strong>Remorum</strong></span> <span class='ocrx_word' id='word_1_682' title='bbox 1102 4767 1367 4838; x_wconf 89' lang='lat' dir='ltr'><strong>populum</strong></span> <span class='ocrx_word' id='word_1_683' title='bbox 1401 4769 1607 4839; x_wconf 90' lang='lat' dir='ltr'><strong>populo</strong></span> <span class='ocrx_word' id='word_1_684' title='bbox 1633 4769 1837 4823; x_wconf 88' lang='lat' dir='ltr'><strong>Roma—</strong></span> 
     </span>
    </p>
   </div>
   <div class='ocr_carea' id='block_1_95' title="bbox 238 4854 1835 4927">
    <p class='ocr_par' dir='ltr' id='par_1_95' title="bbox 238 4854 1835 4927">
     <span class='ocr_line' id='line_1_95' title="bbox 238 4854 1835 4927; baseline 0.009 -29"><span class='ocrx_word' id='word_1_685' title='bbox 238 4861 422 4903; x_wconf 91' lang='lat' dir='ltr'><strong>norum</strong></span> <span class='ocrx_word' id='word_1_686' title='bbox 459 4854 812 4909; x_wconf 89' lang='lat' dir='ltr'><strong>tenacissima</strong></span> <span class='ocrx_word' id='word_1_687' title='bbox 845 4856 1041 4926; x_wconf 91' lang='lat' dir='ltr'><strong>priscis</strong></span> <span class='ocrx_word' id='word_1_688' title='bbox 1086 4857 1216 4912; x_wconf 92' lang='lat' dir='ltr'><strong>olim</strong></span> <span class='ocrx_word' id='word_1_689' title='bbox 1254 4857 1604 4927; x_wconf 87' lang='lat' dir='ltr'><strong>temporibus</strong></span> <span class='ocrx_word' id='word_1_690' title='bbox 1634 4859 1835 4913; x_wconf 87' lang='lat' dir='ltr'><strong>amici-</strong></span> 
     </span>
    </p>
   </div>
   <div class='ocr_carea' id='block_1_96' title="bbox 237 4937 1837 5015">
    <p class='ocr_par' dir='ltr' id='par_1_96' title="bbox 237 4937 1837 5015">
     <span class='ocr_line' id='line_1_96' title="bbox 237 4937 1837 5015; baseline 0.01 -25"><span class='ocrx_word' id='word_1_691' title='bbox 237 4937 308 4992; x_wconf 89' lang='lat' dir='ltr'><strong>tia</strong></span> <span class='ocrx_word' id='word_1_692' title='bbox 329 4941 603 5008; x_wconf 88' lang='lat' dir='ltr'><strong>junctum,</strong></span> <span class='ocrx_word' id='word_1_693' title='bbox 637 4947 939 5015; x_wconf 68' lang='lat' dir='ltr'><strong>prtelibatze</strong></span> <span class='ocrx_word' id='word_1_694' title='bbox 959 4948 1098 5002; x_wconf 89' lang='lat' dir='ltr'><strong>Julii</strong></span> <span class='ocrx_word' id='word_1_695' title='bbox 1125 4949 1351 5004; x_wconf 59' lang='lat' dir='ltr'><strong>Caesaris</strong></span> <span class='ocrx_word' id='word_1_696' title='bbox 1393 4951 1645 5005; x_wconf 62' lang='lat' dir='ltr'><strong>Historiae</strong></span> <span class='ocrx_word' id='word_1_697' title='bbox 1676 4951 1837 5006; x_wconf 91' lang='lat' dir='ltr'><strong>libris</strong></span> 
     </span>
    </p>
   </div>
   <div class='ocr_carea' id='block_1_97' title="bbox 235 5029 1832 5116">
    <p class='ocr_par' dir='ltr' id='par_1_97' title="bbox 235 5029 1832 5116">
     <span class='ocr_line' id='line_1_97' title="bbox 235 5029 1832 5116; baseline 0.01 -35"><span class='ocrx_word' id='word_1_698' title='bbox 235 5029 288 5089; x_wconf 81' lang='grc' dir='ltr'><strong>(ι.</strong></span> <span class='ocrx_word' id='word_1_699' title='bbox 323 5048 354 5084; x_wconf 87' lang='grc' dir='ltr'>ιι</span> <span class='ocrx_word' id='word_1_700' title='bbox 388 5037 535 5098; x_wconf 77' lang='lat' dir='ltr'><strong>init.)</strong></span> <span class='ocrx_word' id='word_1_701' title='bbox 587 5037 692 5091; x_wconf 90' lang='lat' dir='ltr'><strong>hoc</strong></span> <span class='ocrx_word' id='word_1_702' title='bbox 725 5037 903 5108; x_wconf 90' lang='lat' dir='ltr'><strong>ipsum</strong></span> <span class='ocrx_word' id='word_1_703' title='bbox 947 5040 1400 5110; x_wconf 89' lang='lat' dir='ltr'><strong>astipulantibus,</strong></span> <span class='ocrx_word' id='word_1_704' title='bbox 1439 5043 1528 5097; x_wconf 91' lang='lat' dir='ltr'><strong>ubi</strong></span> <span class='ocrx_word' id='word_1_705' title='bbox 1587 5043 1832 5116; x_wconf 88' lang='lat' dir='ltr'><strong>legitur:</strong></span> 
     </span>
    </p>
   </div>
   <div class='ocr_carea' id='block_1_98' title="bbox 242 5121 1838 5204">
    <p class='ocr_par' dir='ltr' id='par_1_98' title="bbox 242 5121 1838 5204">
     <span class='ocr_line' id='line_1_98' title="bbox 242 5121 1838 5204; baseline 0.009 -30"><span class='ocrx_word' id='word_1_706' title='bbox 242 5139 259 5164; x_wconf 70' lang='grc' dir='ltr'><strong><em>α</em></strong></span> <span class='ocrx_word' id='word_1_707' title='bbox 293 5121 385 5183; x_wconf 83' lang='lat' dir='ltr'><strong>Eo,</strong></span> <span class='ocrx_word' id='word_1_708' title='bbox 433 5126 646 5182; x_wconf 91' lang='lat' dir='ltr'><strong>scilicet</strong></span> <span class='ocrx_word' id='word_1_709' title='bbox 675 5129 742 5182; x_wconf 89' lang='lat' dir='ltr'><strong>ad</strong></span> <span class='ocrx_word' id='word_1_710' title='bbox 805 5128 946 5184; x_wconf 86' lang='lat' dir='ltr'><strong>ﬁnes</strong></span> <span class='ocrx_word' id='word_1_711' title='bbox 995 5132 1310 5201; x_wconf 81' lang='lat' dir='ltr'><strong>Belgarum,</strong></span> <span class='ocrx_word' id='word_1_712' title='bbox 1348 5135 1468 5204; x_wconf 92' lang='lat' dir='ltr'><strong>ipso</strong></span> <span class='ocrx_word' id='word_1_713' title='bbox 1514 5134 1727 5189; x_wconf 65' lang='lat' dir='ltr'><strong>Caesare</strong></span> <span class='ocrx_word' id='word_1_714' title='bbox 1770 5135 1838 5188; x_wconf 92' lang='lat' dir='ltr'><strong>de</strong></span> 
     </span>
    </p>
   </div>
   <div class='ocr_carea' id='block_1_99' title="bbox 240 5205 1841 5294">
    <p class='ocr_par' dir='ltr' id='par_1_99' title="bbox 240 5205 1841 5294">
     <span class='ocr_line' id='line_1_99' title="bbox 240 5205 1841 5294; baseline 0.009 -33"><span class='ocrx_word' id='word_1_715' title='bbox 240 5205 558 5282; x_wconf 89' lang='lat' dir='ltr'><strong>improviso,</strong></span> <span class='ocrx_word' id='word_1_716' title='bbox 621 5217 976 5290; x_wconf 87' lang='lat' dir='ltr'><strong>celeriusque</strong></span> <span class='ocrx_word' id='word_1_717' title='bbox 1017 5221 1272 5276; x_wconf 88' lang='lat' dir='ltr'><strong>omnium</strong></span> <span class='ocrx_word' id='word_1_718' title='bbox 1329 5222 1619 5292; x_wconf 91' lang='lat' dir='ltr'><strong>opinione,</strong></span> <span class='ocrx_word' id='word_1_719' title='bbox 1643 5239 1841 5294; x_wconf 85' lang='lat' dir='ltr'><strong>perve-</strong></span> 
     </span>
    </p>
   </div>
   <div class='ocr_carea' id='block_1_100' title="bbox 243 5299 1842 5381">
    <p class='ocr_par' dir='ltr' id='par_1_100' title="bbox 243 5299 1842 5381">
     <span class='ocr_line' id='line_1_100' title="bbox 243 5299 1842 5381; baseline 0.009 -29"><span class='ocrx_word' id='word_1_720' title='bbox 243 5299 462 5370; x_wconf 89' lang='lat' dir='ltr'><strong>niente,</strong></span> <span class='ocrx_word' id='word_1_721' title='bbox 517 5307 755 5372; x_wconf 86' lang='lat' dir='ltr'><strong>Remos,</strong></span> <span class='ocrx_word' id='word_1_722' title='bbox 822 5311 1061 5379; x_wconf 79' lang='lat' dir='ltr'><strong>proximi</strong></span> <span class='ocrx_word' id='word_1_723' title='bbox 1116 5311 1300 5366; x_wconf 65' lang='lat' dir='ltr'><strong>Gallim</strong></span> <span class='ocrx_word' id='word_1_724' title='bbox 1349 5331 1412 5368; x_wconf 85' lang='lat' dir='ltr'><strong>ex</strong></span> <span class='ocrx_word' id='word_1_725' title='bbox 1478 5315 1658 5381; x_wconf 79' lang='lat' dir='ltr'><strong>Belgis</strong></span> <span class='ocrx_word' id='word_1_726' title='bbox 1713 5325 1842 5368; x_wconf 91' lang='lat' dir='ltr'><strong>sunt</strong></span> 
     </span>
    </p>
   </div>
   <div class='ocr_carea' id='block_1_101' title="bbox 243 5388 1841 5484">
    <p class='ocr_par' dir='ltr' id='par_1_101' title="bbox 243 5388 1841 5484">
     <span class='ocr_line' id='line_1_101' title="bbox 243 5388 1841 5484; baseline 0.01 -44"><span class='ocrx_word' id='word_1_727' title='bbox 243 5388 462 5484; x_wconf 79' lang='lat' dir='ltr'><strong>adeum</strong></span> <span class='ocrx_word' id='word_1_728' title='bbox 509 5395 720 5468; x_wconf 83' lang='lat' dir='ltr'><strong>legatos</strong></span> <span class='ocrx_word' id='word_1_729' title='bbox 777 5398 973 5453; x_wconf 89' lang='lat' dir='ltr'><strong>Iccium</strong></span> <span class='ocrx_word' id='word_1_730' title='bbox 1021 5407 1075 5454; x_wconf 89' lang='lat' dir='ltr'><strong>et</strong></span> <span class='ocrx_word' id='word_1_731' title='bbox 1123 5399 1567 5476; x_wconf 86' lang='lat' dir='ltr'><strong>Andebrogium,</strong></span> <span class='ocrx_word' id='word_1_732' title='bbox 1628 5403 1841 5474; x_wconf 89' lang='lat' dir='ltr'><strong>primos</strong></span> 
     </span>
    </p>
   </div>
   <div class='ocr_carea' id='block_1_102' title="bbox 241 5478 1846 5560">
    <p class='ocr_par' dir='ltr' id='par_1_102' title="bbox 241 5478 1846 5560">
     <span class='ocr_line' id='line_1_102' title="bbox 241 5478 1846 5560; baseline 0.007 -29"><span class='ocrx_word' id='word_1_733' title='bbox 241 5478 471 5535; x_wconf 79' lang='lat' dir='ltr'><strong>Civitatis</strong></span> <span class='ocrx_word' id='word_1_734' title='bbox 494 5500 628 5550; x_wconf 65' lang='lat' dir='ltr'><strong>suae,</strong></span> <span class='ocrx_word' id='word_1_735' title='bbox 663 5486 902 5552; x_wconf 89' lang='lat' dir='ltr'><strong>misisse,</strong></span> <span class='ocrx_word' id='word_1_736' title='bbox 928 5498 984 5542; x_wconf 89' lang='lat' dir='ltr'><strong>et</strong></span> <span class='ocrx_word' id='word_1_737' title='bbox 1005 5504 1064 5542; x_wconf 91' lang='lat' dir='ltr'><strong>se</strong></span> <span class='ocrx_word' id='word_1_738' title='bbox 1085 5505 1296 5560; x_wconf 90' lang='lat' dir='ltr'><strong>suaque</strong></span> <span class='ocrx_word' id='word_1_739' title='bbox 1335 5491 1527 5545; x_wconf 90' lang='lat' dir='ltr'><strong>omnia</strong></span> <span class='ocrx_word' id='word_1_740' title='bbox 1545 5491 1846 5545; x_wconf 77' lang='lat' dir='ltr'><strong>oti&#39;erentes</strong></span> 
     </span>
    </p>
   </div>
   <div class='ocr_carea' id='block_1_103' title="bbox 246 5565 1844 5650">
    <p class='ocr_par' dir='ltr' id='par_1_103' title="bbox 246 5565 1844 5650">
     <span class='ocr_line' id='line_1_103' title="bbox 246 5565 1844 5650; baseline 0.011 -30"><span class='ocrx_word' id='word_1_741' title='bbox 246 5565 297 5620; x_wconf 86' lang='lat' dir='ltr'><strong>in</strong></span> <span class='ocrx_word' id='word_1_742' title='bbox 354 5569 514 5629; x_wconf 81' lang='lat' dir='ltr'><strong>fidem</strong></span> <span class='ocrx_word' id='word_1_743' title='bbox 567 5586 738 5648; x_wconf 88' lang='lat' dir='ltr'><strong>atque</strong></span> <span class='ocrx_word' id='word_1_744' title='bbox 795 5579 1100 5634; x_wconf 88' lang='lat' dir='ltr'><strong>amicitiam</strong></span> <span class='ocrx_word' id='word_1_745' title='bbox 1135 5581 1325 5650; x_wconf 88' lang='lat' dir='ltr'><strong>pOpuIi</strong></span> <span class='ocrx_word' id='word_1_746' title='bbox 1361 5583 1587 5637; x_wconf 89' lang='lat' dir='ltr'><strong>Romani</strong></span> <span class='ocrx_word' id='word_1_747' title='bbox 1618 5583 1844 5638; x_wconf 90' lang='lat' dir='ltr'><strong>omnino</strong></span> 
     </span>
    </p>
   </div>
   <div class='ocr_carea' id='block_1_104' title="bbox 245 5661 1829 5739">
    <p class='ocr_par' dir='ltr' id='par_1_104' title="bbox 245 5661 1829 5739">
     <span class='ocr_line' id='line_1_104' title="bbox 245 5661 1829 5739; baseline 0.01 -30"><span class='ocrx_word' id='word_1_748' title='bbox 245 5661 570 5733; x_wconf 83' lang='lat' dir='ltr'><strong>conjurasse,</strong></span> <span class='ocrx_word' id='word_1_749' title='bbox 601 5678 933 5739; x_wconf 86' lang='lat' dir='ltr'><strong>paratosque</strong></span> <span class='ocrx_word' id='word_1_750' title='bbox 966 5687 1086 5725; x_wconf 90' lang='lat' dir='ltr'><strong>esse</strong></span> <span class='ocrx_word' id='word_1_751' title='bbox 1119 5680 1174 5725; x_wconf 87' lang='lat' dir='ltr'><strong>et</strong></span> <span class='ocrx_word' id='word_1_752' title='bbox 1196 5671 1418 5728; x_wconf 85' lang='lat' dir='ltr'><strong>obsides</strong></span> <span class='ocrx_word' id='word_1_753' title='bbox 1449 5674 1601 5739; x_wconf 88' lang='lat' dir='ltr'><strong>dare,</strong></span> <span class='ocrx_word' id='word_1_754' title='bbox 1635 5683 1692 5728; x_wconf 88' lang='lat' dir='ltr'><strong>et</strong></span> <span class='ocrx_word' id='word_1_755' title='bbox 1722 5673 1829 5726; x_wconf 91' lang='lat' dir='ltr'><strong>im-</strong></span> 
     </span>
    </p>
   </div>
   <div class='ocr_carea' id='block_1_105' title="bbox 1936 4559 3548 4648">
    <p class='ocr_par' dir='ltr' id='par_1_105' title="bbox 1936 4559 3548 4648">
     <span class='ocr_line' id='line_1_105' title="bbox 1936 4559 3548 4648; baseline -0.012 -16"><span class='ocrx_word' id='word_1_756' title='bbox 1936 4593 2046 4648; x_wconf 84' lang='lat' dir='ltr'><strong>que</strong></span> <span class='ocrx_word' id='word_1_757' title='bbox 2076 4575 2228 4630; x_wconf 89' lang='lat' dir='ltr'><strong>adire</strong></span> <span class='ocrx_word' id='word_1_758' title='bbox 2252 4579 2530 4646; x_wconf 89' lang='lat' dir='ltr'><strong>poterant,</strong></span> <span class='ocrx_word' id='word_1_759' title='bbox 2567 4567 2824 4632; x_wconf 90' lang='lat' dir='ltr'><strong>incensis,</strong></span> <span class='ocrx_word' id='word_1_760' title='bbox 2855 4565 2920 4620; x_wconf 91' lang='lat' dir='ltr'><strong>ad</strong></span> <span class='ocrx_word' id='word_1_761' title='bbox 2954 4574 3136 4620; x_wconf 87' lang='lat' dir='ltr'><strong>castra</strong></span> <span class='ocrx_word' id='word_1_762' title='bbox 3165 4559 3392 4616; x_wconf 61' lang='lat' dir='ltr'><strong>Caesaris</strong></span> <span class='ocrx_word' id='word_1_763' title='bbox 3421 4575 3548 4614; x_wconf 72' lang='grc' dir='ltr'><strong>οω-</strong></span> 
     </span>
    </p>
   </div>
   <div class='ocr_carea' id='block_1_106' title="bbox 1938 4662 3548 4740">
    <p class='ocr_par' dir='ltr' id='par_1_106' title="bbox 1938 4662 3548 4740">
     <span class='ocr_line' id='line_1_106' title="bbox 1938 4662 3548 4740; baseline -0.007 -14"><span class='ocrx_word' id='word_1_764' title='bbox 1938 4671 2106 4726; x_wconf 90' lang='lat' dir='ltr'><strong>nibus</strong></span> <span class='ocrx_word' id='word_1_765' title='bbox 2138 4669 2312 4740; x_wconf 92' lang='lat' dir='ltr'><strong>c0piis</strong></span> <span class='ocrx_word' id='word_1_766' title='bbox 2353 4666 2782 4731; x_wconf 90' lang='lat' dir='ltr'><strong>contenderunt,</strong></span> <span class='ocrx_word' id='word_1_767' title='bbox 2817 4674 2870 4719; x_wconf 91' lang='lat' dir='ltr'><strong>et</strong></span> <span class='ocrx_word' id='word_1_768' title='bbox 2901 4681 2931 4718; x_wconf 90' lang='lat' dir='ltr'><strong>a</strong></span> <span class='ocrx_word' id='word_1_769' title='bbox 2985 4662 3231 4718; x_wconf 89' lang='lat' dir='ltr'><strong>millibus</strong></span> <span class='ocrx_word' id='word_1_770' title='bbox 3284 4676 3548 4732; x_wconf 89' lang='lat' dir='ltr'><strong>passuum</strong></span> 
     </span>
    </p>
   </div>
   <div class='ocr_carea' id='block_1_107' title="bbox 1940 4757 3548 4831">
    <p class='ocr_par' dir='ltr' id='par_1_107' title="bbox 1940 4757 3548 4831">
     <span class='ocr_line' id='line_1_107' title="bbox 1940 4757 3548 4831; baseline -0.006 -14"><span class='ocrx_word' id='word_1_771' title='bbox 1940 4763 2123 4817; x_wconf 90' lang='lat' dir='ltr'><strong>minus</strong></span> <span class='ocrx_word' id='word_1_772' title='bbox 2152 4759 2369 4815; x_wconf 87' lang='lat' dir='ltr'><strong>duabus</strong></span> <span class='ocrx_word' id='word_1_773' title='bbox 2398 4771 2576 4815; x_wconf 84' lang='lat' dir='ltr'><strong>castra</strong></span> <span class='ocrx_word' id='word_1_774' title='bbox 2609 4769 2934 4831; x_wconf 80' lang='lat' dir='ltr'><strong>posuerunt.</strong></span> <span class='ocrx_word' id='word_1_775' title='bbox 2973 4780 2997 4808; x_wconf 87' lang='lat'><strong>»</strong></span> <span class='ocrx_word' id='word_1_776' title='bbox 3072 4757 3138 4812; x_wconf 90' lang='lat' dir='ltr'><strong>Et</strong></span> <span class='ocrx_word' id='word_1_777' title='bbox 3171 4767 3291 4830; x_wconf 92' lang='lat' dir='ltr'><strong>post</strong></span> <span class='ocrx_word' id='word_1_778' title='bbox 3332 4772 3548 4827; x_wconf 89' lang='lat' dir='ltr'><strong>pauca:</strong></span> 
     </span>
    </p>
   </div>
   <div class='ocr_carea' id='block_1_108' title="bbox 1943 4853 3550 4927">
    <p class='ocr_par' dir='ltr' id='par_1_108' title="bbox 1943 4853 3550 4927">
     <span class='ocr_line' id='line_1_108' title="bbox 1943 4853 3550 4927; baseline -0.001 -20"><span class='ocrx_word' id='word_1_779' title='bbox 1943 4880 1964 4907; x_wconf 75' lang='grc' dir='ltr'><strong>α</strong></span> <span class='ocrx_word' id='word_1_780' title='bbox 2005 4858 2198 4910; x_wconf 86' lang='lat' dir='ltr'><strong>Hostes</strong></span> <span class='ocrx_word' id='word_1_781' title='bbox 2221 4855 2473 4927; x_wconf 89' lang='lat' dir='ltr'><strong>protinus</strong></span> <span class='ocrx_word' id='word_1_782' title='bbox 2498 4873 2560 4909; x_wconf 85' lang='lat' dir='ltr'><strong>ex</strong></span> <span class='ocrx_word' id='word_1_783' title='bbox 2578 4871 2644 4910; x_wconf 92' lang='lat' dir='ltr'><strong>eo</strong></span> <span class='ocrx_word' id='word_1_784' title='bbox 2675 4855 2795 4910; x_wconf 92' lang='lat' dir='ltr'><strong>loco</strong></span> <span class='ocrx_word' id='word_1_785' title='bbox 2813 4853 2880 4908; x_wconf 90' lang='lat' dir='ltr'><strong>ad</strong></span> <span class='ocrx_word' id='word_1_786' title='bbox 2901 4854 3105 4909; x_wconf 88' lang='lat' dir='ltr'><strong>ﬂumen</strong></span> <span class='ocrx_word' id='word_1_787' title='bbox 3128 4854 3387 4910; x_wconf 82' lang='lat' dir='ltr'><strong>Axonam</strong></span> <span class='ocrx_word' id='word_1_788' title='bbox 3412 4868 3550 4907; x_wconf 91' lang='lat' dir='ltr'><strong>con-</strong></span> 
     </span>
    </p>
   </div>
   <div class='ocr_carea' id='block_1_109' title="bbox 1941 4947 3554 5020">
    <p class='ocr_par' dir='ltr' id='par_1_109' title="bbox 1941 4947 3554 5020">
     <span class='ocr_line' id='line_1_109' title="bbox 1941 4947 3554 5020; baseline -0.005 -13"><span class='ocrx_word' id='word_1_789' title='bbox 1941 4950 2260 5014; x_wconf 79' lang='lat' dir='ltr'><strong>tenderunt,</strong></span> <span class='ocrx_word' id='word_1_790' title='bbox 2295 4948 2446 5020; x_wconf 89' lang='lat' dir='ltr'><strong>quod</strong></span> <span class='ocrx_word' id='word_1_791' title='bbox 2474 4965 2596 5004; x_wconf 91' lang='lat' dir='ltr'><strong>esse</strong></span> <span class='ocrx_word' id='word_1_792' title='bbox 2613 4951 2772 5005; x_wconf 90' lang='lat' dir='ltr'><strong>ctiam</strong></span> <span class='ocrx_word' id='word_1_793' title='bbox 2809 4960 2933 5020; x_wconf 90' lang='lat' dir='ltr'><strong>post</strong></span> <span class='ocrx_word' id='word_1_794' title='bbox 2982 4960 3172 5006; x_wconf 88' lang='lat' dir='ltr'><strong>nostra</strong></span> <span class='ocrx_word' id='word_1_795' title='bbox 3222 4958 3402 5006; x_wconf 89' lang='lat' dir='ltr'><strong>castra</strong></span> <span class='ocrx_word' id='word_1_796' title='bbox 3455 4947 3554 5001; x_wconf 80' lang='lat' dir='ltr'><strong>(Ie.-</strong></span> 
     </span>
    </p>
   </div>
   <div class='ocr_carea' id='block_1_110' title="bbox 1942 5039 3552 5112">
    <p class='ocr_par' dir='ltr' id='par_1_110' title="bbox 1942 5039 3552 5112">
     <span class='ocr_line' id='line_1_110' title="bbox 1942 5039 3552 5112; baseline -0.001 -17"><span class='ocrx_word' id='word_1_797' title='bbox 1942 5049 2310 5096; x_wconf 89' lang='lat' dir='ltr'><strong>monstratum</strong></span> <span class='ocrx_word' id='word_1_798' title='bbox 2344 5050 2444 5095; x_wconf 89' lang='lat' dir='ltr'><strong>est.</strong></span> <span class='ocrx_word' id='word_1_799' title='bbox 2472 5040 2553 5094; x_wconf 89' lang='lat' dir='ltr'><strong>Ibi</strong></span> <span class='ocrx_word' id='word_1_800' title='bbox 2581 5040 2736 5094; x_wconf 88' lang='lat' dir='ltr'><strong>vadis</strong></span> <span class='ocrx_word' id='word_1_801' title='bbox 2765 5042 3020 5111; x_wconf 89' lang='lat' dir='ltr'><strong>repertis,</strong></span> <span class='ocrx_word' id='word_1_802' title='bbox 3038 5047 3246 5112; x_wconf 90' lang='lat' dir='ltr'><strong>partem</strong></span> <span class='ocrx_word' id='word_1_803' title='bbox 3270 5039 3552 5112; x_wconf 79' lang='lat' dir='ltr'><strong>capiarum</strong></span> 
     </span>
    </p>
   </div>
   <div class='ocr_carea' id='block_1_111' title="bbox 1940 5130 3554 5198">
    <p class='ocr_par' dir='ltr' id='par_1_111' title="bbox 1940 5130 3554 5198">
     <span class='ocr_line' id='line_1_111' title="bbox 1940 5130 3554 5198; baseline -0.002 -12"><span class='ocrx_word' id='word_1_804' title='bbox 1940 5150 2162 5188; x_wconf 90' lang='lat' dir='ltr'><strong>suarum</strong></span> <span class='ocrx_word' id='word_1_805' title='bbox 2196 5130 2553 5186; x_wconf 90' lang='lat' dir='ltr'><strong>transducere</strong></span> <span class='ocrx_word' id='word_1_806' title='bbox 2583 5133 2768 5186; x_wconf 89' lang='lat' dir='ltr'><strong>conati</strong></span> <span class='ocrx_word' id='word_1_807' title='bbox 2798 5141 2946 5198; x_wconf 90' lang='lat' dir='ltr'><strong>sunt,</strong></span> <span class='ocrx_word' id='word_1_808' title='bbox 2979 5147 3045 5186; x_wconf 94' lang='lat' dir='ltr'><strong>eo</strong></span> <span class='ocrx_word' id='word_1_809' title='bbox 3072 5131 3322 5196; x_wconf 90' lang='lat' dir='ltr'><strong>consilio,</strong></span> <span class='ocrx_word' id='word_1_810' title='bbox 3369 5140 3448 5193; x_wconf 91' lang='lat' dir='ltr'><strong>ut,</strong></span> <span class='ocrx_word' id='word_1_811' title='bbox 3508 5130 3554 5183; x_wconf 89' lang='lat' dir='ltr'><strong>si</strong></span> 
     </span>
    </p>
   </div>
   <div class='ocr_carea' id='block_1_112' title="bbox 1943 5221 3557 5297">
    <p class='ocr_par' dir='ltr' id='par_1_112' title="bbox 1943 5221 3557 5297">
     <span class='ocr_line' id='line_1_112' title="bbox 1943 5221 3557 5297; baseline -0.002 -17"><span class='ocrx_word' id='word_1_812' title='bbox 1943 5235 2195 5297; x_wconf 91' lang='lat' dir='ltr'><strong>possent,</strong></span> <span class='ocrx_word' id='word_1_813' title='bbox 2225 5225 2537 5289; x_wconf 89' lang='lat' dir='ltr'><strong>castellum,</strong></span> <span class='ocrx_word' id='word_1_814' title='bbox 2596 5223 2684 5278; x_wconf 89' lang='lat' dir='ltr'><strong>cui</strong></span> <span class='ocrx_word' id='word_1_815' title='bbox 2743 5234 2976 5295; x_wconf 64' lang='lat' dir='ltr'><strong>praeerat</strong></span> <span class='ocrx_word' id='word_1_816' title='bbox 3027 5223 3265 5287; x_wconf 83' lang='lat' dir='ltr'><strong>Quintus</strong></span> <span class='ocrx_word' id='word_1_817' title='bbox 3316 5221 3557 5276; x_wconf 86' lang='lat' dir='ltr'><strong>Titurius</strong></span> 
     </span>
    </p>
   </div>
   <div class='ocr_carea' id='block_1_113' title="bbox 1944 5313 3554 5390">
    <p class='ocr_par' dir='ltr' id='par_1_113' title="bbox 1944 5313 3554 5390">
     <span class='ocr_line' id='line_1_113' title="bbox 1944 5313 3554 5390; baseline -0.002 -21"><span class='ocrx_word' id='word_1_818' title='bbox 1944 5318 2570 5390; x_wconf 83' lang='lat' dir='ltr'><strong>legatus,expugnarent</strong></span> <span class='ocrx_word' id='word_1_819' title='bbox 2588 5325 2926 5388; x_wconf 90' lang='lat' dir='ltr'><strong>pontemque</strong></span> <span class='ocrx_word' id='word_1_820' title='bbox 2943 5313 3340 5370; x_wconf 83' lang='lat' dir='ltr'><strong>interciderent</strong></span> <span class='ocrx_word' id='word_1_821' title='bbox 3361 5315 3527 5382; x_wconf 84' lang='lat' dir='ltr'><strong>(Orig.</strong></span> <span class='ocrx_word' id='word_1_822' title='bbox 3541 5355 3554 5376; x_wconf 91' lang='lat'><strong>,</strong></span> 
     </span>
    </p>
   </div>
   <div class='ocr_carea' id='block_1_114' title="bbox 1947 5403 3553 5477">
    <p class='ocr_par' dir='ltr' id='par_1_114' title="bbox 1947 5403 3553 5477">
     <span class='ocr_line' id='line_1_114' title="bbox 1947 5403 3553 5477; baseline -0.001 -18"><span class='ocrx_word' id='word_1_823' title='bbox 1947 5407 2097 5460; x_wconf 89' lang='lat' dir='ltr'><strong>inter</strong></span> <span class='ocrx_word' id='word_1_824' title='bbox 2124 5404 2481 5464; x_wconf 81' lang='lat' dir='ltr'><strong>scinderent).</strong></span> <span class='ocrx_word' id='word_1_825' title='bbox 2509 5406 2561 5459; x_wconf 91' lang='lat' dir='ltr'><strong>Si</strong></span> <span class='ocrx_word' id='word_1_826' title='bbox 2593 5405 2776 5459; x_wconf 92' lang='lat' dir='ltr'><strong>minus</strong></span> <span class='ocrx_word' id='word_1_827' title='bbox 2798 5405 3107 5475; x_wconf 87' lang='lat' dir='ltr'><strong>potuissent</strong></span> <span class='ocrx_word' id='word_1_828' title='bbox 3142 5419 3302 5477; x_wconf 87' lang='lat' dir='ltr'><strong>agros</strong></span> <span class='ocrx_word' id='word_1_829' title='bbox 3349 5403 3553 5458; x_wconf 88' lang='lat' dir='ltr'><strong>Remo-</strong></span> 
     </span>
    </p>
   </div>
   <div class='ocr_carea' id='block_1_115' title="bbox 1947 5494 3554 5569">
    <p class='ocr_par' dir='ltr' id='par_1_115' title="bbox 1947 5494 3554 5569">
     <span class='ocr_line' id='line_1_115' title="bbox 1947 5494 3554 5569; baseline -0.002 -18"><span class='ocrx_word' id='word_1_830' title='bbox 1947 5513 2067 5552; x_wconf 90' lang='lat' dir='ltr'><strong>rum</strong></span> <span class='ocrx_word' id='word_1_831' title='bbox 2099 5497 2515 5569; x_wconf 89' lang='lat' dir='ltr'><strong>popularentur,</strong></span> <span class='ocrx_word' id='word_1_832' title='bbox 2543 5497 2636 5569; x_wconf 92' lang='lat' dir='ltr'><strong>qui</strong></span> <span class='ocrx_word' id='word_1_833' title='bbox 2661 5513 2861 5569; x_wconf 86' lang='lat' dir='ltr'><strong>magno</strong></span> <span class='ocrx_word' id='word_1_834' title='bbox 2884 5496 3046 5551; x_wconf 84' lang='lat' dir='ltr'><strong>nobis</strong></span> <span class='ocrx_word' id='word_1_835' title='bbox 3075 5496 3195 5550; x_wconf 88' lang='lat' dir='ltr'><strong>usui</strong></span> <span class='ocrx_word' id='word_1_836' title='bbox 3233 5494 3300 5549; x_wconf 92' lang='lat' dir='ltr'><strong>ad</strong></span> <span class='ocrx_word' id='word_1_837' title='bbox 3342 5495 3554 5550; x_wconf 89' lang='lat' dir='ltr'><strong>bellum</strong></span> 
     </span>
    </p>
   </div>
   <div class='ocr_carea' id='block_1_116' title="bbox 1946 5584 3556 5658">
    <p class='ocr_par' dir='ltr' id='par_1_116' title="bbox 1946 5584 3556 5658">
     <span class='ocr_line' id='line_1_116' title="bbox 1946 5584 3556 5658; baseline -0.002 -18"><span class='ocrx_word' id='word_1_838' title='bbox 1946 5587 2249 5656; x_wconf 80' lang='lat' dir='ltr'><strong>gerendum</strong></span> <span class='ocrx_word' id='word_1_839' title='bbox 2267 5592 2916 5658; x_wconf 87' lang='lat' dir='ltr'><strong>erant,commeatusque</strong></span> <span class='ocrx_word' id='word_1_840' title='bbox 2938 5592 3161 5640; x_wconf 89' lang='lat' dir='ltr'><strong>nostros</strong></span> <span class='ocrx_word' id='word_1_841' title='bbox 3181 5584 3556 5639; x_wconf 85' lang='lat' dir='ltr'><strong>sustinebant.</strong></span> 
     </span>
    </p>
   </div>
   <div class='ocr_carea' id='block_1_117' title="bbox 1948 5674 3558 5744">
    <p class='ocr_par' dir='ltr' id='par_1_117' title="bbox 1948 5674 3558 5744">
     <span class='ocr_line' id='line_1_117' title="bbox 1948 5674 3558 5744; baseline -0.001 -15"><span class='ocrx_word' id='word_1_842' title='bbox 1948 5675 2146 5744; x_wconf 79' lang='lat' dir='ltr'><strong>Caesar,</strong></span> <span class='ocrx_word' id='word_1_843' title='bbox 2169 5677 2370 5734; x_wconf 89' lang='lat' dir='ltr'><strong>certior</strong></span> <span class='ocrx_word' id='word_1_844' title='bbox 2397 5676 2626 5732; x_wconf 82' lang='lat' dir='ltr'><strong>factusa</strong></span> <span class='ocrx_word' id='word_1_845' title='bbox 2674 5674 2906 5741; x_wconf 88' lang='lat' dir='ltr'><strong>Titurio,</strong></span> <span class='ocrx_word' id='word_1_846' title='bbox 2962 5689 3182 5730; x_wconf 91' lang='lat' dir='ltr'><strong>omnem</strong></span> <span class='ocrx_word' id='word_1_847' title='bbox 3236 5674 3558 5744; x_wconf 67' lang='lat' dir='ltr'><strong>aequitatem</strong></span> 
     </span>
    </p>
   </div>
  </div>
