3970 6212
419 294 487 349 27
1529 292 1892 347 FLODOARDI
1935 291 2239 349 CANONICI
2279 292 2605 347 REMENSIS
3663 288 3736 344 28

420 433 548 471 num
581 416 935 479 Sonnacium,
970 415 1255 486 epistolam
1290 415 1511 488 Adelagi
1541 415 1609 470 ad
1640 414 2024 481 Flodoardum,
2054 422 2102 487 Α
2129 415 2227 481 Qui
2257 422 2310 469 et
2340 414 2384 469 si
2416 429 2591 486 usque
2619 414 2687 467 ad
2720 411 3240 484 quinquagesimum
3272 416 3527 481 quartum
3561 410 3740 463 archi-

418 513 472 557 et
500 504 763 558 nonnulla
785 503 890 557 alia
922 504 991 557 de
1016 520 1205 557 eorum
1228 503 1543 558 testimonia
1584 504 1732 557 Juvit
1764 511 2029 574 prreterea

420 596 701 667 catalogus
728 595 794 649 ad
826 596 1031 649 calcem
1069 595 1401 666 exemplaris
1434 595 1682 650 ecclesiae
1705 596 2031 666 metropoli-

422 696 561 741 tanae
611 689 667 741 Β.
721 687 899 741 Mariae
957 687 1243 742 Remensis
1284 687 1500 741 diversa
1533 704 1695 742 manu
1730 688 2021 758 ascriptus.

426 855 793 863 mm...

2131 506 2453 576 episcopum
2474 520 2583 559 non
2610 503 2813 556 habeat
2836 500 2941 555 nisi
2963 502 3111 555 nuda
3138 500 3381 566 nomina,
3411 499 3468 552 in
3496 515 3740 571 sequen-

2130 595 2279 650 tibus
2310 602 2395 649 est
2422 593 2718 664 copiosior.

1366 1002 2063 1092 PROLOGUS
2141 1001 2813 1091 AUCTORIS

1778 1188 1856 1227 AD
1904 1187 1961 1228 Β.
2011 1186 2370 1229 EPISCOPCM.

498 1434 728 1488 Domino
758 1434 1087 1499 venerabili,
1119 1443 1171 1489 et
1200 1435 1252 1488 in
1306 1434 1502 1489 Christi
1535 1437 1801 1491 charttatc
1832 1438 2029 1492 admo-

2136 1438 2341 1493 nimum
2363 1437 2418 1492 in
2448 1440 2792 1494 correctione
2822 1453 3071 1491 meorum
3103 1445 3277 1492 terere
3296 1452 3480 1491 moras
3509 1453 3752 1508 opuscu-

424 1528 551 1579 dum
585 1526 1141 1599 diligibili,prteclaro
1173 1528 1390 1598 praesuli
1420 1529 1478 1581 R.
1508 1528 1876 1593 Fronoaanus,
1902 1538 2030 1584 tan-
2061 1543 2110 1609 Β
2134 1528 2331 1591 lorum,
2366 1544 2489 1582 cum
2523 1536 2766 1581 veterum
2801 1526 3050 1581 nonnulli
3110 1526 3438 1596 scriptorum
3483 1529 3666 1598 magis
3695 1528 3749 1581 iu

425 1624 490 1667 tae
519 1615 881 1688 benignitatis
922 1616 1174 1682 famulus,
1222 1632 1413 1671 omnes
1444 1628 1754 1672 sanctarum
1774 1618 2034 1673 virtutum

429 1703 482 1756 in
513 1703 726 1758 Christo
756 1705 1038 1776 gaudium.

498 1791 857 1847 Creberrimis
923 1793 1363 1848 admonitionum
1437 1804 1736 1850 vestrarum
1794 1797 2035 1851 stimulis

436 1881 750 1953 iustigatus,
785 1882 1036 1937 discusso
1069 1883 1286 1936 tandem
1321 1884 1549 1937 desidia:
1584 1884 1901 1957 pigritantis
1924 1894 2035 1940 tor-

431 1973 937 2044 porc,abjectisque
955 1975 1293 2029 diversarum
1308 1992 1561 2029 curarum
1575 1976 2036 2046 occupationibus

430 2065 616 2136 relego
647 2064 911 2120 ferventis
939 2067 1105 2120 studii
1152 2067 1316 2120 vestri
1372 2068 1608 2122 solertiae
1640 2067 2033 2139 quadrilidum,

429 2153 596 2207 nostri
624 2153 827 2207 laboris
864 2170 1004 2222 Opus
1048 2155 1421 2227 undecunque
1452 2156 1763 2220 collectum,
1797 2167 1852 2211 et
1881 2157 2037 2228 capi-

431 2246 666 2311 tulatim,
698 2254 859 2317 prout
882 2247 1080 2315 jubere
1108 2249 1317 2319 dignati
1347 2249 1501 2313 estis,
1557 2248 1906 2318 dispositum,
1938 2265 2038 2304 no-

428 2351 555 2395 stra:
584 2341 797 2397 scilicet
829 2340 1083 2395 Ecclesia:
1116 2340 1401 2394 Remensis
1433 2340 1780 2396 historiarum
1812 2341 2032 2396 librum.

428 2433 577 2487 llaud
615 2433 797 2486 mirari
828 2434 912 2486 vel
945 2449 1181 2504 cumque
1211 2432 1758 2502 potenssanctitatem
1784 2432 2038 2486 culminis

428 2526 594 2578 vestri
624 2543 794 2597 super
846 2527 947 2580 hac
1002 2525 1461 2580 rememoratione
1519 2524 1773 2594 obsequii
1833 2524 2030 2588 nostri,

428 2619 619 2682 utpote
652 2614 887 2667 diversis
927 2614 1390 2685 occupationibus
1442 2613 1755 2683 praepediti,
1813 2613 2033 2667 hiemali

427 2720 649 2775 quoque.
672 2705 918 2776 glacialis
945 2705 1070 2779 gelu
1106 2705 1303 2779 rigoris
1324 2705 2036 2771 obstricti,charaxatorum

436 2796 663 2865 insuper
702 2796 1009 2868 indigentia
1030 2797 1311 2851 coarctati.
1358 2797 1544 2867 Neque
1573 2796 1792 2858 mirum.
1827 2813 1915 2851 me
1941 2797 2039 2851 mi-

2138 1618 2521 1672 retraetatione
2556 1632 2807 1686 suorum,
2864 1632 3029 1686 quam
3079 1615 3438 1670 meditatione
3470 1616 3750 1672 demorati

2138 1709 2383 1764 ferantur
2413 1709 2668 1763 liborum.
2703 1708 2810 1762 Sed
2866 1724 2967 1762 nec
3014 1707 3196 1762 adhuc
3244 1724 3439 1762 omnes
3491 1710 3560 1763 ad
3624 1727 3750 1780 per-

2136 1802 2337 1855 fectum
2378 1817 2465 1855 me
2518 1809 2652 1871 puto
2706 1800 3022 1854 eliminasse
3078 1799 3355 1865 mendas;
3415 1809 3465 1854 et
3521 1801 3568 1855 si
3631 1818 3753 1872 qua)

2136 1893 2485 1963 reperientur
2515 1892 2802 1962 scriptoris
2830 1892 2969 1947 forte
3014 1891 3168 1957 vitia,
3231 1892 3518 1946 industria:
3559 1903 3757 1949 vestrae

2137 1994 2399 2056 poterunt
2445 1983 2737 2055 cxpurgari
2764 1983 3002 2056 sagacia.
3052 1984 3167 2038 Non
3200 1983 3347 2037 enim
3397 2000 3485 2037 me
3527 1984 3604 2039 ita
3636 2001 3761 2055 per-

2140 2074 2339 2129 fectum
2374 2089 2500 2128 reor
2528 2072 2596 2127 ad
2621 2088 2861 2145 unguem
2883 2072 2997 2127 fore
3024 2079 3508 2142 perscrutatorem,
3535 2080 3595 2128 ut
3619 2074 3761 2129 ferre

2139 2166 2309 2221 nolim
2342 2170 2385 2220 si
2418 2182 2579 2237 quem
2608 2165 3091 2237 diligentioremin
3124 2164 3480 2219 eliminandis
3500 2165 3761 2220 vitiisin-

2138 2273 2342 2312 venero
2399 2264 2789 2312 correctorem.
2851 2255 3023 2329 Igitur
3051 2255 3181 2327 quia
3220 2256 3527 2310 sanctitatis
3560 2267 3760 2313 vestra:

2138 2345 2284 2400 circa
2330 2346 2633 2400 tantitatem
2685 2352 2872 2400 nostra
2920 2344 3143 2415 profusa
3179 2345 3399 2400 videtur
3420 2345 3760 2401 exuberasse

2139 2437 2383 2503 dilectio,
2418 2439 2563 2492 hunc
2592 2437 2758 2491 studii
2809 2436 2980 2492 nostri
3009 2436 3266 2504 fructum,
3328 2437 3490 2491 vestri
3521 2438 3758 2512 dignum

2137 2528 2263 2582 duxi
2297 2528 2583 2583 tutaminis
2605 2529 2861 2603 delegare
2878 2528 3208 2599 patrocinio,
3243 2536 3301 2583 ut
3331 2544 3454 2600 quae
3506 2546 3538 2583 a
3568 2538 3759 2585 nostra

2137 2623 2265 2669 sunt
2296 2616 2441 2670 dicta
2470 2617 2526 2670 in
2560 2617 2806 2671 tenebris
2851 2617 3181 2683 humilitate,
3215 2617 3283 2670 ab
3341 2616 3633 2672 industria).
3662 2634 3758 2672 ve-

2139 2714 2264 2761 strae
2297 2708 2637 2763 sublimitate
2660 2710 2914 2764 dicantur
2936 2708 2993 2763 in
3022 2708 3250 2764 lumine.

430 2985 3750 3010 Ἢ

1589 3139 1992 3226 LIBER
2083 3140 2583 3229 PRIMUS

970 3456 1179 3511 CAPUT
1209 3458 1485 3513 PRIMUM.

768 3571 841 3623 De
879 3572 1183 3625 conditione
1235 3573 1385 3627 urbis
1433 3575 1722 3628 Remmtsis.

512 3678 661 3732 Fidei
692 3686 893 3735 nostra!
953 3680 1276 3735 fundamina
1332 3682 1671 3752 proditurus,
1726 3700 1788 3738 ac
1848 3693 2049 3741 nostra;

438 3766 624 3819 Patres
663 3767 919 3821 Ecclesiae
976 3777 1360 3837 memoratrus,
1411 3772 1675 3825 mmnium
1734 3780 2047 3828 nostrorum

437 3854 707 3910 locatores
745 3856 829 3909 vel
862 3856 1223 3911 instructores
1275 3859 1607 3930 exquisisse,
1666 3877 1775 3916 non
1835 3864 1901 3916 ad
1931 3881 2044 3918 rem

433 3944 572 3997 adeo
603 3945 880 4014 pertinere
930 3946 1229 4012 videbitur,
1264 3964 1388 4002 cum
1448 3948 1552 4019 ipsi
1600 3950 1792 4005 salutis
1824 3959 2043 4007 aeternae

436 4032 511 4085 nil
546 4033 707 4086 nobis
754 4034 1078 4105 contulisse,
1126 4036 1376 4108 quinimo
1430 4038 1634 4092 erroris
1680 4039 1765 4094 sui
1813 4042 2043 4116 vestigia

434 4120 713 4191 lapidibus
744 4124 1019 4197 insculpta
1074 4127 1366 4198 reliquisse
1406 4128 1730 4183 doceantur.
1791 4132 1864 4185 De
1888 4131 2043 4186 urbis

437 4228 673 4284 namque
702 4222 902 4270 nostra:
927 4216 1239 4273 fundatore.
1267 4235 1336 4273 eu
1370 4220 1613 4274 nominis
1636 4220 1899 4285 inditore,
1930 4237 2042 4276 non

434 4306 827 4363 omnimodisa
880 4310 1045 4365 nobis
1096 4312 1457 4383 approbanda
1508 4313 1728 4386 vulgata
1787 4321 2045 4369 censetur

438 4397 652 4467 opinio,
684 4416 807 4472 quae
830 4401 1056 4459 Remum
1082 4404 1559 4465 Romulifratrem.
1612 4405 1850 4460 civitatis
1880 4406 2043 4475 hujus

440 4486 811 4545 institutorem
836 4507 900 4547 ac
921 4494 1165 4549 nominis
1203 4496 1370 4550 tradit
1415 4504 1723 4560 auctorem,
1751 4512 1876 4548 cum
1907 4495 2043 4550 urbe

441 4576 607 4631 Roma
635 4579 873 4651 geminis
911 4582 1253 4648 auctoribus,
1292 4583 1523 4637 Romulo
1556 4584 1835 4653 Remoque
1858 4624 1872 4647 ,
1905 4583 2034 4637 fun-

436 4670 578 4737 data,
614 4671 795 4726 fratris
816 4673 1086 4728 militibus
1110 4674 1337 4727 Remum
1361 4673 1527 4728 certis
1547 4673 1883 4743 accipiamus
1902 4676 2037 4729 scri-

439 4762 709 4831 ptoribus,
740 4763 1110 4829 interfectum;
1134 4780 1237 4817 nec
1262 4763 1414 4817 illum
1445 4763 1598 4833 prius
1620 4781 1649 4817 a
1672 4762 1834 4818 fratre
1860 4781 2043 4820 reces-

2071 3467 2119 3535 C
2152 3482 2287 3536 fore.
2347 3483 2645 3539 Intervenit
2699 3486 2901 3540 deinde
2954 3486 3039 3541 his
3083 3486 3512 3561 cogitationibus
3561 3493 3769 3547 avitum

2150 3572 2375 3637 malum,
2412 3574 2566 3646 regni
2594 3564 2817 3645 cupido,
2851 3584 3015 3647 atque
3045 3576 3173 3631 inde
3238 3575 3447 3632 fcedum
3480 3591 3768 3636 certamen

2148 3674 2395 3721 coortum
2420 3683 2449 3720 a
2484 3669 2617 3722 satis
2650 3669 2765 3723 miti
2802 3671 3092 3741 principio.
3129 3672 3393 3736 Quoniam
3426 3675 3645 3748 gemini
3686 3693 3771 3730 es-

2149 3768 2291 3826 sent,
2326 3777 2428 3815 nec
2455 3761 2635 3816 aetatis
2664 3763 2997 3817 verecundia
3024 3763 3319 3819 discrimen
3371 3764 3557 3821 facere
3582 3777 3770 3837 posset

2149 3858 2207 3904 ut
2228 3850 2326 3916 dii,
2354 3868 2586 3922 quorum
2620 3854 2805 3907 tutelae
2830 3869 2893 3906 ea
2925 3854 3041 3908 loca
3068 3862 3273 3919 essent,
3330 3856 3580 3928 auguriis
3609 3858 3762 3930 lege-

2151 3951 2269 3997 rent
2293 3944 2385 4014 qui
2410 3960 2610 3999 nomen
2639 3960 2790 3999 novte
2825 3945 2950 4000 urbi
2969 3946 3146 4013 daret,
3166 3946 3558 4018 quiconditam
3585 3948 3762 4020 impe-

2146 4033 2227 4087 rio
2264 4044 2433 4106 reget,
2497 4033 2797 4088 Palatinum
2850 4035 3133 4101 Romulus,
3193 4036 3395 4089 Remus
3422 4038 3755 4092 Aventinum

2144 4122 2211 4177 ad
2241 4123 2675 4196 inaugurandum
2707 4124 2911 4195 templa
2943 4126 3185 4195 capiunt.
3220 4124 3391 4180 Priori
3426 4124 3602 4181 Remo
3657 4142 3757 4179 au-

2144 4214 2361 4288 gurium
2394 4215 2611 4270 venisse
2641 4214 2814 4270 fertur
2834 4234 2928 4271 sex
2958 4217 3221 4272 vultures:
3244 4216 3474 4287 jamque
3507 4218 3758 4272 nuntiato

2146 4306 2401 4379 augurio,
2431 4322 2553 4361 cum
2568 4307 2771 4377 duplex
2798 4307 3303 4363 numerusRomulo
3320 4324 3378 4362 se
3396 4309 3755 4368 ostendisset,

2144 4407 2441 4469 utrumque
2464 4415 2648 4474 regem
2681 4416 2779 4453 sua
2810 4399 3102 4455 multitudo
3132 4400 3581 4455 consalutaverat-
3618 4409 3754 4455 tern-

2147 4507 2281 4562 pore
2313 4490 2391 4545 illi
2417 4498 2716 4562 praecepto:
2742 4498 2796 4545 at
2827 4491 2881 4545 hi
2916 4508 3145 4547 numero
3173 4492 3354 4545 avium
3392 4508 3625 4566 regnum
3651 4500 3757 4546 tra-

2147 4583 2372 4638 hebant.
2407 4583 2541 4638 lnde
2564 4599 2685 4638 cum
2705 4584 3066 4639 altercatione
3081 4584 3359 4660 congressi
3408 4600 3441 4638 a
3461 4585 3757 4639 certamine

2142 4675 2345 4729 irarum
2376 4674 2443 4728 ad
2475 4674 2679 4729 caedem
2712 4679 3016 4729 vertuntur.
3051 4673 3131 4728 lbi
3162 4674 3218 4727 in
3252 4672 3411 4727 turba
3453 4674 3601 4729 ictus
3658 4674 3757 4726 Re-

2145 4779 2266 4817 mus
2295 4763 2497 4817 cecidit
2551 4763 2833 4833 Vulgatior
2863 4771 3046 4817 autem
3073 4761 3215 4816 fama
3244 4769 3346 4827 est,
3370 4761 3616 4816 ludibrio
3651 4760 3756 4815 fra-

436 4852 598 4915 sisse,
630 4852 760 4907 dum
792 4868 902 4905 uno
934 4860 1091 4921 partu
1126 4850 1278 4918 editi,
1301 4859 1355 4905 et
1386 4850 1528 4904 inter
1542 4862 1788 4921 pastores
1802 4852 2042 4923 educati,
2066 4842 2121 4909 D
2148 4852 2246 4906 tris
2277 4852 2505 4907 Remum
2540 4868 2712 4907 novos
2737 4852 3081 4907 transiluisse
3122 4867 3326 4906 muros.
3360 4852 3494 4906 lude
3525 4853 3596 4906 ab
3625 4852 3757 4905 irato

438 4946 845 5017 latrociniisque
878 4945 1275 5012 dediti,urbem
1307 4947 1657 5002 constituisse
1679 4949 2044 5019 reperiantur;

439 5045 666 5106 ortaque
697 5034 973 5088 simultate
1002 5051 1064 5090 ac
1109 5036 1278 5090 Remo
1304 5036 1469 5091 fratre
1494 5036 1804 5102 interfecto,
1842 5039 2046 5094 civitati

443 5128 706 5183 Romulus
729 5143 793 5181 ex
816 5126 1038 5183 nomine
1058 5145 1158 5184 suo
1185 5145 1385 5185 nomen
1410 5130 1628 5186 dedisse
1651 5131 1883 5205 legatur.
1914 5132 2043 5185 Nam

442 5226 500 5274 ut
528 5217 633 5272 Titi
667 5218 799 5273 Livii
829 5219 1010 5276 verbis
1040 5230 1258 5277 utamur
1288 5223 1502 5291 (decad.
1539 5224 1580 5288 Ι,
1610 5225 1702 5278 lib.
1742 5226 1779 5289 ι)
1866 5243 1889 5272 α
1936 5224 2048 5277 Νυ-

441 5310 622 5366 mitori
679 5311 888 5368 Albana
945 5315 1209 5385 permissa
1241 5332 1322 5384 re,
1377 5316 1667 5370 Romulum
1701 5315 2047 5387 Remumque

440 5401 643 5472 cupido
672 5403 838 5475 cepit,
863 5404 920 5458 in
952 5403 1037 5458 his
1066 5405 1201 5461 locis
1226 5405 1319 5460 ubi
1338 5405 1571 5477 expositi
1593 5405 1800 5477 ubique
1829 5404 2047 5459 educati

437 5499 614 5555 erant,
637 5492 789 5547 urbis
816 5494 1143 5563 condendae,
1169 5503 1222 5548 et
1247 5501 1537 5565 supererat
1558 5493 1855 5547 multitudo
1887 5493 2049 5546 Alba—

442 5600 638 5640 norum
672 5585 1132 5656 Latinorumque;
1168 5586 1233 5641 ad
1266 5586 1317 5640 id
1342 5594 1587 5657 pastores
1617 5600 1836 5657 quoque
1859 5601 2048 5639 acces-

439 5687 641 5745 serant,
674 5679 767 5750 qui
800 5692 995 5734 omnes
1024 5677 1179 5732 facile
1210 5694 1365 5748 spem
1397 5676 1664 5741 facerent,
1710 5692 1929 5746 parvam
1959 5675 2049 5728 Al-

440 5770 586 5839 bam,
608 5753 840 5843 parvum
864 5768 1285 5839 Laviniumqme
1301 5786 1365 5824 ea
1395 5768 1530 5822 urbe
1545 5784 1668 5838 qua:
1692 5768 2044 5830 conderetur,

2151 4944 2381 5001 Romulo
2404 4948 2551 5012 (cum
2584 4945 2769 4999 verbis
2798 4960 3020 5016 quoque
3053 4929 3392 5014 increpitans
3414 4944 3712 5013 adjeeisset
3742 4957 3758 4991 :

2148 5036 2237 5089 Sic
2266 5035 2492 5102 deinde,
2528 5036 2849 5107 quicunque
2881 5036 3022 5089 alius
3063 5035 3340 5091 transiliet
3383 5052 3507 5090 mea
3540 5034 3757 5095 moenia}

2149 5124 2518 5179 interfectum.
2557 5126 2634 5178 lta
2655 5125 2804 5179 solus
2836 5125 3040 5195 potitus
3070 5124 3305 5195 imperio
3326 5123 3611 5189 Romulus,
3630 5138 3758 5177 cono

2148 5218 2261 5273 dita
2291 5218 2423 5273 urbs
2450 5217 2755 5273 conditoris
2784 5217 3007 5273 nomine
3036 5215 3314 5287 appellata
3368 5236 3394 5262 η
3449 5215 3526 5269 lta
3557 5213 3755 5268 Livius.

2151 5310 2500 5365 Proliabilius
2541 5325 2673 5383 ergo
2696 5307 3098 5378 videtur,quod
3132 5323 3161 5359 a
3193 5305 3463 5360 militibus
3495 5304 3645 5359 Remi
3666 5318 3759 5373 pa-

2151 5404 2253 5458 tria
2284 5402 2533 5477 profugis
2560 5403 2692 5457 urbs
2714 5410 2897 5456 nostra
2918 5399 3159 5456 condita,
3184 5398 3267 5453 vel
3304 5398 3594 5453 Remorum
3626 5408 3758 5465 gens

2149 5492 2399 5546 instituta
2422 5499 2660 5561 putatur,
2695 5507 2817 5545 curn
2867 5499 2922 5544 et
2949 5488 3156 5544 mmnia
3208 5486 3470 5544 Romanis
3497 5481 3758 5553 auspiciis

2155 5583 2438 5655 insignita,
2470 5593 2525 5638 et
2570 5582 2773 5638 editior
2804 5592 2961 5654 porta
3004 5580 3186 5636 Martis
3240 5580 3497 5633 Romana:
3551 5572 3756 5643 stirpis,

2148 5681 2398 5733 veterum
2431 5674 2720 5746 Opinione,
2753 5673 3139 5748 prOpagatoris
3163 5689 3227 5726 ex
3252 5670 3480 5725 nomine
3506 5666 3758 5722 vocitata.

2152 5762 2391 5834 priscum
2426 5764 2493 5818 ad
2526 5765 2643 5818 haec.
2669 5779 2890 5833 quoque
2921 5770 3104 5817 nostra
3157 5774 3466 5831 cognomen
3513 5768 3757 5810 reserva—
