3970 6212
234 291 314 346 29

920 289 1244 344 ΗΙΒΤΟΒΙΑΞ
1288 289 1620 344 ECCLESIAE
1662 287 1988 345 REMENSIS
2030 286 2205 342 LIBRI
2245 281 2662 349 QUATUOR.—
2701 279 2823 333 LIB.
2868 279 2905 330 l.
3504 267 3574 325 30

235 420 385 475 verit
414 426 685 490 tempora.
718 418 884 487 Cujus
905 419 1070 473 etiam
1131 419 1423 485 fornicem,
1458 417 1860 490 prodeuntibus
1887 437 1937 505 Α
1968 426 2159 491 perata
2191 417 2392 478 facere,
2424 421 2478 468 et
2509 408 2732 482 oppidis
2755 406 3027 476 recipere,
3063 410 3120 456 et
3151 400 3432 505 frumnento
3465 413 3572 499 cae-

238 514 553 576 dexterum,
585 511 729 582 lupae
757 511 926 566 Remo
951 513 1299 583 Romuloque
1324 512 1506 583 parvis
1525 511 1695 565 ubera
1715 526 1861 581 prae-

241 607 430 662 bentis
450 605 658 671 fabula,
692 606 971 660 cernimus
1021 607 1365 670 innotatum;
1418 605 1633 660 medius
1684 613 1864 659 autem

240 696 542 753 duodecim
573 695 867 759 mensium,
915 695 1075 762 juxta
1101 694 1505 749 Romaneorum
1540 693 1861 764 dispositio-

245 805 395 852 nem,
430 786 702 857 panditut'
722 784 1076 839 ordinatione
1109 785 1433 856 desculptus
1463 803 1478 851 ;
1514 784 1728 842 tertius.
1773 783 1868 855 qui

242 889 298 933 et
332 876 561 932 sinister
588 889 892 948 cygnorum
916 876 1002 929 vel
1031 892 1288 930 anserum
1315 874 1864 950 ﬁguratusauspicio.

243 970 437 1024 Nautae
465 967 743 1038 siquidem
773 984 1008 1042 cygnum
1043 968 1244 1021 bonam
1284 967 1603 1040 prognosim
1631 967 1866 1036 prodere

243 1060 452 1126 ferunt,
483 1067 542 1112 ut
564 1059 639 1113 ait
662 1059 942 1113 Aimilius:

403 1148 604 1210 Cygnus
634 1147 684 1195 in
715 1147 954 1210 auspiciis
973 1161 1167 1210 semper
1185 1146 1467 1210 laetissimus
1491 1146 1607 1210 ales.

405 1207 546 1258 Hunc
565 1217 742 1271 optant
772 1207 955 1267 nautae,
979 1207 1097 1273 quia
1115 1223 1164 1258 se
1188 1223 1286 1257 non
1313 1208 1488 1270 mergit
1510 1208 1561 1256 in
1587 1207 1762 1256 undas.

246 1296 488 1347 Anseres
513 1307 736 1363 quoque
765 1301 1066 1348 nocturnas
1093 1293 1354 1347 excubias
1390 1290 1697 1354 celebrant,
1731 1307 1868 1361 quas

243 1393 445 1439 cantus
470 1383 794 1438 assiduitate
827 1391 1116 1438 testantur.
1148 1383 1395 1454 Denique
1442 1383 1682 1437 Romana
1703 1382 1867 1436 etiam

247 1475 513 1546 capitolia
545 1475 696 1529 Gallo
723 1491 970 1530 servasse
1001 1476 1292 1530 traduntur
1312 1475 1380 1529 ab
1403 1476 1580 1530 hoste.

323 1569 434 1622 Nec
465 1566 658 1620 mirum
688 1576 893 1633 tamen,
929 1567 1084 1620 urbis
1118 1574 1316 1621 nostrae
1370 1566 1750 1620 conditionem
1783 1565 1865 1617 vel

245 1659 525 1733 originem
559 1674 668 1714 non
692 1660 747 1712 in
776 1660 1068 1729 propatqu
1099 1659 1238 1722 dari,
1273 1675 1392 1712 cum
1431 1658 1500 1711 de
1531 1657 1705 1727 ipsius
1727 1673 1866 1728 gen-

249 1753 410 1813 tium,
467 1754 548 1806 vel
605 1751 758 1806 orbis
784 1751 1024 1806 dominae
1056 1752 1238 1805 Romae
1274 1750 1614 1812 conditione,
1655 1749 1868 1802 Isidoro

249 1853 394 1899 teste
431 1845 482 1906 tl.
538 1860 604 1897 xv
633 1844 941 1911 Originum,
999 1859 1120 1913 cap.
1156 1844 1231 1909 1),
1295 1843 1507 1896 oriatur
1545 1842 1870 1912 plerumque
1899 1809 1948 1876 Β

249 1933 554 2000 dissensio,
575 1941 634 1988 ut
653 1934 773 2001 ejus
803 1933 1098 2004 diligenter
1117 1932 1340 2004 agnosci
1365 1947 1473 1985 non
1488 1931 1665 2001 possit
1690 1931 1869 2002 origo.

248 2023 385 2076 Nam
419 2021 709 2076 Sallustius
739 2025 828 2088 (In
860 2022 1098 2088 C(ttila'n.)
1134 2039 1149 2074 :
1181 2045 1196 2068 ι
1233 2019 1454 2084 Urbem,
1515 2021 1716 2090 inquit,
1751 2020 1871 2076 Ro-

252 2132 423 2180 mam,
456 2114 618 2169 sicuti
651 2131 755 2188 ego
787 2115 998 2185 accepi,
1033 2113 1332 2168 condidere
1362 2121 1527 2183 atque
1550 2112 1870 2167 habitavere

251 2208 417 2262 initio
447 2206 689 2275 Trojani,
741 2207 856 2278 qui,
881 2207 1050 2260 [Enea
1075 2205 1236 2272 duce,
1261 2204 1488 2259 sedibus
1518 2204 1746 2260 incertis
1771 2222 1869 2258 va-

244 2299 542 2373 gabantur.
580 2321 607 2348 υ
634 2298 735 2352 Alii
777 2299 969 2353 dicunt
995 2297 1064 2352 ab
1094 2297 1345 2352 Evandro
1375 2297 1687 2351 secundum
1720 2297 1868 2366 quod

249 2391 517 2466 Virgilius
549 2391 782 2458 (Eneid.
808 2395 920 2458 vui)
965 2409 978 2444 :

409 2483 547 2531 Tunc
569 2497 654 2531 rex
679 2482 942 2531 Evandrus
973 2483 1208 2532 Romanae
1230 2481 1456 2530 conditor
1487 2481 1628 2529 areis.

322 2563 628 2634 Eutropius
646 2579 868 2634 quoque
893 2564 948 2617 in
972 2563 1117 2616 libro
1141 2562 1502 2617 Historiarum
1526 2561 1606 2615 sic
1627 2560 1871 2631 loquitur

247 2651 446 2706 dicens
476 2669 490 2705 :
527 2673 550 2701 ιι
587 2651 872 2716 Romulus,
901 2667 1031 2706 cum
1062 2651 1210 2705 inter
1240 2657 1489 2721 pastores
1511 2650 1871 2705 latrocinare-

245 2751 358 2805 tur,
385 2749 510 2794 octo
537 2739 728 2795 decem
757 2740 916 2794 annis
946 2748 1126 2804 natus,
1157 2738 1349 2793 urbem
1374 2741 1627 2813 exiguam
1661 2739 1716 2792 in
1742 2739 1870 2793 Par-

241 2833 420 2888 Iatino
442 2838 636 2886 monte
657 2832 963 2892 constituit.
990 2833 1267 2887 conditam
1292 2831 1569 2887 civitatem
1597 2848 1664 2886 ex
1689 2831 1869 2886 nomi-

240 2937 317 2976 ne
341 2935 440 2975 suo
471 2919 698 2975 Romam
724 2921 956 2976 vocavit.
1007 2920 1142 2976 Post
1199 2922 1344 2976 hunc
1394 2921 1580 2976 Tullus
1606 2921 1868 2976 Hostilius

242 3031 395 3079 eam,
427 3013 645 3082 adjecto
677 3012 846 3068 Coelio
877 3024 1091 3079 monte,
1129 3013 1431 3084 ampliavit.
1466 3014 1712 3084 Indeque
1755 3030 1867 3069 cm-

249 3103 358 3159 teri
391 3101 626 3157 diversis
647 3102 849 3156 diversi
885 3101 1226 3174 temporibus
1258 3102 1564 3174 principes,
1597 3102 1715 3174 ejus
1747 3103 1868 3157 edi-

248 3209 404 3254 tores
461 3196 546 3251 vel
575 3195 1004 3268 ampliﬁcatores
1057 3196 1314 3251 extitere.
1381 3217 1405 3245 »
1465 3194 1625 3250 Urbis
1682 3203 1865 3250 autem

250 3300 460 3349 nostrae
484 3306 689 3346 nomen
715 3291 1145 3346 Durocortorum
1177 3288 1465 3359 quondam
1492 3287 1725 3353 dictum,
1745 3287 1868 3342 Cae-

245 3383 398 3440 saris
418 3379 684 3436 astruitur
703 3379 963 3448 Historia,
988 3379 1044 3433 in
1063 3394 1171 3450 qua
1197 3377 1338 3432 libro
1360 3386 1514 3432 sexto
1534 3377 1615 3432 sic
1634 3375 1869 3450 legitur:

252 3498 278 3526 ε
322 3471 564 3526 Vastatis
594 3468 936 3544 regionibus,
970 3468 1272 3524 exercitum
1313 3465 1493 3521 Cmsar
1523 3465 1877 3521 Durocorto-

253 3579 381 3621 rum
413 3561 704 3615 Remorum
735 3559 970 3622 reducit,
1019 3557 1372 3626 concilioque
1431 3555 1485 3608 in
1533 3571 1659 3609 eum
1694 3555 1874 3609 locum

253 3651 448 3707 Galliae
477 3649 705 3711 indicto,
740 3647 809 3702 de
841 3647 1228 3718 conjuratioue
1261 3646 1543 3701 Senonum
1587 3652 1641 3699 et
1675 3645 1881 3700 Carnu-

256 3752 378 3799 tum
407 3739 767 3811 quaestionem
814 3737 1021 3792 habere
1060 3735 1325 3791 instituit.
1383 3757 1403 3784 ι
1441 3736 1687 3790 ZEtbicus
1717 3736 1879 3791 etiam

257 3839 321 3891 in
355 3831 784 3904 Cosmograpbia
821 3831 902 3886 sic
933 3838 1205 3886 memorat
1241 3849 1253 3884 :
1293 3851 1316 3881 (ι
1372 3833 1413 3885 Λ
1441 3831 1756 3887 Mediolano
1784 3850 1883 3903 per

257 3927 426 3996 Alpes
457 3923 666 3978 Cottias
695 3923 960 3976 Viennam
996 3922 1061 3976 Μ.
1125 3921 1180 3974 Ρ.
1219 3921 1473 3977 CCCCIX.
1521 3925 1652 3979 Inde
1703 3926 1882 3980 Duro-

257 4020 567 4078 cortorum,
601 4010 746 4064 M.P.
781 4009 1134 4073 CCCXXXIII,
1155 4027 1279 4082 quae
1301 4010 1439 4066 ﬁunt
1463 4014 1636 4084 leuga}
1670 4013 1881 4068 CCXXI.

263 4108 451 4161 ltema
472 4105 840 4158 Durocortoro
861 4103 1196 4158 Divodorum
1219 4120 1418 4174 usque,
1445 4105 1734 4163 M.P.LXII.
1753 4108 1884 4161 Item

257 4196 375 4250 alio
415 4194 618 4248 itinere
655 4209 686 4246 a
722 4192 1098 4248 Durocortoro
1128 4193 1440 4248 Dividorum
1477 4211 1671 4266 usque,
1710 4197 1775 4250 M.
1824 4196 1880 4250 P.

264 4283 578 4339 LXXXVIII.
611 4283 744 4336 Item
759 4298 789 4335 a
814 4283 1178 4337 Durocortoro
1199 4283 1464 4337 Treveros
1483 4301 1657 4354 usque
1679 4285 1886 4354 Bagaco

263 4373 633 4428 Nervicorum
656 4371 1135 4444 Durocortoleugae
1148 4371 1318 4424 XCIX.
1336 4373 1471 4426 Item
1487 4373 1738 4445 aBagaco
1751 4375 1888 4428 Ner-

1970 509 2214 578 terisquc
2247 504 2410 558 rebus
2450 503 2664 572 juvare.
2721 499 2984 567 Reliquos
3039 508 3236 548 omnes
3281 491 3479 557 Belgas
3519 491 3573 543 in

1968 597 2138 651 armis
2168 610 2310 659 esse,
2336 593 2770 659 Germanosque,
2807 584 2902 656 qui
2928 583 3076 654 ripas
3118 580 3290 634 Rheni
3325 579 3577 634 incolunt

1968 703 2092 741 sese
2124 701 2246 739 cum
2279 682 2365 736 his
2403 679 2774 751 conjunxisse.
2840 681 3171 742 tantumque
3214 685 3336 723 esse
3383 683 3575 723 eorum

1969 777 2223 834 omnium
2256 775 2521 837 furorem,
2553 778 2614 824 ut
2639 785 2711 823 ne
2761 768 3067 820 Suessones
3100 759 3349 830 quidem,
3381 758 3579 812 fratres

1968 868 2526 942 consanguineosque
2556 877 2707 927 suos,
2740 860 2833 930 qui
2862 855 3056 912 eodem
3085 854 3230 922 jure,
3256 853 3463 907 eisdem
3498 853 3577 906 le-

1968 962 2131 1032 gibus
2163 966 2410 1022 utantur,
2441 968 2726 1024 unumque
2749 949 3129 1018 magistratum
3172 965 3294 1003 cum
3347 949 3454 1002 illis
3482 949 3579 1002 ha-

1969 1053 2157 1120 beant,
2183 1051 2464 1104 deterrere
2502 1046 2807 1117 potuerint,
2862 1042 2998 1115 quin
3029 1055 3152 1094 cum
3181 1041 3266 1094 his
3296 1039 3580 1095 consenti-

1970 1148 2112 1195 rent.
2150 1161 2177 1189 ι)
2214 1141 2345 1193 Item
2377 1138 2555 1203 (Ibid.)
2585 1153 2596 1188 :
2623 1156 2652 1184 (ι
2674 1135 2875 1204 Caesar,
2909 1138 3198 1206 postquam
3232 1147 3428 1187 omnes
3455 1130 3579 1184 Bel-

1968 1249 2160 1304 garum
2186 1232 2373 1301 copias
2405 1229 2457 1282 in
2493 1245 2661 1282 unum
2693 1229 2872 1281 locum
2933 1236 3153 1282 coactas
3201 1226 3269 1279 ad
3300 1241 3357 1278 se
3391 1223 3579 1277 venire

1969 1326 2124 1389 vidit,
2149 1340 2335 1394 neque
2361 1323 2474 1394 jam
2508 1322 2674 1392 longe
2706 1321 2926 1386 abesse,
2951 1320 3018 1374 ab
3049 1320 3150 1382 his,
3174 1334 3314 1389 quos
3331 1317 3577 1380 miserat,

1973 1415 2422 1490 exploratoribus
2455 1423 2511 1467 et
2541 1413 2608 1466 ab
2637 1412 2818 1466 Remis
2856 1412 3137 1482 cognovit,
3197 1410 3401 1464 flumen
3440 1410 3580 1462 Axo-

1970 1525 2094 1563 nam
2170 1508 2416 1574 (Aisnc),
2490 1505 2636 1576 quod
2696 1512 2778 1558 est
2825 1505 2876 1557 in
2945 1502 3208 1557 extremis
3290 1502 3580 1555 Remorum

1971 1599 2193 1664 finibus,
2263 1599 2563 1653 exercitum
2614 1597 2902 1650 traducere
2961 1593 3255 1648 maturavit
3280 1600 3447 1662 atque
3506 1591 3580 1644 ibi

1970 1700 2147 1747 castra
2196 1691 2398 1760 posuit.
2458 1690 2585 1754 Quae
2637 1705 2723 1742 res
2782 1695 2835 1740 et
2858 1687 2997 1742 latus
3053 1701 3224 1739 unum
3276 1690 3580 1738 castrorum

1971 1780 2106 1851 ripis
2128 1779 2372 1833 fluminis
2401 1777 2674 1831 munitum
2706 1785 2759 1830 et
2782 1788 2906 1846 post
2931 1793 3056 1829 eum
3090 1789 3211 1845 quae
3260 1781 3439 1834 erant,
3469 1779 3583 1824 tuta

1973 1873 2041 1928 ab
2069 1873 2324 1927 hostibus
2352 1870 2640 1934 reddebat,
2689 1877 2746 1922 et
2775 1877 3116 1924 commeatus
3157 1865 3224 1919 ab
3255 1865 3454 1927 Remis,
3492 1879 3579 1915 re-

1972 1962 2250 2032 liquisque
2275 1959 2610 2024 civitatibus,
2645 1958 2847 2012 utsine
2882 1956 3126 2026 periculo
3159 1956 3225 2007 ad
3277 1969 3401 2006 eum
3446 1967 3580 2021 por-

1976 2054 2077 2108 tari
2097 2060 2348 2123 possent,
2385 2051 2678 2106 efficiebat.
2719 2051 2772 2102 In
2817 2065 2882 2103 eo
2907 2047 3136 2102 flumine
3171 2062 3311 2116 pons
3330 2053 3464 2097 erat.
3505 2042 3582 2095 lbi

1974 2143 2290 2214 praesidium
2320 2142 2570 2212 ponti,et
2589 2141 2642 2194 in
2669 2139 2840 2193 altera
2865 2146 3022 2207 parte
3045 2135 3290 2188 fluminis
3319 2132 3584 2186 Titurium

1971 2235 2236 2288 Sabinum
2255 2235 2494 2304 legatum
2507 2249 2629 2287 cum
2643 2247 2736 2286 sex
2752 2223 3512 2297 cohortibusreliquit.Castra
3528 2222 3583 2275 in

1971 2328 2325 2382 altitudinem
2351 2327 2551 2398 pedum
2566 2324 2859 2379 duodecim
2879 2322 3199 2390 fossamque
3215 2317 3418 2389 pedum
3432 2324 3588 2370 octo-

1970 2417 2148 2472 decim
2183 2415 2599 2484 munirejubet.
2623 2413 2701 2467 Ab
2731 2412 2865 2483 ipsis
2886 2411 3084 2465 castris
3101 2407 3365 2479 oppidum
3390 2405 3588 2459 Remo-

1973 2508 2362 2575 rum,nomine
2397 2507 2612 2571 Bibrax,
2655 2503 2804 2576 quod
2860 2503 3056 2557 aberat
3095 2499 3264 2554 millia
3326 2513 3586 2569 passuum

1971 2595 2274 2652 octodecim
2306 2597 2472 2666 (Orig
2505 2639 2519 2662 ,
2547 2597 2690 2658 octo)
2737 2609 2802 2648 ex
2859 2592 3078 2656 itinere,
3129 2603 3331 2662 magno
3376 2587 3587 2657 impetu

1973 2687 2151 2761 Belgae
2169 2701 2494 2757 oppugnare
2525 2691 2837 2754 cmperunt.
2871 2681 3031 2754 ZEgre
3055 2696 3122 2735 eo
3165 2679 3254 2734 die
3271 2682 3588 2733 sustentata

1971 2784 2058 2830 est
2088 2775 2366 2830 Gallorum
2399 2783 2564 2845 atque
2611 2773 2902 2846 Belgarum
2935 2768 3282 2844 oppugnatio
3315 2768 3450 2821 haec.
3488 2766 3586 2820 Ubi

1968 2866 2325 2935 circumjecta
2376 2863 2734 2919 multitudine
2794 2861 3080 2918 hominum
3129 2858 3260 2913 totis
3287 2855 3585 2919 mamilius,

1969 2957 2220 3029 undique
2255 2958 2309 3011 in
2334 2971 2558 3011 murum
2581 2953 2795 3025 lapides
2814 2951 2922 3022 jaci
2945 2949 3087 3020 caepi
3107 2955 3263 3016 sunt,
3283 2961 3589 3016 murusque

1969 3045 2368 3102 defensoribus
2411 3045 2658 3101 nudatus
2712 3050 2817 3109 est,
2869 3038 3153 3096 testudine
3207 3040 3354 3092 facta
3415 3035 3590 3106 portis

1894 3164 1944 3232 Ο
1970 3135 2298 3202 succedunt,
2335 3151 2669 3206 murumque
2718 3133 3025 3196 subruunt,
3054 3129 3203 3200 quod
3239 3140 3383 3196 tms.,
3414 3125 3588 3232 aditu)

1971 3237 2086 3282 tum
2117 3227 2276 3283 facile
2297 3227 2484 3283 ﬁebat.
2509 3229 2758 3299 Namque
2779 3234 2929 3281 tanta
2968 3221 3266 3277 multitudo
3298 3217 3510 3290 lapides
3527 3233 3590 3272 ac

1975 3321 2083 3374 tela
2108 3320 2500 3390 conjiciebant,
2534 3332 2593 3374 ut
2651 3321 2708 3374 in
2757 3333 2915 3372 muro
2956 3312 3302 3371 consistendi
3339 3315 3591 3382 potestas

1978 3407 2298 3462 essetnulli.
2323 3407 2454 3462 Cum
2473 3406 2638 3463 finem
2662 3404 3025 3480 oppugnandi
3044 3420 3149 3460 nox
3164 3399 3592 3465 fecisset,lccius

1980 3496 2203 3562 Remus,
2229 3512 2443 3550 summa
2475 3497 2769 3551 nobilitate
2797 3507 2853 3551 et
2910 3495 3088 3570 gratia
3137 3495 3277 3548 inter
3305 3505 3458 3552 suos,
3494 3487 3588 3557 qui

1982 3595 2094 3641 tum
2114 3585 2317 3658 cppido
2348 3585 2659 3656 praefuerat,
2695 3603 2839 3642 unus
2888 3603 2954 3640 ex
2995 3586 3101 3649 his,
3155 3581 3248 3654 qui
3300 3578 3462 3654 legati
3524 3576 3593 3631 de

1983 3696 2114 3750 pace
2142 3680 2210 3733 ad
2241 3680 2512 3734 Caesarem
2541 3688 2833 3744 venerant,
2869 3679 3125 3733 nuntium
3154 3675 3220 3730 ad
3245 3690 3371 3728 eum
3405 3669 3592 3735 mittit,

1983 3769 2088 3823 nisi
2115 3769 2429 3825 subsidium
2459 3768 2564 3822 sibi
2589 3768 2856 3828 mittatur,
2892 3784 3012 3821 sese
3051 3765 3262 3820 diutius
3316 3761 3594 3816 sustinere

1987 3876 2096 3914 non
2123 3877 2303 3931 posse.
2343 3860 2414 3914 Eo
2434 3859 2502 3912 de
2535 3855 2713 3912 media
2738 3865 2899 3910 nocte
2921 3857 3118 3917 Caesar,
3143 3853 3338 3909 iisdem
3361 3849 3595 3904 ducibus

1988 3968 2138 4014 usus,
2159 3952 2251 4022 qui
2274 3949 2450 4005 nuntii
2474 3949 2541 4002 ab
2573 3947 2711 4002 Iccio
2737 3954 3019 4010 venerant,
3073 3943 3336 3998 Numidas
3391 3948 3442 3994 et
3473 3937 3596 3991 Cre-

1989 4051 2072 4097 tas
2091 4043 2402 4116 sagittarios
2427 4052 2480 4097 et
2511 4041 2818 4096 funditores
2865 4037 3115 4090 Baleares
3145 4034 3397 4090 subsidio
3432 4030 3597 4102 oppi-

1987 4132 2148 4187 danis
2180 4133 2362 4188 mittit.
2396 4133 2638 4196 Quorum
2691 4129 2936 4182 adventu
2969 4132 3023 4178 et
3084 4125 3266 4180 Remis
3316 4139 3446 4177 cum
3499 4136 3598 4190 spe

1989 4221 2332 4276 defensionis
2354 4221 2598 4274 studium
2631 4213 3024 4289 prOpugnamdi
3057 4213 3306 4279 accessit,
3341 4222 3395 4265 et
3429 4209 3603 4265 hosti-

1990 4315 2094 4367 bus
2115 4312 2308 4367 eadem
2332 4313 2399 4365 de
2442 4329 2610 4366 causa
2634 4326 2762 4382 spes
2807 4304 3060 4379 potiundi
3099 4303 3289 4377 Oppidi
3323 4303 3597 4358 discessit.

1991 4405 2178 4474 Itaque
2209 4403 2492 4474 paulisper
2526 4397 2673 4471 apud
2729 4396 2994 4469 oppidum
3051 4393 3270 4457 morati,
3323 4407 3598 4464 agrosque

261 4462 512 4518 vicorum
534 4461 964 4515 Durocortorum
986 4460 1288 4514 Remorum
1314 4478 1514 4532 usque,
1541 4462 1607 4515 III.
1632 4462 1688 4516 P.
1714 4463 1876 4516 LIII.»
1911 4486 1966 4554 Ι)
1993 4460 2292 4547 ηθῶοηὶω
2354 4460 2699 4561 dépopu‘laﬁ,
2731 4460 2991 4542 o‘rﬁnibus
3027 4482 3184 4548 vicis,
3215 4460 3600 4548 mdiﬁ'ciisqile,

909 4589 1129 4644 CAPUT
1172 4591 1240 4646 II.

444 4684 518 4735 De
543 4683 791 4734 amicitia
821 4683 1184 4738 Romanorum
1215 4687 1378 4752 atque
1409 4685 1703 4739 Remorum.

334 4773 564 4827 Constat
596 4772 790 4843 itaque
821 4774 1120 4829 Remorum
1152 4774 1419 4846 populum
1452 4776 1658 4847 populo
1685 4777 1889 4830 Roma-

268 4878 470 4916 norum
508 4862 863 4917 tenacissima
896 4863 1093 4934 priscis
1137 4864 1267 4919 olim
1305 4865 1655 4934 temporibus
1685 4866 1887 4920 amici-

266 4955 347 5008 tia
371 4955 654 5022 junctum,
687 4954 990 5023 praelibatae
1011 4955 1149 5010 Julii
1175 4956 1403 5011 Caesaris
1445 4958 1697 5013 Historiae
1728 4958 1890 5012 libris

263 5047 325 5110 (ι.
364 5062 398 5098 ιι
433 5047 584 5108 init.)
637 5045 742 5100 hoc
776 5045 953 5116 ipsum
998 5047 1452 5117 astipulantibus,
1491 5050 1580 5104 ubi
1639 5051 1884 5124 legitur:

271 5159 291 5185 α
331 5137 429 5197 Eo,
481 5137 697 5191 scilicet
726 5138 793 5191 ad
856 5137 997 5193 ﬁnes
1047 5139 1360 5209 Belgarum,
1399 5142 1519 5211 ipso
1565 5142 1778 5196 Caesare
1822 5142 1890 5195 de

269 5226 608 5297 improviso,
672 5226 1026 5298 celeriusque
1068 5228 1325 5283 omnium
1380 5229 1670 5300 opinione,
1695 5245 1893 5301 perve-

271 5319 509 5382 niente,
565 5317 805 5382 Remos,
872 5319 1112 5388 proximi
1167 5319 1352 5374 Galliae
1401 5339 1464 5375 ex
1529 5323 1710 5389 Belgis
1765 5331 1894 5376 sunt

270 5408 339 5461 ad
376 5423 508 5461 eum
557 5406 771 5477 legatos
826 5407 1023 5462 Iccium
1071 5415 1124 5463 et
1172 5408 1618 5484 Andebrogium,
1679 5411 1894 5482 primos

269 5495 518 5550 civitatis
541 5512 679 5560 suae,
712 5495 951 5563 misisse,
977 5508 1033 5552 et
1055 5514 1114 5552 se
1135 5515 1347 5569 suaque
1387 5500 1578 5553 omnia
1596 5500 1898 5553 offerentes

273 5589 330 5641 in
393 5586 562 5642 fidem
617 5595 787 5658 atque
845 5589 1151 5644 amicitiam
1184 5590 1376 5660 p0puli
1412 5592 1639 5646 Romani
1670 5593 1896 5647 omnino

272 5679 620 5751 conjurasse,
651 5689 982 5750 paratosque
1015 5697 1135 5736 esse
1169 5690 1223 5736 et
1246 5682 1469 5736 obsides
1500 5683 1652 5748 dare,
1686 5692 1744 5737 et
1773 5683 1880 5737 im-

1987 4601 2097 4655 quo
2127 4583 2279 4637 adire
2303 4586 2581 4653 poterant,
2617 4575 2875 4641 incensis,
2905 4572 2971 4627 ad
3004 4581 3186 4628 castra
3216 4568 3443 4624 Caesaris
3471 4583 3600 4622 om-

1989 4679 2158 4734 nibus
2189 4677 2364 4748 copiis
2404 4673 2833 4738 eontenderunt,
2867 4681 2921 4726 ct
2951 4688 2981 4726 a
3034 4669 3282 4724 millibus
3335 4684 3601 4738 passuum

1991 4771 2174 4825 minus
2203 4767 2420 4823 duabus
2449 4777 2627 4822 castra
2659 4777 2985 4838 posuerunt.
3024 4786 3047 4814 »
3122 4765 3188 4818 Et
3222 4773 3342 4836 post
3383 4779 3560 4833 pauca
3587 4781 3600 4816 :

1995 4887 2016 4914 α
2058 4865 2250 4918 Hostes
2272 4862 2524 4934 protinus
2549 4879 2612 4916 ex
2629 4878 2694 4917 eo
2726 4862 2846 4916 loco
2865 4860 2930 4915 ad
2952 4860 3155 4915 flumen
3179 4860 3438 4915 Axonam
3463 4874 3602 4912 con-

1992 4957 2312 5022 tenderunt,
2347 4955 2497 5028 quod
2524 4973 2646 5011 esse
2663 4957 2823 5012 etiam
2859 4967 2984 5027 post
3033 4965 3222 5012 nostra
3272 4963 3454 5010 castra
3505 4952 3605 5006 de.-

1994 5055 2360 5103 monstratum
2395 5056 2495 5102 est.
2523 5047 2603 5101 Ibi
2631 5047 2787 5102 vadis
2816 5049 3296 5118 repertis,partem
3320 5044 3605 5117 capiarum

1992 5157 2214 5195 suarum
2247 5137 2604 5193 transducere
2634 5140 2818 5194 conati
2849 5147 2996 5204 sunt,
3030 5154 3095 5193 eo
3123 5136 3373 5201 consilio,
3419 5145 3499 5198 ut,
3559 5136 3605 5190 si

1995 5231 2588 5304 possent,castellum,
2647 5229 2735 5286 cui
2794 5240 3027 5302 praeerat
3078 5229 3315 5293 Quintus
3367 5227 3608 5282 Titurius

1997 5325 2620 5396 legatus,expugnarent
2639 5331 2977 5394 pontemque
2992 5319 3391 5376 interciderent
3412 5321 3606 5389 (0rig.,

1999 5414 2149 5468 inter
2175 5411 2532 5472 scinderent).
2559 5413 2612 5466 Si
2644 5413 2826 5466 minus
2848 5411 3158 5482 potuissent
3193 5425 3352 5484 agros
3400 5410 3604 5464 Remo-

2000 5522 2119 5560 rum
2150 5504 2566 5576 popularentur,
2594 5505 2687 5576 qui
2712 5519 2912 5576 magno
2935 5503 3096 5558 nobis
3125 5503 3245 5557 usui
3284 5501 3352 5557 ad
3393 5502 3604 5557 bellum

1998 5594 2299 5666 gerendum
2318 5603 2500 5662 erant,
2514 5599 2966 5665 commeatusque
2988 5600 3212 5647 nostros
3232 5591 3605 5646 sustinebant.

2000 5684 2197 5749 Caesar,
2219 5683 2420 5740 certior
2446 5683 2676 5738 factusa
2725 5682 2957 5749 Titurio,
3013 5697 3233 5737 omnem
3287 5681 3608 5751 aequitatem
