3970 6212
437 285 506 340 27
1547 284 1909 339 FLODOARDI
1954 283 2257 340 CANONICI
2297 283 2623 339 REMENSIS
3669 282 3733 337 28

438 425 567 462 num
600 407 954 469 Sonnacium,
988 407 1274 477 epistolam
1308 406 1530 480 Adelagi
1559 407 1627 461 ad
1658 406 2043 473 Flodoardum,
2073 413 2120 478 Α
2147 406 2246 473 Qui
2275 413 2329 460 et
2358 405 2403 460 si
2434 420 2609 477 usque
2638 405 2705 458 ad
2738 402 3259 476 quinquagesimum
3290 409 3539 473 quartum
3570 403 3736 456 archi-

437 505 490 549 ct
519 496 781 549 nonnulla
804 495 908 549 alia
941 495 1010 548 de
1035 512 1224 549 eorum
1246 495 1561 549 testimonia
1602 495 1749 549 Juvit
1782 503 2047 565 przetcrca

438 587 720 658 catalogus
746 586 812 640 ad
844 588 1050 641 calcem
1088 587 1420 657 exemplaris
1452 587 1701 641 ecclesia:
1723 587 2049 657 metropoli-

441 688 580 733 tanaa
630 680 685 732 B.
740 678 918 733 Maria:
977 678 1262 733 Remensis
1303 678 1518 733 diversa
1552 696 1712 734 manu
1748 679 2039 750 ascriptus.

445 846 700 854 ___——-———_.

2149 497 2472 568 epiSCOpum
2492 511 2601 550 non
2628 494 2832 548 habeat
2855 492 2959 547 nisi
2982 493 3129 546 nuda
3156 491 3396 557 nomina,
3425 490 3482 544 in
3510 507 3736 563 sequen-

2148 586 2297 641 tibus
2329 593 2413 641 est
2440 584 2737 656 copiosior.

1385 993 2081 1084 PROLOGUS
2160 993 2831 1082 AUCTORIS

1796 1179 1874 1218 AD
1922 1178 1979 1220 R.
2029 1177 2389 1220 EPISCOPUM.

516 1426 746 1480 Domino
776 1426 1105 1491 venerabili,
1138 1434 1190 1480 et
1219 1427 1271 1479 in
1324 1426 1520 1481 Christi
1554 1428 1820 1482 charttate
1850 1429 2047 1483 admo-

2154 1429 2359 1484 nimum
2381 1429 2437 1484 in
2466 1431 2810 1485 correctione
2841 1444 3090 1483 meorum
3122 1437 3296 1483 terere
3315 1443 3499 1483 moras
3527 1444 3743 1500 opuscu-

442 1519 571 1571 dum
604 1518 1160 1590 diligibili,praeclaro
1191 1519 1409 1589 priesuli
1438 1520 1497 1572 Β.
1527 1520 1894 1584 FLODOARDUS,
1920 1529 2049 1576 tan-
2079 1535 2129 1601 Β
2153 1519 2349 1583 lorum,
2384 1535 2508 1574 cum
2542 1528 2785 1572 veterum
2819 1517 3069 1573 nonnulli
3128 1518 3460 1587 scriptorum
3503 1519 3666 1589 magis
3692 1518 3740 1571 iu

444 1616 509 1659 lar.
537 1606 900 1679 benignitatis
942 1607 1193 1673 famulus,
1240 1624 1432 1662 omnes
1463 1619 1773 1663 sanctarum
1792 1609 2053 1665 virtutum

448 1695 501 1748 in
532 1695 745 1749 Christo
775 1696 1057 1768 gaudium.

516 1783 875 1838 Creberrimis
942 1785 1382 1839 admonitionum
1456 1796 1755 1841 vestrarum
1812 1788 2053 1843 stimulis

454 1872 769 1944 instigatus,
803 1874 1055 1927 discusso
1087 1874 1306 1927 tandem
1340 1875 1568 1929 desidiae
1603 1876 1919 1949 pigritantis
1942 1885 2053 1931 tor-

450 1964 955 2036 pore,abjectisque
974 1966 1312 2020 diversarum
1327 1984 1579 2021 curarum
1594 1967 2055 2037 occupationibus

449 2057 635 2127 relego
665 2056 929 2111 ferventis
958 2059 1124 2111 studii
1171 2058 1335 2112 vestri
1390 2059 1627 2113 solertia}
1658 2058 2051 2130 quadrilidum,

448 2145 614 2199 nostri
643 2144 846 2199 laboris
883 2162 1022 2214 opus
1067 2147 1439 2218 undecunque
1471 2147 1782 2212 collectum,
1816 2158 1870 2202 et
1899 2149 2055 2219 capi-

450 2238 685 2303 tulatim,
716 2246 877 2309 prout
901 2239 1099 2306 jubere
1127 2240 1336 2311 dignati
1366 2240 1520 2305 estis,
1576 2240 1925 2309 dispositum,
1956 2256 2057 2296 no-

447 2343 574 2387 stra:
603 2332 816 2388 scilicet
848 2332 1102 2387 Ecclesiae
1135 2332 1420 2385 Remensis
1452 2331 1799 2387 historiarum
1831 2332 2051 2388 librum.

446 2425 596 2478 llaud
634 2424 816 2479 mirari
847 2425 931 2478 vel
964 2441 1200 2495 cumque
1230 2423 1777 2493 potenssanctitatem
1803 2424 2057 2478 culminis

447 2518 613 2570 vestri
642 2534 813 2588 super
865 2518 966 2572 hac
1021 2516 1480 2571 rememoratione
1538 2515 1792 2586 obsequii
1852 2516 2049 2579 nostri,

447 2611 638 2674 utpote
671 2606 907 2659 diversis
946 2605 1409 2676 occupationibus
1461 2604 1774 2675 praepediti,
1832 2605 2052 2658 hiemali

446 2712 667 2767 quoque
691 2696 937 2767 glacialis
964 2696 1089 2771 gelu
1125 2696 1322 2770 rigoris
1343 2696 2055 2763 obstricti,charaxatorum

455 2788 682 2856 insuper
721 2788 1027 2859 indigentia
1049 2788 1330 2843 coarctati.
1377 2788 1563 2859 Neque
1592 2788 1811 2849 mirum.
1846 2805 1933 2843 me
1959 2789 2057 2842 mi-

2156 1609 2539 1663 retractatione
2575 1624 2825 1677 suorum,
2883 1623 3047 1677 quam
3098 1606 3459 1661 meditatione
3491 1606 3740 1662 demorati

2156 1700 2402 1755 ferantur
2430 1700 2687 1755 liborum.
2721 1699 2828 1753 Sed
2884 1714 2986 1753 nec
3033 1699 3215 1754 adhuc
3263 1715 3459 1754 omnes
3511 1700 3574 1754 ad
3630 1716 3740 1770 per-

2155 1793 2356 1847 fectum
2397 1808 2483 1846 me
2536 1800 2670 1862 puto
2725 1791 3041 1846 eliminasse
3096 1790 3375 1856 mendas;
3437 1800 3487 1845 et
3539 1792 3583 1845 si
3636 1807 3743 1862 quae

2154 1884 2504 1954 reperientur
2534 1883 2821 1953 scriptoris
2849 1882 2988 1939 forte
3034 1882 3187 1948 vitia,
3250 1883 3537 1937 industriae
3574 1892 3746 1938 vestra:

2156 1985 2418 2047 poterunt
2464 1974 3020 2047 expurgarisagacia.
3071 1975 3185 2029 Non
3218 1974 3368 2028 enim
3420 1991 3507 2029 me
3545 1975 3749 2045 ilaper-

2158 2064 2358 2120 fectum
2393 2080 2519 2119 reor
2547 2064 2615 2118 ad
2640 2080 2880 2137 unguem
2902 2064 3016 2118 fore
3042 2070 3528 2134 perscrutatorem,
3553 2070 3606 2119 ut
3626 2063 3749 2117 ferre

2158 2158 2328 2213 nolim
2361 2162 2404 2211 si
2436 2174 2599 2229 quem
2627 2156 3110 2228 diligentioremin
3143 2155 3502 2210 eliminandis
3520 2155 3749 2210 vitiisin-

2157 2264 2361 2303 venero
2418 2255 2808 2303 correctorem.
2870 2246 3041 2320 Igitur
3069 2246 3199 2318 quia
3239 2247 3545 2302 sanctitatis
3576 2255 3748 2301 vestra:

2157 2336 2303 2391 circa
2350 2337 2653 2392 tantitatem
2704 2342 2891 2391 nostra
2940 2335 3161 2406 profusa
3197 2336 3423 2391 videtur
3442 2335 3748 2390 exuberasse

2157 2428 2402 2495 dilectio,
2436 2430 2582 2483 hunc
2611 2428 2777 2483 studii
2828 2427 2998 2483 nostri
3028 2428 3285 2495 fructum,
3346 2428 3512 2482 vestri
3540 2428 3746 2502 dignum

2155 2520 2282 2574 duxi
2316 2520 2602 2574 tutaminis
2624 2520 2880 2593 delegare
2898 2519 3227 2591 patrocinio,
3262 2527 3320 2574 ut
3349 2536 3477 2592 quas
3526 2537 3556 2573 a
3583 2526 3747 2574 nostra

2156 2615 2283 2661 sunt
2315 2608 2460 2661 dicta
2490 2608 2544 2661 in
2579 2608 2825 2662 tenebris
2870 2608 3199 2673 humilitate,
3233 2607 3302 2661 ab
3361 2607 3637 2663 industria).
3660 2621 3746 2660 ve-

2158 2706 2283 2753 stra;
2316 2699 2656 2755 sublimitate
2680 2701 2934 2755 dicantur
2955 2700 3011 2754 in
3041 2699 3269 2754 lumine.

1608 3130 2011 3217 LIBER
2102 3131 2602 3221 PRIMUS

989 3448 1198 3503 CAPUT
1228 3449 1503 3505 PRIMUM.

786 3562 860 3615 De
898 3563 1202 3617 conditione
1254 3565 1404 3619 urbis
1452 3568 1741 3620 Bernensis.

531 3669 680 3724 Fidei
711 3678 912 3726 nostrae
972 3672 1296 3726 fundamina
1352 3674 1689 3744 proditurus,
1744 3692 1807 3729 ac
1867 3684 2068 3732 nostra!

457 3758 643 3810 Patres
681 3759 938 3814 Ecclesia:
996 3768 1380 3828 memoratrus,
1430 3763 1694 3816 moenium
1754 3772 2066 3819 nostrorum

454 3846 726 3901 locatores
765 3848 848 3901 vel
881 3848 1243 3903 instructores
1295 3851 1626 3922 exquisisse,
1685 3869 1794 3908 non
1854 3855 1920 3908 ad
1949 3873 2063 3910 rem

452 3936 590 3989 adeo
623 3937 899 4006 pertinere
948 3938 1249 4003 videbitur,
1283 3956 1407 3993 cum
1467 3939 1571 4011 ipsi
1619 3941 1811 3996 salutis
1843 3951 2063 3999 aeternae

455 4024 531 4077 nil
564 4025 725 4079 nobis
773 4026 1097 4096 contulisse,
1146 4028 1396 4099 quinimo
1449 4029 1652 4084 erroris
1699 4030 1783 4085 sui
1831 4033 2062 4107 vestigia

453 4112 733 4183 lapidibus
764 4115 1038 4188 insculpta
1094 4119 1385 4189 reliquisse
1426 4119 1749 4175 doceantur.
1809 4123 1883 4176 De
1907 4122 2062 4177 urbis

456 4220 692 4276 namque
722 4214 921 4262 nostrae
947 4207 1258 4264 fundatore.
1287 4227 1355 4265 eu
1390 4211 1631 4266 nominis
1655 4211 1918 4276 inditore,
1949 4228 2061 4268 non

453 4297 847 4355 omnimodisa
899 4301 1064 4357 nobis
1116 4303 1475 4375 approbanda
1527 4304 1747 4377 vulgata
1806 4312 2064 4360 censetur

456 4388 671 4458 Opinio,
703 4407 826 4462 quae
849 4392 1076 4450 Remum
1100 4396 1579 4455 Romulifratrem.
1632 4396 1869 4451 civitatis
1900 4397 2062 4465 hujus

460 4477 830 4536 institutorem
855 4498 920 4539 ac
940 4485 1184 4541 nominis
1222 4487 1389 4541 tradit
1434 4496 1742 4551 auctorem,
1769 4502 1895 4539 cum
1926 4486 2062 4541 urbe

460 4567 626 4622 Roma
655 4570 893 4642 geminis
930 4573 1272 4639 auctoribus,
1312 4574 1542 4628 Romulo
1575 4574 1854 4644 Remoque
1877 4614 1890 4638 ,
1924 4574 2053 4628 fun-

454 4661 597 4728 data,
632 4662 815 4717 fratris
835 4664 1106 4719 militibus
1129 4665 1356 4718 Remum
1380 4664 1547 4720 certis
1567 4664 1903 4734 accipiamus
1921 4667 2057 4720 scri-

458 4753 728 4821 ptoribus,
760 4754 1129 4819 interfectum;
1153 4771 1256 4808 nec
1282 4754 1433 4808 illum
1464 4754 1617 4824 prius
1639 4771 1668 4808 a
1692 4754 1853 4809 fratre
1879 4772 2062 4811 reces-

2090 3459 2139 3526 C
2171 3473 2306 3527 fore.
2366 3474 2665 3530 Intervenit
2718 3477 2920 3531 deinde
2974 3477 3058 3531 his
3102 3478 3532 3551 cogitationibus
3577 3481 3756 3534 avitum

2168 3564 2394 3628 malum,
2430 3566 2586 3637 regni
2613 3556 2836 3636 cupido,
2870 3575 3034 3638 atque
3064 3567 3191 3622 inde
3257 3567 3470 3625 foedum
3502 3580 3756 3624 certamen

2167 3666 2414 3712 coortum
2439 3674 2469 3711 a
2503 3660 2635 3713 satis
2670 3660 2785 3714 miti
2821 3661 3112 3732 principio.
3148 3663 3418 3727 Quoniam
3451 3664 3647 3740 gemini
3683 3679 3758 3715 es-

2168 3759 2310 3817 sent,
2345 3768 2447 3807 nec
2474 3752 2654 3807 aetatis
2683 3754 3017 3809 verecundia
3042 3755 3338 3810 discrimen
3396 3756 3573 3811 facere
3594 3762 3758 3826 posset

2168 3849 2226 3895 ut
2248 3841 2345 3906 dii,
2373 3859 2605 3914 quorum
2640 3844 2824 3897 tutela!
2850 3860 2913 3897 ea
2944 3845 3059 3899 loca
3087 3853 3292 3911 essent,
3349 3845 3593 3919 auguriis
3618 3846 3751 3915 lege-

2170 3943 2287 3989 rent
2312 3935 2405 4005 qui
2429 3952 2629 3990 nomen
2658 3951 2810 3991 novae
2844 3936 2969 3991 urbi
2988 3938 3166 4004 daret,
3186 3937 3277 4009 qui
3294 3938 3574 3992 conditam
3597 3936 3751 4005 impc-

2164 4024 2246 4079 rio
2282 4036 2452 4097 reget,
2514 4025 2816 4079 Palatinum
2869 4026 3152 4091 Romulus,
3212 4026 3419 4081 Remus
3446 4026 3745 4081 Aventinum

2162 4114 2230 4168 ad
2260 4114 2695 4187 inaugurandum
2726 4116 2931 4186 templa
2962 4116 3204 4187 capiunt.
3239 4116 3415 4171 Priori
3450 4115 3612 4170 Remo
3658 4126 3746 4164 au-

2162 4205 2380 4279 gurium
2413 4206 2630 4261 venisse
2660 4206 2833 4262 fertur
2853 4224 2947 4263 sex
2977 4208 3241 4263 vultures:
3264 4207 3495 4279 jamque
3527 4203 3749 4260 nuntiato

2165 4297 2420 4370 augurio,
2451 4314 2572 4353 cum
2587 4298 2789 4368 duplex
2816 4298 3323 4354 numerusRomulo
3339 4314 3401 4353 se
3419 4295 3746 4353 ostendisset,

2163 4398 2460 4460 utrumque.
2483 4406 2667 4465 regem
2700 4407 2798 4445 sua
2828 4391 3120 4446 multitudo
3151 4391 3592 4446 consalutaverat
3626 4395 3746 4440 tem-

2167 4497 2301 4552 pore
2333 4482 2410 4536 illi
2436 4489 2735 4553 praecepto:
2761 4489 2815 4537 at
2846 4482 2900 4536 hi
2935 4499 3164 4538 numero
3192 4483 3375 4537 avium
3412 4496 3631 4556 regnum
3655 4484 3749 4530 tra-

2165 4574 2391 4629 hebant.
2426 4575 2560 4629 Inde
2583 4590 2704 4629 cum
2724 4575 3084 4630 altercatione
3099 4576 3379 4651 congressi
3429 4591 3461 4629 a
3481 4569 3749 4629 certamine

2162 4666 2364 4720 irarum
2395 4664 2461 4719 ad
2494 4665 2698 4720 caedem
2731 4671 3035 4720 vertuntur.
3070 4664 3149 4719 lbi
3180 4665 3237 4719 in
3271 4664 3432 4719 turba
3473 4664 3610 4719 ictus
3660 4658 3748 4710 Re-

2164 4770 2286 4808 mus
2315 4753 2517 4808 cecidit
2570 4754 2852 4823 Vulgatior
2882 4763 3063 4808 autem
3092 4752 3233 4807 fama
3263 4759 3365 4817 est,
3390 4749 3624 4806 ludibrio
3654 4744 3748 4799 fra-

455 4843 617 4906 sisse,
650 4843 779 4898 dum
811 4858 921 4897 uno
953 4851 1111 4912 partu
1146 4841 1297 4909 editi,
1320 4850 1374 4896 et
1405 4842 2061 4913 interpastoreseducati,
2086 4832 2141 4900 Ι)
2167 4843 2265 4897 tris
2297 4843 2524 4897 Remum
2560 4859 2731 4898 novos
2756 4843 3100 4898 transiluisse
3140 4858 3346 4897 muros.
3380 4842 3512 4896 lnde
3541 4839 3605 4893 ab
3632 4837 3749 4889 irato

457 4938 865 5008 latrociniisque
897 4936 1294 5004 dediti,urbem
1326 4938 1676 4993 constituisse
1698 4939 2064 5010 reperiantur;

458 5037 686 5097 ortaque
716 5025 993 5079 simultate
1021 5042 1084 5081 ac
1129 5027 1298 5082 Remo
1323 5027 1489 5082 fratre
1513 5027 1822 5093 interfecto,
1861 5029 2065 5084 civitati

462 5120 725 5174 Romulus
749 5134 813 5172 ex
836 5119 1057 5174 nomine
1077 5136 1179 5176 suo
1205 5136 1404 5176 nomen
1429 5120 1646 5177 dedisse
1670 5122 1902 5196 legatur.
1932 5122 2063 5176 Nam

461 5217 520 5265 ut
548 5208 653 5263 Titi
686 5208 819 5263 Livii
849 5210 1030 5267 verbis
1059 5220 1277 5268 utamur
1308 5215 1520 5281 (ἀραιά.
1557 5215 1599 5279 I,
1629 5215 1721 5269 lib.
1761 5217 1798 5279 ι)
1886 5234 1909 5263 α
1955 5214 2067 5268 Νυ-

461 5301 641 5357 mitori
699 5302 908 5358 Albana
965 5306 1229 5376 permissa
1260 5322 1342 5375 re,
1395 5307 1686 5361 Romulum
1720 5306 2067 5378 Remumque

459 5392 663 5463 cupido
692 5393 858 5465 cepit,
883 5395 939 5449 in
972 5395 1057 5449 bis
1086 5396 1220 5451 locis
1245 5395 1338 5450 ubi
1357 5395 1591 5467 expositi
1612 5396 1819 5469 ubique
1848 5396 2066 5450 educati

456 5490 633 5546 erant,
657 5482 809 5537 urbis
836 5485 1162 5553 condendae,
1188 5493 1242 5539 et
1267 5493 1556 5556 supererat
1578 5483 1874 5539 multitudo
1906 5484 2069 5536 Alba-

462 5590 658 5630 norum
692 5576 1152 5647 Latinorumque;
1187 5577 1253 5631 ad
1285 5577 1337 5631 id
1363 5585 1606 5647 pastores
1636 5591 1856 5647 quoque
1879 5591 2068 5629 acces-

458 5678 661 5737 serant,
694 5670 787 5741 qui
820 5683 1015 5724 omnes
1044 5668 1198 5723 facile
1230 5684 1385 5738 spem
1418 5667 1684 5732 facerent,
1729 5682 1949 5737 parvam
1979 5665 2069 5719 Al-

459 5759 606 5829 bam,
628 5744 859 5833 parvum
883 5759 1305 5830 Lavinium,prze
1321 5776 1385 5813 ea
1415 5758 1550 5812 urbe
1565 5774 1687 5828 quae
1710 5759 2065 5820 conderetur,

2170 4935 2400 4991 Romulo
2423 4939 2571 5002 (cum
2604 4935 2788 4990 verbis
2817 4951 3040 5006 quoque
3072 4920 3411 5005 increpitans
3433 4930 3709 5001 adjecisset
3737 4939 3750 4973 :

2168 5026 2257 5080 Sic
2286 5026 2512 5093 deinde,
2547 5027 2868 5098 quicunque
2900 5026 3042 5080 alius
3082 5026 3357 5082 transiliet
3400 5040 3523 5079 mea
3554 5017 3749 5077 mania}

2168 5115 2537 5171 interfectum.
2576 5117 2653 5169 lta
2674 5116 2823 5170 solus
2856 5116 3060 5185 potitus
3089 5115 3323 5186 imperio
3344 5112 3751 5173 Romulus,con-

2168 5209 2281 5264 dita
2311 5209 2442 5263 urbs
2470 5208 2774 5263 conditoris
2803 5208 3027 5263 nomine
3055 5206 3332 5278 appellata
3384 5226 3411 5251 ιν
3466 5203 3540 5257 lta
3570 5197 3750 5253 Livius.

2170 5301 2520 5356 Probabilius
2561 5316 2693 5375 ergo
2715 5299 2954 5364 videtur,
2972 5298 3117 5369 quod
3151 5314 3181 5350 a
3213 5294 3480 5350 militibus
3510 5287 3653 5345 Remi
3671 5299 3754 5355 pa-

2171 5395 2272 5449 tria
2304 5394 2552 5469 profugis
2578 5394 2712 5448 urbs
2733 5401 2917 5448 nostra
2938 5390 3177 5447 condita.
3203 5388 3286 5443 vel
3322 5387 3606 5441 Remorum
3635 5389 3753 5476 gens

2169 5483 2418 5537 instituta
2442 5490 2680 5553 putatur,
2715 5499 2837 5536 cum
2887 5490 2941 5536 et
2968 5479 3175 5536 mcenia
3226 5474 3485 5534 Romanis
3511 5474 3752 5562 auspictts

2174 5573 2458 5646 insignita,
2490 5584 2545 5629 et
2590 5575 2792 5629 editior
2823 5582 2980 5645 porta
3024 5571 3206 5627 Martis
3259 5572 3512 5624 Romame
3565 5559 3751 5626 stirpiS.

2168 5672 2418 5724 veterum
2451 5665 2740 5737 Opinione,
2774 5664 3159 5739 propagatoris
3183 5680 3247 5718 ex
3271 5659 3494 5715 nomine
3520 5650 3753 5708 vocitata.

2171 5754 2410 5825 priscum
2445 5755 2513 5809 ad
2546 5756 2663 5809 haec
2689 5770 2909 5825 quoque
2940 5760 3124 5808 nostra
3177 5762 3481 5823 cognomen
3527 5750 3751 5797 reserva-
