3970 6212
275 279 356 333 ‘29
963 279 1286 335 HISTORl/E
1330 281 1663 337 ECCLESIAE
1705 282 2030 338 REMENSIS
2072 281 2247 336 LIBRI
2287 278 2704 344 QUATUOR.—
2743 276 2866 329 LIB.
2911 277 2948 328 I.
3547 267 3617 325 30

277 408 427 462 verit
457 414 727 478 tempora.
759 407 925 477 Cujus
947 409 1112 464 etiam
1173 410 1466 478 fornicem,
1499 411 1902 481 prodeuntibus
1928 432 1978 499 Α
2010 420 2201 485 perata
2233 411 2434 474 facere,
2466 417 2520 464 et
2551 405 2775 478 oppidis
2797 404 3070 474 recipere,
3105 409 3162 455 ct
3193 399 3474 452 frumento
3507 414 3614 452 ca:-

280 501 595 565 dexterum,
627 500 771 571 lupae
799 501 968 556 Remo
993 503 1341 574 Romuloque
1366 505 1547 574 parvis
1566 504 1736 558 ubera
1756 520 1902 574 praa-

283 595 472 649 bentis
492 594 699 660 fabula,
733 595 1013 649 cernimus
1062 597 1406 661 innotatum;
1459 598 1674 653 medius
1725 606 1905 652 autem

281 683 583 740 duodecim
614 683 908 749 mensium,
956 684 1115 752 juxta
1142 685 1546 740 Romancorum
1581 686 1902 757 dispositio-

285 792 436 839 nem,
471 774 742 844 panditut'
763 774 1117 829 ordinatione
1150 777 1474 847 desculptus
1504 795 1519 842 ;
1555 777 1769 834 tertius.
1814 777 1908 848 qui

283 876 338 920 et
372 864 601 920 sinister
629 878 933 937 cygnorum
957 866 1043 919 vel
1072 882 1328 921 anserum
1356 865 1905 942 ﬁguratusauspicio.

283 957 478 1011 Nautze
505 955 782 1027 siquidem
813 973 1049 1031 cygnum
1084 958 1284 1012 bonam
1324 959 1644 1032 prognosim
1671 960 1906 1030 prodere

283 1047 493 1114 ferunt,
522 1055 583 1101 ut
604 1048 679 1102 ait
702 1048 982 1102 [Emiliusz

443 1136 644 1200 gygnus
673 1135 724 1184 in
755 1137 993 1200 auSpiciis
1013 1152 1206 1200 semper
1224 1137 1507 1190 laetissimus
1530 1138 1647 1186 ales.

445 1197 586 1246 Hunc
605 1205 782 1260 Optant
811 1197 994 1258 natiue,
1018 1197 1137 1263 quia
1155 1214 1204 1248 se
1228 1214 1326 1248 non
1353 1200 1527 1262 mergit
1550 1200 1600 1248 in
1625 1200 1802 1248 undas.

285 1284 527 1336 Anseres
553 1296 775 1352 quoque
803 1291 1104 1338 nocturnas
1132 1283 1394 1338 excubias
1429 1283 1736 1346 celebrant,
1769 1300 1907 1354 quas

282 1381 484 1426 cantus
509 1372 833 1428 assiduitate
865 1381 1154 1428 testantur.
1187 1375 1434 1446 Denique
1480 1375 1720 1429 Romana
1741 1375 1906 1429 etiam

285 1463 552 1534 capitolia
583 1464 734 1518 Gallo
761 1480 1008 1520 servasse
1039 1467 1330 1521 traduntur
1351 1467 1418 1520 ab
1441 1467 1618 1522 hoste.

361 1557 472 1610 Nec
503 1555 696 1608 mirum
727 1565 931 1623 tamen,
967 1557 1122 1610 urbis
1156 1565 1354 1612 nostra:
1409 1558 1788 1612 conditionem
1821 1559 1903 1611 vel

284 1648 562 1720 originem
597 1663 706 1702 non
729 1649 784 1702 in
814 1650 1105 1719 propatulo
1137 1650 1276 1713 dari,
1310 1666 1430 1703 cum
1469 1650 1538 1702 de
1568 1649 1742 1719 ipsius
1764 1666 1904 1720 gen-

287 1741 447 1801 tium.
505 1742 586 1794 vel
643 1740 795 1794 orbis
822 1741 1061 1796 dominae
1093 1743 1276 1796 Romae
1311 1742 1652 1805 conditione,
1692 1741 1906 1795 Isidoro

286 1840 430 1886 teste
468 1833 520 1894 tl.
576 1849 642 1886 xv
670 1833 979 1900 Originum,
1036 1850 1157 1904 cap.
1192 1835 1268 1900 I),
1332 1834 1544 1888 oriatur
1582 1834 1906 1904 plerumque

287 1921 591 1988 dissensio,
612 1929 671 1976 ut
691 1923 810 1990 ejus
840 1922 1134 1994 diligenter
1154 1923 1376 1995 agnosci
1402 1939 1510 1977 non
1525 1924 1702 1993 possit
1727 1923 1905 1995 origo.

286 2011 421 2064 Nam
456 2009 746 2065 Sallustius
777 2014 863 2076 (In
897 2012 1134 2079 Cutilin.)
1170 2030 1185 2064 :
1218 2036 1232 2058 ι
1269 2011 1490 2076 Urbem,
1552 2013 1752 2083 inquit,
1787 2013 1907 2068 Ro-

289 2119 460 2168 mam,
492 2103 654 2158 sicuti
687 2119 791 2176 ego
823 2105 1034 2174 accepi,
1069 2104 1368 2158 condidere
1399 2113 1563 2175 atque
1586 2105 1906 2160 habitavere

287 2195 454 2250 initio
483 2195 726 2263 Trojani,
777 2196 892 2266 qui,
918 2196 1086 2250 Ainea
1111 2196 1272 2262 duce,
1297 2196 1523 2250 sedibus
1555 2197 1782 2252 incertis
1807 2215 1904 2252 va-

281 2286 578 2360 gabantur.
616 2309 643 2336 n
670 2287 770 2341 Alii
813 2288 1005 2342 dicunt
1031 2287 1100 2342 ab
1130 2288 1381 2342 Evandro
1411 2289 1722 2343 secundum
1755 2290 1903 2359 quod

285 2379 552 2453 Virgilius
585 2380 817 2447 (Eneid.
844 2385 956 2448 vm)
1001 2398 1013 2433 :

445 2471 582 2519 Tunc
605 2485 690 2520 rex
714 2471 978 2521 Evandrus
1009 2473 1244 2522 Romana:
1265 2473 1491 2521 conditor
1522 2474 1663 2521 arcis.

359 2551 663 2622 Eutropius
681 2568 902 2624 quoque
928 2553 982 2607 in
1007 2553 1152 2606 libro
1176 2553 1537 2608 Historiarum
1560 2553 1641 2608 sic
1661 2553 1906 2624 loquitur

281 2639 481 2694 dicens
511 2657 525 2693 :
561 2660 585 2690 ‹‹
621 2641 906 2706 Romulus,
936 2657 1065 2696 cum
1097 2641 1245 2696 inter
1275 2649 1524 2712 pastores
1545 2643 1906 2698 latrocinare-

279 2738 392 2793 tur,
419 2736 544 2782 octo
571 2728 762 2784 decem
792 2730 950 2784 annis
980 2739 1160 2794 natus,
1192 2729 1384 2784 urbem
1408 2733 1661 2804 exiguam
1696 2731 1750 2785 in
1776 2733 1904 2786 Par-

275 2820 454 2875 latino
476 2826 670 2874 monte
691 2821 997 2882 constituit.
1023 2823 1301 2878 conditam
1325 2823 1603 2878 civitatem
1631 2840 1698 2878 ex
1723 2825 1902 2879 nomi-

273 2925 352 2964 ne
375 2923 474 2963 suo
505 2908 732 2964 Romam
758 2911 990 2966 vocavit.
1039 2911 1176 2966 Post
1232 2913 1377 2967 hunc
1428 2913 1614 2967 Tullus
1640 2913 1902 2968 Hostilius

275 3018 429 3068 eam,
461 3001 678 3070 adjecto
709 3001 879 3058 C(elio
910 3014 1124 3069 monte,
1162 3005 1464 3075 ampliavit.
1500 3006 1746 3077 Indeque
1789 3023 1900 3062 caa-

281 3091 390 3146 teri
424 3090 659 3146 diversis
679 3091 882 3146 diversi
918 3092 1259 3164 temporibus
1290 3093 1597 3165 principes,
1630 3095 1748 3165 ejus
1779 3096 1902 3150 edi-

279 3196 437 3242 tores
494 3185 579 3239 vel
608 3157 1046 3256 ampliﬁcatores-
1090 3157 1346 3242 extitere.
1414 3208 1438 3236 »
1474 3157 1676 3242 .Urbis'
1715 3196 1898 3243 autem
1927 3157 1976 3224 Ο

281 3288 492 3336 nostra:
516 3295 721 3334 nomen
747 3280 1178 3336 Durocortorum
1209 3279 1497 3350 quondam
1524 3279 1758 3346 dictum,
1778 3280 1901 3334 Cae-

276 3371 430 3428 saris
449 3368 716 3424 astruitur
735 3369 994 3438 Historia,
1019 3369 1076 3423 in
1095 3384 1203 3440 qua
1228 3369 1370 3424 libro
1392 3377 1545 3424 sexto
1565 3369 1646 3424 sic
1666 3367 1902 3443 legitur:

282 3485 308 3513 σ
353 3460 595 3516 Vastatis
625 3457 967 3534 regionibus,
1001 3458 1303 3514 exercitum
1344 3457 1524 3512 Caesar
1554 3458 1909 3513 Durocorto-

283 3567 411 3609 rum
444 3550 735 3604 Remorum
766 3549 1002 3612 reducit,
1050 3547 1404 3617 concilioque
1462 3547 1517 3600 in
1563 3563 1690 3602 eum
1725 3547 1906 3602 locum

283 3639 479 3695 Galliae
508 3638 736 3700 indicto,
770 3637 840 3691 de
873 3637 1259 3707 conjuratioue
1291 3637 1574 3692 Senonum
1618 3645 1672 3692 ct
1705 3638 1912 3692 Carnu-

285 3741 407 3786 tum
437 3728 797 3800 quaestionem
845 3727 1051 3782 habere
1091 3726 1356 3781 instituit.
1413 3749 1434 3776 ι
1472 3728 1717 3782 ΧΕιὴίοιιδ
1747 3729 1909 3784 etiam

286 3827 350 3879 in
385 3821 814 3892 Cosmographia
852 3821 932 3876 sic
963 3829 1235 3876 memorat
1271 3839 1283 3874 :
1323 3842 1346 3872 ε(
1403 3824 1443 3876 Λ
1471 3823 1786 3880 Mediolano
1814 3843 1913 3896 per

284 3914 454 3984 Alpes
485 3911 696 3966 Cottias
725 3912 990 3966 Viennam
1027 3912 1091 3966 M.
1154 3912 1210 3966 P.
1248 3911 1503 3968 CCCIIIX.
1552 3917 1682 3972 Inde
1733 3919 1912 3973 Duro-

284 4008 596 4066 cortorum,
630 3999 696 4052 M.
717 3999 775 4053 Ρ.
810 3999 1164 4063 CCCXXXIII,
1185 4018 1308 4072 quae
1331 4001 1469 4058 fiunt
1493 4005 1666 4076 leuga?
1700 4006 1911 4061 CCXXI.

291 4096 479 4149 ltema
501 4093 869 4147 Durocortoro
890 4093 1225 4148 Divodorum
1248 4111 1447 4166 usque,
1474 4097 1764 4156 M.P.LX|I.
1783 4100 1913 4154 Item

285 4183 402 4238 alio
442 4183 646 4236 itinere
683 4197 714 4235 a
751 4181 1126 4238 Durocortoro
1157 4184 1470 4239 Dividorum
1506 4203 1700 4258 usque,
1739 4189 1804 4242 Μ.
1853 4189 1909 4243 Ρ,

291 4272 608 4326 LXXXVIII.
640 4272 772 4324 Item
788 4288 817 4324 a
842 4272 1206 4328 Durocortoro
1227 4273 1492 4329 Treveros
1511 4292 1686 4346 usque
1707 4278 1914 4346 Bagaco

289 4360 376 4415 Ne
385 4361 661 4416 rvicorum
684 4360 760 4414 Du
769 4361 1163 4434 rocortoleugae
1176 4361 1346 4415 XCIX.
1364 4364 1499 4417 Item
1516 4380 1545 4417 a
1557 4366 1766 4437 Bagaco
1780 4368 1915 4421 Ner-

288 4449 540 4505 vicorum
563 4449 992 4504 Durocortorum
1013 4450 1316 4506 Remorum
1341 4469 1542 4524 usque,
1570 4453 1634 4507 Μ.
1660 4455 1716 4508 Ρ.
1741 4455 1871 4509 LIII.

937 4578 1157 4634 CAPUT
1200 4582 1267 4637 Il.

471 4672 545 4723 De
569 4671 818 4723 amicitia
848 4673 1211 4727 Romanorum
1242 4678 1406 4743 atque
1437 4677 1730 4732 Remorum.

360 4761 591 4815 Constat
623 4760 816 4832 itaque
847 4763 1147 4819 Remorum
1179 4766 1445 4836 p0pulum
1479 4768 1684 4838 populo
1711 4769 1915 4823 Roma-

293 4866 495 4903 norum
534 4851 889 4906 tenacissima
923 4854 1119 4923 priscis
1163 4855 1294 4909 olim
1332 4857 1682 4926 temporibus
1711 4859 1914 4912 amici-

291 4941 374 4995 tia
397 4942 680 5010 junctum,
714 4943 1016 5012 praelibatze
1037 4945 1175 5000 Julii
1202 4946 1429 5003 Ctesaris
1471 4950 1723 5005 Historiae
1754 4951 1916 5005 libris

289 5034 351 5096 (ἰ.
390 5050 424 5085 n
459 5035 610 5096 init.)
663 5033 768 5088 hoc
801 5034 979 5105 ipsum
1024 5037 1478 5108 astipulantibus,
1516 5041 1606 5097 ubi
1665 5043 1909 5116 legitur:

297 5146 317 5172 σι
357 5125 454 5184 Eo.
506 5125 723 5180 scilicet
752 5127 818 5180 ad
881 5126 1022 5183 ﬁnes
1073 5129 1386 5200 Belgarum,
1425 5133 1544 5202 ipso
1591 5134 1804 5188 Caesare
1847 5135 1915 5188 de

293 5213 632 5284 improviso,
697 5215 1052 5288 celeriusque
1093 5219 1350 5274 omnium
1405 5221 1696 5291 opinione,
1720 5239 1918 5293 perve-

296 5306 533 5370 niente,
590 5305 830 5370 Remos,
897 5309 1137 5378 proximi
1191 5310 1377 5365 Gallia:
1426 5329 1489 5366 ex
1554 5314 1734 5381 Belgis
1789 5324 1919 5369 sunt

295 5395 363 5448 ad
400 5411 532 5449 eum
582 5394 796 5466 legatos
851 5398 1047 5452 Iccium
1095 5406 1149 5453 et
1197 5399 1643 5475 Andebrogium,
1704 5403 1918 5474 primos

293 5483 541 5538 civitatis
565 5500 703 5549 suae,
737 5484 976 5552 misisse,
1001 5498 1057 5542 et
1079 5504 1138 5542 se
1159 5505 1371 5560 suaque
1411 5492 1602 5544 omnia
1621 5492 1923 5546 offerentes

295 5577 352 5629 in
414 5575 585 5631 fidem
641 5585 812 5647 atque
869 5579 1174 5634 amicitiam
1208 5581 1400 5652 populi
1437 5583 1664 5639 Romani
1694 5585 1920 5640 omnino

294 5669 643 5740 conjurasse,
675 5678 1005 5740 paratosque
1039 5687 1158 5727 esse
1192 5681 1246 5727 et
1270 5673 1493 5729 obsides
1525 5676 1676 5740 dare,
1709 5686 1767 5730 et
1796 5676 1903 5730 im-

2012 503 2256 572 terisque
2287 499 2452 553 rebus
2492 498 2706 568 juvare.
2762 496 3025 565 Reliquos
3081 507 3278 546 omnes
3323 491 3521 556 Belgas
3561 491 3616 542 in

2009 591 2179 645 armis
2209 605 2351 655 esse,
2377 589 2811 656 Germanosque,
2848 582 2944 653 qui
2970 581 3118 651 ripas
3160 579 3332 633 Rheni
3366 579 3619 634 incolunt

2009 697 2132 736 sese
2165 696 2286 734 cum
2319 678 2406 732 his
2444 675 2815 747 conjunxisse.
2880 680 3212 740 tantumque
3255 685 3377 722 esse
3425 683 3616 722 eorum

2009 773 2264 829 omnium
2296 771 2562 833 furorem,
2595 775 2655 820 ut
2680 782 2752 819 ne
2801 765 3108 817 Suessones
3141 759 3390 829 quidem,
3422 758 3619 811 fratres

2008 863 2566 938 consanguineosque
2597 874 2748 925 suos,
2781 857 2873 927 qui
2902 853 3097 909 eodem
3124 853 3270 920 jure,
3296 852 3504 906 eisdem
3538 852 3618 905 le-

2007 957 2171 1026 gibus
2204 961 2450 1017 utantur,
2480 966 2766 1020 unumque
2789 948 3169 1015 magistratum
3212 963 3334 1002 cum
3387 948 3494 1002 illis
3523 949 3618 1002 ha-

2009 1047 2197 1114 beant,
2222 1045 2504 1100 deterrere
2542 1042 2847 1113 potuerint,
2902 1040 3038 1113 quin
3069 1054 3191 1092 cum
3221 1040 3306 1093 liis
3336 1039 3620 1094 consenti-

2010 1143 2152 1189 rent.
2189 1156 2216 1184 ››
2254 1136 2384 1188 Item
2416 1133 2594 1200 (Ibid.)
2625 1150 2636 1184 :
2663 1153 2691 1182 (ι
2714 1131 2914 1201 (ἱερεειτ,
2948 1136 3238 1204 postquam
3272 1146 3467 1186 omnes
3495 1129 3618 1184 Bel-

2007 1244 2200 1298 garum
2225 1227 2412 1296 copias
2444 1225 2496 1277 in
2532 1241 2700 1278 unum
2733 1225 2910 1278 locum
2973 1234 3193 1279 coactas
3241 1225 3308 1277 ad
3339 1239 3396 1276 se
3431 1223 3618 1276 venire

2008 1321 2163 1384 vidit,
2189 1335 2374 1389 neque
2400 1319 2512 1389 jam
2547 1318 2712 1388 longe
2745 1318 2964 1383 abesse,
2990 1318 3057 1371 ab
3088 1318 3188 1381 his,
3213 1333 3352 1387 quos
3370 1316 3615 1379 miserat,

2011 1411 2460 1484 exploratoribus
2493 1419 2549 1463 et
2579 1409 2646 1462 ab
2675 1409 2856 1462 Remis
2895 1409 3176 1478 cognovit,
3235 1408 3439 1462 ﬂumen
3478 1410 3618 1462 Axo-

2009 1519 2132 1557 nam
2209 1503 2454 1571 (Aisne),
2528 1501 2674 1571 quod
2734 1509 2816 1554 est
2863 1502 2914 1554 in
2983 1500 3246 1554 extremis
3328 1501 3618 1554 Remorum

2009 1593 2231 1658 finibus,
2301 1594 2600 1648 exercitum
2651 1593 2940 1647 traducere
2999 1591 3293 1645 maturavit
3318 1599 3484 1660 atque
3545 1590 3618 1643 ibi

2008 1694 2185 1740 castra
2234 1686 2436 1755 posuit.
2495 1686 2622 1749 Quae
2675 1701 2760 1738 res
2820 1685 3034 1738 etlatus
3091 1699 3261 1737 unum
3314 1690 3618 1736 castrorum

2009 1774 2143 1844 ripis
2165 1773 2410 1828 fluminis
2438 1774 2711 1827 munitum
2743 1781 2796 1827 et
2820 1785 2943 1843 post
2968 1790 3092 1827 eum
3127 1788 3248 1842 quae
3297 1780 3476 1834 erant,
3506 1778 3620 1824 tuta

2010 1867 2078 1921 ab
2106 1867 2361 1922 hostibus
2388 1866 2677 1930 reddebat,
2726 1874 2782 1919 et
2813 1875 3152 1920 commeatus
3193 1864 3261 1917 ab
3292 1863 3491 1926 Remis,
3529 1879 3616 1916 rc-

2009 1956 2287 2026 liquisque
2312 1954 2646 2020 civitatibus,
2681 1964 2739 2008 ut
2762 1955 2884 2007 sine
2918 1954 3163 2023 periculo
3195 1954 3261 2005 ad
3314 1967 3438 2005 eum
3483 1967 3615 2020 por-

2013 2048 2113 2102 tari
2133 2055 2384 2117 possent,
2421 2046 2715 2101 efficiebat.
2755 2047 2808 2098 In
2854 2061 2919 2100 eo
2943 2045 3172 2099 flumine
3207 2060 3347 2114 pons
3365 2053 3500 2096 erat.
3541 2041 3617 2094 lbi

2010 2137 2326 2208 praesidium
2356 2137 2606 2207 ponti,et
2626 2137 2678 2190 in
2704 2135 2876 2190 altera
2901 2142 3057 2204 parte
3081 2133 3326 2186 fluminis
3355 2131 3619 2185 Titurium

2006 2229 2272 2283 Sabinum
2291 2230 2530 2300 legatum
2542 2245 2665 2283 cum
2679 2244 2772 2282 sex
2787 2223 3548 2295 cohortibusreliquit.Castra
3564 2221 3618 2274 in

2007 2322 2360 2376 altitudinem
2386 2322 2586 2393 pedum
2602 2321 2895 2375 duodecim
2914 2319 3235 2388 fossamque
3251 2317 3453 2387 pedum
3467 2323 3623 2369 octo-

2005 2410 2182 2466 decim
2218 2411 2435 2465 munire
2451 2411 2634 2479 jubet.
2657 2409 2736 2463 Ab
2765 2409 2899 2480 ipsis
2922 2409 3118 2462 castris
3135 2405 3399 2477 oppidum
3425 2405 3622 2458 Remo-

2007 2503 2397 2569 rum,nomine
2431 2503 2647 2567 Bibrax,
2690 2499 2840 2572 quod
2895 2500 3091 2554 aberat
3129 2498 3299 2552 millia
3360 2512 3621 2568 passuum

2005 2590 2308 2646 octodecim
2341 2592 2507 2662 (Orig
2540 2635 2554 2658 ,
2582 2593 2724 2654 octo)
2772 2606 2836 2644 ex
2893 2589 3112 2653 itinere,
3163 2601 3364 2660 magno
3410 2586 3622 2656 impetu

2007 2681 2186 2755 Belgae
2203 2696 2528 2752 Oppugnare
2559 2687 2871 2750 creperunt.
2905 2679 3065 2751 [Egre
3090 2693 3156 2732 eo
3199 2677 3289 2732 die
3305 2682 3622 2731 sustentata

2005 2778 2092 2824 est
2122 2770 2400 2824 Gallorum
2432 2779 2598 2841 atque
2646 2769 2935 2842 Belgarum
2969 2766 3315 2842 oppugnatio
3348 2767 3483 2820 hinc.
3521 2765 3619 2819 Ubi

2002 2860 2359 2930 circumjecta
2409 2859 2768 2914 multitudine
2827 2859 3112 2914 hominum
3163 2856 3293 2912 totis
3321 2855 3618 2918 moenibus,

2002 2951 2253 3024 undique
2288 2953 2342 3006 in
2367 2967 2590 3006 murum
2615 2949 2828 3022 lapides
2847 2949 2954 3019 jaci
2978 2947 3120 3018 coepi
3140 2953 3296 3014 sunt,
3316 2960 3622 3015 murusque

2002 3039 2400 3096 defensoribus
2445 3041 2690 3096 nudatus
2745 3047 2849 3106 est,
2903 3036 3186 3093 testudine
3240 3038 3386 3091 facta
3448 3035 3622 3106 portis

2003 3129 2330 3197 succedunt,
2367 3147 2701 3202 murumque
2750 3129 3057 3194 subruunt,
3087 3127 3234 3197 quod
3272 3138 3416 3193 tms.,
3447 3125 3620 3193 aditu)

2004 3231 2118 3276 tum
2150 3222 2308 3277 facile
2330 3222 2517 3278 fiebat.
2542 3224 2790 3296 Namque
2810 3230 2961 3278 tanta
3000 3219 3298 3274 multitudo
3330 3217 3542 3288 lapides
3560 3233 3622 3272 ac

2007 3314 2115 3368 tela
2140 3315 2532 3386 conjiciebant,
2565 3328 2624 3370 ut
2683 3317 2740 3370 in
2789 3331 2947 3369 muro
2988 3310 3334 3368 consistendi
3371 3314 3622 3380 potestas

2010 3402 2330 3456 essetnulli.
2355 3403 2486 3458 Cum
2504 3403 2670 3460 finem
2693 3401 3056 3478 oppugnandi
3075 3417 3180 3457 nox
3196 3399 3623 3463 fecisset,lccius

2012 3489 2235 3555 Remus,
2261 3508 2475 3544 summa
2507 3493 2800 3548 nobilitate
2828 3503 2884 3549 et
2941 3492 3118 3567 gratia
3167 3492 3308 3544 inter
3337 3504 3489 3551 suos,
3525 3486 3618 3556 qui

2013 3589 2125 3634 tum
2145 3579 2348 3652 Oppido
2379 3582 2690 3652 praefuerat,
2725 3600 2870 3638 unus
2919 3600 2985 3638 ex
3026 3583 3132 3647 his,
3186 3579 3278 3652 qui
3331 3577 3493 3652 legati
3555 3575 3624 3631 de

2014 3690 2145 3744 pace
2173 3674 2240 3727 ad
2272 3675 2542 3729 Caesarem
2573 3685 2864 3741 venerant,
2899 3676 3156 3731 nuntium
3184 3671 3250 3727 ad
3275 3688 3401 3726 eum
3435 3668 3622 3734 mittit,

2014 3763 2118 3817 nisi
2145 3764 2460 3818 subsidium
2489 3763 2594 3817 sibi
2619 3764 2886 3826 mittatur,
2922 3781 3043 3819 sese
3082 3763 3292 3818 diutius
3346 3759 3624 3813 sustinere

2016 3870 2127 3907 non
2154 3871 2333 3924 posse.
2373 3855 2444 3909 Eo
2465 3854 2532 3907 de
2565 3852 2744 3907 media
2767 3862 2929 3907 nocte
2951 3854 3148 3915 Cmsar,
3173 3851 3368 3906 iisdem
3390 3848 3624 3903 ducibus

2017 3961 2168 4007 usus,
2189 3946 2281 4016 qui
2303 3945 2480 4000 nuntii
2504 3944 2571 3998 ab
2603 3943 2741 3998 Iccio
2767 3952 3048 4009 venerant,
3103 3942 3365 3996 Numidas
3420 3947 3471 3992 et
3502 3936 3624 3990 Cre-

2019 4045 2101 4091 tas
2121 4038 2432 4110 sagittarios
2456 4047 2510 4092 et
2540 4037 2847 4092 funditores
2895 4034 3144 4088 Baleares
3173 4032 3426 4089 subsidio
3461 4029 3624 4101 oppi-

2016 4125 2178 4180 dauis
2209 4127 2391 4182 mittit.
2425 4127 2668 4191 Quorum
2720 4125 2965 4178 adventu
2999 4129 3051 4176 et
3113 4123 3294 4178 Remis
3345 4137 3474 4175 cum
3528 4135 3627 4188 spe

2017 4215 2360 4270 defensionis
2382 4216 2627 4269 studium
2660 4211 3052 4286 prOpugnandi
3085 4212 3334 4276 accessit,
3369 4220 3424 4264 et
3457 4208 3630 4264 hosti-

2018 4308 2122 4360 bus
2143 4306 2336 4362 eadem
2361 4308 2427 4361 de
2471 4325 2639 4361 causa
2663 4323 2791 4378 Spes
2836 4302 3088 4375 potiundi
3128 4302 3317 4375 Oppidi
3351 4301 3624 4356 discessit.

2019 4399 2206 4468 Itaque
2238 4397 2520 4468 paulisper
2555 4394 2701 4467 apud
2757 4393 3023 4465 oppidum
3079 4391 3298 4456 morati,
3351 4406 3625 4463 agrosque

1881 4476 1904 4506 ¹⁰
1940 4479 1994 4547 D
2021 4487 2320 4541 Remorum
2382 4484 2727 4556 depOpulati,
2759 4480 3019 4538 omnibus
3055 4479 3211 4545 vicis,
3243 4477 3626 4549 aediﬁciisque,

2014 4594 2125 4648 quo
2154 4577 2307 4631 adire
2331 4581 2608 4648 poterant,
2645 4571 2902 4636 incensis,
2933 4569 2998 4623 ad
3031 4578 3214 4624 castra
3243 4567 3470 4621 Cmsaris
3498 4583 3627 4622 om-

2017 4673 2184 4727 nibus
2216 4671 2391 4742 copiis
2431 4669 2860 4734 contenderunt,
2895 4677 2948 4722 et
2978 4685 3009 4722 a
3061 4666 3308 4721 millibus
3361 4683 3626 4736 passuum

2018 4765 2200 4818 minus
2229 4761 2447 4817 duabus
2476 4772 2654 4818 castra
2686 4773 3012 4834 posuerunt.
3051 4783 3074 4811 »
3149 4761 3215 4816 Et
3248 4771 3369 4832 post
3408 4778 3586 4832 pauca
3613 4780 3626 4815 :

2021 4880 2042 4907 «ι
2084 4859 2276 4912 Hostes
2299 4858 2550 4929 protinus
2575 4875 2638 4912 ex
2655 4873 2720 4913 eo
2752 4857 2872 4912 loco
2891 4856 2956 4912 ad
2978 4857 3181 4912 ﬂumen
3204 4857 3464 4912 Axonam
3489 4873 3628 4911 con-

2018 4951 2338 5017 tenderunt,
2373 4951 2523 5023 quod
2551 4969 2672 5006 esse
2689 4953 2848 5008 ctiam
2884 4963 3010 5024 post
3059 4963 3248 5010 nostra
3298 4962 3478 5008 castra
3531 4952 3630 5005 (Ie-

2019 5049 2386 5098 monstratum
2421 5051 2521 5098 est.
2548 5043 2629 5097 lbi
2657 5043 2812 5098 vadis
2842 5046 3323 5116 repertis,partem
3345 5043 3630 5116 capiarum

2017 5151 2239 5189 suarum
2273 5132 2629 5188 transducere
2659 5137 2844 5190 conati
2873 5144 3022 5201 sunt,
3055 5151 3121 5191 eo
3149 5134 3398 5200 consilio,
3445 5143 3524 5197 ut,
3584 5135 3630 5189 si

2020 5237 2271 5298 possent,
2301 5227 2613 5292 castellum,
2672 5226 2760 5282 cui
2819 5238 3052 5299 praeerat
3103 5227 3340 5291 Quintus
3391 5225 3633 5281 Titurius

2022 5319 2644 5392 legatus,expugnarent
2663 5327 3001 5391 pontemque
3017 5317 3416 5373 interciderent
3437 5319 3603 5388 (Orig.
3617 5361 3630 5383 ,

2024 5408 2173 5462 inter
2201 5406 2556 5467 scinderent).
2583 5409 2636 5462 Si
2668 5409 2850 5463 minus
2872 5409 3183 5480 potuissent
3217 5424 3377 5482 agros
3424 5408 3628 5463 Remo-

2025 5516 2143 5555 rum
2174 5499 2590 5571 popularentur,
2618 5501 2710 5572 qui
2736 5517 2935 5573 magno
2958 5501 3120 5556 nobis
3149 5501 3269 5555 usui
3307 5500 3376 5555 ad
3417 5501 3628 5556 bellum

2022 5589 2323 5659 gerendum
2342 5598 2524 5658 erant,
2538 5596 2990 5661 commeatusque
3012 5598 3235 5646 nostros
3255 5590 3629 5645 sustinebant.

2024 5679 2220 5743 Caesar,
2243 5679 2444 5735 certior
2469 5678 2700 5734 factusa
2748 5678 2980 5746 Titurio,
3036 5695 3256 5735 omnem
3309 5680 3632 5750 aequitatem
