3970 6212
456 275 516 330 31

458 412 511 456 et
529 401 672 456 lenis
689 413 978 459 arn'iatnrte
1010 407 1610 475 Numidas,lundilores
1633 415 1943 485 sagittarios
1962 431 2068 485 que
2093 423 2138 485 Α

459 504 681 563 pontem
716 497 970 560 traducit,
997 508 1160 570 atque
1193 501 1258 553 ad
1295 519 1389 555 eos
1421 505 1728 559 contendit.
1775 508 1984 561 Acriter
2007 509 2062 562 in

455 601 518 638 νο
555 587 671 640 loco
711 599 1009 660 pugnaturn
1045 603 1144 645 est.
1194 593 1385 648 Hostes
1419 596 1715 666 impeditos
1774 600 1950 653 uestri
2007 601 2059 654 in

456 673 684 729 llumine
716 677 980 749 aggressi,
1004 695 1270 751 magnum
1303 699 1488 737 eorum
1525 703 1813 740 numerum
1840 689 2061 741 occide-

457 765 711 819 runt.[’er
741 782 929 820 eorum
960 785 1188 839 corpora
1223 775 1463 843 reliquos
1483 778 1844 830 audacissime
1883 790 2060 830 trans-

453 854 527 907 ire
551 867 840 920 con-nites,
871 860 1226 916 multitudine
1262 865 1491 919 telorum
1547 879 1602 920 et.
1632 867 1868 921 audacia
1893 886 2061 939 repu-

452 946 650 1001 lerunt:
671 948 876 1017 primos
901 952 991 1021 qui
1013 953 1360 1018 iransierant,
1382 959 1623 1028 equitatu
1650 960 1849 1014 circum
1869 969 2061 1016 ventos

451 1037 864 1095 interfecerunt.
906 1070 926 1087 η
963 1045 1094 1098 Item
1121 1047 1173 1100 in
1203 1048 1328 1100 Galil
1349 1066 1396 1101 m
1421 1051 1654 1104 Historia
1686 1053 1824 1107 libro
1858 1056 2016 1109 tertio
2044 1075 2054 1108 :

456 1149 473 1175 ο
513 1129 690 1184 Caesar
712 1132 1049 1189 Labiennum
1078 1138 1316 1208 legatum
1342 1158 1394 1194 in
1417 1142 1689 1208 Treviros,
1709 1145 1801 1215 qui
1827 1146 2058 1214 proximi

454 1221 642 1276 Rhene
667 1236 814 1290 sunt,
841 1245 962 1280 cum
1014 1232 1257 1300 equitatu
1294 1234 1459 1287 mittit
1530 1236 1660 1290 Huic
1701 1241 1926 1293 mandat
1955 1242 2058 1294 Re-

453 1328 572 1363 ines
594 1315 946 1386 Γιιίἰψιοςιμιρ
969 1318 1160 1391 Belgas
1184 1322 1265 1373 adt
1289 1333 1362 1386 at,
1389 1332 1551 1394 atque
1582 1327 1634 1378 in
1661 1327 1844 1380 oflicio
1875 1330 2056 1382 conti-

451 1412 595 1456 neat.
636 1428 656 1448 υ
688 1407 816 1459 Item
853 1409 903 1460 in
929 1426 955 1458 v
981 1428 992 1462 :
1017 1430 1036 1456 ε
1064 1411 1300 1466 Tantam
1315 1416 1558 1470 omnium
1594 1419 1887 1474 voluntatis
1907 1438 2058 1475 com-

451 1494 832 1559 mutationem,
861 1498 1038 1551 Ctesir
1060 1501 1291 1566 scilECet,
1318 1505 1516 1571 attulit,
1547 1515 1599 1560 ut
1623 1518 1820 1578 praeter
1841 1511 2056 1566 Heduos

449 1589 499 1631 (ιι
531 1581 726 1636 RemOs
755 1602 894 1654 quos
918 1590 1195 1658 praecipuo
1255 1610 1472 1663 semper
1506 1597 1714 1649 honore
1741 1598 1919 1652 (Izesar
1951 1601 2052 1653 ha-

448 1669 602 1732 buit;
639 1673 839 1726 alteros
872 1692 968 1743 pro
995 1686 1176 1732 vetere
1214 1699 1275 1734 ac
1322 1693 1587 1753 perpetua
1629 1704 1757 1757 erga
1782 1691 2052 1759 populum

451 1761 748 1816 Romanum
785 1765 890 1818 lide
917 1785 930 1830 ;
962 1768 1165 1824 alteros
1207 1791 1302 1841 pro
1335 1778 1653 1832 recentibus
1698 1781 1829 1834 belli
1863 1785 2050 1838 Gallici
2081 1792 2128 1857 Β

446 1852 641 1906 ciliciis
672 1855 817 1908 nulla
845 1856 958 1909 fere
991 1860 1183 1913 civitas
1215 1864 1376 1917 fuerit
1402 1882 1508 1918 neu
1543 1879 1796 1938 suspecta
1831 1872 2049 1926 nobis.»

449 1947 574 1998 item
613 1947 663 1999 in
700 1965 748 2000 Vl
779 1966 789 2000 :
829 1970 851 1998 (ι
888 1950 1396 2025 Carnuteslegatos.
1433 1960 1770 2033 Obsidesrpze
1803 1965 2048 2030 mittunt,

443 2037 518 2086 usi
543 2038 1026 2106 deprecationilms
1048 2043 1248 2102 Remis.
1271 2045 1321 2098 in
1344 2065 1574 2117 quorum
1595 2052 2047 2111 erantelicnti—da.

445 2126 642 2182 ἰῧςεάοηι
680 2133 859 2186 l'erunt
909 2152 1163 2205 respons,
1207 2156 1327 2208 qua:
1361 2140 1622 2196 videlicet
1647 2145 1912 2209 Senones,
1938 2146 2046 2200 ob-

439 2216 650 2270 sid'bUs
692 2221 973 2291 imperatis
1027 2246 1052 2273 υ

513 2311 887 2382 Principatum
923 2334 1146 2388 quoque
1185 2320 1379 2374 Remos
1409 2323 1711 2392 antiquitus
1770 2327 1914 2380 inter
1943 2328 2048 2383 sibi

441 2398 705 2455 linitimos
737 2406 978 2457 [BlltllsS-'E
1010 2416 1228 2461 constat
1283 2409 1389 2462 Sed
1423 2421 1476 2463 et
1509 2412 1651 2481 apud
1689 2415 1960 2471 Romanos
1994 2419 2047 2474 id

445 2491 618 2557 ipsum
648 2495 978 2561 obtinuisse,
1013 2509 1343 2571 auctumque
1374 2504 1480 2556 sibi
1535 2507 1734 2578 legitur
1791 2509 1844 2563 in
1899 2528 2045 2580 prte-

443 2581 626 2647 missa,
656 2591 757 2635 tam
785 2585 894 2651 jus,
931 2604 1091 2656 quam
1135 2591 1325 2654 decus,
1360 2593 1610 2661 historia,
1652 2606 1708 2651 ut
1753 2597 1806 2651 in
1851 2603 2044 2656 eodem

443 2671 642 2726 librovi
671 2691 682 2726 :
714 2696 732 2720 ε(
761 2678 998 2746 Sequani
1024 2680 1394 2749 principatum
1411 2684 1757 2754 dimiserant;
1779 2690 1830 2743 in
1857 2708 2045 2748 eorum

439 2765 617 2817 locum
653 2766 802 2819 Remi
826 2785 955 2823 succ
991 2782 1219 2826 sscrant.
1250 2799 1272 2820 ιι
1300 2776 1720 2846 Scmpcrenim,
1765 2793 1817 2836 et
1851 2784 1902 2836 in
1927 2801 2048 2838 om-

442 2856 788 2912 nibusbellis
813 2861 965 2914 Remi
989 2863 1151 2918 tidem
1202 2867 1462 2922 Romanis
1493 2883 1860 2930 servaverant.
1901 2877 1962 2931 Et
1994 2879 2046 2933 in

440 2961 532 3007 vn,
566 2947 728 3002 etiam
751 2951 972 3020 quando
1007 2955 1174 3008 totius
1197 2973 1338 3026 pene
1370 2958 1554 3014 Gallia)
1578 2963 2048 3032 pOpuliadvcrsus

440 3037 714 3095 Romanos
727 3045 915 3113 conspi
928 3047 1514 3122 rasse,cenciliumque
1530 3053 1775 3109 Bibracte
1793 3058 2047 3114 habuisse

439 3130 717 3202 leguntur,
754 3136 830 3190 illi
853 3138 1169 3193 nullatenus
1199 3144 1397 3197 adesse
1421 3146 1665 3211 volucre,
1699 3147 1844 3218 quod
1861 3152 2047 3205 amici—

441 3224 566 3278 tiam
609 3227 981 3284 Romanorum
1037 3234 1432 3304 sequebantur.
1505 3239 1562 3291 In
1624 3243 2047 3298 necessitatibus

436 3328 616 3372 autem
635 3322 820 3391 cepias
832 3340 927 3377 eos
947 3326 1685 3387 Romanorum,sustentasse
1711 3333 2046 3403 proditur,ut

436 3405 487 3459 in
512 3410 705 3477 rpiinto
728 3413 887 3478 hujus
910 3414 1152 3470 historiae
1175 3417 1315 3472 libro
1336 3435 1348 3471 :
1369 3444 1390 3464 ιι
1409 3419 1523 3483 Quo
1542 3437 1686 3476 anno
1704 3421 2042 3480 frumentum

438 3510 660 3568 prOpter
686 3502 959 3557 siccitates
991 3506 1631 3578 angustiusprovenerat,
1653 3522 1878 3566 coactus
1901 3525 2034 3574 est.»

440 3587 614 3642 Caesar
637 3590 871 3656 scilicet,
913 3613 931 3639 α
977 3593 1154 3648 aliter.
1185 3611 1246 3648 ac
1265 3597 1646 3664 superioribus
1669 3601 1850 3666 annis,
1887 3621 2036 3658 exer-

439 3677 602 3730 citum
640 3679 691 3731 in
727 3679 977 3732 hibernis
995 3682 1288 3742 collocare,
1349 3685 1710 3758 legionesque
1771 3691 1824 3743 in
1857 3696 2043 3761 plures

435 3766 681 3820 civitates
712 3767 1060 3823 distribuere.
1089 3769 1159 3822 Ex
1193 3771 1274 3824 his
1296 3789 1460 3826 unam
1485 3775 1538 3826 in
1571 3777 1808 3833 Morinos
1831 3782 2042 3837 ducen-

434 3855 579 3920 dam,
617 3856 668 3909 C.
705 3858 869 3912 Fabio
903 3860 1100 3933 Legato
1133 3861 1286 3916 dedit
1321 3866 1586 3928 ;alteram
1636 3865 1691 3918 in
1729 3870 1956 3927 Nervios
1979 3879 2037 3941 ρ.

430 3949 677 4004 liiceroni
716 3969 728 4010 ;
773 3954 987 4006 tertiam
1021 3953 1076 4005 in
1104 3954 1307 4011 Essuos
1341 3959 1392 4012 1,.
1424 3959 1618 4014 Roscio
1657 3979 1670 4026 ;
1705 3976 1954 4035 quartam
1982 3971 2038 4025 in

434 4043 622 4096 Remis
650 4061 773 4097 cum
802 4046 860 4098 T.
895 4047 1134 4102 Labieno
1162 4051 1213 4103 in
1248 4053 1490 4109 conﬁnio
1516 4056 1866 4115 Trevirorum
1916 4065 2035 4118 hie-

433 4151 580 4187 mare
607 4134 790 4200 jussit.
829 4163 847 4177 ιο
885 4138 1016 4191 Item
1047 4139 1102 4192 in
1141 4159 1210 4194 vii
1239 4161 1250 4196 :
1284 4167 1298 4190 ι
1337 4145 1390 4197 (ἶ.
1421 4147 1642 4202 Fabium
1682 4161 1732 4205 et
1759 4152 1812 4206 L.
1859 4153 2036 4207 Minn-

435 4226 567 4278 tium
593 4242 714 4279 cum
744 4227 1056 4300 :egionibus
1108 4231 1322 4288 duabus
1379 4239 1429 4292 in
1490 4239 1672 4296 Remis
1717 4245 1970 4300 collocat.
2010 4269 2036 4297 υ

436 4306 661 4388 Ιιῖδυνιηθ
691 4329 744 4374 et
768 4323 1024 4392 usquead
1056 4324 1490 4386 internecionem
1513 4349 1654 4402 pene
1689 4335 1887 4391 Remos
1912 4355 2040 4409 pro-

1572 285 1938 339 FLODOARDI
1982 284 2286 340 CANONICI
2328 285 2654 339 REMENSIS

2077 3095 2123 3156 (ἰ

2229 413 2426 485 Optima
2441 429 2557 485 gens
2589 413 2800 463 ﬂexisin
2825 426 2998 485 agr-um
3026 412 3252 483 Sequana
3274 413 3434 470 frenis,

2233 475 2293 524 Et
2316 475 2490 526 docilis
2507 486 2659 526 recter
2685 476 2880 524 rostrati
2903 475 3046 538 Belga
3067 475 3250 523 covini.

2702 539 2897 592 Luem.
2935 542 3007 593 De
3037 539 3177 592 Bello
3216 540 3380 605 cirili,
3415 538 3483 594 lib
3537 558 3569 598 ι.

2805 646 3019 702 CAPUT
3062 648 3150 701 Ill.

2487 741 2558 790 De
2579 739 2776 805 primis
2805 737 2968 804 hujus
2992 737 3142 789 urbis
3173 740 3439 807 episcopis.

2235 829 2340 882 Nec
2359 830 2533 883 solum
2566 829 2711 899 apud
2737 829 2986 883 ethnicos
3011 839 3138 883 tunc
3161 831 3418 900 temporis
3439 835 3561 887 tanti
3590 836 3717 890 habi-

2164 927 2274 970 tum
2309 918 2604 971 Remorum
2637 917 2924 988 populum,
2949 917 3084 988 quin
3112 929 3163 972 et
3196 920 3338 988 apud
3365 921 3554 990 primos
3569 923 3720 979 Eccle-

2161 1010 2253 1062 siae
2278 1009 2370 1062 Dei
2394 1017 2804 1080 prOpagatores,
2827 1018 2994 1079 atque
3021 1028 3120 1079 per
3142 1011 3488 1081 Evangelium
3519 1014 3567 1068 in
3591 1015 3719 1070 Chri-

2159 1108 2242 1151 sto
2304 1110 2504 1167 patres,
2568 1098 2756 1168 prima:
2811 1099 2973 1167 hujus
3015 1100 3309 1169 provincia:
3366 1113 3551 1158 nostrae
3599 1107 3720 1160 sedis

2162 1190 2450 1259 pontiliecs
2472 1198 2687 1242 constat
2713 1205 2934 1259 semper
2961 1192 3168 1245 honore
3191 1193 3493 1260 decoratos,
3528 1196 3648 1249 adeo
3675 1207 3720 1250 ut

2161 1283 2277 1351 ipse
2314 1281 2665 1333 beatissimus
2693 1281 2950 1335 Ecclesia}
2985 1282 3181 1336 Christi
3246 1285 3516 1356 princeps,
3563 1287 3719 1340 Petrus

2157 1381 2458 1439 apestoius,
2512 1369 2632 1422 urbi
2667 1379 2863 1422 nostrae
2896 1370 3116 1424 beatum
3171 1372 3430 1426 Sixtuma
3467 1390 3523 1427 se
3570 1376 3720 1429 archi-

2157 1459 2478 1527 episcOpum
2515 1459 2849 1524 ordinatum,
2889 1476 3012 1512 cum
3069 1460 3528 1532 sulfraganeorum
3557 1463 3720 1518 auxilio

2157 1549 2433 1602 censuerit
2463 1550 2852 1622 delcgandum,
2885 1550 3117 1605 idoneos
3147 1553 3196 1606 ci
3225 1569 3287 1606 ac
3343 1555 3655 1608 necessarios
3677 1556 3719 1608 in

2156 1642 2348 1693 eadem
2376 1641 2652 1710 provincia
2676 1641 2960 1694 destinans
2989 1642 3188 1706 socios,
3222 1655 3462 1698 sanctum
3491 1646 3718 1701 Sinicium

2157 1734 2431 1797 videlicet,
2462 1734 2804 1786 Suessonicm
2832 1734 2982 1788 sedis
3027 1735 3227 1804 primo,
3286 1745 3519 1790 nostrum
3565 1748 3720 1808 postea

2156 1826 2468 1895 prasulem,
2516 1842 2577 1878 ac
2625 1826 2845 1879 beatum
2880 1827 3214 1890 Memmium,
3240 1829 3577 1884 Catalaunicae
3597 1831 3722 1885 urbis

2156 1923 2418 1966 rectorem
2497 1914 2726 1966 Sanctus
2778 1930 2905 1968 vero
2970 1915 3152 1968 Sixtus
3212 1918 3494 1971 Remorum
3549 1919 3721 1988 primus

2154 2003 2468 2072 episcopus,
2487 2003 2652 2055 etiam
2673 2004 3060 2056 Sucssonieam
3095 2005 3354 2060 fundasse
3387 2007 3544 2060 fertnr
3568 2009 3717 2060 eccle-

2153 2093 2310 2151 siam,
2346 2100 2398 2145 ct
2441 2093 2660 2145 beatum
2696 2092 2957 2146 Sinicium
2982 2094 3434 2149 collaboratorcm
3468 2105 3515 2148 et
3545 2111 3719 2165 coepe-

2155 2189 2385 2234 ratorem
2414 2197 2573 2234 suum
2599 2180 2735 2232 inibi
2757 2181 3132 2245 constituisse;
3153 2183 3361 2254 quique
3381 2193 3494 2253 post
3512 2183 3720 2250 ejusdem

2151 2275 2332 2325 Sancti
2358 2273 2492 2326 Sixti
2517 2276 2830 2338 decessum,
2853 2283 3197 2342 ncpotesuo,
3242 2286 3300 2329 ut
3344 2276 3532 2340 ferunt,
3562 2283 3722 2328 sancto

2153 2364 2436 2418 Divitiano
2464 2365 2724 2418 Suessoni
2758 2383 2787 2418 a
2810 2381 2868 2418 se
2901 2366 3165 2435 pontilicc
3196 2368 3468 2430 ordinato,
3496 2367 3720 2437 quoniam

2153 2457 2367 2510 noviter
2425 2456 2670 2509 instituta
2723 2457 3009 2510 Remensis
3059 2458 3298 2511 ecclesia
3373 2459 3502 2512 lacte
3554 2457 3718 2520 adhuc,

2153 2554 2339 2598 tenera
2359 2546 2498 2599 forte
2528 2545 2750 2599 fovebat
2774 2545 3026 2618 pignora,
3061 2546 3301 2599 necdum
3334 2547 3402 2599 ad
3437 2561 3564 2600 onus
3605 2560 3721 2614 pon-

2153 2637 2351 2690 tilicale
2385 2638 2772 2708 perferendum
2806 2637 3049 2704 robusta,
3096 2637 3287 2692 Remis
3316 2637 3720 2707 archiepiscopa-

2152 2730 2254 2781 lem
2306 2735 2389 2794 (ea
2442 2742 2674 2802 cogente
2715 2731 3061 2799 necessitate)
3085 2730 3264 2785 subiit
3292 2731 3604 2785 cathedram.
3639 2727 3719 2782 Ubi

2151 2835 2247 2887 pro
2273 2820 2577 2872 animarum
2610 2821 2785 2872 salute
2830 2819 3065 2873 lidelitcr
3093 2819 3410 2887 claborans,
3442 2819 3721 2888 bonumque

2151 2919 2428 2964 certamen
2455 2915 2763 2974 decertans,
2799 2928 2920 2965 cum
2953 2911 3268 2977 decessore,
3304 2922 3360 2967 ut
3401 2913 3452 2965 in
3478 2911 3631 2975 costis,
3662 2909 3723 2962 ita

2151 3003 2310 3055 etiam
2347 3006 2546 3057 meruit
2606 3004 2658 3055 in
2705 3004 2865 3056 terris
2926 3004 3129 3058 habere
3181 3005 3537 3068 consortium,
3582 3001 3723 3056 unius

2151 3095 2193 3156 ef;
2209 3096 2512 3165 tlStit‘lanC
2534 3095 2720 3164 templi
2739 3095 3056 3165 tumbasque
3073 3097 3308 3150 sortitus
3320 3094 3723 3150 cumbeatoSixto

2149 3187 2484 3254 sepulcrum.
2522 3188 2761 3250 Quorum
2793 3189 3140 3257 peslmodum
3168 3189 3381 3242 meritis
3405 3187 3624 3241 basilicae
3647 3185 3725 3238 do.

2147 3296 2268 3331 mus
2301 3280 2544 3348 ipsorum
2594 3281 2754 3333 claris
2815 3279 3078 3333 ill'ustrati
3133 3281 3430 3339 miraculis.
3480 3277 3724 3333 nonnullis

2145 3370 2327 3424 dotata
2357 3372 2563 3425 (litatur
2590 3372 2937 3434 muneribus,
2970 3374 3112 3445 agris
3145 3390 3369 3445 quoque
3389 3373 3722 3442 domibusque

2144 3475 2207 3511 ac
2237 3460 2414 3512 vineis
2445 3460 2796 3529 locupletata,
2839 3462 3167 3515 clericorum
3197 3463 3406 3532 pariter
3426 3461 3610 3516 enituit
3636 3459 3722 3512 mi-

2147 3552 2388 3606 nisteriis
2417 3554 2692 3606 decorata.
2729 3555 2966 3616 Quorum
3005 3571 3404 3626 nonnunquam
3434 3553 3718 3614 duodecim,

2145 3660 2540 3714 nonnunquam
2564 3643 2844 3700 decem.ut
2873 3647 3061 3699 damni
3082 3648 3335 3701 Sonnatii
3359 3647 3723 3718 prwsulistem-

2148 3749 2298 3802 pore,
2322 3733 2524 3787 ibidem
2557 3735 2831 3803 reperitur
2856 3735 3345 3808 congregationem
3369 3737 3550 3800 fuisse,
3571 3735 3722 3787 donec

2143 3826 2409 3879 moderno
2424 3834 2530 3878 tem
2541 3827 2806 3895 pore,abu
2817 3827 3017 3881 ndante
3032 3827 3206 3898 iniqui
3219 3836 3328 3883 tate
3342 3840 3393 3884 et
3406 3828 3721 3900 refrigescan-

2144 3925 2196 3969 te
2212 3917 2496 3982 charitate,
2528 3916 2764 3972 deficere
2781 3919 3039 3972 Deoinibi
3064 3920 3419 3974 militantium
3452 3922 3652 3980 chorus,
3678 3924 3724 3967 et

2143 4023 2174 4058 u
2187 4005 2236 4058 ni
2249 4005 2666 4075 usipsumctnpit
2683 4023 2800 4060 esse
2818 4008 2981 4076 templ
2995 4005 3724 4080 umpresbyteriptl.,prcsby-

2143 4094 2952 4162 teriiititulusuuocircactiam
2971 4096 3215 4166 ipsorum
3234 4097 3607 4168 nuperabinde
3620 4107 3720 4147 ossa

2143 4183 2420 4242 translata,
2454 4184 2505 4236 in
2531 4184 2766 4237 ecclesia
2787 4184 2934 4238 beati
2969 4184 3200 4257 Remigii
3230 4197 3354 4255 post
3382 4187 3543 4240 altare
3571 4180 3720 4236 sancti

2143 4272 2309 4331 Petri,
2336 4273 2656 4325 eorumdem
2691 4272 3064 4341 praeceptoris,
3115 4285 3406 4329 servantur
3454 4270 3716 4328 reconditi!-

2145 4360 2379 4414 Neceos
2437 4360 2732 4413 Ecclesium
2796 4372 3033 4414 nostram
3089 4364 3470 4418 tantummodo
3517 4361 3579 4415 ab
3606 4357 3718 4412 urbe

429 4413 606 4465 salum
647 4413 1010 4471 Romanorum
1045 4430 1306 4489 certasse,
1355 4424 1576 4479 ΟΓοδίυδ
1599 4427 1758 4480 “iam
1793 4429 1932 4484 “bro
1964 4449 2035 4492 V's
2064 4463 2115 4528 ε)
2143 4448 2310 4501 Roma
2341 4457 2554 4502 constat
2585 4449 2848 4502 habuisse
2877 4460 3062 4518 patres
3108 4453 3190 4504 vel
3243 4452 3572 4514 l‘undatores,
3619 4459 3717 4516 quae
3797 4473 3804 4480 -

449 4503 761 4528 _.-L:_..l_n-__
820 4524 872 4528 __
905 4525 922 4528 ,τ
945 4511 1087 4528 ,_--l',
1261 4514 1273 4528 ι
1303 4515 1334 4528 ιιι
1379 4516 1408 4528 ιι
1561 4517 1570 4526 ι
1753 4527 1757 4528 ,
2072 4527 2075 4528 ,

433 4503 780 4575 astipulatur,
814 4524 879 4562 eo
903 4511 1098 4578 prtelio
1129 4514 1277 4584 quod
1303 4515 1595 4581 Bellovaci,
1645 4527 1765 4587 post
1801 4531 2036 4577 caetero-

432 4616 553 4654 rum
589 4601 896 4667 Gallorum,
930 4603 1023 4672 qui
1056 4620 1204 4657 arma
1237 4613 1428 4659 contra
1460 4607 1736 4662 Romanos
1769 4613 2036 4680 tulerant,

429 4690 1049 4758 devictumexercilum,
1108 4695 1559 4756 instauravcrant,
1615 4714 1872 4770 magnam
1938 4702 2040 4754 Re-

430 4796 647 4832 morum
680 4797 922 4847 manum,
953 4799 1076 4852 qua:
1097 4783 1299 4837 auxilio
1331 4783 1592 4836 Romanis
1623 4795 1737 4840 erat
1785 4805 2038 4846 asserens

430 4869 776 4924 trucidatam.
803 4872 1001 4925 Remos
1023 4872 1265 4942 denique
1288 4873 1487 4942 praeliis
1520 4874 1706 4939 l'ortes.
1768 4881 2036 4950 Optimos-

427 4975 532 5028 que
559 4959 731 5014 fuisse
751 4963 1087 5031 jaculatores
1115 4977 1127 5013 :
1151 4962 1247 5014 sed
1280 4971 1332 5016 et
1357 4965 1423 5016 ad
1458 4965 1602 5019 bella
1618 4969 1800 5024 civilia
1830 4974 2035 5042 quibus

431 5051 692 5122 Pompeio
725 5058 1005 5120 superato,
1038 5054 1409 5108 monarchiam
1472 5056 1656 5122 totius,
1720 5070 1775 5115 ut
1837 5063 2030 5130 fertur,

425 5141 576 5194 orbis
599 5139 856 5204 obtinuit,
892 5139 1103 5194 Caesare
1133 5141 1399 5199 invitante
1439 5147 1732 5217 profectos,
1782 5151 2034 5206 Lucanus

429 5229 568 5282 libro
600 5227 775 5298 primo
801 5231 1130 5286 tcstaturhis
1163 5234 1420 5291 versibus
1454 5255 1466 5290 :

1357 5349 1490 5399 Rnra
1509 5351 1726 5400 Nemetis

485 5401 733 5474 Q_ui__tenct
757 5411 804 5474 et
831 5404 965 5474 ripas
989 5409 1169 5472 Satyri,
1195 5425 1292 5474 qua
1320 5412 1662 5461 littore—curvo

491 5464 706 5538 blolliter
732 5464 996 5538 admissqu
1028 5464 1541 5523 claudit-'l‘arlmllicus
1567 5492 1750 5538 aequor.

487 5530 639 5598 argue
656 5539 834 5598 movet,
863 5537 1137 5598 gaudetque
1165 5546 1329 5585 amoto
1347 5538 1594 5586 Santonus
1619 5530 1770 5586 hoste.

489 5591 550 5640 Et
576 5593 684 5650 (ms.
707 5592 744 5654 j,
769 5591 980 5659 Biturcs)
1027 5591 1238 5648 Biturix.
1283 5599 1538 5662 longisque
1572 5599 1702 5648 leves
1735 5602 1948 5670 Arxeines
1983 5601 2033 5649 in

1799 5677 1952 5711 armis

1799 5677 1973 5719 armis,

484 5718 713 5781 Optimus
733 5736 935 5770 excusso
959 5722 1148 5772 Leucus
1171 5723 1452 5788 Remusque
1484 5722 1676 5770 lacerto.
1777 5663 1793 5723 [

2142 4540 2475 4610 martyribus
2516 4549 2678 4593 etiam
2716 4542 2990 4606 redimita,
3021 4559 3330 4615 eorumque
3382 4550 3580 4598 sacrata
3609 4554 3715 4592 san-

2141 4631 2309 4703 guine
2337 4641 2501 4702 atque
2531 4633 2846 4702 triumphis,
2875 4634 2976 4687 sub
3010 4633 3128 4704 ipse
3153 4635 3472 4690 Neronianae
3495 4646 3718 4704 persecu—

2144 4723 2307 4777 tionis
2336 4724 2592 4789 articulo,
2619 4725 2877 4779 decorata
2913 4726 3195 4795 probatur,

2779 4817 2989 4872 CAPUT
3023 4819 3102 4872 l\-'.

2390 4910 2462 4959 De
2486 4909 2687 4975 primis:
2709 4907 2946 4975 ejusdem
2974 4910 3308 4977 martyribus
3333 4910 3497 4961 urbis.

2211 4995 2404 5047 Beatus
2432 4995 2705 5066 siquidem
2727 4996 3071 5062 Timotheus,
3103 4999 3168 5050 ab
3203 4997 3444 5051 Orientis
3497 4990 3717 5081 partibus

2137 5085 2200 5136 ad
2231 5085 2368 5137 hanc
2397 5085 2724 5139 chienscm
2777 5086 2966 5140 urbem
3002 5087 3356 5157 perveniens,
3389 5086 3512 5139 Jesu
3550 5077 3716 5134 Chrisll

2137 5177 2352 5230 Domini
2389 5177 2610 5248 publice
2637 5194 2744 5231 non
2766 5179 2973 5233 veritus
2996 5189 3078 5234 est
3109 5179 3406 5250 praedicare
3436 5175 3713 5231 veritatem.

2141 5268 2289 5321 Unde
2321 5277 2373 5322 ct
2400 5287 2427 5322 a
2461 5269 2698 5338 praeside
2727 5271 3042 5340 Lampadio,
3070 5273 3160 5342 qui
3197 5280 3328 5325 tunc
3358 5272 3579 5340 praeerat
3614 5263 3718 5314 hUIC

2137 5360 2364 5429 populo,
2383 5368 2564 5414 tentus
2593 5371 2666 5426 et,
2693 5362 2838 5431 quod
2864 5378 3017 5416 novae
3039 5364 3177 5436 legis
3204 5361 3535 5434 prepositum
3563 5350 3718 5409 homi-

2139 5447 2301 5500 nibus
2331 5449 2604 5513 suaderet,
2639 5458 2959 5504 conveutus.
3001 5451 3314 5505 Hincminis
3341 5447 3633 5520 principum
3651 5440 3716 5492 le-

2136 5555 2374 5608 glltl‘uiltt"
2397 5541 2687 5594 severitate
2721 5551 2966 5608 vexatus,
3001 5559 3164 5613 opum
3209 5558 3428 5613 quoque
3469 5533 3711 5629 pollicita-

2137 5633 2285 5683 tiene
2345 5640 2602 5698 tentatus,
2675 5651 2999 5703 responsum
3033 5636 3179 5705 quod
3214 5634 3346 5688 olim
3387 5633 3453 5686 ab
3491 5626 3715 5683 Ecclesiie

2139 5717 2385 5787 principe
2411 5721 2698 5786 didicerat,
2727 5722 2980 5792 improbo
3009 5724 3289 5779 incussum
3321 5732 3561 5791 supernae
3591 5725 3714 5766 nun-
