3970 6212
272 334 345 383 33
958 324 1279 379 HISTORle
1322 324 1657 379 ECCliESIfE
1700 324 2025 379 REMENSIS
2068 324 2235 378 LlBil.
2279 324 2601 388 QUATl'Dlt.

2648 359 2697 364 Α·
2744 326 2943 382 Ι,ΙῘῖ.“Ι.
3552 339 3621 389 3t

273 456 516 511 dinatori
552 456 764 529 gratiae,
805 455 1113 523 rependere
1156 470 1263 507 non
1306 454 1506 515 timuit,
1543 454 1767 518 divitiae,
1812 454 1896 506 in-
1929 460 1972 524 Α
2002 455 2169 507 etelos
2199 464 2439 524 apertos,
2486 464 2537 508 et
2589 458 2795 509 audivit
2847 460 3100 527 angelum
3149 463 3419 517 dicentem
3462 466 3567 519 sibi
3602 486 3613 520 :

274 548 502 617 quiens,
539 554 645 599 tute
678 553 857 598 tecum
888 544 999 597 sint
1031 545 1085 597 in
1122 544 1507 613 perditionem.
1544 552 1597 595 et
1638 543 1744 594 ibis
1775 559 1894 593 cum

276 640 491 709 ipsisin
524 638 709 711 ignem
735 644 998 690 zeternum
1026 640 1145 690 Ltct
1189 654 1301 697 vui,
1326 638 1434 688 :20;
1468 636 1727 688 Dominus
1749 635 1894 687 enim

274 745 437 781 meus
465 728 629 781 Jesus
658 726 905 780 Christus
952 726 1115 778 Filius
1163 725 1275 784 Dei,
1311 724 1425 793 ipse
1468 732 1517 777 te
1552 724 1898 789 judicaturus

270 825 379 871 est.
411 816 563 870 Tunc
602 832 805 885 praeses
848 815 925 867 ira
968 813 1420 883 repletus,jnssit
1466 829 1588 865 eum
1626 812 1891 881 torqueri.

274 907 338 960 Et
387 906 519 959 dum
565 905 841 959 Christum
880 910 1195 957 constanter
1243 902 1386 954 inter
1428 902 1542 969 ipsa
1598 900 1893 954 cruciatum

268 997 638 1053 confiteretur
687 1003 980 1059 tormenta,
1016 994 1256 1047 inferens
1306 994 1447 1045 inter
1478 1002 1694 1055 eastern,
1747 994 1893 1062 quod

271 1087 376 1149 illi,
411 1102 553 1157 quos
586 1101 789 1155 praeses
823 1100 917 1153 pro
950 1083 1149 1136 Christi
1183 1082 1405 1135 nomine
1437 1100 1495 1134 se
1538 1082 1764 1150 putabat
1792 1098 1890 1134 oc-

265 1172 1580 1244 cidere,ipsipuinalitereumjudicaturiessent:
1616 1179 1667 1222 et
1690 1188 1892 1239 praeses

266 1264 521 1317 diceret:
556 1262 697 1333 Ergo
728 1270 782 1315 tu
807 1262 974 1329 judex
1008 1261 1119 1313 eris
1152 1261 1256 1311 mei
1289 1258 1313 1310 '2
1375 1259 1484 1330 Ego
1520 1267 1568 1311 te
1601 1258 1846 1311 occidam
1874 1276 1887 1321 ;

263 1365 321 1409 et
354 1356 483 1427 quis
514 1355 620 1409 erit
642 1355 739 1425 qui
773 1362 822 1408 te
850 1353 1050 1422 eripiat
1071 1352 1137 1405 de
1169 1351 1420 1404 manibus
1447 1351 1583 1404 meis
1610 1350 1634 1401 '2
1660 1352 1889 1403 Sanctus

263 1444 588 1499 Timotheus
620 1442 939 1512 respondit:
977 1442 1241 1495 Dominus
1272 1458 1426 1493 meus
1456 1440 1541 1494 cui
1567 1440 1753 1504 credo,
1781 1456 1888 1507 po-

268 1547 378 1590 test
404 1536 641 1590 liberare
674 1551 760 1588 me
791 1552 806 1599 ;
842 1535 897 1587 in
937 1542 987 1587 te
1019 1545 1202 1587 autem
1251 1534 1442 1585 debita
1490 1540 1758 1585 tormenta
1787 1533 1889 1584 im-

266 1628 471 1682 mittet.
533 1629 759 1690 lterum,
801 1627 931 1680 dum
980 1642 1078 1695 per
1118 1625 1389 1695 supplicia
1444 1626 1614 1677 multa
1657 1624 1888 1678 cruciari

260 1720 457 1787 jussus
486 1720 706 1785 fuisset,
748 1719 824 1773 ait
856 1719 921 1772 ad
959 1719 1204 1789 judicent
1234 1735 1245 1769 :
1275 1720 1486 1781 Quanto
1520 1728 1574 1770 tu
1609 1718 1740 1769 mihi
1777 1735 1893 1769 ain—

2004 548 2198 599 Beatus
2229 564 2309 610 es,
2351 548 2698 615 Apollinaris,
2744 550 2834 619 qtii
2891 553 3199 615 credidisti,
3243 554 3385 607 beati
3422 572 3614 611 omnes

2000 636 2089 705 qui
2125 636 2273 689 tiiicti
2305 644 2433 688 stitit
2459 636 2509 688 in
2539 654 2676 706 aqua
2708 637 2759 689 iti
2791 656 2894 708 qua
2920 648 2970 692 tu
3009 641 3323 709 puritieatus
3352 662 3431 697 es.
3477 649 3611 710 Qui-

1998 743 2217 797 cunque
2244 730 2342 779 liae
2374 738 2527 779 nocte
2574 730 2657 779 hic.
2694 730 2993 798 Iiaptizatus
3035 732 3215 797 fuerit,
3252 737 3488 791 crastina
3522 741 3609 794 die

2001 815 2053 867 in
2102 817 2356 884 paradiso
2401 817 2733 885 suseipietur
2801 819 2906 871 lloc
2956 829 3131 873 autem
3168 823 3370 876 dictum
3419 844 3611 879 omnes

1998 906 2087 973 qui
2138 904 2340 956 ibidem
2383 906 2609 958 aderant
2638 906 2949 971 audierunt,
3009 918 3059 961 et
3092 929 3272 982 genua
3307 916 3610 983 flectentes,

1997 995 2290 1048 dixerunt:
2340 996 2499 1047 Parce
2568 996 2747 1057 nobis,
2812 998 3035 1051 Domine
3104 1004 3243 1055 Deus
3300 1014 3503 1069 noster,
3561 1017 3613 1061 et

1997 1092 2187 1151 praista
2222 1082 2654 1135 misericordiam
2690 1094 2830 1137 tuam
2878 1087 2957 1138 his
3006 1089 3096 1157 qui
3133 1091 3367 1161 diligunt
3411 1113 3609 1149 nomen

1994 1180 2166 1223 ttiuin.
2199 1172 2373 1223 Altera
2396 1181 2573 1224 autem
2606 1173 2695 1223 die
2720 1175 2881 1239 jussit
2906 1179 3323 1243 lil‘tt'st‘ﬁtttltlllCi
3359 1200 3453 1233 eos
3483 1193 3609 1239 ante

1996 1260 2231 1313 tribunal
2264 1278 2441 1312 suum.
2486 1262 2803 1314 Astaiitibus
2834 1272 3015 1317 autem
3060 1265 3165 1319 illis
3200 1286 3404 1337 pra-ses
3436 1274 3608 1327 dixit:

1990 1349 2145 1401 Sttiiti
2191 1350 2463 1413 homines,
2499 1367 2619 1418 qua:
2656 1367 2739 1401 res
2762 1368 2855 1404 vos
2881 1353 3337 1421 circunivenit,ut
3370 1363 3607 1415 credatis

1992 1441 2044 1493 in
2072 1440 2347 1493 hominem
2381 1442 2719 1496 crucitixum.
2765 1444 2855 1513 qui
2891 1446 2992 1498 sub
3022 1447 3213 1503 Pontio
3249 1452 3418 1507 Pilato
3443 1458 3611 1509 multa

1990 1548 2290 1599 perpessus
2314 1540 2415 1593 est,
2446 1532 2739 1584 novissime
2772 1544 2952 1586 autem
2977 1538 3266 1592 crucifixus
3296 1546 3558 1597 asseritur
3586 1546 3610 1585 9

1992 1623 2139 1676 Tunc
2182 1625 2254 1675 illi
2307 1626 2731 1693 responderunt,
2775 1628 3065 1683 dicentes:
3117 1634 3358 1687 Vidimus
3409 1638 3460 1689 in
3513 1640 3611 1693 hac

1995 1724 2154 1767 nocte
2184 1716 2438 1784 angelum
2490 1715 2581 1766 Dei
2627 1716 2942 1785 loquentem
2986 1737 3105 1772 cum
3142 1725 3346 1776 sanctis
3376 1743 3514 1795 quos
3559 1738 3607 1783 tu

266 1809 451 1878 pliora
476 1816 749 1862 tormenta
786 1806 1059 1873 intuleris,
1103 1814 1253 1861 tanto
1275 1806 1511 1876 amplius
1542 1805 1888 1877 refrigerium
1922 1774 2150 1856 Btenes
2194 1803 2245 1855 iii
2295 1820 2555 1856 carcere:
2600 1812 2649 1857 et
2710 1806 2813 1874 ipsi
2871 1809 3051 1880 angeli
3110 1810 3365 1867 dixerunt
3426 1818 3608 1884 nobis,

265 1900 560 1970 praestabit
610 1900 873 1954 Dominus
905 1900 992 1953 cui
1026 1900 1211 1954 credo.
1265 1900 1324 1952 Et
1364 1916 1487 1952 cum
1528 1899 1831 1952 caederetur
1862 1916 1891 1951 a

265 1993 559 2055 ministris,
609 1992 933 2046 exclamavit
984 2008 1117 2045 voce
1151 2007 1365 2063 magna,
1407 1991 1645 2042 dicens:
1699 1992 1891 2059 Aspice

272 2085 529 2150 Domine,
555 2092 608 2139 et
632 2084 757 2139 vide
789 2102 911 2155 qua:
930 2084 1095 2137 infert
1117 2084 1371 2137 diabolus
1393 2099 1550 2135 servo
1575 2090 1687 2147 tuo,
1719 2100 1891 2135 neme

271 2177 655 2247 derelinquas.
691 2193 757 2231 ne
783 2178 970 2231 dicant
1001 2176 1287 2230 homines:
1327 2175 1424 2227 tibi
1449 2186 1529 2228 est
1559 2175 1697 2227 Deus
1727 2175 1845 2241 ejus
1867 2174 1893 2225 Ῥ

274 2266 484 2319 Ρηθδθε
523 2265 764 2336 denique
812 2264 977 2332 jussit
1014 2266 1162 2319 calce
1218 2264 1338 2317 viva
1383 2272 1436 2317 et
1482 2273 1637 2317 aceto
1677 2264 1891 2335 aspergi

270 2358 466 2429 plagas
506 2357 701 2427 ipsius.
743 2358 973 2411 Sanctus
1025 2372 1153 2411 vero
1194 2356 1513 2409 Timotheus
1562 2355 1738 2408 dixit:
1784 2358 1895 2426 Ago

271 2449 377 2502 tibi
410 2450 635 2522 gratias,
666 2449 894 2503 Domine
923 2450 1050 2503 Jesu
1084 2448 1312 2509 Christe,
1348 2448 1439 2517 qui
1469 2448 1599 2499 mihi
1634 2448 1733 2499 das
1766 2450 1897 2501 tole-t

270 2538 511 2590 rantiam
556 2545 611 2591 ut
640 2538 754 2591 haec
789 2538 989 2606 possim
1013 2536 1260 2591 sufferre.
1300 2538 1376 2590 lta
1410 2536 1551 2589 istud
1583 2536 1782 2589 factum
1814 2549 1893 2590 est

272 2628 332 2679 in
373 2643 605 2698 corpore
638 2645 781 2693 meo,
816 2638 1073 2699 tanquam
1106 2629 1229 2682 oleo
1262 2635 1558 2698 perunctus
1588 2629 1709 2681 siin.
1749 2628 1894 2681 Unus

270 2724 461 2771 autem
491 2718 560 2771 de
592 2718 766 2787 ipsius
784 2717 1147 2782 euidentibus,
1176 2718 1397 2770 nomine
1430 2717 1778 2785 Apollinaris,
1814 2718 1897 2770 vi-

270 2810 359 2863 dit
400 2809 542 2863 duos
578 2811 804 2884 angelos
842 2819 1047 2863 stantes
1088 2810 1153 2861 ad
1195 2810 1335 2863 latus
1374 2809 1492 2876 ejus
1555 2818 1608 2863 et
1647 2810 1895 2863 dicentes

273 2902 390 2955 illi:
413 2901 753 2965 Confortare,
776 2902 1088 2963 Timothee;
1118 2901 1267 2954 missi
1296 2912 1477 2954 autem
1503 2918 1690 2956 sumus
1717 2902 1781 2955 ad
1819 2911 1890 2965 te,

272 2996 338 3043 ut
375 2991 734 3044 ostendamus
772 2990 872 3044 tibi
912 2991 1199 3044 Dominum
1241 2990 1425 3043 Jesuni
1461 2990 1754 3056 Christum,
1798 3008 1892 3060 pro

1997 1896 2159 1949 hodie
2191 1896 2361 1948 ituros
2385 1913 2505 1949 esse
2526 1897 2577 1947 in
2596 1898 2931 1965 paradisum,
2958 1910 3009 1953 et
3032 1913 3357 1972 accepturos
3376 1926 3608 1963 coronas

1992 2002 2127 2055 quas
2162 1984 2237 2036 tui
2280 1985 2422 2037 oculi
2473 1985 2657 2037 videre
2692 2003 2799 2039 non
2836 1990 3211 2045 merebuntur.
3255 1995 3454 2048 l'raeses
3485 2015 3609 2053 vero

1994 2077 2279 2129 iracundia
2310 2079 2529 2145 pictius,
2556 2080 2715 2144 jussit
2751 2089 2975 2133 cunctos
2998 2084 3113 2151 (ms.
3150 2086 3198 2151 j.
3224 2087 3489 2159 singulos]
3514 2092 3614 2143 de~

1994 2170 2201 2223 collari.
2235 2170 2477 2239 Cumque
2530 2171 2863 2225 ducerentur
2908 2177 3080 2229 sancti
3111 2187 3258 2232 extra
3308 2182 3610 2251 civitatein,

1994 2258 2351 2331 signaverunt
2382 2274 2440 2309 se
2486 2258 2766 2330 signacula
2809 2262 3027 2325 Christi,
3060 2278 3111 2318 et
3160 2268 3237 2320 sic
3282 2274 3613 2341 inartyrizati

1996 2359 2142 2413 sunt,
2198 2349 2526 2403 confitentes
2586 2353 2815 2413 Pati-eiii,
2862 2365 2913 2409 et
2972 2358 3186 2423 Filium,
3246 2374 3297 2414 et
3353 2364 3613 2433 Spiritum

1996 2453 2266 2496 sanctum.
2314 2444 2541 2496 Fuerunt
2584 2458 2766 2499 autem
2809 2466 3000 2501 omnes
3042 2452 3135 2521 qui
3190 2454 3441 2509 decollati
3490 2471 3615 2512 stitit

1996 2534 2393 2606 quinquaginta
2422 2535 2634 2587 virisub
2660 2537 2747 2589 die
2770 2540 3063 2593 undecimo
3090 2541 3615 2615 KaleiidasSepleiu—

1998 2624 2130 2677 bris.

2066 2721 2243 2773 Altera
2263 2729 2445 2773 autem
2473 2722 2560 2773 die
2609 2724 2914 2790 procedens
2957 2742 3177 2793 praises,
3206 2729 3350 2781 sedit
3386 2748 3482 2797 pro
3514 2733 3615 2784 tri-

1996 2808 2205 2869 bunali,
2264 2819 2511 2863 sanctum
2560 2829 2686 2865 vero
2734 2812 3076 2865 'l‘iniotheuni
3124 2818 3613 2886 ctAppollinareiii

1994 2903 2191 2955 adduci
2230 2902 2508 2971 praecepit.
2561 2905 2875 2957 Astaulibus
2915 2914 3095 2959 autem
3140 2907 3267 2973 illis,
3316 2912 3391 2964 ait
3422 2912 3487 2964 ad
3522 2929 3619 2966 eos

1994 3011 2196 3063 prteses
2232 3013 2241 3045 :
2283 2995 2646 3048 liitelicissiini
2678 2997 3619 3075 hominum,couscntiteprseeeptis

269 3079 435 3145 cujus
462 3080 685 3133 nomine
712 3080 951 3132 sustines
982 3096 1189 3149 ptenas,
1218 3087 1276 3131 ut
1302 3079 1489 3131 videas
1516 3088 1894 3152 t’piaiaguntur
1925 3141 1966 3160 η
1998 3088 2412 3157 [inpar-utemini,
2448 3099 2499 3140 et
2559 3088 2782 3141 adnrate
2812 3108 2905 3141 eos
2945 3108 3083 3160 quos
3117 3093 3191 3144 illi
3246 3095 3497 3148 adorant.
3529 3098 3617 3149 Ti-

273 3172 335 3224 in
360 3172 544 3225 ccelis:
578 3173 737 3244 Erige
762 3180 925 3241 caput
952 3180 1128 3237 tuum,
1160 3171 1374 3224 etvide.
1401 3171 1684 3240 Aspiciens
1710 3181 1891 3226 autem
1921 3144 1968 3205 L
1996 3179 2321 3229 motheuset
2352 3175 2681 3245 .\poiliiiaris
2713 3178 2969 3231 dixerunt
3007 3198 3016 3231 :
3061 3181 3163 3233 Nos
3204 3182 3484 3237 dteiiiones
3509 3203 3615 3238 non

269 3270 500 3313 sanctus
530 3260 845 3313 Timotheus
872 3260 1009 3312 vidit
1048 3260 1215 3313 cuzlos
1247 3268 1485 3328 apertos,
1516 3268 1567 3312 et
1597 3260 1785 3313 Jesum
1828 3262 1892 3313 ad

271 3350 557 3402 dexteram
582 3349 758 3402 Patris
785 3364 1043 3402 coronam
1080 3356 1356 3401 tenentem
1376 3366 1441 3400 ex
1474 3349 1752 3417 lapidibus
1772 3368 1897 3418 pre-

273 3436 456 3501 tiosis,
481 3454 544 3491 ac
575 3436 853 3491 dicentem
882 3436 986 3489 sibi
1012 3454 1022 3489 :
1053 3437 1353 3502 Tiniotlice,
1381 3439 1495 3490 huic
1523 3455 1684 3507 quani
1720 3440 1891 3500 vides,

273 3528 379 3583 tibi
423 3539 609 3599 parata
639 3539 741 3583 est.
786 3528 1034 3598 Accipies
1067 3528 1212 3581 illam
1247 3530 1403 3582 tertia
1446 3530 1537 3583 die
1572 3530 1894 3583 imminente

272 3620 348 3671 de
388 3619 645 3671 manibus
670 3620 825 3672 meis.
864 3619 920 3671 Et
944 3619 1131 3689 Angeli
1161 3619 1416 3670 dixerunt
1446 3618 1494 3670 ei
1528 3636 1540 3669 :
1577 3619 1893 3673 Confortare

272 3711 584 3773 Timothee,
611 3716 667 3762 et
695 3709 951 3763 abierunt
975 3711 1025 3762 in
1054 3710 1241 3763 etelos.
1270 3711 1604 3779 Apollinaris
1628 3728 1753 3762 vero
1776 3728 1897 3764 eum

275 3805 395 3857 haec
412 3804 661 3865 vidisset,
682 3803 976 3872 procidens
993 3803 1057 3855 ad
1087 3802 1252 3871 pedes
1272 3802 1639 3866 ejusdixitci:
1671 3802 1895 3855 Domine

270 3893 582 3957 Timothee,
614 3908 710 3946 ora
741 3906 839 3960 pro
871 3907 956 3944 ine
991 3908 1002 3943 :
1066 3892 1173 3961 Ego
1204 3891 1350 3942 enim
1386 3890 1750 3944 libentissime
1786 3902 1896 3945 tor-

272 3984 490 4054 quebor
516 3999 617 4053 pro
643 3983 867 4037 nomine
899 3981 1117 4047 Christi,
1150 3983 1277 4052 quia
1302 3982 1409 4035 vidi
1448 3992 1625 4035 tecum
1662 3984 1890 4053 loquen-

274 4082 358 4126 tcs
398 4072 545 4126 viros
584 4071 1085 4141 Splendidissiinos.
1141 4071 1268 4123 dtiiii
1314 4079 1491 4123 tecum
1534 4072 1891 4141 loquerentur

272 4162 551 4234 magnalia
580 4162 674 4215 Dei
699 4162 847 4216 illius
868 4162 960 4231 qui
990 4169 1179 4230 regnat
1213 4161 1265 4213 in
1298 4162 1457 4213 cudo.
1492 4161 1639 4212 Tunc.
1669 4178 1889 4232 praises,

273 4262 334 4304 ut
363 4251 505 4304 vidit
533 4267 594 4303 se
626 4267 747 4304 esse
777 4252 1087 4304 confusum.
1124 4249 1259 4301 dixit
1298 4266 1308 4299 :
1342 4248 1572 4301 Sistattir
1602 4250 1888 4319 Apollina—

275 4343 351 4395 ris
381 4360 394 4395 :
428 4341 621 4396 afferte
652 4352 833 4395 autem
866 4342 999 4395 mihi
1023 4342 1306 4412 plumbum
1342 4340 1602 4406 bulliens,
1639 4350 1691 4394 et
1724 4341 1889 4395 effuti-

271 4437 387 4489 dite
420 4436 473 4488 in
506 4436 853 4504 osipsius,ut
876 4452 983 4489 non
1014 4434 1140 4489 talia
1168 4434 1621 4503 verbaloquatur.
1649 4436 1893 4506 Cumque

268 4529 499 4582 allatum
534 4527 727 4581 fuisset
759 4528 1043 4597 plumbum
1075 4527 1336 4591 bulliens,
1370 4537 1423 4579 et
1461 4524 1684 4579 missum
1721 4528 1774 4579 in
1804 4543 1895 4581 ore

270 4618 396 4684 ejus
429 4616 631 4669 factum
666 4624 748 4669 est
790 4616 1045 4689 frigidum
1076 4624 1332 4686 tauquam
1373 4616 1578 4688 glacies
1632 4617 1757 4669 Viso
1797 4634 1895 4669 au-

273 4720 384 4763 tem
422 4710 527 4763 hoc
559 4709 844 4771 miraculo,
879 4709 1170 4762 multitudo
1208 4725 1405 4779 magna
1435 4706 1671 4761 credidit
1704 4706 1757 4757 in
1794 4706 1898 4758 Do—

275 4805 491 4856 niinum
558 4801 741 4855 Jcsuin
793 4800 1086 4853 Christum.
1148 4801 1297 4853 Tunc
1358 4817 1557 4869 przeses
1616 4800 1895 4853 iracundia

274 4897 479 4965 plenus
504 4903 558 4946 et
588 4892 913 4947 confusione
938 4892 1102 4945 dixit:
1140 4893 1333 4946 Ducite
1364 4893 1485 4946 illos
1510 4892 1565 4944 in
1598 4909 1894 4954 carcerein,

202 5004 213 5013 ο
272 5003 451 5058 usque
485 4986 613 5039 dum
639 5001 741 5059 ego
765 4992 1090 5055 pertractein
1115 5001 1224 5054 quo
1255 4984 1528 5055 supplicio
1558 4983 1898 5038 interfician-

277 5084 384 5130 tur.
417 5075 551 5129 Cum
581 5083 765 5127 autem
789 5075 1145 5137 ducerentur,
1171 5074 1403 5145 plurima
1430 5073 1590 5126 turba
1620 5074 1896 5142 sequeba—

274 5171 363 5216 tur
403 5178 502 5216 eos
533 5161 673 5214 tiens
705 5169 758 5215 et
797 5162 989 5215 dicens
1024 5179 1034 5213 :
1081 5162 1116 5213 Ο
1149 5161 1408 5229 injustum
1444 5161 1714 5229 judicium
1750 5162 1893 5230 quod

272 5254 475 5308 incidit
513 5254 567 5306 in
609 5252 885 5307 civitatem
927 5255 1082 5307 istam
1117 5252 1128 5305 ἔ
1192 5254 1442 5307 Perducti
1484 5262 1615 5307 sunt
1663 5270 1790 5306 vero
1839 5254 1891 5306 in

271 5358 580 5406 carcerem,
630 5348 682 5394 et
730 5341 882 5395 inulti
938 5350 1094 5394 erant
1151 5343 1293 5395 circa
1339 5359 1454 5403 eos,
1514 5342 1895 5394 desiderantes

272 5433 553 5489 consolari
587 5450 614 5485 a
644 5446 833 5487 sancto
873 5434 1177 5487 Timotheo.
1218 5435 1336 5503 Ipsa
1384 5442 1563 5486 autem
1608 5442 1767 5487 nocte
1799 5435 1894 5486 ad-

273 5525 510 5579 veniens
532 5521 760 5593 quidam
788 5522 1094 5591 presbyter,
1122 5521 1341 5575 nomine
1378 5522 1614 5586 Maurus,
1648 5522 1895 5575 multitu-

272 5614 463 5666 dinem
495 5608 783 5665 hominum
814 5608 1111 5679 baptizavit
1136 5610 1187 5662 in
1217 5609 1439 5662 nomine
1474 5608 1686 5662 Domini
1721 5613 1889 5663 nostri

268 5702 403 5756 Jesu
436 5698 640 5755 Christi
671 5696 1003 5768 Apollinaris
1032 5713 1159 5752 vero
1186 5713 1306 5751 cum
1333 5696 1723 5765 baptizaretur,
1758 5698 1895 5752 vidit

1998 3269 2309 3333 adoramus,
2344 3268 2438 3319 sed
2460 3268 2633 3318 solum
2673 3269 2960 3319 Dominum
2984 3271 3169 3323 Jestim
3202 3271 3613 3346 Christum,qui

1998 3368 2079 3411 est
2114 3360 2252 3411 Deus
2280 3361 2434 3411 vivus
2464 3367 2516 3411 et
2545 3374 2722 3418 verus,
2775 3360 2950 3427 ipsum
2980 3367 3463 3429 oportetconfiteri
3493 3384 3613 3421 nos.

1995 3452 2067 3503 Tti
2102 3468 2233 3521 ergo
2270 3468 2335 3503 ne
2372 3459 2646 3519 putcsiins
2669 3451 2880 3502 artibus
2902 3453 3007 3503 tuis
3030 3456 3271 3521 separari
3296 3474 3323 3509 a
3349 3459 3617 3513 cliaritate

1998 3547 2049 3591 et
2082 3558 2108 3591 a
2132 3556 2298 3607 regno
2334 3539 2446 3590 Dei.
2483 3538 2587 3588 llcc
2620 3550 2800 3589 autem
2865 3538 2960 3591 tibi
3009 3550 3193 3593 nolunt
3225 3544 3293 3596 sit
3326 3546 3475 3615 quia,
3511 3566 3620 3617 qua

2000 3628 2132 3679 hora
2168 3644 2264 3680 nos
2301 3636 2456 3695 putas
2503 3625 2842 3687 iziortilicari,
2898 3635 3025 3679 tunc
3067 3630 3428 3693 vivitirainnr.
3476 3637 3619 3693 sicut

2003 3716 2077 3767 illi
2112 3717 2201 3785 qui
2236 3733 2264 3768 a
2300 3724 2348 3768 te
2386 3716 2638 3767 hesterna
2674 3715 2761 3766 die
2796 3715 3067 3769 interfecti
3093 3728 3239 3783 sunt,
3274 3731 3325 3773 et
3350 3723 3537 3777 vivunt
3564 3727 3616 3781 in

1999 3807 2169 3861 endis.
2206 3809 2431 3879 'l'eergo
2466 3824 2590 3860 vere
2634 3808 2902 3875 percutiet
2948 3809 3105 3861 .lesus
3154 3811 3398 3866 Christus
3432 3818 3617 3873 ulcere.

2000 3896 2258 3965 pessimo.
2298 3898 2577 3967 lratusque
2619 3914 2837 3966 praises,
2870 3898 3003 3952 dixit
3040 3918 3050 3951 :
3090 3900 3225 3953 lstos
3255 3902 3297 3954 si
3331 3920 3435 3957 non
3469 3922 3618 3959 mors

1996 3985 2299 4048 tilieavero,
2333 3986 2422 4039 alii
2469 3986 2620 4039 multi
2656 3987 2721 4039 ad
2754 4002 2945 4040 novam
2971 3997 3174 4043 sectam
3220 3993 3432 4045 venturi
3466 4006 3614 4054 sunt.

1996 4079 2083 4132 Sic
2110 4079 2262 4131 dedit
2303 4079 2675 4132 adversuseos
2720 4081 3071 4141 sententiam.
3107 4091 3163 4135 ut
3190 4084 3371 4152 gladio
3408 4085 3619 4141 interti-

1996 4175 2269 4221 Cerentur.
2308 4166 2387 4218 llli
2443 4176 2646 4229 autem,
2699 4186 2820 4219 cuin
2886 4186 3082 4241 magna
3122 4171 3321 4226 fiducia
3369 4174 3617 4242 perducti

1997 4264 2123 4308 sunt
2153 4265 2301 4307 extra
2341 4255 2614 4307 civitatein
2660 4256 2711 4307 in
2744 4257 2829 4308 via
2862 4274 2983 4326 qua:
3028 4261 3319 4329 appelatur
3349 4261 3617 4327 Caesarea,

2000 4348 2052 4401 in
2090 4349 2265 4400 locum
2330 4346 2423 4416 qui
2483 4348 2706 4400 liuxittis
2747 4348 2966 4413 dicitur,
3027 4350 3215 4420 ibique
3250 4354 3619 4423 martyri/.avit

2000 4460 2117 4507 eos,
2150 4441 2249 4493 sub
2284 4440 2371 4493 die
2404 4440 2619 4493 decimo
2654 4439 2921 4492 Kalendas
2969 4443 3329 4511 Septembris.
3374 4457 3427 4499 et
3457 4465 3618 4503 coro-

1948 4528 1967 4543 ”
2001 4531 2107 4583 nati
2144 4540 2269 4582 sunt
2292 4528 2358 4581 ab
2388 4530 2619 4600 angelis,
2657 4535 2707 4579 et
2753 4544 2851 4581 vox
2893 4530 3079 4583 audita
3105 4540 3205 4593 est,
3242 4533 3431 4585 dicens
3466 4538 3612 4591 ενο-

1999 4622 2133 4685 nite,
2166 4619 2450 4672 'l‘imolhee
2483 4629 2531 4671 ct
2584 4617 2971 4686 Appollinaris,
3008 4621 3350 4675 dilectissimi
3404 4625 3529 4688 mei,
3564 4640 3615 4680 et

2000 4709 2287 4763 ostendam
2318 4708 2475 4760 vobis
2503 4717 2705 4777 quanta
2739 4706 3011 4761 mirabilia
3046 4710 3325 4764 meruistis
3365 4728 3462 4781 pro
3494 4732 3617 4766 ani-

2002 4800 2193 4853 mabus
2227 4800 2441 4863 vestris,
2477 4818 2611 4869 quas
2642 4799 2920 4851 obtulistis
2954 4818 3051 4869 pro
3112 4804 3332 4857 nomine
3362 4822 3483 4858 meo
3518 4824 3530 4865 ;
3566 4819 3617 4860 ct

1997 4889 2190 4941 scitote
2209 4906 2328 4958 ([Dtt?
2348 4888 2587 4942 facturus
2604 4905 2721 4941 sum
2745 4889 3039 4957 Lampadio
3056 4892 3293 4958 pra-sidi.
3311 4894 3616 4965 Statimque

1994 4977 2237 5044 jaculuin
2263 4978 2483 5051 igneum
2517 4979 2803 5031 descendit
2826 4978 2893 5031 de
2912 4979 3050 5031 coelo
3069 4981 3254 5033 multis
3272 4982 3614 5049 videntibus,

2001 5074 2054 5119 et
2087 5067 2391 5137 ingressum
2429 5079 2510 5121 est
2565 5070 2852 5121 humerum
2903 5069 3022 5135 ejus
3052 5068 3323 5133 dextrum,
3356 5082 3407 5123 et
3435 5089 3464 5124 a
3497 5073 3611 5125 da:-

2003 5159 2186 5211 nionio
2208 5171 2456 5228 arreptus
2486 5160 2647 5212 vitam
2670 5161 2863 5215 finivit.
2888 5163 3125 5229 Corpora
3147 5178 3274 5214 vero
3296 5172 3607 5217 sanctorum

1998 5247 2212 5314 sepulta
2239 5260 2364 5300 sunt
2385 5266 2416 5301 a
2448 5249 2772 5301 Christianis
2789 5250 2879 5302 die
2903 5266 3047 5301 nono
3075 5248 3341 5301 Kalendas
3366 5252 3610 5319 Septem-

2002 5338 2132 5391 bris.
2171 5338 2438 5391 Eusebius
2469 5340 2690 5409 quidam
2717 5342 2798 5393 vir
2819 5340 3160 5409 spectabilis,
3187 5344 3277 5410 qui
3302 5348 3353 5393 et
3379 5341 3494 5411 ipse,
3518 5360 3614 5412 per

1997 5430 2229 5481 verbum
2266 5431 2505 5498 ipsorum
2541 5432 2795 5495 credidit,
2830 5432 3117 5485 fabricavit
3159 5433 3267 5484 illis
3307 5433 3612 5501 basilicam,

1998 5519 2051 5571 in
2085 5535 2190 5588 qua
2246 5518 2416 5570 multa
2448 5516 2603 5591 signa
2636 5528 2689 5572 et
2740 5520 2983 5574 remedia
3015 5522 3396 5574 ostenderunt.
3448 5524 3616 5575 thecis

1996 5608 2192 5669 visum,
2222 5606 2433 5659 claudis
2454 5625 2699 5678 gressum
2725 5610 3107 5676 reddiderunt,
3142 5619 3196 5663 et
3227 5610 3319 5681 qui
3353 5628 3381 5663 a
3406 5612 3613 5665 tltl‘mO-

1997 5696 2161 5750 nibus
2213 5694 2551 5751 vexabantur
2596 5698 2767 5752 curati
2821 5708 2948 5753 sunt
3008 5700 3062 5752 in
3113 5715 3336 5752 nomine
3393 5700 3607 5752 Domini
