3970 6212
446 338 517 391 35
1574 324 1940 385 FLODOARDI
1980 320 2287 385 CANONICI
2325 322 2652 389 REMENSIS
3672 351 3726 411 εδ

444 460 616 515 nostri
646 460 775 514 Jesu
808 458 1029 513 Christi.
1077 458 1276 512 Eorum
1306 471 1434 510 vero
1466 470 1697 525 corpora
1738 456 1918 509 donus
1948 456 2058 510 Til-
2080 456 2132 525 Α
2154 456 2335 511 vicum
2352 459 2549 513 horum
2596 469 2909 518 constructa
2965 464 3166 521 decore
3202 478 3503 528 sanctorum
3534 475 3724 536 basilica

445 554 613 624 pinus
642 552 1093 622 archiepiscopus
1121 548 1292 605 veteri
1345 562 1677 618 promovcns
1708 547 1936 614 tumulo,
1969 564 2059 602 sc-
2158 558 2476 619 martyrum,
2501 566 2825 625 magnorum
2860 555 3192 624 praedicatur
3218 559 3427 616 radiare
3452 564 3615 621 nitore
3629 584 3724 623 ma-

444 643 695 713 pulcrum
716 643 962 713 ipsorum
979 640 1239 694 decenter
1264 642 1491 710 argento
1519 635 1800 690 decoravit
1826 644 1879 690 et
1900 652 2051 692 auro.
2156 637 2422 709 gnalium,
2452 638 2798 711 optabilique
2832 641 3106 716 refulgere
3136 648 3311 719 gratia
3339 652 3613 708 sanitatum

442 731 618 786 Altare
663 730 904 800 denique
963 728 1111 800 quod
1155 735 1283 780 ante
1316 724 1560 780 tumbam
1593 726 1913 780 eorumdem
1951 736 2056 782 stat
2226 729 2376 785 Beati
2409 730 2652 802 denique
2669 732 2938 789 Timothei
2972 751 3117 806 ossa,
3151 754 3242 792 rex
3269 740 3405 796 Otho
3433 742 3522 811 (ί),
3560 762 3725 804 conce-

442 823 707 889 medium,
731 823 904 877 sancti
939 820 1107 875 Mauri
1159 820 1331 874 fertur
1364 818 1614 890 reliquiis
1653 827 1707 873 et
1734 821 1942 876 honore
1974 822 2056 877 dit
2157 819 2323 873 deum
2356 820 2575 874 ΑΓῑὸῙάο
2598 821 3042 895 δΐεὴίθρίθοοβον
3075 826 3350 883 ῑτθηδῖεῐτί
3394 829 3518 887 fec“
3560 834 3608 888 in
3644 836 3723 891 ⁵³·

438 923 641 982 catum,
675 915 769 987 qui
795 915 993 970 eodem
1018 927 1128 985 quo
1159 911 1368 982 prmfati
1425 919 1693 982 tempore,
1719 928 1817 982 pro
1840 912 2054 970 Christo
2155 908 2397 974 xoniam,
2425 914 2481 962 et
2506 910 2899 966 monasterium
2956 916 3348 973 monachorum
3378 918 3434 974 in
3456 921 3569 990 ejus
3594 924 3723 981 insti-

437 1024 613 1063 cmsus
650 1007 852 1079 capite,
907 1006 1153 1077 ipsorum
1201 1003 1404 1058 meruit
1456 1003 1736 1058 consortio
1792 1005 2049 1061 renuere,
2155 996 2507 1053 tuithonore.
2544 999 2602 1052 In
2622 1015 2730 1071 qua
2762 1002 3121 1059 translatione
3156 1008 3328 1063 multa
3356 1008 3488 1065 mira
3515 1011 3726 1070 feruntur

438 1100 604 1171 Cujus
632 1116 757 1157 ossa
802 1100 857 1154 in
890 1097 1124 1153 ecclesia
1161 1097 1309 1151 beati
1341 1095 1543 1151 Celsini
1571 1104 1859 1152 servantur
1880 1098 2035 1170 depo

2155 1096 2394 1143 ostensa.
2421 1088 2553 1142 Nam
2576 1097 2638 1144 ut
2669 1090 2825 1147 Anno
2853 1099 2983 1148 tunc
3025 1094 3220 1164 abbas,
3266 1116 3413 1156 nunc
3452 1103 3722 1177 episcopus,

435 1193 560 1247 sita.
593 1193 767 1263 Caput
824 1199 1007 1247 autem
1053 1189 1194 1244 infra
1224 1189 1499 1245 civitatem
1547 1189 1691 1245 intra
1744 1190 1920 1246 beatae
1954 1192 2048 1247 Dei
2155 1178 2289 1233 mihi
2323 1180 2535 1246 retulit,
2569 1196 2601 1235 a
2647 1198 2757 1253 quo
2802 1184 2995 1239 eadem
3044 1202 3199 1243 sacra
3245 1191 3473 1263 pignora
3503 1196 3722 1254 translata

434 1286 723 1359 genitricis
747 1285 928 1339 Mariae
951 1282 1232 1338 basilicam
1257 1282 1312 1336 in
1344 1299 1467 1338 arca
1488 1299 1647 1338 secus
1673 1282 1842 1338 altare
1874 1300 2050 1339 vene-
2154 1280 2301 1338 sum,
2334 1273 2651 1343 Ρῐῖθίθτδιία
2672 1274 2831 1345 Plura
2855 1278 3121 1343 remedia.
3147 1280 3588 1339 ἀυοάθοίηιίηιθτ
3602 1289 3723 1345 clau-

435 1384 585 1429 ratur
608 1373 974 1429 reconditum.
1012 1372 1133 1441 Ipsa
1165 1372 1331 1426 etiam
1382 1373 1794 1443 praemissorum
1818 1373 2035 1429 ecclesia

2158 1364 2258 1419 dos
2278 1371 2333 1419 et
2361 1381 2538 1421 caecos
2553 1365 2709 1421 fuere
2738 1370 2934 1425 curati.
2955 1370 3154 1426 Beatus
3182 1388 3405 1446 quoque
3423 1376 3720 1447 Apollinaris,

436 1474 733 1537 martyrum
763 1465 1093 1541 pignoribus
1130 1464 1495 1535 complurium
1540 1464 2035 1540 traditurinsignitz

2156 1452 2376 1508 ossibus
2405 1455 2519 1510 suis
2567 1456 2624 1509 in
2655 1456 2965 1514 Orbacense
3001 1459 3199 1530 [Orbay
3254 1462 3338 1516 vel
3371 1463 3517 1535 Orbe]
3568 1482 3724 1523 mona-

431 1565 766 1612 sanctorutn.
793 1559 851 1612 In
878 1558 1036 1626 cujus
1057 1557 1282 1611 dextera
1314 1563 1465 1626 parte
1486 1564 1800 1611 sanctorum
1845 1556 2029 1611 Silvan

2154 1546 2383 1601 sterium
2416 1548 2714 1615 translatis,
2750 1552 3033 1607 nonnullis
3074 1552 3217 1607 inibi
3268 1552 3462 1610 ﬂorere
3489 1566 3725 1627 spectatur

430 1655 484 1701 et
513 1647 740 1701 Silviani
805 1648 866 1718 [j,
914 1645 1220 1715 Silviniani]
1258 1663 1272 1710 ;
1308 1644 1363 1698 in
1421 1645 1644 1699 sinistra
1692 1661 1823 1701 vero
1876 1645 2048 1700 sancti
2152 1637 2452 1710 gratiarum
2482 1639 2817 1714 insignibus.

427 1738 679 1793 Tonantii
711 1747 765 1793 et
789 1736 963 1793 sancti
994 1736 1173 1791 Jovini
1207 1726 1460 1791 feruntur
1492 1734 1758 1792 reservari
1791 1750 2022 1805 corpora
2064 1777 2118 1847 Β
2807 1734 3018 1790 CAPUT
3052 1735 3111 1792 V.

427 1832 525 1889 Hie
553 1834 716 1888 etiam
764 1834 817 1887 in
868 1833 1061 1887 eadem
1104 1836 1418 1885 sanctorum
1451 1828 1678 1884 basilica
1709 1828 1905 1883 beatus
1937 1828 2041 1883 Re-
2064 1827 2118 1847 ν
2325 1827 2400 1880 De
2430 1828 2826 1883 successoribus
2842 1831 3252 1898 prmissorum
3277 1834 3578 1901 praesidum.

426 1921 629 1994 migius
651 1920 921 1975 tumulum
970 1922 1076 1977 sibi
1100 1921 1280 1993 parari
1312 1920 1643 1992 praecepisse
1662 1919 1955 1991 reperitur,
1980 1926 2041 1974 ut
2216 1910 2625 1983 Frequentibus
2657 1915 2827 1987 igitur
2856 1918 3311 1987 persecutionum
3343 1921 3586 1991 procellis
3610 1922 3725 1978 into-

428 2027 549 2090 post
571 2019 849 2074 conditam
868 2018 1179 2074 testamenti
1196 2015 1280 2071 sui
1303 2014 1700 2071 continentiam
1723 2012 2037 2081 subintulit,
2146 2000 2430 2065 nantibus.
2474 2003 2731 2059 Ecclesiae
2765 2006 2969 2077 puppis
3020 2017 3222 2064 nostra:
3247 2009 3469 2078 iactata.
3501 2011 3723 2067 divertiis-

422 2111 660 2167 addens:
680 2134 704 2162 ι
724 2113 852 2167 Post
875 2109 1159 2166 conditum
1177 2114 1583 2171 testamentum,
1615 2104 1725 2159 imo
1741 2103 2039 2177 signatum,
2145 2107 2254 2162 que
2286 2106 2551 2162 oppressa
2578 2093 2859 2161 ﬂuetibus:
2894 2097 3159 2167 quoniam
3204 2105 3374 2170 caPut
3393 2099 3477 2155 νίι
3506 2101 3719 2157 “uouere

421 2200 661 2255 occurrit
686 2199 945 2254 sensibus
975 2198 1134 2264 meis,
1168 2204 1228 2251 ut
1258 2194 1500 2250 basilicae
1530 2195 1858 2249 domnorum
1895 2209 2042 2247 mar-
2146 2189 2385 2250 Ροῑθτεῐ,
2424 2192 2630 2254 quanto
2665 2185 2826 2239 sedes
2874 2186 2995 2257 ipsa
3047 2195 3303 2259 tempore
3355 2197 3555 2246 rectore
3580 2206 3721 2245 vacua

423 2298 599 2360 tyrum
628 2290 901 2346 Timothei
925 2298 979 2344 et
1009 2287 1342 2361 Apollinaris
1379 2287 1694 2342 missorium
1717 2293 2035 2357 argenteum

2143 2270 2316 2344 digno
2348 2272 2638 2337 resederit,
2668 2274 2813 2328 haud
2871 2274 3033 2331 facile
3062 2276 3349 2347 panditur,
3387 2277 3520 2334 adeo
3543 2286 3598 2333 nt
3619 2286 3720 2350 past

418 2402 511 2440 sex
554 2386 818 2441 librarum
850 2387 927 2441 ibi
980 2388 1267 2459 deputem,
1317 2394 1377 2441 ut
1425 2402 1490 2440 ex
1543 2400 1610 2440 eo
1662 2384 1825 2439 sedes
1857 2382 2039 2440 futura

419 2491 668 2531 meorum
725 2478 932 2532 ossium
972 2484 1353 2547 componatur.
1385 2499 1407 2521 η
1442 2476 1548 2530 Sed
1594 2485 1649 2531 et
1696 2476 1751 2529 in
1793 2475 1913 2546 ipso
1949 2483 2037 2535 te-

416 2575 689 2623 stamento
718 2585 840 2635 suo,
882 2569 1177 2625 duodecim
1226 2570 1435 2626 solidos
1478 2571 1545 2626 ad
1577 2570 1752 2641 ipsius
1790 2568 2033 2624 basilica

416 2673 688 2712 cameram
720 2660 1039 2714 struendam
1090 2660 1329 2728 jusserat
1368 2660 1508 2714 dari.
1571 2660 1777 2715 Diversi
1810 2675 2033 2734 quoque

416 2746 651 2801 diversis
682 2746 828 2801 idem
874 2747 1280 2818 locupletavere
1331 2749 1557 2803 dotibus
1586 2731 1855 2820 templum
1890 2767 1904 2814 ;
1936 2731 2030 2806 ubi

2137 2746 2254 2797 suo,
2296 2731 2509 2802 primus
2538 2748 2603 2787 ex
2636 2732 2736 2788 hac
2764 2733 2981 2807 Belgica
3014 2736 3303 2806 provincia
3351 2738 3541 2811 legitur
3563 2736 3717 2791 Arela-

414 2835 652 2890 domnus
698 2836 1100 2901 Gondebertus,
1144 2837 1229 2891 vir
1282 2836 1640 2901 clarissimus,
1688 2854 1811 2893 cum
1863 2855 2031 2896 uxore
2136 2823 2275 2878 ίθηεί
2307 2823 2501 2895 ῐπ⁵ίῐῃω
2548 2824 2866 2881 interfuisse
2899 2827 3113 2898 sydono
3141 2829 3334 2885 Telam
3364 2846 3461 2903 Per
3487 2828 3715 2885 Marinum

412 2940 511 2978 sua
542 2923 760 2990 Bertha,
794 2925 978 2980 villam
1008 2924 1064 2979 in
1097 2940 1236 2997 pago
1286 2925 1546 2981 Vontinse
1577 2926 1759 2991 sitam,
1806 2926 2031 2983 Perthas

2137 2915 2805 2987 episcopumobeatissimo
2835 2934 2993 2990 papa:
3041 2919 3336 2989 Silvestre,
3378 2923 3648 2977 Volusiano
3673 2928 3717 2973 et

412 3013 659 3081 nomine,
718 3014 891 3070 dedit,
954 3014 1247 3085 Reperitur
1289 3024 1472 3069 autem
1539 3016 2027 3090 congregationem
2132 3007 2342 3063 Aniano
2370 3009 2712 3064 consulibus.
2751 3011 2876 3066 Post
2905 3027 3069 3084 quem
3101 3013 3272 3084 Aper,
3300 3014 3428 3071 inde
3464 3012 3717 3069 Maternia-

410 3102 619 3157 ibidem
651 3119 1046 3177 nonnunquam
1084 3102 1299 3178 viginti.
1324 3118 1718 3175 nonnunquam
1733 3104 2026 3161 duodecim
2058 3156 2102 3178 ί,
2132 3115 2256 3166 nus.
2288 3100 2447 3169 cuius
2492 3101 2759 3174 ΓθῙίίῐυίεε
2786 3102 2991 3157 OSSium
3042 3104 3286 3161 domnus
3311 3105 3617 3162 Hincmal’us
3642 3119 3716 3157 ει·-

410 3191 581 3245 fuisse
609 3192 958 3259 clericorum,
992 3200 1052 3247 ut
1082 3192 1138 3246 in
1198 3200 1443 3263 tempore
1475 3193 1803 3250 Theoderici
1857 3197 2022 3268 regiS,
2054 3188 2103 3225 υ
2128 3188 2520 3260 chiepiscopus
2550 3189 2828 3246 Ludovico
2875 3192 2991 3262 regi
3047 3192 3506 3261 TrausrheuenSi,
3557 3209 3610 3247 se
3645 3191 3716 3245 δῖ’

406 3281 629 3350 quando
656 3281 723 3335 ad
764 3281 1014 3336 eamdem
1065 3280 1350 3336 basilicam
1406 3282 1739 3353 praediorum
1796 3284 2025 3340 donaria
2128 3279 2335 3334 rexisse
2364 3290 2760 3337 commemorat
2808 3282 2864 3336 in
2898 3283 3133 3354 epistola
3175 3301 3279 3356 pro
3308 3286 3566 3354 ejusdem,
3595 3284 3715 3339 alio-

407 3372 565 3443 plura
586 3372 851 3447 leguntur
882 3373 1098 3429 tradita.
1129 3373 1193 3428 Et
1225 3390 1401 3445 usque
1446 3374 1511 3429 ad
1572 3374 1815 3430 recentia
1845 3392 2025 3448 nuper
2127 3383 2358 3439 rumque
2408 3379 2723 3425 SauClorum
2783 3371 3113 3446 pignoribus
3153 3374 3222 3428 ad
3258 3375 3509 3431 eumdem
3555 3387 3711 3446 regem

406 3472 657 3535 tempora
687 3466 910 3537 (quibus
958 3465 1227 3539 religione
1279 3466 1592 3531 deficiente,
1649 3468 1718 3523 ad
1750 3468 1914 3523 unius
1940 3477 2023 3524 est

2137 3457 2460 3512 :ransmissa.
2532 3458 2668 3513 Hinc
2741 3460 3077 3517 Donatianus
3142 3465 3357 3519 exstitit
3431 3463 3710 3535 episcopus,

404 3557 626 3613 redacta
662 3559 969 3630 presbyteri
1004 3559 1245 3626 titulum)
1293 3560 1401 3615 Deo
1448 3560 1812 3615 servientium
1851 3570 2017 3628 ccetu,
2124 3545 2282 3612 cuius
2328 3546 2492 3601 etiam
2526 3547 2758 3621 Pignora
2793 3550 3098 3605 marium“
3142 3551 3198 3605 ίη
3253 3560 3440 3624 Ρθτίθδ
3474 3546 3709 3623 θρίθοορίί

402 3646 746 3721 dignoscitur
788 3647 1052 3722 insignita
1094 3647 1359 3703 virorum.
1394 3647 1682 3704 Nonnullis
1709 3648 1875 3702 etiam
1895 3649 2020 3704 aliis

2137 3633 2574 3707 Voviomagensis
2592 3637 2676 3690 vel
2717 3637 3083 3693 Tornacensis
3113 3640 3348 3710 perlata,
3375 3640 3522 3697 vario
3551 3640 3713 3712 signo-

401 3736 606 3807 templa
657 3735 811 3799 locis,
869 3752 1059 3790 eorum
1117 3735 1412 3806 splendent
1468 3736 1679 3791 honore
1737 3736 2015 3806 decorata,
2122 3742 2241 3780 Tum
2291 3738 2669 3784 memorantur
2715 3730 3012 3800 εριθηάονθ
3043 3732 3307 3790 decorata
3353 3735 3518 3799 Quem
3543 3732 3711 3785 beatus

397 3828 661 3899 quoniam
681 3828 856 3901 signis
883 3827 1135 3898 pluribus
1156 3827 1237 3882 eis
1259 3827 1390 3883 olim
1411 3827 2018 3897 coruscantibus,ama—
2116 3814 2399 3870 Viventius
2455 3825 2563 3871 tam
2621 3817 2802 3872 6⁸181³8
2852 3819 3082 3874 ί¹¹ι¹εῐῐ⁵ίε
3111 3821 3239 3877 Vitia
3292 3822 3520 3886 meritis,
3563 3833 3704 3891 quam

396 3926 543 3973 tores
572 3918 771 3973 Christi
825 3919 1109 3973 memoriis
1161 3919 1408 3989 ipsorum
1441 3935 1569 3973 suas
1618 3919 1869 3975 excolere
1895 3928 2015 3976 stu-

2137 3903 2262 3959 :laro
2312 3906 2646 3977 pontificalis
2691 3909 2948 3979 sequitur
2991 3909 3190 3966 ordine
3245 3912 3520 3967 culminis.
3564 3907 3705 3975 Cujus

393 4008 632 4061 duorum
660 4014 825 4079 atque
853 4007 1067 4062 munire
1082 4007 1737 4078 possessionespuomm
1762 4009 2010 4081 quidam,
2113 3992 2278 4048 etiam
2305 4011 2458 4051 sacra
2488 3997 2738 4051 membra
2768 3998 2972 4054 domno
3002 3998 3192 4055 Ebone
3236 4002 3485 4057 antistite
3541 4006 3703 4053 nostro

391 4115 494 4154 ceu
525 4100 819 4173 Gregorius
857 4100 1195 4155 Turonensis
1239 4099 1536 4171 episcopus
1586 4099 1640 4154 in
1672 4101 1816 4161 libro
1846 4102 2010 4158 Mira-

2137 4085 2414 4156 Ieferente,
2457 4104 2625 4159 super
2677 4088 2902 4145 fluvium
2934 4091 3136 4147 Mosam
3193 4095 3477 4161 translata,
3508 4088 3703 4160 Braquis

389 4192 638 4248 culorum
670 4191 860 4259 refert,
891 4208 1083 4248 eorum
1147 4191 1429 4265 reliquias,
1483 4193 1754 4251 aedificata
1813 4196 2006 4251 horum

2137 4188 2375 4236 nstructa
2426 4181 2683 4250 ecclesia,
2742 4183 3125 4257 dispositaque
3176 4184 3582 4243 famulariorum
3626 4197 3702 4236 ca-

388 4284 597 4340 honore
623 4284 874 4351 basilica,
902 4284 1137 4340 devotus
1158 4284 1410 4355 expetiit.
1443 4286 1586 4352 Quas
1608 4286 1870 4358 pontiﬁce
1902 4288 2004 4343 loci

2137 4287 2262 4327 erva
2292 4272 2638 4343 clericorum,
2696 4273 2888 4331 debito
2948 4276 3311 4348 deponuntur
3357 4280 3559 4335 honore
3598 4288 3699 4328 ser-

386 4391 485 4446 per
541 4376 923 4447 presbyterum
1002 4374 1306 4433 honorifice
1363 4377 1659 4451 dirigente,
1715 4378 1843 4434 dum
1904 4380 2009 4435 iter
2109 4360 2327 4451 Vanda-i
2360 4362 2460 4417 Ubi
2517 4363 2684 4418 etiam
2733 4365 2990 4435 Pluribus
3048 4367 3181 4422 οιίηι
3217 4368 3488 4424 ι’θηίῑιιίεθ
3526 4360 3700 4438 Pmdi‘

387 4465 537 4524 idem
588 4468 879 4541 presbyter
926 4477 1136 4543 ageret,
1186 4468 1254 4523 ab
1310 4468 1477 4524 obvia
1502 4469 1739 4541 quadam
1771 4471 2035 4576 mulierel

2139 4457 2262 4504 atur
2316 4450 2650 4527 insignibus,
2701 4452 2915 4511 claudis
2966 4471 3244 4531 gressum,
3293 4459 3461 4515 caecis
3506 4464 3697 4527 ᾳιιοφιθ

2137 4537 2409 4577 ornt-mgna
2439 4549 2717 4577 canor-hum
2769 4545 2856 4577 ,ηις
2891 4546 3154 4577 mum-..“
3182 4547 3420 4577 σηπίη..-

382 4537 672 4625 salutatus,
725 4537 931 4613 obnixe
962 4537 1406 4629 importuneque
1438 4537 1536 4611 ab—
1556 4573 1621 4610 ca
1651 4565 1875 4631 rogatus
1900 4567 2002 4622 est,
2028 4537 2035 4576 ¹

2137 4537 2410 4595 eformans
2438 4549 2742 4612 aspectum.
2769 4545 2858 4600 cui
2890 4546 3158 4602 successit
3181 4547 3441 4604 Severus.

2141 2365 2455 2434 praemissos
2487 2374 2686 2421 nostra-3
2716 2365 2844 2422 fidei
2878 2367 3089 2437 Patres,
3118 2369 3346 2427 beatum
3361 2370 3558 2426 Sixtum
3582 2378 3718 2443 atque

2137 2456 2427 2525 Sinicium,
2491 2475 2663 2513 unum
2730 2459 2996 2517 duntaxat
3058 2462 3356 2533 praesulem
3415 2462 3718 2519 inveniamus

2134 2546 2470 2601 Armarsium
2493 2547 2561 2601 ad
2594 2547 2889 2619 imperium
2922 2565 3100 2621 usque
3136 2549 3611 2620 Constantini,sub
3628 2567 3717 2624 quo

2136 2637 2424 2693 Betausius
2451 2640 2746 2711 reperitur,
2791 2642 2886 2713 qui
2945 2658 3071 2697 cum
3123 2642 3496 2719 Primogenito
3522 2645 3717 2701 diacone

382 4652 442 4700 ut
468 4646 665 4702 horum
720 4646 829 4702 sibi
882 4645 1148 4719 quiddam
1179 4646 1472 4718 pignorum
1505 4645 1844 4701 condonaret
1898 4648 1998 4712 Qui
2741 4648 2953 4706 CAPUT
2998 4653 3083 4707 Vl.

379 4734 475 4792 diu
508 4737 742 4793 nutatim
786 4736 1069 4804 diﬂ'erens,
1115 4735 1367 4791 mulieris
1397 4734 1753 4805 improbitate
1778 4736 1999 4793 tandem
2633 4742 2708 4794 De
2740 4745 2925 4796 sancto
2948 4743 3186 4799 Nicasio.

377 4829 649 4899 devictus,
699 4846 983 4888 sacrorum
1026 4830 1278 4886 cinerum
1337 4827 1664 4899 particulam
1714 4829 1879 4885 tradit
1904 4848 1996 4887 ro-
2169 4832 2299 4887 Post
2336 4831 2655 4903 praemissos
2708 4833 2980 4904 prcesules
3033 4834 3231 4889 beatus
3290 4832 3532 4892 Nicasius
3566 4830 3690 4886 cultu

374 4923 548 4998 ganti.
597 4925 948 4994 Ascensoque
995 4920 1231 4985 caballo,
1272 4919 1581 4989 injunctum
1613 4920 1719 4975 sibi
1760 4923 1996 4979 moliens
2096 4923 2351 4995 sequitur
2377 4923 2754 4995 pontiﬁcatus,
2780 4943 2996 5000 magme
3026 4926 3112 4982 vir
3145 4928 3452 4993 charitatis,
3486 4938 3694 4999 magme-

374 5016 481 5071 iter
519 5014 804 5086 expedire,
846 5013 1164 5068 nullatenus
1219 5027 1346 5065 eum
1389 5012 1666 5082 percussis
1694 5014 1991 5071 admodum
2097 5029 2205 5084 que
2243 5016 2590 5082 constantiae,
2630 5016 2733 5091 sub
2791 5016 3088 5072 Vandalica
3133 5018 3192 5072 in
3240 5017 3432 5073 Galliis
3462 5028 3690 5089 perscru-

373 5103 661 5169 lateribus,
692 5099 1043 5157 valetitineri
1073 5115 1418 5171 promovere.
1450 5100 1680 5173 Insuper
1706 5103 1824 5174 ipse
1855 5122 1996 5176 quo-
2096 5105 2268 5173 tione,
2316 5117 2520 5164 sancta:
2578 5109 2687 5164 sibi
2743 5111 3052 5165 commissae
3107 5110 3481 5167 validissimus
3537 5116 3691 5162 rector

371 5213 479 5269 que
501 5196 581 5251 sic
621 5193 844 5248 interim
874 5201 1244 5267 praegravatus
1275 5194 1626 5266 opprimitur,
1673 5202 1733 5250 ut
1782 5196 1867 5250 vix
1890 5214 1990 5253 va-
2096 5198 2372 5268 Ecclesiae,
2416 5201 2471 5255 in
2524 5217 2658 5273 pace
2685 5203 2909 5273 quidem
2946 5203 3271 5259 nobilitator
3314 5220 3379 5259 ac
3408 5204 3685 5258 decomtor,

370 5292 507 5345 Ieict
537 5286 789 5343 attollere
819 5293 1004 5358 caput.
1039 5288 1116 5342 ita
1154 5288 1378 5343 demum
1411 5287 1859 5343 animadvertens
1877 5290 1991 5345 vir-
2092 5288 2151 5343 in
2183 5289 2445 5359 periculis
2474 5307 2604 5347 vero
2655 5292 2972 5348 moderator
3001 5300 3055 5348 et
3114 5299 3282 5349 tutor.
3317 5292 3427 5365 piis
3453 5287 3684 5363 populum

366 5389 479 5436 tute
498 5396 557 5435 se
575 5378 816 5434 detineri
849 5389 1173 5451 martyrum,
1207 5388 1389 5437 motus
1424 5381 1751 5450 pinnitentia
1781 5383 1993 5452 recepit
2093 5381 2361 5436 doctrinis
2377 5391 2431 5438 et
2461 5385 2731 5455 exemplis
2762 5385 3080 5453 instituens,
3112 5376 3686 5457 decoremquecoelibis

361 5476 696 5539 opportune,
721 5468 1783 5545 quodlargiripraesumpsitincongrue,
1811 5470 1993 5526 redhi-
2093 5489 2310 5544 sponsa
2342 5475 2539 5532 Christi
2575 5477 2814 5543 Ecclsize,
2851 5478 3074 5534 fabricis
3121 5485 3175 5533 et
3210 5478 3499 5534 ornatibus
3536 5469 3682 5529 attol-

358 5560 588 5633 bitaque
618 5577 897 5619 sacrorum
948 5580 1114 5635 quam
1170 5564 1487 5634 dempserat
1540 5563 1815 5632 portione,
1850 5562 1993 5617 liber
2095 5562 2233 5618 lens.
2269 5564 2316 5617 ls
2339 5580 2577 5636 namque
2611 5567 2764 5621 sedis
2819 5567 2981 5637 hujus
3028 5575 3227 5623 sanctae
3260 5566 3492 5622 basilica
3519 5564 3569 5617 in
3597 5560 3684 5613 ho-

355 5652 425 5708 ad
449 5653 605 5724 jussa
634 5655 913 5712 relaxatur
938 5656 1112 5712 abire.
1147 5656 1305 5727 Apud
1324 5652 1733 5709 Duodeciacum
1763 5670 1988 5724 quoque
2095 5670 2229 5712 nore
2264 5664 2549 5727 perpetuis
2578 5658 2815 5733 virginis
2850 5660 2946 5715 Dei
2977 5659 3267 5735 genitricis
3287 5659 3489 5726 Mariae,
3518 5651 3682 5709 divina

428 5779 500 5850 (1)
566 5781 704 5838 Otho
745 5781 789 5849 Ι,
828 5781 921 5852 qui
960 5787 1015 5835 et
1051 5780 1299 5853 Magnus.
