3970 6212
189 351 262 402 37

885 346 1210 401 HISTORIA]
1251 346 1578 402 ECCLESl/E
1618 345 1940 402 REMENSIS
1981 347 2156 402 LIBRI
2197 349 2519 413 QUATUOR.
2548 382 2616 389 ——
2659 352 2779 406 LIB.
2827 355 2860 406 I.

3480 359 3548 409 38

193 481 436 536 traditur
463 479 780 534 admonitus
809 479 1145 533 revelatione
1178 479 1459 546 fundasse,
1501 495 1663 550 quam
1698 497 1823 548 pro-
1854 487 1899 550 Α
1929 480 2121 533 urbem
2156 481 2470 548 Remorum,
2515 484 2881 554 universaque
2915 486 3139 558 regione
3189 488 3544 559 depopulata,

193 572 323 641 prio
353 587 578 642 quoque
611 569 949 624 consecravit
1000 571 1290 641 sanguine.
1356 570 1622 624 Cathedra
1653 572 1827 640 siqui-

189 662 328 714 dem
364 660 701 730 pontilicalis
729 660 1028 730 antiquitus
1059 660 1109 712 in
1160 661 1413 722 ecclesia,
1441 677 1563 730 quae
1590 661 1656 712 ad
1682 663 1828 730 Apo—

187 755 372 808 stolos
403 753 628 817 dicitur,
688 753 957 807 exstitisse
1019 753 1208 806 fertur.
1247 752 1339 807 Hic
1367 753 1561 806 beatus
1601 753 1829 806 antistes

187 843 453 917 angelica
519 841 942 912 praemunitione
1000 842 1318 906 instructus,
1388 841 1620 895 futuram
1665 841 1827 914 longe

189 942 330 987 ante
358 931 641 1002 praescisse
689 931 920 984 docetur
947 930 1401 995 internecionem,
1429 929 1828 1000 perniciosam-

191 1037 311 1094 quc
345 1019 728 1091 prosperitatis
777 1020 1158 1094 redarguendo
1214 1019 1587 1084 securitatem,
1648 1018 1827 1072 immi-

194 1124 432 1168 nentem
455 1114 626 1169 divini
647 1113 963 1184 praedixisse
986 1112 1230 1166 verberis
1261 1111 1545 1178 ultionem.
1573 1111 1828 1167 Portabat

188 1217 390 1263 autem
423 1207 705 1262 charitatis
747 1205 990 1259 humeris
1019 1207 1211 1259 anxius
1245 1214 1596 1273 peccatorum
1632 1205 1824 1258 crediti

190 1302 313 1355 sibi
345 1300 526 1373 gregis
558 1299 793 1368 pondus,
855 1297 992 1351 mori
1059 1305 1278 1367 paratus
1312 1312 1406 1366 pro
1455 1295 1733 1356 omnibus,
1767 1304 1826 1350 ut

195 1389 758 1463 iramindignationis
817 1389 912 1442 Dei
969 1405 999 1442 a
1046 1389 1252 1458 p0pulo
1309 1395 1601 1442 averteret.
1653 1387 1821 1440 autin

195 1486 327 1555 ipsa
347 1491 495 1538 certe
517 1483 776 1546 vindicta,
804 1481 1084 1536 caelestem
1107 1481 1453 1534 clementiam
1498 1479 1823 1532 humilitatis

191 1574 404 1644 Spiritu
425 1579 477 1626 et
503 1572 686 1625 animo
716 1570 951 1624 contrito
983 1571 1244 1640 placeret,
1281 1585 1349 1622 ne
1373 1584 1548 1639 usque
1581 1567 1648 1621 ad
1698 1567 1820 1620 ani-

194 1679 372 1726 mam,
417 1662 543 1715 licet
565 1659 903 1730 temporalis,
951 1669 1008 1712 at
1055 1675 1163 1712 non
1204 1657 1479 1712 teterualis
1510 1656 1824 1727 perveniret

191 1755 444 1828 gladius.
485 1753 591 1807 Sed
620 1752 711 1823 qui
753 1751 904 1805 verbi
938 1751 1030 1804 Dei
1057 1766 1247 1804 semen
1296 1749 1349 1802 in
1382 1748 1559 1818 spinis
1602 1747 1824 1801 divitia-

1929 584 2091 621 neces
2125 577 2332 622 tantum
2376 571 2510 623 inibi
2578 572 2943 626 habitantium
2979 576 3378 631 ferventissime
3414 596 3544 648 per-

1929 667 2220 712 tractantes
2272 660 2722 717 Christianorum.
2789 665 2894 718 Hos
2946 667 3112 720 veluti
3158 669 3385 722 deorum
3419 687 3552 725 suo-

1930 768 2048 804 rum
2095 752 2368 818 iuimicos,
2419 762 2471 807 et
2525 757 2771 810 moribus
2809 774 3146 831 paganorum
3215 763 3540 826 contraries,

1930 841 2267 908 interimere,
2303 845 2630 917 penitusque
2675 848 2743 902 de
2796 855 2937 903 terra
2977 851 3161 906 delere
3201 853 3542 908 ambiebant.

1932 931 2124 985 Beatus
2156 932 2337 1003 itaque
2396 934 2645 988 Nicasius
2673 936 2910 992 animam
2941 956 3094 994 suam
3131 959 3226 1012 pro
3260 943 3538 1011 fratribus,

1930 1021 2127 1077 Christi
2158 1041 2396 1095 sequens
2429 1027 2763 1098 exemplum,
2806 1047 3011 1100 ponere
3071 1042 3310 1104 paratus,
3353 1037 3540 1111 elegit,

1929 1114 2242 1184 obnixoque
2292 1117 2598 1184 prOposuit,
2660 1118 2764 1171 sibi
2824 1122 3173 1176 commissum
3235 1126 3547 1180 nullatenus

1930 1203 2181 1255 omittere
2217 1219 2466 1276 gregem,
2493 1221 2718 1275 prorsus
2771 1208 3024 1275 instituit,
3058 1221 3152 1265 aut
3182 1230 3302 1266 cum
3334 1217 3414 1268 eis
3451 1233 3546 1286 pa-

1928 1290 2060 1343 riter
2090 1291 2292 1356 vivere,
2311 1300 2404 1345 aut
2430 1293 2656 1362 pariter,
2675 1296 2822 1365 quod
2863 1315 2958 1351 cos
3009 1301 3398 1368 paterfamilias
3425 1323 3547 1375 per-

1927 1381 2038 1449 peti
2069 1380 2252 1446 vellet,
2289 1381 2539 1449 sufferre,
2575 1401 2643 1437 ne
2701 1385 2984 1456 fugiendo,
3041 1389 3234 1444 Christi
3268 1393 3546 1448 videretur

1925 1472 2070 1542 (sine
2095 1490 2339 1544 quonon
2382 1484 2610 1545 possunt
2663 1477 2915 1531 homines
2969 1481 3051 1533 vel
3099 1482 3280 1536 vivere
3310 1487 3389 1538 vel
3427 1486 3542 1539 fieri

1924 1564 2236 1635 Christiani)
2294 1568 2549 1620 deserere
2625 1569 3009 1624 ministerium.
3075 1573 3227 1626 Unde
3287 1585 3341 1628 et
3391 1577 3544 1642 juxta

1923 1655 2072 1710 beati
2133 1657 2421 1729 Augustini
2478 1661 2808 1714 sententiam
2869 1665 3044 1732 (epist.
3101 1666 3212 1729 80),
3283 1669 3544 1735 majorem

1925 1745 2204 1800 charilatis
2236 1747 2440 1816 reperit
2495 1747 2729 1802 fructum
2778 1768 2941 1821 quam
2997 1753 3091 1823 qui
3153 1772 3260 1808 non
3321 1766 3547 1828 propter

194 1808 228 1828 ο
281 1808 286 1809 κ
641 1808 653 1823 ι
1415 1808 1427 1818 .
2300 1808 2312 1816 .
2798 1808 2810 1821 ,
3017 1808 3029 1823 ,
3321 1808 3332 1826 ,
3396 1808 3406 1810 -
3467 1808 3534 1812 η-

194 1861 324 1898 rum
371 1841 672 1897 suﬂocatur
731 1840 1024 1903 consitum,
1087 1847 1610 1908 prosperantesque,
1651 1845 1706 1888 et
1768 1835 1821 1887 in
1853 1808 1899 1874 Β
1924 1832 2138 1901 fratres,
2170 1836 2267 1889 sed
2292 1845 2517 1906 propter
2546 1839 2788 1907 seipsum
2825 1841 3058 1912 fugiens,
3102 1853 3268 1915 atque
3293 1808 3546 1916 campre-

194 1937 445 1993 vanitate
477 1933 664 1989 saeculi
693 1932 1014 2006 gloriantes,
1048 1931 1254 1984 monita
1270 1929 1627 1997 salutis,aure
1642 1928 1825 1981 cordis

195 2027 269 2080 ad
314 2023 724 2079 frutiﬁcandum
782 2037 892 2076 non
923 2020 1214 2074 admittunt
1248 2035 1259 2070 :
1293 2017 1401 2071 imo
1436 2016 1820 2087 periturisim-

197 2117 395 2189 plicite
425 2114 903 2186 occupationibus,
937 2129 1040 2166 nec
1068 2128 1192 2165 vera
1226 2110 1366 2176 vita},
1406 2109 1536 2180 quin
1572 2108 1822 2163 lethifera

198 2209 441 2281 peccati,
508 2208 811 2278 mortisque
850 2204 1126 2276 stipendia
1191 2210 1505 2274 sequentes,
1563 2202 1822 2272 quoniam

198 2298 449 2370 perfecte
479 2298 620 2351 mala
653 2312 760 2350 non
793 2295 1043 2358 oderant,
1092 2307 1218 2346 vera
1248 2289 1445 2344 sectari
1477 2290 1624 2344 bona
1659 2289 1822 2363 digne

197 2404 314 2442 non
339 2387 617 2442 valebant.
671 2385 818 2438 Piam
871 2383 1096 2453 insuper
1145 2379 1466 2450 religionem
1520 2378 1821 2451 negligere,

197 2475 506 2530 divinitatis
548 2481 824 2546 praecepta
869 2481 1228 2543 postponere.
1265 2468 1597 2522 vanitatibus
1647 2469 1822 2521 inser-

197 2570 341 2636 vire,
385 2566 850 2639 concupiscentia:
900 2565 1044 2619 vitiis
1101 2565 1370 2618 inhaerere
1400 2604 1413 2627 ,
1477 2561 1823 2616 sehismatica

198 2661 466 2716 scandala
523 2660 807 2721 suscitare,
863 2659 1167 2729 Deumque,
1227 2656 1362 2726 proh
1395 2654 1683 2709 dolorlin
1739 2654 1824 2707 his

198 2751 466 2806 omnibus
492 2749 637 2804 haud
696 2748 1016 2803 metuebant
1045 2745 1346 2801 offendere.
1386 2745 1444 2798 Et
1477 2760 1606 2799 ecce
1637 2743 1823 2798 subito

197 2843 456 2911 ejusdem
483 2839 864 2912 prosperitatis
895 2839 1262 2910 temporibus,
1295 2837 1613 2893 animositas
1658 2837 1822 2890 diris-

196 2933 471 2986 simarum
501 2930 747 3004 gentium
786 2936 1078 2994 commota,
1127 2927 1219 2981 Dei
1253 2925 1572 2981 offensionis
1602 2926 1735 2979 iram
1769 2925 1824 2977 in

198 3024 450 3078 diversas
501 3023 848 3077 vindicatura
904 3020 1237 3093 provincias,
1274 3018 1583 3073 intentione
1637 3025 1826 3072 trucu-

199 3113 371 3178 lenta,
407 3111 798 3165 Wandalorum
830 3109 1122 3164 multitudo
1139 3117 1503 3178 properanter
1533 3107 1822 3169 accelerat,

197 3201 488 3255 subversis
508 3200 804 3254 multarum
832 3198 1236 3254 munitionibus
1259 3197 1478 3250 urbium
1526 3196 1824 3269 gladioque

199 3288 552 3359 interemptis
612 3288 892 3359 utriusque
957 3304 1121 3342 sexus
1193 3285 1643 3358 progenitoribus
1699 3300 1823 3337 cum

197 3381 355 3448 filiis,
391 3397 500 3437 non
525 3381 688 3436 aliam
720 3382 1002 3455 dignitatis
1027 3380 1279 3454 gloriam,
1313 3395 1420 3433 non
1453 3376 1602 3431 aliud
1620 3376 1824 3447 aliquid

199 3475 255 3527 in
290 3474 690 3544 temporalibus
707 3474 872 3528 lucris
889 3481 997 3527 tam
1030 3473 1411 3526 desideranter
1426 3469 1821 3538 concupiscere

195 3561 553 3626 cernebatur,
574 3578 740 3632 quam
773 3563 1070 3616 humanum
1103 3561 1324 3614 haurire
1356 3576 1418 3614 ac
1441 3558 1671 3612 fundere
1694 3574 1823 3610 san-

196 3655 454 3729 guinem,
500 3662 555 3708 et
602 3653 1031 3708 Christianorum
1091 3653 1351 3707 duntaxat
1390 3651 1544 3705 sitire
1577 3651 1822 3703 interne-

194 3749 438 3803 cionem.
473 3747 585 3802 Sub
620 3747 784 3814 hujus
800 3761 928 3800 vero
962 3745 1304 3816 tempestatis
1335 3742 1820 3814 turbine,gloriosi

200 3837 522 3892 renitebant
570 3836 626 3889 in
684 3835 872 3888 Galliis
929 3834 1073 3887 inter
1105 3833 1396 3904 episc0pos
1427 3833 1551 3897 viri,
1585 3831 1820 3885 sanctis-

196 3928 375 3982 simus
425 3927 720 3981 Remorum
787 3923 987 3994 praesul
1043 3921 1311 3986 Nicasius,
1367 3929 1420 3974 et
1469 3920 1822 3974 beatissimus

198 4015 683 4070 Aurelianensium
736 4013 982 4084 pontifex
1039 4013 1303 4077 Anianus,
1336 4017 1558 4064 sanctus
1599 4025 1820 4080 quoque

199 4109 389 4179 Lupus
418 4107 791 4169 Trecassinus,
824 4113 878 4160 et
931 4105 1127 4160 beatus
1157 4104 1435 4158 Servatius
1483 4102 1822 4174 Tungrensis

199 4202 455 4266 antistes,
488 4200 694 4270 aliique
753 4198 1003 4254 nonnulli
1054 4197 1348 4253 virtutibus
1404 4195 1669 4269 insignes,
1728 4196 1820 4266 qui

200 4298 345 4350 hanc
377 4293 776 4367 indignationis
826 4293 938 4361 Dei,
989 4291 1104 4347 suis
1161 4291 1372 4346 meritis
1426 4307 1488 4345 ac
1540 4289 1817 4361 precibus,

202 4388 338 4441 iram
362 4387 458 4440 diu
490 4385 711 4440 differre
739 4394 1108 4452 certaverunt,
1140 4393 1198 4440 ut
1229 4385 1487 4440 omnibus
1515 4383 1820 4439 haeresibus

201 4485 257 4531 et
280 4475 644 4546 pravitatibus
671 4476 860 4546 populi
890 4475 1187 4542 restinctis,
1218 4475 1285 4528 ad
1337 4473 1662 4528 catholicam
1691 4474 1822 4528 reli-

1849 3179 1896 3244 C

1927 1928 2132 1982 hensus
2163 1944 2274 1982 non
2310 1931 2527 2003 negavit
2588 1931 2878 1996 Christum,
2921 1937 3281 2008 succepitque
3341 1948 3545 2010 marty-

1928 2019 2087 2075 rium.
2119 2021 2392 2076 Metuebat
2441 2023 2587 2077 enim
2643 2025 2828 2094 potius
2886 2028 3114 2081 antistes
3143 2031 3540 2091 sanctissimus.

1924 2129 1993 2167 ne
2023 2129 2080 2167 se
2103 2113 2414 2179 deserente,
2470 2115 2679 2186 lapides
2707 2117 2811 2170 vivi
2850 2119 3350 2194 exstinguerentur,
3381 2141 3543 2195 quam

1926 2219 1995 2256 ne
2027 2203 2238 2273 lapides
2257 2212 2311 2258 et
2341 2203 2487 2276 ligna
2520 2214 2863 2260 terrenorum
2922 2207 3280 2276 aedificarunt,
3313 2228 3371 2266 se
3402 2229 3545 2282 prte-

1926 2301 2101 2359 sente,
2157 2295 2606 2363 incenderentur,
2665 2299 2838 2371 magis
2897 2299 3116 2366 timens,
3185 2319 3252 2356 ne
3284 2304 3547 2362 destituta

1927 2387 2121 2442 Christi
2155 2389 2403 2458 corporis
2467 2391 2712 2445 membra
2742 2392 2974 2462 spiritali
3016 2394 3160 2449 victu
3197 2407 3544 2462 necarentur,

1926 2497 2088 2551 quam
2122 2497 2190 2533 ne
2213 2481 2460 2535 membra
2510 2483 2761 2553 corporis
2814 2485 2896 2538 sui
2942 2486 3411 2558 hostiliopprcssa
3445 2492 3547 2544 im-

1928 2580 2087 2642 pectu
2131 2580 2534 2644 torquerentur.
2561 2575 2785 2629 Paratus
2809 2577 2874 2630 ad
2902 2585 3215 2649 utrumque,
3251 2591 3330 2647 ut,
3365 2582 3409 2635 si
3434 2599 3542 2635 non

1925 2671 2110 2731 posset
2141 2661 2228 2715 hic
2249 2661 2386 2716 calix
2434 2663 2686 2728 transire,
2720 2663 3143 2722 lieretvoluntas
3171 2669 3292 2736 ejus
3323 2671 3542 2739 (Matth.

1925 2749 2204 2814 xxvr,42),
2244 2751 2339 2820 qui
2395 2750 2522 2804 mali
2577 2751 2783 2824 aliquid
2846 2770 2955 2808 non
3012 2766 3191 2826 potest
3235 2759 3398 2814 velle.
3433 2760 3540 2814 Nec

1927 2841 2241 2911 requirebat
2269 2858 2392 2913 qua:
2414 2859 2512 2896 sua
2538 2850 2684 2907 sunt,
2710 2845 2806 2897 sed
2832 2845 3050 2900 imitans
3089 2865 3216 2902 eum
3244 2849 3337 2921 qui
3365 2851 3500 2905 dixit
3531 2869 3542 2904 :

1925 2931 2040 2984 Non
2064 2925 2410 3002 quaeroquod
2445 2932 2576 2986 mihi
2613 2934 2743 2987 utile
2774 2945 2874 2998 est,
2911 2937 3010 2990 sed
3061 2938 3209 3008 quod
3251 2940 3456 3005 multis,
3487 2948 3546 2994 ut

1925 3023 2060 3078 salvi
2089 3022 2291 3094 liant([
2319 3026 2418 3080 Cor
2477 3043 2529 3091 x,
2564 3025 2672 3094 33).
2730 3027 2789 3081 Et
2835 3045 2902 3082 ne
2943 3030 3116 3103 magis
3147 3030 3410 3104 fugiendo
3442 3033 3547 3087 ob-

1926 3124 2071 3170 esset
2102 3117 2372 3186 exemplo,
2395 3134 2557 3188 quam
2581 3118 2816 3174 vivendo
2846 3121 3134 3190 prodesset
3158 3122 3366 3186 ofﬁcio,
3400 3124 3547 3178 nulla

1926 3207 2135 3261 ratione
2168 3207 2452 3260 consensit
2483 3224 2604 3261 esse
2656 3207 3004 3279 fugiendum.
3040 3210 3226 3281 Neque
3267 3222 3547 3282 tempora-

1925 3300 2032 3352 lem
2057 3307 2287 3353 mortem
2320 3301 2460 3367 (quia
2515 3299 2848 3370 quandoque
2906 3311 3138 3354 ventura
3191 3309 3294 3366 est,
3325 3303 3544 3358 etiamsi

1924 3391 2219 3455 caveatur),
2252 3391 2348 3443 sed
2375 3401 2636 3445 :eternam
2667 3399 2806 3461 (qua:
2833 3399 3009 3460 potest
3060 3394 3103 3446 si
3145 3410 3254 3450 non
3287 3405 3548 3448 caveatur

1925 3482 2136 3550 venire,
2165 3490 2219 3535 et
2266 3489 2446 3552 potest
2492 3482 2534 3536 si
2570 3490 2827 3536 caveatur
2857 3483 3020 3537 etiam
3055 3500 3162 3538 non
3199 3486 3407 3544 veniret
3435 3485 3549 3540 for-

1922 3570 2137 3624 midans
2169 3587 2182 3634 ;
2214 3587 2322 3624 non
2367 3570 2472 3623 sibi
2534 3570 2774 3640 placens,
2832 3587 2932 3625 nec
2964 3588 3255 3640 personam
3303 3590 3457 3628 suam
3493 3576 3546 3629 in

1924 3659 2088 3714 tantis
2119 3659 2375 3730 periculis
2400 3659 2527 3734 fuga
2555 3659 2885 3733 digniorem,
2939 3669 3128 3730 utpote
3159 3663 3333 3739 gratia
3367 3665 3551 3718 excel—

1923 3751 2152 3813 lentem,
2187 3748 2466 3816 judicans,
2501 3764 2566 3802 nc
2617 3749 2981 3803 ministerium
3050 3750 3103 3803 in
3166 3750 3251 3804 his
3307 3752 3545 3807 maxime

1921 3837 2179 3908 periculis
2230 3838 2623 3903 necessarium,
2684 3855 2746 3893 ac
2799 3837 3070 3902 debitum,
3121 3839 3540 3894 subtraheretur

1923 3931 2195 3987 Ecclesiae.
2217 3930 2354 3996 Non,
2391 3938 2447 3984 ut
2479 3930 2853 3986 mercenarius
2877 3931 3069 3984 videns
3101 3931 3290 4002 lupum
3311 3932 3542 3987 venien-

1924 4031 2053 4083 tem,
2084 4021 2328 4075 dimissis
2381 4020 2577 4076 ovibus
2630 4020 2789 4096 fugit,
2831 4021 2929 4075 sed
2985 4031 3043 4074 ut
3101 4031 3287 4092 pastor
3341 4021 3554 4109 bonus.

1927 4127 2024 4182 pro
2045 4127 2214 4183 grege
2256 4111 2364 4164 sibi
2399 4111 2610 4165 credito
2640 4111 2880 4164 animam
2923 4111 3306 4180 paratissimus
3340 4113 3546 4171 obtulit

1924 4205 2083 4271 (Joun
2137 4220 2188 4268 x,
2215 4204 2430 4271 ἨΛ-2).
2470 4203 2530 4256 Et
2554 4204 2702 4274 quod
2737 4204 2936 4258 melius
2987 4204 3265 4278 agendum
3300 4204 3547 4262 invenire

1925 4296 2358 4367 potuit.sedulas
2389 4295 2456 4350 ad
2489 4296 2778 4350 Dominum
2816 4313 2913 4367 pro
2948 4313 3006 4351 se
3038 4297 3265 4369 suisque
3315 4297 3548 4354 fundere

1922 4405 2117 4460 preces
2145 4388 2328 4459 elegit.
2365 4387 2620 4462 Fatigatis
2662 4388 2828 4462 igitur
2859 4389 3079 4443 tandem
3145 4390 3552 4460 praeliatoribus

1925 4477 2339 4548 impugnationc
2371 4476 2654 4542 continua,
2688 4477 2938 4532 excubiis
2968 4485 3022 4532 et
3076 4478 3278 4543 inedia,
3319 4479 3553 4536 furenti-

198 4569 424 4640 gionem
439 4578 494 4623 et
521 4586 711 4623 verum
741 4571 836 4624 Dei
889 4569 1094 4625 cultum
1120 4585 1218 4640 per
1249 4567 1629 4638 paenitentiam
1663 4582 1822 4620 rcvo-
1848 4548 1902 4615 D
1922 4571 2139 4642 busque
2170 4571 2596 4642 circumquaque
2619 4571 2892 4636 hostibus,
2914 4587 2976 4624 ac
3000 4569 3214 4626 fortiter
3240 4571 3386 4627 bello
3419 4589 3550 4628 con-

199 4671 413 4727 carent,
463 4678 526 4716 ac
575 4669 737 4717 tanta:
785 4662 1188 4733 persecutionis
1223 4668 1277 4715 et
1322 4661 1519 4714 divinze
1574 4660 1825 4713 animad—

198 4752 474 4808 versionis
503 4753 745 4828 gladium
777 4754 846 4809 ab
880 4754 1134 4809 Ecclesiae
1173 4752 1481 4808 cervicibus
1510 4760 1820 4806 avocarent.

201 4842 332 4907 Sed,
358 4842 497 4912 proh
521 4840 676 4895 nefas
710 4840 722 4893 ι
776 4845 1004 4912 Impius,
1051 4851 1107 4897 ut
1160 4842 1424 4912 scriptum
1480 4850 1582 4902 est,
1617 4857 1735 4895 cum
1767 4843 1822 4894 in

195 4934 540 5003 profundum
588 4939 926 5002 peccatorum
982 4937 1207 5003 venerit,
1279 4937 1564 4988 contem-nit
1638 4936 1817 4999 (Prov.

201 5038 351 5085 xviii,
408 5021 482 5088 3),
539 5021 870 5076 salutaribus
924 5039 1114 5077 eorum
1169 5023 1458 5094 praeceptis
1511 5023 1822 5076 nullatenus

202 5109 681 5180 obtemperabant.
722 5111 784 5164 At
814 5111 894 5166 vir
923 5111 1275 5166 beatissimus
1325 5112 1572 5166 Nicasius
1603 5112 1819 5182 prmsul,

203 5201 537 5256 instantibus
565 5202 785 5268 studiis,
827 5204 1214 5274 continuisque
1254 5204 1519 5259 doctrinis
1549 5220 1612 5257 ac
1644 5203 1824 5272 preci-

203 5295 324 5359 bus,
356 5293 624 5364 populum
676 5293 771 5347 Dei
827 5296 894 5349 ad
927 5295 1307 5366 paenitentiam
1339 5313 1435 5350 seu
1479 5294 1820 5365 patientiam,

203 5395 254 5440 et
280 5387 621 5456 triumphum
653 5387 894 5456 martyrii
936 5388 1286 5458 provocabat,
1323 5404 1384 5442 ut
1413 5404 1552 5458 quos
1606 5388 1824 5441 incauta

205 5478 537 5550 prosperitas
567 5477 636 5531 ad
662 5475 986 5534 offensionis
1028 5480 1318 5551 impulerat
1347 5480 1583 5546 foveam,
1618 5480 1818 5534 adver-

201 5569 371 5623 sitatis
403 5567 607 5621 devota
637 5567 947 5636 tolerantia,
992 5585 1102 5624 non
1127 5568 1397 5637 judicium
1430 5567 1817 5638 damnationis,

202 5663 292 5717 sed
321 5661 560 5737 gratiam
589 5659 952 5731 purgationis,
977 5679 1310 5734 causamque
1339 5661 1530 5716 salutis
1552 5660 1815 5717 efﬁceret.

204 5753 414 5807 Interea
474 5755 934 5806 castrametantur
985 5751 1204 5825 agmina
1233 5750 1626 5807 Wandalorum
1673 5751 1818 5806 circa

1926 4663 2264 4719 cutientibus
2291 4663 2501 4730 urbem,
2538 4663 2706 4718 nimio
2742 4665 2963 4719 terroris
3003 4663 3165 4718 ttedio
3201 4663 3392 4720 civitas
3422 4668 3552 4720 uni-

1925 4773 2081 4812 versa
2112 4757 2382 4828 perculsa,
2410 4757 2476 4811 ad
2521 4755 2926 4812 sanctissimum
2986 4756 3254 4811 Nicasium
3310 4757 3364 4810 in
3424 4775 3550 4814 ora-

1923 4850 2168 4906 tionibus
2196 4858 2524 4922 prostratum
2578 4852 2895 4915 decurrunt,
2931 4849 3170 4904 futuram
3207 4867 3545 4922 paganorum

1923 4939 2206 4995 victoriam
2242 4941 2714 5011 pertimescentes,
2771 4948 2825 4995 et
2854 4939 3116 4994 auxilium
3154 4941 3548 4996 consolationis

1923 5032 2084 5087 abeo
2112 5034 2262 5087 velut
2319 5051 2348 5087 a
2405 5043 2557 5104 patre
2611 5033 2731 5100 ﬁlii,
2785 5033 3145 5104 requirentes.
3208 5035 3549 5108 lnterrogant

1925 5125 2057 5196 quid
2085 5126 2275 5179 utilius
2306 5126 2522 5179 consilii
2579 5126 2889 5181 faciendum
2943 5127 3226 5191 decernat,
3260 5126 3547 5180 autscrvi-

1929 5213 2024 5268 tuti
2047 5216 2294 5286 gentium
2323 5231 2443 5268 sese
2470 5215 2710 5281 tradere,
2761 5224 2852 5269 aut
2878 5215 2945 5269 ad
2977 5221 3206 5269 mortem
3241 5231 3416 5285 usque
3444 5233 3543 5285 pro

1926 5301 2099 5355 salute
2133 5302 2287 5356 urbis
2320 5302 2601 5357 dimicare.
2649 5305 2844 5358 Beatus
2902 5313 3084 5358 autem
3149 5303 3399 5358 Nicasius
3430 5320 3545 5359 cce-

1925 5393 2052 5447 litus
2083 5393 2268 5447 divina
2289 5394 2584 5463 praesciens
2603 5395 2955 5462 revelatione,
2986 5396 3278 5451 Remorum
3305 5396 3542 5451 subver-

1923 5483 2141 5538 tendam
2204 5483 2497 5547 civitatem,
2568 5487 2860 5541 consolans
2915 5502 3030 5552 eos,
3126 5486 3544 5558 infatigabiliter

1924 5571 2134 5628 Domini
2167 5573 2518 5643 supplicabat
2560 5574 2892 5642 clementiae,
2918 5584 3192 5648 quatenus
3220 5577 3337 5631 haec
3366 5575 3541 5630 tribu-
3607 5604 3616 5609 -

1920 5662 2047 5717 latio
2079 5663 2269 5718 mortis
2313 5663 2681 5733 temporariae,
2737 5682 2845 5720 non
2892 5667 2960 5720 ad
3009 5667 3300 5734 judicium,
3335 5665 3432 5719 sed
3473 5667 3542 5720 ad

1920 5749 2343 5823 indulgentiam,
2385 5751 2812 5824 persistentibus
2868 5755 2924 5808 in
2962 5771 3091 5810 vera
3147 5755 3276 5810 ﬁdei
3327 5753 3549 5810 confes-
