3970 6212
504 275 573 328 39
1631 262 1993 319 FLODOARDI
2036 258 2338 318 CANONICI
2378 264 2704 322 REMENSIS
3709 290 3758 344 40

503 409 662 462 sione
694 408 985 478 ΡΙὉηοθΓρι
1018 422 1032 462 ς
1065 419 1163 475 pro
1211 403 1406 455 animm
1453 415 1698 473 pugnare
1755 398 1950 461 salute,
2007 410 2116 449 non
2146 398 2189 462 Α
2220 411 2327 465 que
2387 395 2883 467 triumphatoribus
2955 403 3179 470 sanctis,
3222 405 3445 476 adipisci
3496 418 3756 480 promeruit-

499 497 665 550 armis
692 494 1019 559 visibilibus,
1067 492 1163 546 sed
1198 489 1385 561 probis
1437 487 1643 541 docens
1691 485 1961 545 moribus,
2005 499 2112 537 non

497 583 862 653 corporalium
898 582 1097 636 fiducia
1118 579 1335 645 virium,
1387 577 1482 631 sed
1528 574 1857 645 spiritalium
1893 572 2111 627 exerci-

502 672 707 727 tatione
732 673 1014 726 virtutum.
1063 670 1209 723 llanc
1238 683 1534 738 supernam
1560 666 1705 733 justo
1732 663 1826 717 Dei
1875 662 2111 730 judicio,

499 764 843 832 peccantium
876 760 1181 815 sceleribus
1221 758 1509 811 excitatam
1552 755 1937 807 demonstrans
1963 750 2109 804 indi-

496 854 795 926 gationem.
828 853 1045 906 Certum
1090 848 1284 903 salutis
1337 848 1390 901 id
1426 845 1730 917 prazdicans
1765 858 1884 896 esse
1929 842 2113 896 consi-

499 942 649 1004 lium,
679 943 723 996 si
756 942 822 997 ad
859 941 1044 995 divina
1088 936 1403 1008 compuncti
1462 934 1678 1007 flagella
1726 937 2114 986 converterent

493 1035 761 1102 animum,
794 1033 1161 1104 suscipientes
1195 1031 1311 1083 haec
1340 1044 1449 1082 non
1492 1025 1647 1079 inviti
1675 1030 1767 1078 aut
1803 1023 2108 1093 desperan-

493 1131 596 1186 tes.
632 1134 691 1179 ut
720 1121 1026 1196 iniquitatis
1054 1119 1151 1173 filii
1179 1137 1193 1184 ;
1223 1117 1355 1190 quin
1404 1116 1677 1187 patientes
1703 1129 1766 1167 ac
1810 1112 2104 1179 mansueti,

491 1232 591 1270 ceu
642 1214 738 1269 filii
794 1213 1031 1286 pietatis,
1066 1211 1334 1282 promissa
1382 1206 1538 1280 regni
1588 1205 1827 1261 cmlestis
1881 1204 2105 1275 praemia

489 1308 824 1380 percepturi.
868 1306 1170 1360 Exhortans
1194 1317 1312 1369 eos,
1338 1316 1435 1370 spe
1465 1299 1658 1353 salutis
1713 1306 1934 1353 aeternae
1962 1314 2104 1367 pra).-

488 1409 701 1454 sentem
733 1396 1086 1453 devotissime
1128 1392 1355 1448 sufferre
1383 1390 1815 1456 tribulationem,
1846 1390 2102 1460 ultroque

487 1492 703 1562 seipsos
741 1491 810 1546 ad
832 1492 975 1545 hanc
1011 1487 1205 1544 offerre
1262 1495 1701 1541 momentaneam
1753 1498 1966 1549 necem,
1993 1496 2101 1553 quo

490 1584 733 1637 debitam
800 1580 1045 1636 reatibus
1104 1588 1382 1650 perpetuae
1437 1576 1808 1632 damnationis
1866 1575 2100 1629 evadere

490 1683 834 1729 mererentur
862 1673 1152 1737 ultionem,
1206 1679 1479 1743 quatenus
1534 1669 1614 1723 eis
1661 1684 1809 1724 mors
1838 1683 2097 1738 praesens.

489 1780 597 1819 non
624 1764 976 1837 supplicium,
999 1764 1094 1817 sed
1119 1763 1422 1816 animarum
1456 1760 1611 1815 fieret
1632 1776 1877 1832 perenne
1923 1775 2105 1814 reme-

486 1854 659 1909 dium.
693 1854 795 1908 Pro
818 1851 1058 1906 inimicis
1081 1866 1177 1905 eos
1207 1849 1369 1904 etiam
1417 1850 1722 1904 admonens
1764 1864 2011 1916 exorare,
2043 1858 2103 1905 ut

485 1944 705 1997 tandem
762 1940 1063 2012 aliquando
1124 1939 1515 2010 resipiscerent
1571 1938 1639 1991 ab
1715 1937 2100 2008 iniquitatibus

482 2031 619 2094 suis,
659 2038 715 2085 et
765 2030 859 2101 qui
906 2028 1141 2082 ministri
1208 2034 1338 2081 tunc
1390 2025 1721 2080 videbantur
1773 2025 2094 2096 impietatis,

482 2132 708 2193 possent
738 2123 977 2176 cultores
998 2136 1393 2191 nonnunquam
1422 2118 1663 2190 pietatis,
1686 2124 2096 2189 scctatoresque

481 2214 596 2268 fieri
631 2213 877 2269 veritatis
923 2213 1175 2283 Seipsum
1206 2218 1454 2282 paratum
1487 2227 1606 2264 esse
1636 2211 2000 2281 dcpromens,
2038 2219 2097 2265 ut

480 2304 684 2361 bonum
713 2307 872 2360 decet
902 2313 1198 2376 pastorem,
1251 2320 1350 2375 pro
1381 2304 1579 2359 ovibus
1608 2304 1846 2358 animam
1885 2320 2092 2374 ponere

476 2402 652 2463 (Joan.
672 2416 723 2462 χ,
764 2399 867 2467 ti),
902 2405 1338 2469 praesentemque
1367 2397 1530 2451 vitam
1554 2407 1931 2459 contemnere,
1958 2414 2095 2468 qua-

475 2498 636 2543 tenus
663 2488 767 2559 ipsi
797 2496 1149 2559 peccatorum
1182 2488 1395 2541 veniam
1428 2496 1482 2542 et
1502 2488 1735 2542 salutem
1766 2505 1953 2543 secum
1978 2504 2094 2542 me.-

478 2590 733 2634 rerentur
774 2588 1035 2635 aeternam
1068 2581 1342 2651 accipere.
1385 2580 1583 2635 Aderat
1608 2581 1773 2635 etiam
1832 2598 2096 2655 germana

475 2688 574 2726 sua
641 2671 800 2726 beata
865 2671 1142 2741 EutrOpia,
1222 2671 1376 2743 virgo
1435 2670 1636 2725 Christi
1697 2672 2090 2741 sacratissima,

475 2777 596 2833 quae
631 2762 702 2817 ob
730 2761 998 2817 castitatis
1030 2762 1414 2826 munitionem,
1440 2762 1841 2817 sanctissimum
1873 2780 2093 2834 semper

476 2854 748 2909 imitando
780 2864 835 2908 et
888 2854 1225 2909 adhaerendo
1272 2853 1627 2925 sequebatur»
1656 2856 2000 2927 episcOpum,
2033 2866 2091 2910 ut

474 2944 612 2999 etab
645 2943 990 3015 spiritalibus
1043 2944 1223 2999 aliena
1272 2945 1536 3017 nequitiis
1579 2962 1609 3000 a
1644 2947 1875 3001 Domino
1907 2964 2092 3001 serva-

474 3043 626 3087 retur
668 3032 880 3105 puritas
927 3033 1150 3099 mentis,
1197 3040 1251 3087 et
1298 3050 1329 3087 a
1377 3034 1678 3088 carnalium
1734 3036 2088 3106 corruptione

472 3121 903 3177 delectationum
929 3121 1486 3194 tegereturimmunis
1508 3121 1791 3194 integritas
1818 3124 2084 3194 corporis.

469 3212 642 3268 Ambo
676 3213 864 3283 itaque
913 3212 1134 3282 plebem
1177 3212 1269 3265 Dei
1303 3228 1401 3283 pro
1448 3212 1660 3267 viribus
1717 3214 1781 3267 ad
1831 3231 2090 3269 coronam

471 3303 714 3373 martyrii
740 3304 846 3374 piis
878 3304 1355 3360 exhortationibus
1385 3305 1723 3369 animabant,
1776 3314 1831 3361 et
1857 3323 2090 3381 agonem

469 3392 712 3450 victoria:
750 3396 863 3450 suae
887 3396 1145 3452 'Domino
1180 3397 1441 3469 precibus
1471 3399 1950 3453 commendabant.
2001 3401 2095 3466 Dei

468 3487 691 3541 tandem
724 3488 946 3543 decreto
991 3489 1205 3558 judicio
1259 3490 1585 3561 irruptionis
1625 3491 1737 3558 die,
1770 3492 1900 3546 dum
1926 3511 2096 3566 paga-

467 3590 660 3630 norum
695 3576 1052 3632 furibundum
1105 3579 1296 3634 bcatus
1350 3580 1549 3650 praesul
1599 3582 1847 3636 Nicasius
1878 3582 2086 3638 irruere

464 3668 737 3738 comperit
768 3669 1056 3739 impetum,
1076 3671 1251 3724 sancti
1274 3671 1516 3742 Spiritus
1545 3672 1745 3728 virtute
1772 3674 2079 3741 roboratus,

464 3755 603 3809 alma
626 3756 925 3812 comitante
957 3772 1164 3820 sorore,
1190 3775 1318 3812 cum
1353 3760 1572 3829 hymnis
1605 3770 1659 3815 et
1703 3763 1933 3817 canticis
1964 3763 2081 3833 spi—

462 3848 714 3902 ritalibus
761 3848 828 3903 ad
859 3849 1058 3902 ostium
1101 3847 1344 3906 basilicae
1400 3863 1602 3908 sancta
1656 3855 1749 3909 Dei
1797 3857 2082 3931 genitricis

462 3939 664 4005 Mariae,
698 3955 860 4011 quam
890 3938 959 3993 ab
985 3940 1179 3994 eodem
1201 3941 1256 3995 in
1280 3942 1443 4011 hujus
1465 3945 1617 4000 urbis
1642 3963 1767 4001 arce
1792 3947 2075 4003 fundatam

462 4028 912 4092 memoravimus,
954 4028 1188 4083 traditur
1225 4033 1552 4093 occurrisse.
1609 4036 1852 4107 dumque
1876 4039 2076 4093 divina)

460 4119 684 4175 deditus
708 4120 1050 4191 psalmodiae,
1094 4138 1311 4178 versum
1370 4126 1603 4183 Domino
1633 4129 1953 4185 Davidicum
1986 4130 2078 4202 pia

458 4223 594 4262 voce
627 4208 900 4275 decantat,
933 4208 1193 4280 inquiens
1222 4229 1236 4266 :
1276 4215 1525 4270 Adhmsit
1550 4221 1858 4287 pavimento
1888 4223 2077 4274 anima

456 4317 575 4355 mea
606 4302 769 4369 (Psal.
802 4319 981 4362 cxvm.
1012 4302 1083 4356 25
1107 4344 1121 4369 ,
1164 4322 1310 4372 mox,
1361 4307 1694 4382 insequente
1741 4313 1926 4385 gladio
1953 4329 2072 4367 cer-

456 4390 633 4445 vicem
687 4390 834 4455 caesi,
863 4390 1091 4446 verbum
1151 4394 1373 4465 pietatis
1414 4399 1482 4453 ab
1539 4417 1635 4456 ore
1693 4419 1801 4459 non
1843 4406 2069 4470 defecit,

458 4483 638 4553 capite
670 4483 725 4536 in
764 4493 962 4539 terram
978 4486 1232 4555 cadente,
1267 4489 1791 4563 immortalitatis(ut
1821 4499 2076 4563 traditur)

456 4576 785 4630 sententiam
820 4589 1114 4649 prosecute
1147 4599 1159 4635 :
1194 4584 1422 4651 Vioz'ﬁca
1442 4602 1523 4639 me
1540 4588 1829 4643 secundum
1857 4592 2078 4645 verbum

452 4673 607 4723 tuum
625 4669 839 4738 (Ibid.),
869 4671 1160 4729 inferendo
1190 4674 1313 4746 [ms.
1347 4676 1500 4730 addit
1529 4678 1790 4749 Domine].

523 4758 719 4813 Sancta
751 4777 884 4816 vero
917 4763 1179 4834 EutrOpia
1216 4763 1416 4816 videns
1446 4763 1788 4834 impietatem
1838 4767 1982 4824 circa
2012 4787 2071 4843 se

449 4852 976 4929 quasimitigatam,
1011 4862 1065 4911 et
1096 4854 1567 4926 pulchritudinem
1590 4874 1741 4912 suam
1775 4875 1873 4915 ceu
1905 4879 2074 4935 paga-

450 4955 651 4995 norum
676 4940 872 4997 litibus
904 4950 1257 4997 reservatam.
1288 4959 1456 5014 super
1482 4946 1738 5000 eumdem
1767 4950 2072 5005 sacerdotis

445 5031 863 5089 interfectorem
905 5034 1182 5100 insiliens,
1209 5051 1524 5107 magnoque
1554 5038 1794 5096 clamore
1826 5040 2070 5113 increpi-

443 5129 587 5188 tans,
619 5128 675 5176 et
704 5123 770 5176 ad
807 5122 1049 5190 martyrii
1091 5122 1175 5177 sui
1209 5122 1415 5179 bellum
1449 5142 1781 5197 provocans,
1812 5130 2063 5207 sacrilegi

440 5210 597 5280 alapa
621 5209 817 5265 faciem
839 5210 1105 5280 percussi,
1129 5211 1344 5280 oculos,
1380 5214 1552 5269 divini
1585 5215 1786 5272 virtute
1817 5219 2065 5273 numinis

442 5300 681 5366 evulsos,
715 5299 770 5353 in
806 5308 1005 5353 terram
1034 5301 1285 5371 proditur
1301 5302 1583 5360 effudisse.
1614 5305 1744 5369 Quae
1770 5323 1891 5362 mox
1923 5309 2065 5361 insa-

441 5390 711 5445 nientium
738 5390 1160 5469 ferrojugulata,
1190 5412 1344 5452 sacro
1358 5395 1480 5453 fuso
1507 5399 1796 5473 sanguine.
1824 5400 2060 5471 palmam

435 5479 680 5536 victoriae
702 5498 821 5538 cum
847 5499 1109 5556 germano
1130 5500 1231 5540 suo
1264 5485 1524 5557 pontifice
1556 5486 1773 5555 Christi,
1805 5488 2057 5543 caeteris-

2111 3079 2161 3147 C

2097 4541 2154 4609 D

2218 481 2389 535 Fuere
2420 481 2695 554 siquidem
2747 490 3022 555 nonnulli,
3084 498 3190 546 tam
3242 509 3304 547 ex
3348 495 3507 562 clero,
3553 515 3687 571 quam
3711 518 3757 557 ex

2215 572 2395 627 laicali
2428 585 2594 641 coetu,
2630 580 2957 634 constantia:
2995 582 3157 650 hujus
3196 594 3579 644 consectatores
3602 608 3654 647 ac
3690 610 3759 649 co-

2216 664 2395 731 mites,
2432 666 2525 737 qui
2554 684 2653 737 per
2681 673 2968 738 praesentis
2990 673 3291 731 tolerantiae
3324 677 3752 750 participationem.

2214 762 2435 808 aeterna:
2476 755 2835 813 beatitudinis
2864 776 2989 815 cum
3023 762 3127 818 hoc
3156 763 3468 823 beatissimo
3528 768 3660 825 Patre
3683 789 3754 827 suo

2213 843 2477 913 consequi
2520 852 2803 900 certavere
2868 850 3441 908 communicationem.
3491 856 3620 911 [nter
3652 874 3756 930 quos

2215 934 2523 989 Florentius
2548 937 2832 1002 diaconus,
2895 948 2949 995 et
2998 941 3193 998 beatus
3241 945 3512 1002 .locundus
3537 950 3755 1007 exstitisse

2208 1026 2497 1082 clarissimi
2529 1028 2886 1096 referuntur;
2936 1049 3171 1105 quorum
3227 1038 3403 1108 capita
3455 1039 3617 1095 Remis
3664 1053 3754 1112 post

2208 1118 2378 1173 altare
2409 1129 2610 1176 sancta:
2634 1122 3042 1197 Deigenitricis
3096 1127 3277 1183 Mariae
3308 1130 3555 1185 tumulata
3581 1147 3754 1187 servan-

2206 1212 2309 1259 tur.
2348 1207 2613 1263 Barbaros
2670 1211 2841 1284 igitur
2882 1213 2950 1267 do
2972 1218 3281 1272 constantia
3310 1218 3545 1294 virginis,
3582 1227 3627 1275 et
3660 1237 3754 1291 pro-

2206 1294 2313 1349 fani
2348 1298 2707 1367 Speculatoris
2735 1300 3029 1358 subitanea
3067 1306 3420 1361 mulctationc
3460 1307 3749 1379 stupefactos,

2205 1386 2424 1455 expleta
2481 1388 2629 1443 crede
2682 1406 2838 1445 sacro
2897 1393 3201 1449 mundante
3265 1411 3485 1462 cruore,
3547 1396 3753 1451 terribilis

2204 1492 2397 1532 omnes
2430 1480 2626 1535 horror
2668 1481 2885 1548 invasit,
2946 1485 3101 1556 quasi
3154 1488 3403 1543 cmlestes
3454 1487 3587 1543 acies
3628 1489 3753 1543 dimi-

2203 1578 2412 1636 cantes,
2436 1572 2571 1626 tanti
2614 1575 2839 1629 sceleris
2869 1576 3118 1633 vindices
3158 1580 3502 1650 aspicientes,
3531 1580 3633 1652 ipsa
3652 1596 3751 1652 quo.

2208 1675 2316 1729 que
2348 1660 2629 1717 horrendo
2662 1663 2924 1720 reboante
2949 1665 3181 1723 basilica
3199 1669 3401 1725 sonitu.
3435 1669 3633 1723 Relictis
3653 1684 3751 1743 ergo

2207 1753 2408 1819 passim
2440 1756 2677 1825 spolliis,
2740 1757 2928 1813 territa
2976 1759 3365 1817 Wandalorum
3413 1762 3626 1836 agmina,
3653 1761 3749 1814 dum

2203 1843 2443 1900 divinam
2476 1854 2732 1904 metuunt
2769 1850 3056 1917 ultionem,
3108 1853 3533 1909 irrevocabiliter
3573 1869 3654 1925 per
3690 1852 3752 1906 di-

2204 1953 2356 1991 versa
2385 1937 2679 2009 fugientes,
2728 1941 2970 1997 invasam
3001 1944 3204 2015 trepidi
3233 1946 3485 2001 deserunt
3512 1946 3749 2001 civitatem.

2200 2029 2312 2093 Qua
2341 2030 2433 2085 diu
2495 2033 2575 2087 sic
2621 2041 2878 2089 manente
2936 2036 3203 2101 solitaria,
3264 2035 3567 2091 Christianis
3602 2035 3676 2107 qui
3700 2033 3749 2087 ad

2200 2120 2540 2176 munitiones
2572 2125 2841 2180 montium
2877 2125 3154 2201 fugerant,
3198 2128 3531 2183 incursiones
3559 2142 3751 2200 pagano-

2197 2226 2315 2264 rum
2350 2212 2774 2282 trepidantibus,
2808 2216 3039 2289 paganis
3080 2232 3215 2272 vero
3272 2217 3511 2272 ccelestos
3554 2231 3669 2288 quos
3693 2213 3749 2282 ibi

2196 2300 2535 2369 pertulerant
2592 2304 2848 2358 horrores
2903 2305 3440 2375 pertimescentibus,
3493 2306 3582 2359 sub
3609 2304 3750 2357 divina

2197 2392 2462 2447 duntaxat
2509 2394 2869 2468 angelicaquc
2928 2398 3201 2465 custodia,
3259 2408 3551 2453 sanctorum
3599 2410 3747 2450 serva-

2195 2485 2397 2540 bantur
2428 2486 2563 2541 inibi
2598 2497 2895 2559 martyrum
2927 2505 3159 2561 corpora
3193 2509 3208 2557 ;
3240 2482 3340 2547 ita'
3366 2499 3422 2546 ut
3452 2490 3500 2543 in
3548 2487 3748 2542 noctibus

2196 2578 2421 2653 alonge
2449 2580 2697 2635 cmlestia
2718 2590 3077 2636 cernerentur
3123 2582 3354 2647 lumina,
3396 2593 3447 2637 et
3495 2579 3747 2637 suavissimi

2194 2667 2429 2722 sidereis
2455 2686 2816 2740 supcrnarum
2852 2671 2972 2727 soni
3020 2671 3286 2727 virtutum
3328 2673 3529 2727 choreis
3569 2669 3751 2724 dulciter

2194 2756 2573 2823 reboantibus,
2606 2759 2932 2815 audirentur
2961 2778 2991 2815 a
3042 2762 3328 2817 nonnullis
3366 2761 3603 2815 carmina.
3633 2758 3749 2813 Unde

2192 2851 2511 2906 ctccelestis
2558 2852 2815 2907 victoria:-
2850 2854 3193 2909 rcvelatione
3246 2854 3523 2909 confortati
3571 2852 3747 2907 tandem

2192 2943 2589 3014 concives,qui
2631 2944 2695 2998 ad
2729 2944 3052 3016 sepelienda
3092 2957 3406 3003 sanctorum
3450 2960 3666 3016 corpora,
3687 2944 3752 2997 di-

2190 3032 2318 3088 vina
2348 3040 2728 3087 remanserant
2759 3034 3128 3103 providentia,
3160 3053 3283 3091 cum
3318 3053 3527 3108 precum
3561 3035 3678 3089 votis
3699 3033 3748 3086 ad

2192 3125 2384 3178 urbem
2402 3125 2780 3196 regredientes
2794 3126 3239 3184 inaestimabilem
3263 3129 3533 3185 suavitatis
3550 3128 3748 3189 odorem,

2197 3212 2292 3268 ubi
2319 3220 2637 3267 sanctorum
2669 3214 3074 3270 decorabantur
3100 3215 3752 3289 fumera,herariunt,gau-

2193 3306 2400 3378 (lioque
2452 3308 2850 3377 permiscentes
2916 3309 3209 3381 gemitum,
3270 3310 3571 3381 lacrymosis
3605 3305 3751 3362 Domi-

2198 3411 2328 3448 num
2361 3395 2619 3450 laudibus
2646 3395 3113 3469 magnificant,,et
3144 3400 3214 3453 ad
3256 3399 3609 3455 tumulandum
3633 3410 3750 3450 sacra

2196 3499 2254 3537 se
2279 3493 2655 3554 praeparantes
2696 3484 2948 3558 pignora,
2981 3489 3246 3559 congruis
3272 3505 3335 3543 ea
3364 3489 3499 3543 circa
3524 3486 3749 3540 civitatem

2195 3572 2331 3626 locis
2371 3580 2700 3627 veneranter
2732 3576 3055 3631 recondunt.
3109 3577 3417 3633 Beatissimi
3448 3592 3566 3631 vero
3593 3570 3748 3629 Nicasii

2187 3661 2437 3731 przrsulis
2466 3679 2529 3717 ac
2551 3663 2755 3718 sororis
2796 3664 2933 3731 ejus,
2985 3667 3353 3721 sacratissima
3394 3663 3680 3725 solemniter
3704 3660 3745 3713 in

2183 3751 2500 3805 cucmeterio
2525 3751 2699 3805 sancti
2758 3752 3048 3824 Agricolae,
3090 3755 3301 3826 templo
3353 3747 3747 3826 quondamaJo-

2181 3839 2334 3903 vino,
2396 3839 2861 3894 Christianissimo
2920 3841 3179 3899 Romanae
3242 3844 3450 3898 militiae
3510 3840 3743 3913 magistro,

2183 3932 2350 4007 longe
2381 3932 2591 3987 scilicet
2620 3942 2748 3988 ante
2792 3932 3040 4000 fundato,
3085 3936 3484 4011 magnificoque
3516 3935 3743 4008 decorata.

2178 4024 2454 4079 collocant
2507 4025 2771 4089 membra,
2813 4036 2871 4080 ut
2926 4038 3218 4098 appareat,
3277 4030 3525 4084 instinctu
3583 4023 3742 4078 divina:

2180 4113 2604 4185 procurationis,
2647 4114 2713 4167 ad
2771 4114 3111 4171 celebritatis
3180 4119 3409 4174 istorum
3473 4113 3739 4191 dignitatem

2176 4203 2373 4276 magis,
2407 4220 2569 4274 quam
2620 4203 2689 4257 ad
2738 4203 2929 4274 primae
2982 4215 3341 4277 praeparatam
3390 4206 3548 4261 fuisse
3589 4196 3741 4256 condi-

2178 4290 2348 4345 tionis
2381 4292 2781 4346 auctoritatem.
2842 4294 2990 4349 Hanc
3021 4304 3203 4350 autem
3234 4296 3508 4351 basilicam
3540 4293 3598 4363 (ἓξ
3628 4300 3738 4359 [πῖθ’

2177 4381 2354 4437 factus
2380 4382 2464 4437 vir
2491 4384 2741 4449 Jovinus,
2775 4385 2862 4440 his
2904 4387 3177 4458 versibus,
3228 4404 3395 4445 aureo
3442 4377 3735 4459 prtetilulﬂt’“

2177 4470 2398 4525 decore.

2240 4560 2379 4625 lj‘elix
2402 4561 2606 4625 militia:
2630 4562 2846 4625 sumpsit
2876 4564 3057 4614 devota
3077 4566 3287 4615 Iovinus

2238 4622 3245 4694 gingula,_virtutumiculmen‘provectus
3281 4630 3333 4678 in
3358 4629 3507 4677 altum
3579 4685 3587 4694 .

2238 4685 2420 4753 Bisque
2457 4687 2603 4735 datus
2645 4685 3104 4753 meritiscquitum,
3129 4692 3448 4753 peditumque
3473 4685 3683 4748 magister.

2240 4748 2429 4796 Extulit
2454 4757 2691 4797 teternum
2715 4748 3006 4801 szrculorum
3045 4753 3097 4801 in
3121 4748 3301 4802 szecula
3327 4748 3515 4807 nomen,

2238 4811 2331 4877 _Sed
2356 4810 2537 4873 pietate
2558 4813 2696 4877 gravi
2726 4821 2863 4877 tanta
2895 4815 2997 4862 haec
3027 4818 3275 4877 praeconia
3302 4816 3435 4865 vicit.

2233 4872 2550 4939 insignesque
2564 4872 2857 4939 triumphos
2878 4872 3129 4939 relligi'one
3153 4878 3354 4936 dicavit,

2238 4935 2297 5002 gt
2321 4935 2485 5002 quem“
2503 4935 2636 5002 fama
2658 4935 2810 4985 dabat
2835 4935 3263 5002 rebus'superaret
3286 4942 3531 4992 honorem.

2234 4997 2293 5064 Et
2319 4998 2474 5064 vitam
2491 4998 2653 5064 factis
2686 5011 2841 5061 posset
2868 4997 3373 5064 sperare-perennem.

2230 5058 2468 5121 Conscius
2491 5060 2571 5108 hic
2597 5058 2766 5109 sancto
2792 5058 2972 5112 marian
2984 5064 3042 5111 tis
3068 5058 3201 5113 fonte
3221 5065 3411 5121 salutis,

2230 5120 2982 5189 S_edcm_vivaccm_morihundis
3016 5141 3195 5189 ponere
3221 5127 3467 5181 membris,

2229 5184 2461 5248 Corporis
2482 5185 2756 5248 hospitium
2780 5187 2922 5236 laetus
2945 5184 3154 5238 metator
3178 5188 3403 5245 adornat,

2229 5247 2525 5296 Reddendos
2548 5247 2665 5296 vitta
2690 5248 2874 5297 solvari
2906 5251 3132 5300 providet
3164 5260 3317 5300 artus.

2225 5308 2806 5376 anipotensChi-isms
2830 5308 2983 5374 judex
3007 5313 3320 5376 venerabilis,
3357 5321 3496 5376 atque

2227 5372 2513 5439 '_l‘_er_r_i_l_)i|is,_
2530 5373 2625 5439 pie,
2649 5372 2967 5439 longanimis,
2996 5391 3107 5439 spes
3132 5375 3232 5423 tida
3255 5372 3548 5439 precantum,

2227 5433 2418 5500 ljlobilis
2438 5434 2646 5500 eximios
2665 5433 2867 5500 famulis
2885 5451 2982 5486 non
3012 5433 3227 5500 imputat
3252 5433 3404 5487 actus.

2223 5496 2340 5544 Plus
2368 5496 2503 5558 justo
2521 5496 2638 5545 fidei
2660 5512 2714 5545 ac
2746 5498 2944 5562 pietatis
2966 5496 3168 5562 praemia
3188 5500 3403 5549 vincant.

508 5707 584 5776 (2)
616 5707 740 5765 Haec
769 5709 939 5767 hodie
973 5718 1059 5767 est
1087 5710 1323 5767 ecclesia
1347 5711 1401 5768 S.
1436 5710 1603 5765 Nicsii
1632 5712 1914 5782 quomodo
1948 5713 2089 5767 intra
2115 5720 2361 5782 vocatur,
2401 5731 2431 5770 c
2460 5756 2473 5771 .
2508 5717 2594 5772 12.
