3970 6212
163 351 220 405 41
834 347 1155 404 HISTORIA?
1196 346 1534 403 ECCLESle
1578 346 1902 404 REMENSIS
1944 351 2118 409 LIBRI
2160 352 2483 418 QUATUOR.
2511 392 2581 400 ——-
2623 359 2743 415 LIB.
2789 360 2826 414 ι.
3432 364 3501 417 42

236 477 334 531 Ubi
378 485 736 548 posteaquam
777 486 905 532 sunt
947 479 1137 532 horum
1178 476 1433 546 deposita
1462 484 1772 531 sanctorum
1802 482 1849 547 Α
1875 483 2077 553 gratias
2099 494 2345 556 agentes,
2373 489 2871 544 nocturnasineunt
2901 489 3109 544 laudes.
3146 491 3359 555 Quibus
3381 490 3495 558 jam

165 575 458 635 martyrum
491 581 746 636 corpora,
776 566 1277 620 innumerabilibus
1307 566 1501 620 eadem
1535 564 1777 618 Ecclesia

162 665 371 711 constat
402 658 791 712 miraculorum
842 658 1015 730 signis
1046 659 1326 724 redimita,
1380 664 1438 711 ut
1494 665 1547 710 et
1586 670 1774 710 eorum

164 746 370 800 meritis
397 762 457 800 ac
484 746 764 816 precibus,
806 747 1102 801 multitudo
1133 746 1508 819 languentium
1540 760 1773 814 recupe-

166 837 389 891 rationis
444 838 583 892 inibi
642 838 909 909 percipiat
975 840 1337 903 alacritatem,
1395 846 1448 891 et
1512 835 1779 905 exemplis

163 924 403 995 ipsorum
427 927 585 996 plebs
605 928 672 981 ad
702 928 979 982 caelestem
1009 927 1338 998 [0,,devota]
1373 927 1549 979 discat
1578 939 1777 994 prope-

166 1030 279 1067 rare
300 1015 720 1070 sublimitatem.
762 1016 1007 1071 Meminit
1049 1017 1211 1084 hujus
1262 1015 1564 1069 barbarica:
1590 1028 1779 1082 perse-

163 1106 397 1160 cutionis
433 1107 628 1162 beatus
659 1109 1021 1178 Hieronymus
1072 1111 1248 1177 (epist.
1293 1109 1381 1173 ll)
1427 1106 1679 1161 scribens
1709 1104 1777 1157 ad

163 1194 455 1264 quamdam
472 1197 939 1251 adolescentulam
968 1198 1186 1252 viduam
1214 1195 1650 1268 Aggerunchiam
1679 1206 1779 1247 no-

163 1285 345 1351 bilem,
380 1294 441 1341 et
472 1288 767 1343 exhortans
797 1306 915 1343 eam
934 1290 1002 1344 de
1036 1289 1441 1360 perseverantia
1470 1288 1775 1348 viduitatis,

164 1377 232 1430 ita
260 1380 622 1433 memorando
681 1381 824 1434 inter
862 1389 1094 1435 caetera:
1155 1407 1179 1427 ιι
1239 1380 1677 1435 Innumerabiles
1716 1390 1770 1433 et

164 1464 549 1545 ferocissimte‘
576 1468 828 1523 nationes
858 1472 1144 1524 universas
1176 1471 1376 1524 Gallias
1406 1480 1767 1540 occuparunt.

163 1555 432 1625 Quidquid
464 1557 608 1611 inter
635 1559 797 1628 Alpes
823 1570 876 1613 et
910 1560 1249 1630 Pyrenaeum,
1285 1560 1431 1630 quod
1460 1560 1674 1613 Oceano
1721 1568 1775 1612 et

163 1647 342 1703 Rheno
402 1650 741 1715 includitur,
811 1652 1069 1715 Quadus,
1128 1652 1449 1719 Wandalus,
1510 1654 1773 1716 Sarmata,

164 1739 327 1805 Alani,
382 1742 651 1811 chides,
720 1743 945 1809 Heruli,
1004 1745 1271 1809 Saxones,
1335 1744 1775 1815 Burgundiones,

163 1828 467 1894 Alamanni,
496 1840 570 1896 et,
604 1846 636 1885 o
661 1832 899 1905 lugenda
919 1832 1258 1903 respublical
1293 1834 1480 1886 hostes
1510 1832 1774 1886 Pannonii
1805 1847 1853 1912 Β

163 1928 528 1976 vastaverunt.
581 1926 792 1978 Etenim
854 1926 1038 1979 Assur
1088 1928 1230 1978 venit
1284 1941 1403 1978 cum
1452 1926 1561 1979 illis
1610 1927 1774 1985 (Psal.

164 2028 342 2070 Lxxxn.
377 2013 463 2078 9).
527 2014 918 2083 Magontiacus,
981 2016 1187 2069 nobilis
1227 2016 1504 2086 quondam
1561 2016 1773 2083 civitas,

164 2114 306 2171 capta
336 2112 511 2175 atque
543 2105 807 2159 subversa
848 2115 947 2171 est,
982 2108 1113 2161 etin
1146 2107 1380 2162 ecclesia
1403 2108 1572 2162 multa
1603 2108 1776 2163 millia

167 2190 431 2246 hominum
467 2194 760 2248 trucidata.
800 2194 1131 2268 Wangiones
1170 2195 1330 2267 longa
1362 2196 1652 2251 obsidione
1673 2198 1774 2251 de-

169 2280 266 2333 leti.
292 2280 589 2336 Remorum
620 2281 750 2335 urbs
772 2294 1105 2353 prmpotens,
1161 2284 1435 2349 Ambiani,
1458 2284 1764 2350 Atrabates,

166 2370 488 2441 extremique
523 2371 810 2424 hominum
843 2372 1032 2426 Morini
1091 2374 1187 2441 (3),
1244 2373 1539 2440 Tornacus,
1570 2374 1768 2428 Neme-

169 2466 255 2521 tes,
281 2461 687 2533 Argentoracus
741 2463 1012 2517 translata:
1073 2465 1126 2517 in
1180 2463 1526 2518 Germaniam
1593 2466 1767 2536 Aqui—

170 2552 334 2614 taniae,
366 2552 691 2623 Novemque
722 2554 1052 2623 pepulorum
1096 2554 1495 2629 Lugdunensis,
1559 2566 1611 2611 et
1639 2559 1771 2612 Nar—

171 2642 413 2699 bonensis
472 2645 801 2715 provinciae,
858 2655 1058 2717 praeter
1110 2665 1309 2719 paucas
1351 2650 1538 2717 urbes,
1576 2658 1773 2706 cuncta

173 2737 407 2804 populata
468 2744 627 2805 sunt,
685 2754 822 2808 quas
878 2749 933 2793 et
972 2739 1119 2809 ipsas
1162 2740 1295 2795 foris
1342 2740 1577 2812 gladius,
1630 2742 1776 2798 intus

172 2836 322 2880 vastat
354 2827 560 2891 fames,
602 2852 626 2872 »
685 2839 789 2883 etc.
854 2830 912 2883 In
975 2832 1198 2901 praefata
1263 2832 1508 2904 denique
1548 2834 1777 2889 basilica

173 2916 345 2972 beatus
367 2919 658 2991 Remigius
696 2922 947 2974 morandi
982 2922 1214 2977 traditur
1244 2924 1507 2980 habuisse
1538 2942 1778 2981 consue-

171 3010 419 3076 tudinem,
455 3018 737 3082 quatenus
778 3022 1094 3069 sanctorum
1137 3026 1433 3087 martyrum
1466 3019 1698 3086 meritis,
1722 3030 1781 3078 ut

172 3112 271 3158 erat
296 3104 495 3175 spiritu
532 3119 772 3173 semper,
804 3104 879 3159 ita
920 3106 1199 3175 proximus
1216 3108 1543 3165 redderetur
1562 3122 1615 3165 et
1654 3128 1782 3167 cor-

1878 592 2073 647 magna
2107 586 2257 646 parte
2291 578 2557 643 decursis,
2612 581 2677 633 ad
2748 581 2941 634 horum
2988 597 3151 636 voces
3212 582 3499 654 presbyter

1876 668 2158 733 excitatur,
2183 686 2295 723 rem
2328 687 2449 725 cum
2484 672 2599 725 suis
2635 671 2955 739 admiratus,
2991 673 3222 743 hymnos
3250 674 3495 728 dicturus

1879 776 2002 813 cum
2079 761 2293 814 czeteris
2352 760 2691 831 stupefactus
2751 770 3099 831 approperat.
3162 761 3490 834 Nullumque

1878 856 2100 910 demum
2132 859 2477 913 accensionis
2520 859 2696 927 hujus,
2727 859 2813 912 vel
2863 858 3217 913 reserationis
3249 858 3493 928 reperire

1879 958 2089 1021 queunt
2119 951 2671 1019 administrationem,
2705 952 2810 1005 nisi
2840 968 3114 1006 summum
3148 952 3319 1006 divini
3353 952 3495 1005 dun-

1880 1049 2029 1096 taxat
2090 1042 2336 1096 muneris
2380 1044 2716 1116 largitorem,
2778 1045 2869 1115 qui
2926 1053 3236 1099 sanctorum
3268 1059 3491 1098 suorum

1873 1131 1991 1205 jugi
2020 1132 2280 1187 mirorum
2304 1134 2622 1203 splendore,
2672 1150 2977 1209 propagare
3004 1151 3113 1190 non
3155 1135 3371 1189 desistit
3394 1135 3495 1189 ho-

1882 1238 2093 1276 norem.
2131 1223 2299 1290 Hujus
2354 1231 2535 1277 autem
2596 1224 2742 1279 beati
2806 1224 3084 1295 pontificis
3131 1232 3186 1279 et
3242 1224 3499 1295 martyris

1882 1316 2111 1387 pignora
2134 1318 2383 1388 quaedam
2410 1317 2926 1391 Noviomagensium
2958 1319 3250 1388 episcopus
3272 1318 3493 1388 quidam

1874 1410 2122 1475 obtenta,
2150 1428 2302 1465 suam
2340 1412 2565 1483 pertulit
2611 1412 2677 1467 ad
2721 1412 3023 1467 civitatem.
3058 1412 3185 1475 Quae
3215 1420 3323 1465 tam
3354 1411 3495 1481 apud

1876 1499 2220 1567 Noviomum,
2271 1518 2434 1573 quam
2488 1509 2541 1556 et
2588 1500 2730 1572 apud
2762 1501 3063 1555 Tornacum
3111 1509 3347 1554 castrum
3380 1499 3495 1563 (ubi

1878 1604 2023 1643 nunc
2054 1605 2276 1659 quoque
2309 1589 2515 1643 servari
2550 1588 2930 1658 perhibentur)
2985 1588 3168 1654 claris,
3203 1587 3498 1658 multisque

1880 1677 2189 1732 referuntur
2230 1678 2497 1732 illustrata
2546 1677 2847 1732 miraculis.
2892 1677 3089 1732 Postea
3136 1692 3266 1730 vero
3297 1684 3497 1729 caetera

1880 1771 2127 1841 corporis
2179 1770 2429 1838 ejusdem
2491 1768 2745 1839 martyris
2800 1768 2962 1822 Fulco
3019 1768 3497 1838 archiepiscOpus,

1877 1858 2039 1913 simul
2099 1850 2219 1912 cum
2277 1875 2507 1929 corpore
2561 1858 2735 1912 beata:
2787 1857 2997 1912 sororis
3052 1858 3172 1925 ejus
3221 1856 3497 1927 EutrOpizr

1880 1951 2021 2005 intra
2071 1951 2364 2005 Remensia
2422 1951 2723 2005 transvexit
2777 1950 3000 2014 muenia,
3054 1957 3310 2019 retroque
3374 1957 3499 2018 post

1877 2040 2046 2095 altare
2094 2049 2296 2095 sanctae
2350 2042 2441 2094 Dei
2476 2040 2762 2115 genitricis
2818 2039 3016 2100 Mariae.
3073 2038 3170 2092 ubi
3223 2055 3285 2091 ea
3332 2037 3497 2091 modo

1875 2143 2227 2193 veneramur,
2274 2129 2426 2197 juxta
2474 2129 2619 2183 beati
2674 2145 2829 2199 papa:
2855 2126 3061 2181 Callisti
3086 2126 3355 2193 membra,
3391 2126 3495 2179 de-

1876 2216 1991 2271 bita
2022 2219 2333 2273 recondidit
2367 2218 2696 2273 reverentia.

2478 2328 2687 2382 CAPUT
2750 2328 2882 2382 Vill.

2152 2403 2226 2455 De
2244 2405 2425 2454 sancto
2448 2400 2664 2455 Oriculo
2692 2404 2741 2453 et
2770 2400 3045 2454 sororibus
3075 2400 3209 2467 ejus.

1941 2489 2051 2545 Sub
2081 2491 2273 2544 eadem
2304 2488 2717 2552 Wandalorum,
2749 2489 2833 2541 vel
2870 2488 3189 2542 Hunnorum
3226 2504 3489 2558 persecu-

1873 2583 2043 2643 tione,
2068 2582 2291 2653 quidam
2343 2582 2435 2634 Dei
2486 2598 2699 2646 servus,
2726 2580 2976 2634 Oriculus
2999 2580 3223 2634 nomine
3257 2581 3366 2634 Deo
3394 2597 3495 2634 va-

1877 2672 2054 2737 cabat,
2088 2689 2211 2726 cum
2270 2672 2557 2725 sororibus
2608 2671 2722 2724 suis
2762 2670 2973 2725 Oricola
3006 2670 3121 2741 [ms.
3163 2674 3203 2733 i,
3238 2670 3496 2740 Orieula],

1878 2762 2199 2825 etBasilica,
2242 2762 2297 2814 in
2357 2761 2458 2815 hoc
2497 2760 2695 2814 eodem
2745 2760 3067 2830 episcopatu
3128 2760 3409 2824 Remensi,
3442 2760 3497 2812 in

1880 2866 2022 2923 pago
2074 2849 2448 2915 Dulcumensi,
2494 2848 2614 2904 vico
2663 2848 2910 2903 Sinduno
2968 2849 3024 2903 in
3072 2849 3304 2903 ecclesia
3334 2864 3496 2919 quam

1882 2948 2278 3005 construxerat,
2312 2938 2405 2993 ubi
2436 2938 2607 2993 fertur
2636 2954 2858 3010 quoque
2886 2947 3208 3009 peremptus
3236 2956 3262 2993 a
3295 2939 3499 2992 barba-

1883 3032 1961 3086 ris
2000 3049 2123 3087 cum
2182 3030 2463 3103 praedictis
2511 3030 2799 3086 sororibus
2854 3031 2990 3085 suis.
3048 3030 3303 3085 Traditur
3332 3032 3495 3085 etiam

1886 3130 2051 3191 caput
2076 3136 2257 3185 suum,
2299 3127 2589 3191 postquam
2639 3119 2942 3175 decollatus
2988 3128 3091 3185 est,
3125 3119 3243 3189 ipse
3277 3120 3331 3173 in
3361 3135 3498 3190 quo-

172 3209 305 3263 pore.
328 3192 668 3290 Monstratur
720 3196 900 3251 adhuc
949 3198 1182 3253 aedicula
1246 3216 1407 3255 secus
1473 3203 1642 3259 altare
1675 3205 1769 3259 ubi
1802 3194 1997 3274 Cdam
2032 3218 2182 3274 fonte
2220 3218 2437 3272 lavisse.
2484 3217 2556 3270 De
2577 3216 2849 3288 sanguine
2894 3230 3116 3287 quoque
3155 3232 3254 3271 suo
3275 3216 3496 3290 signum

171 3294 359 3341 secrete
387 3286 627 3342 Domino
667 3302 880 3352 vacare,
913 3298 968 3343 et
1008 3290 1301 3361 iuspectori
1343 3309 1581 3361 summo,
1638 3296 1772 3349 bea-

174 3375 376 3431 tissima;
405 3377 813 3448 speculationis
839 3379 1063 3448 hostias,
1106 3381 1280 3437 turbis
1312 3393 1557 3440 remotus
1589 3403 1770 3457 popu-

173 3466 380 3533 laribus,
434 3469 798 3524 devotisSime
852 3482 1213 3529 consueverat
1272 3476 1577 3532 immolare.
1633 3481 1773 3535 Istuc

171 3557 299 3610 enim
331 3559 579 3613 intentus
614 3559 699 3613 his
716 3560 955 3634 degebat
984 3561 1205 3629 officiis,
1240 3567 1462 3635 quando
1488 3578 1773 3638 comperto

173 3644 307 3699 urbis
350 3647 630 3710 incendio,
662 3664 785 3702 cum
817 3650 1116 3706 divinitatis
1165 3654 1516 3711 invocatione
1569 3658 1775 3728 depro-

174 3749 371 3804 perans,
394 3744 712 3791 sanctorum
736 3736 900 3792 fultus
919 3738 1200 3812 suffragio,
1227 3743 1504 3814 lapidibus
1524 3747 1778 3802 ecclesiae

172 3825 416 3893 graduum
448 3827 723 3897 deinceps
749 3842 1008 3897 expressa
1037 3829 1259 3901 reliquit
1292 3834 1540 3905 vestigia.

794 3917 1001 3973 CAPUT
1022 3920 1130 3975 νη.

544 3992 619 4044 De
654 3990 931 4044 miraculis
970 3994 1137 4061 ipsius
1160 3995 1386 4052 ecclesia

234 4080 462 4137 Diversis
493 4082 661 4137 etiam
685 4082 1009 4139 multimoda
1025 4086 1419 4147 clariﬁcatione
1451 4092 1622 4150 fertur
1658 4099 1774 4154 haec

175 4168 423 4227 illustrata
464 4174 813 4244 temporibus
865 4176 1033 4230 aedes.
1075 4177 1183 4233 Sed
1212 4196 1313 4236 nos
1341 4199 1510 4239 unum
1539 4194 1771 4256 tantum,

174 4260 301 4326 quod
329 4263 529 4316 nostris
562 4262 677 4315 fere
700 4262 900 4317 diebus
938 4270 1141 4334 actum,
1176 4267 1546 4328 referentibus
1576 4278 1775 4332 nostris

174 4349 254 4417 qui
311 4351 609 4406 interfuere
664 4352 934 4422 patribus,
985 4357 1329 4428 agnovimus,
1373 4366 1770 4433 propalandum

176 4442 486 4505 putavimus.
520 4442 857 4497 Solemnitas
889 4444 1111 4501 hiemali
1138 4455 1387 4519 tempore
1414 4456 1769 4523 prwfatorum

174 4530 420 4603 agebatur
451 4543 747 4604 martyrum
789 4552 910 4607 qum
942 4538 1104 4594 solito
1161 4558 1244 4595 xix
1306 4543 1417 4599 Kal.
1477 4546 1843 4627 JanuariasD

175 4621 421 4717 celebrari
464 4628 765 4681 consuevit.
825 4628 903 4681 Ad
955 4631 1110 4699 cujus
1163 4634 1501 4693 celebritatis
1558 4643 1774 4717 vigilias

175 4706 351 4765 fratres
379 4717 679 4785 temperius
707 4729 1085 4791 exsurgentes,
1109 4725 1367 4779 custodes
1398 4726 1571 4797 ipsius
1595 4706 1774 4791 eccle—

175 4798 258 4853 sia:
295 4802 649 4872 dormientes,
705 4808 846 4862 ostia
894 4826 1115 4881 quoque
1172 4812 1471 4887 diligenter
1518 4821 1773 4879 obserata

178 4892 441 4960 reperiunt
486 4895 725 4967 Quaeque
749 4898 957 4953 diutius
978 4898 1286 4957 obterendo
1314 4906 1618 4979 pulsantes,
1642 4914 1769 4973 dum

178 4980 434 5036 neminem
455 5000 719 5055 responsa
732 4987 953 5043 dantem
976 4990 1511 5063 deintusaccipiunt,
1544 5000 1768 5059 domum

176 5066 463 5139 presbyteri
497 5082 691 5143 petunt
713 5086 1036 5149 portamque
1055 5079 1266 5134 crebris
1289 5082 1623 5143 incutientes
1642 5091 1770 5147 icti-

178 5152 290 5225 bus,
317 5168 371 5215 et
410 5173 552 5219 tecta
588 5167 866 5237 lapidibus
896 5170 1267 5241 verberantes,
1304 5175 1397 5230 ubi
1432 5180 1642 5235 nullum
1661 5184 1764 5239 sibi

178 5250 259 5317 qui
290 5257 491 5322 pandat
521 5261 755 5317 excitare
787 5266 1085 5334 praevalent
1138 5268 1325 5338 templi
1350 5270 1574 5338 januam
1608 5292 1772 5346 repe-

180 5348 285 5431 tunt
325 5364 337 5411 ;
377 5366 541 5420 quam
572 5363 768 5424 sponte
826 5365 1102 5428 patentem
1144 5363 1504 5431 reperientes,
1542 5381 1773 5423 accensa

182 5430 449 5495 luminaria
477 5455 674 5501 cuncta
699 5449 889 5505 vident
921 5468 935 5516 ;
965 5452 1063 5506 sed
1114 5459 1394 5508 auctorem
1426 5457 1554 5511 tacti
1589 5459 1769 5513 nemi-

181 5535 290 5580 nem
325 5528 468 5588 intus
497 5538 788 5607 aspiciunt.
822 5542 1019 5614 Sicque
1065 5551 1189 5615 post
1219 5546 1524 5601 orationem
1558 5548 1771 5607 Christo

251 5643 322 5715 (3)
372 5648 782 5712 Hemistichium
813 5667 897 5716 est
928 5661 1286 5736 Virgilianum
1320 5678 1384 5717 ex
1414 5663 1630 5720 AEneid.
1674 5682 1726 5719 ιχ
1753 5682 1766 5718 :

1017 5759 1339 5823 Extremique
1362 5762 1623 5812 hominum
1654 5763 1834 5815 Morini
1862 5762 2164 5826 Rhenusque
2195 5761 2427 5812 bicornis.

454 5838 734 5907 PATROL.
782 5846 1107 5912 CXXXV.

1872 3307 2051 3363 crucis
2078 3307 2241 3376 (quod
2270 3308 2452 3360 adhuc
2485 3305 2775 3359 manifeste
2810 3306 3241 3375 pareredicitur)
3283 3306 3335 3359 in
3360 3325 3497 3377 qua-

1874 3400 1998 3453 dam
2040 3407 2193 3468 petra
2233 3398 2405 3471 digito
2440 3396 2706 3469 ﬁgurasse
2737 3414 2861 3463 suo,
2910 3406 2963 3451 et
2996 3398 3280 3469 preprium
3316 3400 3497 3453 mani-

1872 3488 1978 3541 bus
2009 3486 2393 3555 caputferens,
2427 3485 2762 3555 sepulcrum,
2789 3486 2937 3557 quod
2970 3486 3494 3553 sibiconstruxerat,

1878 3579 1993 3651 [ηαδ.
2050 3581 2089 3644 i,
2158 3576 2501 3648 condiderat]
2568 3577 2847 3647 expetisse
2897 3594 2913 3644 ;
2968 3578 3037 3631 ad
3100 3579 3249 3649 quod
3326 3580 3495 3634 multa

1877 3670 2141 3726 miracula
2164 3669 2479 3725 referuntur
2505 3678 2745 3725 ostensa.
2788 3670 2914 3724 Erat
2958 3670 3090 3724 olim
3140 3670 3368 3742 quidam
3404 3689 3495 3725 ru-

1876 3765 2048 3819 sticus
2081 3764 2157 3817 ibi
2191 3779 2441 3829 manens,
2476 3763 2563 3817 cui
2598 3762 2860 3819 revelatio
2893 3762 2949 3816 in
2981 3764 3191 3819 somnis
3210 3762 3349 3817 facta
3389 3772 3490 3829 est,

1876 3867 1935 3911 ut
1960 3858 2168 3912 fontem
2199 3857 2265 3911 de
2298 3872 2407 3928 quo
2454 3865 2618 3928 caput
2662 3856 2769 3911 sibi
2818 3866 3039 3911 sanctus
3070 3856 3188 3923 Dei,
3220 3872 3319 3910 ceu
3351 3856 3496 3909 dixi-

1876 3966 2016 4015 mus,
2042 3950 2266 4015 laverat,
2294 3956 2436 4005 tecto
2468 3948 2798 4020 coeperiret.
2829 3949 2929 4014 Qui
2960 3956 3249 4020 postquam
3284 3947 3368 4000 bis
3393 3948 3493 4001 ad-

1875 4040 2118 4094 monitus
2144 4040 2325 4093 facere
2372 4039 2427 4092 id
2457 4038 2688 4104 distulit,
2738 4038 2793 4091 in
2854 4037 3229 4092 inlirmitatem
3263 4035 3490 4104 decidit,

1876 4132 1931 4186 in
1956 4149 2064 4203 qua
2097 4142 2310 4205 integro
2341 4148 2487 4187 anno
2533 4137 2807 4205 zegrotans
2836 4129 3151 4184 decubavit.
3212 4129 3336 4182 Post
3380 4128 3493 4183 hzec

1874 4220 2035 4284 votis,
2071 4228 2128 4274 ut
2179 4220 2332 4287 jussa
2376 4219 2701 4289 compleret,
2755 4218 3063 4289 promissis,
3116 4218 3414 4283 convaluit,
3441 4227 3491 4273 et

1874 4310 2082 4365 fontem
2115 4310 2315 4384 ligneis
2358 4310 2557 4365 tabulis
2605 4310 2974 4375 circumdatis,
2999 4312 3219 4381 Operuit
3246 4328 3258 4375 ;
3284 4328 3349 4365 ex
3384 4327 3492 4381 quo

1873 4399 2025 4455 fonte
2049 4408 2319 4471 potantes,
2370 4418 2400 4453 a
2431 4400 2663 4453 diversis
2708 4400 2863 4454 multi
2912 4408 3175 4455 curantur
3206 4401 3489 4475 languori-

1871 4490 1992 4547 bus.
2025 4492 2318 4562 Presbyter
2343 4490 2591 4560 ejusdem
2620 4491 2747 4557 loci,
2783 4492 3005 4547 nomine
3033 4494 3208 4558 Betto,
3229 4492 3490 4547 balneum

1866 4598 1930 4638 ex
1962 4585 2136 4657 ipsius
2172 4593 2357 4654 puteo,
2391 4599 2557 4655 quem
2608 4582 2748 4637 infra
2806 4584 3096 4638 ecclesiam
3126 4584 3217 4637 hic
3271 4594 3493 4639 sanctus

1877 4686 2081 4746 martyr
2129 4674 2372 4729 edidisse
2404 4673 2657 4737 traditur,
2690 4673 2798 4726 sibi
2834 4673 3011 4742 parari
3067 4674 3348 4744 pra-cepit,
3381 4690 3491 4744 quo

1875 4776 2165 4840 postquam
2185 4766 2405 4821 ablutus
2447 4772 2530 4819 est
2556 4764 2757 4819 balneo
2804 4764 2884 4819 sic
2928 4765 3191 4837 elanguit,
3229 4773 3289 4818 ut
3316 4782 3490 4836 usque

1874 4862 1942 4916 ad
1966 4861 2095 4916 anni
2128 4860 2423 4915 terminum
2455 4865 2695 4932 azgrotus
2728 4856 2991 4925 iacuisse,
3026 4874 3128 4912 nec
3157 4858 3336 4912 adhuc
3362 4876 3493 4929 per-

1872 4955 2013 5010 fecte
2054 4963 2244 5025 postea
2275 4952 2580 5026 reviguisse
2607 4950 2938 5005 constiterit.
2974 4952 3211 5014 Quorum
3265 4960 3490 5007 sancto-

1872 5063 1990 5100 rum
2058 5060 2288 5115 corpora
2345 5059 2455 5097 uno
2515 5042 2723 5096 dudum
2791 5042 3133 5112 sarcophago
3201 5044 3485 5097 recondita

1871 5145 2119 5206 tempore
2150 5133 2316 5189 Seulfi
2347 5132 2755 5203 archiepiscopi
2790 5133 3039 5187 levantur
3060 5148 3090 5185 e
3122 5140 3286 5197 terra,
3324 5134 3490 5189 humo

1871 5228 2023 5299 prius
2066 5235 2263 5298 sponte
2312 5226 2604 5297 patefacta,
2634 5236 2690 5280 et
2730 5226 2933 5293 loculo,
2980 5226 3034 5279 in
3068 5226 3489 5297 quojacebant,

1874 5320 2021 5375 ultro
2046 5336 2263 5375 sursum
2284 5317 2615 5373 mirabiliter
2635 5320 2865 5373 elevato.

2512 5409 2722 5464 CAPUT
2765 5410 2849 5463 IX.

2228 5506 2300 5558 De
2315 5503 2707 5557 successoribus
2738 5504 2878 5557 beati
2905 5505 3135 5560 Nicasii.

1944 5592 2071 5648 Post
2110 5597 2585 5662 praememoratam
2640 5590 3032 5648 Wandalorum
3070 5593 3488 5651 discessionem.

3212 5854 3253 5917 2
