3970 6212
418 320 488 373 43
1538 313 1904 369 FLODOARDI
1943 312 2249 368 CANONICI
2288 311 2614 368 REMENSIS
3686 313 3758 367 44

420 457 582 510 beato
620 450 836 507 Nicasio
868 450 1038 503 Baruc
1071 447 1186 517 [πη.
1222 444 1525 514 Baructius]
1558 444 1859 515 episc0pali
1891 446 2025 500 sede
2052 450 2101 516 Α
2128 443 2179 497 ei
2208 444 2367 513 (Paul.
2402 459 2473 508 cr,
2498 441 2713 509 20-23).
2748 460 2773 492 »
2813 441 2874 497 Et
2912 441 3063 513 quod
3094 437 3293 495 Cilinia
3344 439 3401 494 in
3428 447 3588 495 utero
3619 454 3762 496 oon-

419 544 652 599 traditur
681 539 1036 603 successisse,
1068 551 1232 607 quem
1266 534 1549 599 Barucius,
1573 534 1701 588 inde
1753 533 2027 588 Barnabas

417 633 697 689 subsecuti
753 630 1040 692 feruntur;
1089 633 1202 681 tum
1260 624 1591 687 Bennadius,
1652 624 1808 691 cujus
1848 631 2026 678 tamen

420 722 731 795 Bennagius
755 735 955 775 nomen
986 717 1043 771 in
1076 722 1405 770 testamento
1444 728 1567 779 suo,
1601 711 1824 782 propria
1850 711 2029 781 ipsius

419 831 582 871 manu
621 812 793 881 (velut
822 809 960 864 inibi
1011 807 1228 882 legitur)
1268 804 1596 876 perscripto,
1643 803 1918 874 reperitur
1937 821 2030 860 ca-

418 916 683 964 raxatum.
719 904 890 972 Hujus
936 900 1085 956 enim
1143 899 1260 969 ipse
1319 897 1629 954 testamenti
1679 896 2027 961 auctoritate,

420 1013 605 1052 rerum
635 1009 857 1048 suarum
890 989 1166 1045 haeredem
1198 988 1526 1042 Remensem
1558 986 1690 1040 fecit
1729 986 2027 1040 Ecclesiam

417 1103 539 1141 cum
570 1083 753 1139 fratris
788 1081 873 1135 sui
904 1079 1039 1144 ﬂlio,
1062 1092 1225 1149 quem
1250 1075 1303 1129 in
1334 1090 1490 1129 sacro
1510 1073 1682 1138 fonte,
1706 1074 1806 1128 sub
1838 1074 2028 1143 gratiae

416 1175 767 1245 sempiternae
801 1168 1118 1231 traditione,
1151 1181 1208 1218 se
1265 1169 1659 1219 commemorat
1695 1162 2004 1233 suscepisse

423 1266 567 1318 Inter
587 1268 784 1316 caetera
814 1272 943 1313 vero
986 1271 1079 1309 vas
1106 1261 1428 1327 argenteum
1458 1250 1526 1305 ab
1551 1260 1898 1305 antecessore
1928 1264 2027 1303 suo

417 1362 619 1409 sancta:
654 1346 1055 1405 recordationis
1083 1345 1346 1415 episcopo
1379 1342 1794 1411 Barnaba,sibi,
1828 1348 1887 1397 ut
1914 1358 2031 1395 me—

422 1447 601 1509 minit,
652 1449 980 1497 testamento
1032 1437 1310 1502 collatum,
1360 1435 1619 1490 Ecclesia
1649 1451 1761 1489 suae
1813 1434 2032 1507 delegat

419 1534 642 1605 hac-redi,
676 1531 823 1604 quod
859 1530 926 1584 ad
954 1528 1131 1599 ipsius
1152 1535 1536 1582 ornamentum
1559 1525 1709 1595 (cum
1738 1522 1873 1577 illud
1903 1538 2032 1594 pro-

417 1628 564 1697 prios
595 1624 899 1678 distrahere
933 1620 1203 1692 potuisset
1234 1619 1290 1671 in
1323 1617 1473 1685 usus)
1510 1632 1569 1670 se
1613 1615 1805 1669 asserit
1854 1631 2031 1668 rescr-

414 1735 585 1771 vasse.
614 1712 1138 1785 Deputatetsolidos
1179 1709 1375 1781 viginti
1394 1707 1462 1763 ad
1496 1708 1744 1775 ejusdem
1774 1706 2027 1760 Ecclesize

413 1809 839 1879 reparationem,
895 1822 1019 1859 cum
1067 1802 1260 1875 agellis
1320 1809 1373 1856 et
1440 1800 1642 1871 sylvis;
1689 1798 2028 1869 presbyteris
2061 1783 2107 1849 Β

411 1898 585 1968 ipsius
643 1895 890 1950 ecclesiw
954 1892 1161 1947 solidos
1210 1900 1334 1946 octo
1378 1908 1391 1943 :
1446 1889 1779 1944 diaconibus
1825 1888 2028 1943 solidos

406 1998 644 2062 quatuor
672 2008 687 2050 ;
722 1988 790 2041 ad
806 1987 1051 2058 captivos
1074 1984 1282 2043 solidos
1312 1983 1508 2055 viginti
1546 2000 1559 2047 ;
1594 1980 2030 2035 subdiaconibus

406 2081 614 2136 solidos
659 2078 845 2140 duos;
903 2074 1203 2129 lectoribus
1249 2072 1487 2127 solidum
1535 2087 1705 2126 unum
1742 2088 1755 2135 ;
1788 2070 2031 2123 ostiariis

406 2181 458 2225 et
490 2170 778 2225 exorcistis
809 2167 1046 2222 solidum
1106 2181 1297 2229 unum,
1330 2162 1847 2217 sanctimonialibus
1889 2169 1943 2216 et
1975 2161 2029 2215 in

409 2263 695 2318 matricula
751 2259 946 2331 positis
975 2258 1187 2311 solidos
1214 2266 1326 2310 tres
1382 2255 1664 2309 llzeredem
1714 2270 1865 2307 suam
1894 2254 2031 2307 sub-

408 2351 706 2406 inferendo
736 2349 1023 2418 alloquens
1079 2344 1390 2407 ecclesiam,
1425 2350 1485 2397 ut
1536 2343 1589 2396 in
1624 2358 1683 2395 se
1711 2342 1875 2395 ducat
1912 2357 2032 2394 esse

408 2444 758 2506 collocatum,
786 2438 1059 2511 quidquid
1091 2434 1450 2507 presbyteris,
1490 2434 1839 2495 diaconibus,
1874 2433 2035 2487 acdi-

411 2535 583 2590 versis
608 2533 932 2588 clericorum
990 2529 1214 2594 scholis,
1270 2526 1502 2596 captivis
1556 2540 1779 2595 quoque
1811 2531 1864 2577 et
1898 2540 2033 2594 pau-

412 2626 659 2697 peribus,
692 2638 791 2694 pro
850 2619 1136 2693 refrigerio
1195 2619 1280 2673 sui
1309 2617 1507 2672 fuisset
1542 2615 1597 2668 in
1629 2631 2036 2670 commemora-

410 2720 560 2774 tione
587 2717 872 2771 devotum.

1070 2780 1280 2835 CAPUT
1312 2779 1372 2832 X.

949 2877 1018 2929 [)e
1037 2878 1221 2928 sancto
1238 2873 1497 2938 Remigio.

485 2970 714 3027 Praefato
775 2966 1055 3037 Bennagio
1104 2961 1461 3018 beatissimus
1490 2960 1795 3016 succedens
1849 2961 2033 3015 Remi-

415 3061 561 3135 gius,
597 3056 916 3115 imbuendis
937 3055 1005 3109 ad
1037 3052 1201 3108 fidem
1238 3049 1631 3125 praefulgidum
1672 3048 1912 3135 surrexit
1948 3050 2035 3104 lu-

412 3134 538 3209 men
568 3151 850 3226 gentibus.
906 3150 1077 3214 Quem
1118 3145 1309 3199 divina
1367 3143 1568 3214 pictas,
1614 3149 1674 3197 ut
1704 3134 2033 3197 Fortunatus
2055 3148 2103 3215 (3

409 3261 629 3319 quoque
662 3252 823 3315 poeta
853 3248 1040 3296 noster
1069 3236 1264 3292 asserit
1296 3237 1473 3307 (initio
1509 3237 1646 3290 Vita).
1669 3236 1725 3291 S.
1755 3237 2028 3303 Remigii),

413 3354 521 3393 non
545 3337 723 3393 solum
755 3330 1074 3406 priusquam
1129 3334 1469 3393 nasceretur,
1496 3328 1594 3381 sed
1626 3334 1681 3383 et
1734 3334 2029 3399 antequam

410 3430 816 3500 conciperetur,
844 3424 1047 3497 elegit;
1081 3422 1137 3476 in
1165 3428 1394 3482 tantum,
1415 3419 1775 3474 utMontanus
1805 3419 2030 3491 quidam

410 3523 733 3587 monachus,
764 3520 895 3574 dum
933 3513 1213 3571 levissimo
1260 3528 1463 3583 sopore
1494 3512 1827 3584 quiesceret,
1870 3511 2031 3566 tertio

411 3614 605 3670 fuisset
638 3615 772 3685 [012,
804 3610 985 3679 fuerit]
1046 3605 1429 3662 admonitione
1472 3605 1743 3676 pulsatus,
1780 3612 1839 3659 ut
1868 3604 2028 3659 matri

409 3724 522 3763 suae
547 3705 857 3761 benedictae
888 3701 1121 3763 Cilinize,
1145 3699 1294 3771 quod
1343 3698 1647 3752 masculum
1698 3704 2033 3767 conceptura

411 3807 578 3865 esset,
605 3797 849 3853 veridica
885 3793 1152 3849 relatione
1199 3790 1545 3861 praediceret,
1581 3796 1635 3844 et
1674 3805 1876 3845 nomen
1914 3789 2033 3857 ejus

409 3891 494 3946 vel
540 3889 798 3943 meritum
849 3883 1187 3957 designaret.
1249 3879 1343 3933 llic
1391 3879 1580 3949 itaque
1637 3877 1926 3932 Montanus
1976 3878 2030 3931 in

410 3982 724 4039 reclusione
761 3975 1065 4033 solitariam
1094 3973 1261 4027 vitam
1288 3970 1517 4036 ducens,
1553 3969 1803 4038 jejuniis,
1827 3968 2034 4041 vigiliis

409 4084 463 4131 et
491 4071 839 4131 orationibus
892 4067 1113 4123 assidue
1159 4079 1379 4130 vacans,
1445 4069 1765 4117 czeterarum
1810 4076 2031 4132 quoque

409 4166 669 4220 virtutum
718 4156 1033 4234 insignibus
1086 4153 1362 4210 divinitati
1420 4168 1479 4207 se
1528 4149 2028 4207 commendabilem

409 4254 669 4318 reddens,
726 4251 856 4305 dum
905 4262 1200 4319 supernam
1265 4241 1462 4302 Christi
1521 4239 1871 4296 clementiam
1932 4254 2030 4310 pro

410 4358 543 4414 pace
563 4348 766 4395 sanctae
798 4337 974 4409 ipsius
998 4334 1274 4401 Ecclesiae,
1308 4348 1431 4405 quae
1457 4330 1622 4386 variis
1650 4330 1797 4401 apud
1829 4328 2030 4383 Gallia-

2128 534 2363 605 cipiens,
2386 532 2562 587 ﬁlium
2592 539 2830 603 pareret,
2882 532 3107 587 nomine
3134 531 3471 605 Remigium,
3519 531 3611 586 cui
3642 532 3762 586 sal-

2126 627 2340 681 vandus
2369 625 2510 681 foret
2539 626 2777 696 populus
2825 624 3275 680 committendus.
3309 623 3401 678 Vir
3448 623 3625 695 igitur
3656 623 3762 679 iste

2127 716 2461 773 venerabilis
2507 724 2657 772 tanto
2726 723 2990 786 percepto
3026 716 3315 782 solamine,
3375 722 3502 787 post
3531 716 3765 772 tertiam

2128 807 2330 863 divinae
2347 822 2515 878 super
2546 806 2634 861 his
2666 804 3056 876 praceptionis
3084 803 3549 870 admonitionem,
3582 804 3766 860 visio-

2132 899 2218 952 nis
2247 899 2502 953 aathereae
2535 898 2755 952 nuntiat
2782 897 3066 953 oraculum
3112 895 3347 952 Cilinize.
3394 896 3521 952 Haec
3570 902 3765 951 autem

2130 991 2293 1045 beata
2320 990 2561 1064 genitrix
2590 990 2647 1043 in
2678 988 2813 1044 ﬂore
2867 988 3077 1043 dudum
3129 987 3463 1057 juventutis,
3489 1003 3561 1043 ex
3590 988 3770 1044 unico

2129 1080 2247 1134 viro
2277 1095 2378 1135 suo
2425 1078 2643 1134 zEmilio
2692 1084 2982 1148 pepererat
3027 1076 3389 1148 Principium,
3422 1077 3768 1133 Suessorum

2127 1177 2367 1232 civitatis
2396 1185 2588 1246 postea
2616 1182 2867 1229 sanctum
2899 1174 3243 1245 episcopum.
3284 1182 3341 1229 et
3362 1181 3577 1246 patrem
3604 1174 3766 1232 beati

2131 1265 2290 1336 Lupi,
2323 1263 2572 1333 ejusdem
2632 1265 2894 1335 Principii
2926 1264 3282 1319 successoris.
3332 1264 3562 1319 Miratur
3592 1264 3767 1322 beata

2132 1357 2349 1422 Cilinia,
2372 1364 2565 1427 utpote
2605 1357 2717 1425 jam
2749 1365 3026 1429 provecta,
3059 1370 3298 1427 quonam
3329 1366 3490 1427 pacto
3520 1358 3594 1413 sit
3615 1374 3765 1414 anus

2134 1446 2399 1518 paritura,
2431 1448 2513 1501 vel
2536 1446 2785 1502 sobolem
2817 1448 3100 1503 laetatura.
3126 1447 3191 1502 Et
3211 1447 3344 1519 quia
3366 1455 3476 1531 tam
3492 1448 3582 1504 vir
3610 1449 3763 1517 ejus,

2131 1555 2296 1609 quam
2331 1538 2451 1608 ipsa
2477 1538 2672 1593 diebus
2704 1539 2818 1607 jam
2857 1539 3044 1594 multis
3069 1546 3490 1609 processerant,
3526 1539 3684 1596 eﬂ'eti
3706 1547 3765 1596 et

2131 1644 2295 1682 carne
2351 1628 2657 1695 infecundi,
2711 1644 2814 1684 nec
2870 1644 2998 1699 spes
3024 1628 3109 1683 eis
3133 1629 3367 1686 ulterius
3396 1632 3760 1701 procreandi,

2131 1734 2233 1774 nec
2257 1719 2540 1790 appetitus
2593 1719 2771 1775 inerat
2826 1720 3095 1793 pignoris.
3129 1721 3329 1777 Beatus
3381 1737 3513 1777 vero
3545 1723 3767 1780 Monta-

2129 1823 2252 1871 nus,
2288 1815 2347 1863 ut
2397 1807 2607 1861 meritis
2653 1817 2990 1864 aceresceret
3034 1808 3337 1880 patientia,
3379 1814 3759 1884 corporalium

2131 1900 2373 1970 privatus
2402 1900 2686 1956 oculorum
2719 1901 2788 1955 ad
2829 1909 3049 1973 tempus
3093 1903 3377 1959 exstiterat
3396 1903 3629 1961 lumine.
3655 1908 3761 1972 Qui

2131 1994 2297 2048 dictis
2327 2001 2385 2048 ut
2415 1992 2581 2048 fidem
2612 1995 2835 2063 faceret,
2858 1996 3051 2052 oculos
3079 1996 3186 2051 sibi
3218 1998 3359 2054 lacte
3400 1999 3580 2070 ipsius
3603 2017 3764 2057 asse—

2133 2082 2201 2137 rit
2255 2084 2665 2155 pcrungendos,
2729 2100 2966 2157 moxque
3021 2085 3211 2141 lumen
3261 2088 3549 2153 amissum,
3598 2093 3762 2160 pueri

2131 2172 2235 2225 sibi
2268 2172 2383 2226 fotu
2413 2173 2814 2243 recipiendum.
2864 2174 3074 2229 Gavisis
3104 2190 3236 2248 ergo
3271 2176 3341 2232 de
3384 2185 3535 2232 tanta
3555 2194 3763 2236 conso-

2135 2264 2339 2319 latione
2370 2266 2700 2335 parentibus
2729 2267 3042 2338 concipitur
3072 2268 3287 2324 futurus
3317 2269 3515 2326 Christi
3568 2275 3762 2342 ponti-

2135 2354 2217 2409 fex
2267 2372 2280 2419 ;
2326 2355 2483 2423 cujus
2526 2355 2977 2411 adminiculante
3029 2357 3205 2428 gratia
3256 2357 3493 2414 feliciter
3549 2362 3758 2429 editus,

2138 2465 2337 2504 nomen
2371 2464 2526 2503 sacro
2555 2448 2777 2502 sumite
2803 2447 2955 2503 fonte
2982 2449 3284 2524 Remigius.
3320 2451 3380 2504 ln
3406 2451 3566 2519 cujus
3597 2453 3763 2509 lacta-

2137 2542 2286 2597 tione
2335 2541 2667 2611 promissum
2720 2541 2933 2612 pridem
2987 2542 3099 2596 vati
3150 2542 3435 2616 gaudium.
3486 2545 3761 2601 veraciter

2138 2631 2487 2701 adimpletur.
2517 2631 2648 2684 dum
2677 2630 2799 2698 ejus
2829 2629 3009 2685 oculis
3025 2629 3203 2685 beatae
3232 2631 3591 2687 matrisillius
3619 2634 3759 2689 lacte

2138 2722 2316 2788 tactis,
2378 2722 2563 2777 lumen
2621 2721 2752 2777 olim
2812 2720 3087 2791 perditum
3117 2729 3423 2792 reparatur.
3478 2722 3642 2779 Ortus
3675 2735 3758 2780 est

2135 2821 2320 2869 autem
2370 2829 2508 2884 puer
2566 2813 2692 2881 iste,
2752 2812 3046 2883 prteconiis
3091 2813 3402 2869 declaratus
3457 2823 3754 2887 antequam

2136 2911 2298 2956 natus
2325 2902 2382 2956 in
2412 2917 2554 2976 pago
2586 2901 2961 2968 Laudunensi,
2993 2902 3105 2958 alto
3136 2910 3428 2973 parentum
3459 2906 3755 2978 sanguine,

2128 2993 2242 3061 jam
2278 3002 2466 3049 tamen
2513 3010 2731 3059 senum,
2790 2993 2999 3065 diuque
3055 2995 3325 3049 sterilium
3366 2996 3754 3067 resplendens,

2134 3086 2355 3162 insigne
2393 3085 2718 3143 miriﬁcatus
2759 3086 2817 3142 in
2847 3093 2993 3153 ortu,
3026 3087 3122 3158 qui
3156 3087 3456 3161 magniﬁce
3487 3090 3757 3162 dispone-

2131 3178 2295 3233 batur
2322 3177 2702 3233 mirificandus
2733 3178 2789 3232 in
2816 3186 2957 3233 actu.
3005 3179 3212 3233 Nomen
3257 3179 3335 3234 illi
3367 3178 3537 3254 digne
3568 3180 3757 3237 divina

2132 3272 2435 3343 imponitur
2464 3272 2716 3340 jussione
2747 3272 3051 3347 Remigius,
3102 3280 3296 3344 utpote
3324 3273 3421 3344 qui
3452 3273 3753 3330 Ecclesiam

2130 3364 2250 3432 Dei,
2276 3364 2704 3436 specialiterque
2760 3365 3081 3432 Remorum,
3141 3364 3200 3418 in
3239 3364 3403 3433 hujus
3435 3364 3756 3423 ﬂuctuantis

2130 3456 2255 3512 vitae
2276 3457 2393 3513 salo
2416 3457 2585 3512 remis
2611 3465 2730 3513 erat
2753 3457 3020 3513 doctrinae
3052 3467 3325 3524 recturus,
3357 3466 3413 3512 et
3431 3458 3501 3513 ad
3534 3466 3751 3528 portum

2131 3545 2327 3600 salutis
2354 3552 2599 3612 aeternae,
2629 3545 2843 3601 meritis
2888 3552 2943 3602 et
2971 3545 3317 3602 orationibus
3360 3547 3749 3617 perducturus.

2135 3639 2461 3694 Remedium
2491 3648 2676 3695 tamen
2707 3646 2833 3695 eum
2862 3639 3034 3695 fuisse
3090 3646 3343 3695 vocatum
3375 3640 3433 3694 in
3470 3640 3756 3697 veteribus

2134 3728 2469 3801 quibusdam
2502 3729 2778 3799 reperitur
2825 3728 3068 3798 scriptis.
3115 3728 3271 3793 Quod
3311 3736 3367 3783 et
3416 3729 3616 3785 merita
3670 3732 3755 3785 vel

2134 3827 2254 3875 acta
2284 3819 2462 3890 ipsius
2491 3817 2863 3881 attendentes,
2897 3817 2999 3871 rite
3035 3817 3411 3883 crederemus,
3457 3818 3564 3873 nisi
3586 3818 3757 3894 gestis

2133 3907 2624 3974 emendatioribus,
2683 3906 2904 3962 oraculo
2955 3905 3110 3961 illum
3175 3905 3389 3972 divino,
3443 3906 3751 3982 Remigium

2134 4000 2442 4071 nuncupari
2459 3999 2667 4054 debere
2702 4013 3182 4073 cognosceremus.
3215 3999 3272 4051 In
3303 3998 3564 4054 versibus
3592 3999 3752 4054 etiam

2132 4091 2209 4147 ab
2237 4107 2304 4147 eo
2321 4090 2662 4162 compositis,
2696 4096 2751 4145 et
2780 4090 2902 4159 ejus
2952 4097 3230 4161 praecepto
3262 4089 3319 4144 in
3345 4106 3478 4145 vase
3518 4091 3754 4162 quodam

2134 4200 2231 4254 per
2258 4183 2514 4239 eumdem
2544 4183 2656 4239 Deo
2710 4182 2894 4238 dicato
2952 4181 3202 4254 sculptis,
3264 4183 3341 4239 ita
3370 4184 3578 4240 lectum
3606 4199 3759 4240 asse-

2132 4273 2270 4328 ritur
2300 4290 2314 4326 :

2191 4360 2404 4424 Hauriat
2423 4360 2537 4410 hinc
2566 4360 2778 4424 populus
2797 4360 2955 4424 vitam
2976 4359 3038 4408 de
3062 4359 3303 4424 sanguine
3323 4374 3482 4420 sacro,

408 4449 531 4489 cum
576 4428 890 4503 provincias
947 4424 1248 4481 vexabatur
1275 4421 1697 4485 afﬂictionibus,
1730 4418 2026 4474 indefessis
2050 4425 2106 4494 ι)
2195 4422 2382 4503 iniecto
2397 4418 3401 4503 zetcrttjl—gs‘itgemfuditvulnere'Christus
3434 4438 3445 4470 :

412 4519 672 4593 precibus
725 4524 976 4572 exoraret
1010 4533 1024 4581 ;
1058 4514 1153 4569 ubi
1198 4511 1436 4584 quadam
1464 4519 1626 4566 nocte
1656 4509 1838 4564 carnis
1864 4524 2023 4563 com-

414 4613 650 4685 pellente
680 4609 997 4683 fragilitate,
1025 4605 1276 4660 membra
1300 4602 1569 4673 permittit
1598 4600 1806 4671 sopori.
1841 4600 2030 4670 quiete

409 4702 737 4775 reparanda,
795 4697 1064 4775 angelicis
1120 4693 1306 4749 subito
1364 4707 1463 4760 per
1515 4688 1759 4743 divinam
1790 4687 2023 4751 gratiam

409 4792 611 4848 choris.
644 4798 1070 4858 sanctarumque
1119 4780 1227 4836 sibi
1257 4775 1475 4833 videtur
1533 4775 1841 4830 animarum
1872 4777 2027 4831 creti-

412 4886 517 4939 bus
540 4883 831 4945 interesse,
864 4875 1286 4934 celeberrimum
1342 4885 1563 4940 quoque
1604 4866 1825 4922 haurire
1856 4869 2030 4923 collo-

411 4973 625 5046 quium,
657 4983 865 5039 eosque
897 4968 968 5020 de
1015 4961 1306 5017 Gallicanae
1337 4957 1654 5026 dejectione
1682 4955 1769 5010 vel
1817 4956 2029 5011 restitu-

415 5061 564 5117 tione
588 5056 844 5114 Ecclesize
873 5052 1247 5115 conferentes,
1275 5055 1329 5101 et
1350 5046 1481 5118 quia
1501 5046 1614 5114 jam
1644 5051 1863 5116 tempus
1886 5053 2031 5100 esset

414 5146 711 5204 miserendi
735 5144 875 5212 ejus,
902 5145 1315 5212 percensentes,
1340 5135 1559 5190 audire.
1595 5137 1810 5190 Interea
1838 5151 2030 5190 vocem

411 5261 441 5297 a
470 5236 857 5312 superioribus
897 5243 1062 5303 atque
1106 5225 1501 5284 secretioribus
1529 5225 1853 5282 suavissime
1886 5226 2033 5280 into-

411 5338 634 5385 nantem
662 5324 895 5395 excipit:
932 5347 957 5369 «ι
989 5319 1143 5386 Quod
1196 5318 1460 5373 Dominus
1488 5317 1556 5372 de
1596 5316 1814 5371 excelso
1842 5323 2031 5370 sancto

409 5440 511 5479 suo
544 5418 846 5492 prospexit,
880 5417 949 5471 de
979 5414 1119 5470 ccelo
1148 5413 1204 5467 in
1227 5419 1427 5467 terram
1460 5409 1692 5481 aspexit,
1724 5416 1783 5462 ut
1814 5408 2033 5462 audiret

408 5512 648 5587 gemitus
668 5505 1131 5578 compeditorum,
1160 5513 1219 5559 ut
1257 5500 1495 5557 solveret
1517 5498 2033 5568 ﬁliosinterempto-

411 5621 553 5672 rum,
614 5609 673 5657 ut
702 5598 1058 5655 annuntietur
1117 5611 1320 5652 nomen
1374 5592 1495 5662 ejus
1548 5591 1604 5645 in
1661 5589 1941 5665 gentibus,
1972 5589 2027 5644 in

409 5690 793 5751 conveniendo
834 5685 1071 5761 populos
1117 5686 1173 5739 in
1217 5699 1389 5739 unum
1421 5687 1477 5737 et
1503 5696 1684 5753 reges,
1707 5686 1767 5733 ut
1786 5677 2029 5733 serviant

2197 4485 2447 4548 Remigius
2478 4484 2874 4535 reddit'Domino
2895 4499 2985 4535 sua
3003 4492 3120 4533 vota
3139 4484 3375 4535 sacerdos.

2202 4590 2357 4657 Quod
2378 4606 2472 4645 vas
2499 4605 2674 4662 usque
2727 4590 2796 4645 ad
2836 4589 3105 4646 moderna
3131 4596 3385 4659 tempora
3414 4588 3751 4660 perduravit,

2130 4685 2310 4740 donec
2342 4684 2543 4749 fusum,
2575 4681 2944 4738 Nordmannis
2973 4680 3187 4737 dudum
3218 4680 3277 4733 in
3315 4679 3753 4751 redemptionem

2128 4774 2315 4828 datum
2346 4779 2428 4828 est
2457 4770 2916 4827 Christianorum.
2974 4769 3145 4837 Hujus
3177 4767 3488 4824 beatissimi
3522 4768 3755 4843 Remigii

2132 4862 2316 4918 nutrix
2372 4861 2539 4917 beata
2569 4858 2839 4915 Balsamia
2896 4858 3068 4913 fuisse
3120 4858 3379 4926 traditur,
3420 4874 3549 4930 qua:
3586 4866 3759 4917 mater

2131 4953 2404 5009 exstitisse
2455 4950 2629 5006 sancti
2684 4949 2886 5005 Celsini
2938 4956 3325 5020 memoratur;
3374 4949 3470 5021 qui
3529 4957 3589 5006 et
3643 4951 3757 5022 ipse

2132 5047 2282 5104 beati
2317 5043 2551 5117 Remigii
2583 5041 2887 5113 discipulus
2940 5039 3116 5096 fuisse
3148 5039 3443 5097 familiaris
3470 5043 3752 5105 asseritur,

2134 5136 2415 5192 miraculis
2439 5149 2660 5206 quoque
2714 5131 3067 5204 postmodum
3097 5131 3361 5187 claruisse
3388 5132 3754 5207 dignoscitur,

2134 5237 2188 5282 et
2216 5242 2504 5298 aequorum
2529 5224 2766 5279 maxime
2785 5223 2929 5280 votis
2969 5223 3152 5278 adhuc
3183 5223 3422 5298 insignis
3476 5223 3713 5281 habetur
3739 5242 3754 5278 :

2134 5320 2191 5374 in
2222 5318 2380 5387 cujus
2433 5324 2487 5373 et
2516 5317 2637 5388 ipsa
2664 5316 2827 5372 beata
2887 5314 3123 5391 genitrix
3177 5315 3429 5384 ejusdem
3459 5317 3759 5389 requiescit

2138 5409 2391 5465 ecclesia.
2422 5409 2675 5465 Traditus
2693 5426 2724 5464 a
2744 5407 3074 5481 parentibus
3102 5408 3304 5464 schola:
3348 5407 3551 5465 beatus
3577 5408 3758 5466 Remi-

2131 5498 2256 5573 gius
2286 5497 2486 5554 litteris
2542 5496 2897 5559 imbuendus,
2959 5495 3117 5551 brevi
3165 5496 3389 5564 cozevis,
3420 5497 3521 5553 sed
3554 5506 3611 5553 et
3629 5506 3757 5554 natu

2131 5585 2432 5654 majoribus
2481 5585 2732 5642 doctrina
2760 5585 3099 5641 eminentior
3131 5592 3215 5640 est
3242 5583 3489 5641 effectus.
3520 5584 3759 5642 Cunctos

2128 5690 2398 5746 superans
2423 5673 2858 5747 condiscipulos,
2882 5690 3098 5731 morum
3141 5674 3453 5729 maturitate
3482 5679 3549 5731 ac
3579 5673 3759 5732 bene-
