3970 6212
218 302 292 357 45
894 300 1218 355 ΗΙΒΤΟΒΙᾹΞ
1260 301 1587 355 ECCLESI/E
1628 301 1870 355 REMENS

1994 300 2165 355 LIBRI
2209 299 2530 363 QUA'I‘UOR.
2561 330 2630 337 —
2671 299 2792 352 LIB.
2838 300 2874 351 l.
3484 302 3555 354 46

220 430 485 484 volentize
508 429 794 492 charitate,
822 429 1147 499 pOpulorum
1180 432 1409 484 studens
1433 432 1622 485 turbas
1642 432 1837 497 vitare,
1871 446 1914 499 Α
1943 446 2092 489 cura,
2144 430 2246 483 nisi
2278 438 2370 482 aut
2400 430 2466 482 de
2509 431 2615 483 lieo
2666 429 2721 481 in
2771 428 3031 493 lectione,
3082 438 3246 499 atque
3275 443 3550 493 sermone,

222 529 391 591 atque
424 521 708 574 solitarius
731 521 783 573 in
811 521 1119 577 reclusione
1143 521 1372 575 Domino
1387 523 1841 593 deservire,quod

224 616 279 662 et
309 608 575 669 obtinuit,
610 609 927 678 habitaque,
952 619 1153 665 sanctae
1176 612 1614 666 conversationis
1645 612 1844 665 studiis

224 694 563 750 adolescens
596 696 735 766 pius,
760 697 1085 758 inclusione.
1120 698 1370 753 Lauduni
1395 700 1606 754 Christo
1638 699 1841 753 milita-

226 791 324 835 VII.

875 876 1079 931 CAPUT
1119 879 1181 932 XI

299 972 378 1023 De
406 969 751 1025 ordinatione
778 974 947 1040 ipsius
977 975 1050 1025 ad
1060 977 1422 1043 episcopatum
1444 978 1769 1032 Ile-mensem.

304 1060 398 1111 Ast
432 1059 868 1114 ubivicesimum
910 1063 1214 1115 secundum
1271 1063 1447 1117 aetatis
1507 1064 1681 1119 subiit
1739 1082 1842 1119 an-

231 1166 392 1215 num,
427 1150 695 1205 defuncto
728 1152 952 1222 praefato
1003 1155 1305 1209 venerabili
1342 1156 1623 1211 Bennadio
1662 1158 1846 1211 archi-

230 1242 523 1312 episc0po,
561 1243 616 1295 in
644 1244 745 1297 hac
764 1244 899 1299 urbe
930 1245 1207 1311 Remensi,
1240 1247 1487 1301 omnium
1515 1248 1851 1320 generaliter

231 1334 381 1388 votis
410 1335 477 1388 ad
498 1336 713 1404 apicem
748 1335 1101 1407 pontificatus
1135 1354 1243 1392 non
1293 1346 1399 1392 tam
1431 1339 1656 1404 electus,
1686 1358 1849 1412 quam

234 1432 433 1493 raptus
464 1424 635 1479 fuisse
668 1426 1035 1499 dignoscitur.
1072 1427 1152 1481 Fit
1191 1428 1466 1497 siquidem
1501 1431 1690 1499 populi
1720 1446 1853 1485 con-

231 1527 456 1571 cursus.
483 1513 687 1567 diversi
709 1514 933 1584 quidem
972 1530 1155 1579 sexus,
1182 1516 1537 1583 conditionis,
1569 1519 1856 1592 dignitatis

234 1604 519 1669 etaetatis,
545 1620 653 1659 una
687 1606 994 1677 eademque
1021 1609 1315 1672 sententia,
1377 1610 1526 1663 hunc
1570 1627 1697 1666 vere
1745 1614 1854 1667 Deo

234 1690 495 1762 dignum,
517 1698 571 1744 et
591 1692 685 1762 qui
714 1693 935 1763 populis
969 1694 1171 1763 praefici
1196 1696 1448 1763 deberet,
1482 1700 1849 1756 acclamantis.

233 1781 633 1837 Sanctissimus
665 1783 831 1854 igitur
856 1785 1201 1841 adolescens
1232 1788 1317 1841 his
1346 1789 1641 1858 depressus
1671 1809 1850 1865 angu-

234 1873 384 1935 stiis,
419 1875 679 1943 quoniam
710 1891 813 1930 nec
844 1875 984 1950 fugas
1034 1879 1186 1932 locus
1235 1881 1286 1933 ei
1334 1881 1547 1950 uspiam
1608 1884 1855 1953 patebat,

238 1976 348 2014 nec
376 1962 580 2031 popqu
614 1970 671 2017 ut
699 1964 766 2017 ab
809 1964 1115 2020 intentione
1169 1974 1349 2037 empta
1404 1968 1713 2035 desisteret,
1748 1971 1857 2026 ullo

241 2053 413 2107 modo
473 2054 788 2109 satisfacere
836 2063 1096 2124 poterat,
1167 2075 1333 2128 super
1407 2061 1582 2115 aetatis
1630 2061 1859 2117 infirma}

241 2144 418 2213 coepit
444 2148 710 2215 conqueri
728 2155 994 2217 tempore,
1017 2159 1072 2203 et
1094 2152 1241 2220 quod
1266 2152 1640 2207 ecclesiastica
1673 2155 1861 2226 regula

239 2237 394 2290 hanc
424 2246 641 2297 aetatem
676 2240 739 2292 ad
766 2249 969 2295 tantam
1002 2258 1110 2296 non
1141 2244 1457 2299 admitteret
1511 2245 1859 2318 dignitatem,

237 2344 381 2384 voce
414 2330 636 2399 publica
666 2334 981 2402 praedicare.
1014 2336 1118 2389 Sed
1151 2352 1273 2389 cum
1303 2337 1741 2392 irrevocabiliter
1762 2356 1863 2408 po-

240 2417 362 2486 puli
392 2419 715 2474 acclamaret
748 2420 1076 2492 frequentia,
1111 2431 1164 2477 et
1188 2424 1269 2477 vir
1302 2425 1394 2477 Dei
1418 2442 1615 2496 magna
1648 2428 1859 2481 retine-

240 2517 401 2563 retur
459 2514 789 2578 constantia,
839 2514 1042 2583 placuit
1112 2516 1480 2586 omnipotenti
1543 2519 1651 2573 Deo
1682 2519 1865 2572 mani-

242 2597 566 2653 festissimis
606 2600 829 2654 indiciis
868 2603 1177 2673 propalare.
1204 2605 1351 2674 quod
1385 2604 1503 2674 ipse
1531 2607 1598 2659 de
1631 2608 1863 2673 eojudi-

243 2685 397 2739 cium
457 2687 789 2761 dignabatur
844 2690 1071 2745 habere.
1114 2692 1365 2745 Traditur
1421 2694 1566 2747 enim
1624 2696 1867 2750 caelestis

247 2778 393 2832 radii
430 2779 614 2834 lumen
648 2798 818 2852 super
842 2783 1014 2853 ipsius
1035 2792 1284 2838 sanctum
1307 2785 1491 2840 subito
1507 2786 1866 2843 descendisse

244 2868 540 2933 verticem,
574 2878 627 2924 et
660 2887 782 2924 cum
814 2872 933 2942 ipso
966 2873 1169 2926 lumine
1229 2874 1446 2928 cmlitus
1477 2876 1597 2943 ejus
1628 2876 1868 2931 infusum

244 2964 422 3034 capiti
450 2965 716 3037 unguinis
745 2965 913 3019 divini
942 2964 1234 3035 liquorem,
1261 2968 1570 3035 cujussacri
1606 2970 1868 3036 nectaris,

246 3054 508 3122 ejusdem
546 3064 717 3107 totum
750 3054 1031 3108 videretur
1052 3064 1216 3125 caput
1245 3055 1520 3112 infusione
1536 3059 1845 3115 delibutum
1900 3109 1943 3131 η

244 3144 412 3201 Omni
437 3159 567 3219 ergo
598 3145 913 3214 posthabita
982 3145 1349 3215 dubitatione,
1407 3152 1702 3219 prmsulum
1762 3152 1871 3206 Re—

246 3238 465 3292 mensis
488 3236 853 3291 unanimitate
896 3239 1216 3308 provinciae,
1254 3239 1873 3308 pontiﬁcaliconsecra-

251 3338 348 3384 tur
406 3329 819 3384 benedictione.
871 3331 945 3385 Ad
1005 3332 1152 3402 quod
1185 3332 1425 3388 officium
1486 3333 1715 3388 mirifice
1749 3351 1871 3388 mox

247 3418 490 3473 devotus
519 3426 575 3472 et
594 3418 916 3489 aptissimus
937 3421 1623 3492 apparuitexsequendum
1650 3440 1662 3485 ;
1689 3422 1873 3496 largus

251 3511 316 3563 in
348 3510 745 3580 eleemosynis,
778 3510 1005 3565 sedulus
1034 3512 1085 3566 in
1108 3511 1334 3585 vigiliis,
1368 3521 1610 3568 attentus
1664 3515 1721 3568 in
1750 3530 1872 3568 ora-

250 3603 529 3665 tionibus,
568 3604 622 3657 in
666 3604 1008 3659 humanitate
1038 3605 1316 3675 profusus,
1350 3606 1403 3659 in
1444 3606 1709 3661 charitate
1750 3622 1875 3676 per-

251 3692 457 3757 fectus,
519 3692 577 3746 in
632 3693 883 3749 doctrina
948 3694 1286 3766 praecipuus,
1346 3696 1401 3749 in
1456 3695 1875 3750 conversatione

250 3785 667 3840 sanctissimus.
724 3785 921 3840 Mentis
980 3788 1286 3857 purissima
1322 3790 1739 3857 sinceritatem,
1798 3792 1872 3862 pii

248 3875 447 3929 vultus
524 3873 855 3945 praeferebat
937 3877 1262 3945 alacritate,
1346 3881 1876 3952 clementissimique

251 3963 448 4018 cordis
504 3962 904 4034 benignitatem
935 3967 1207 4020 sermonis
1240 3967 1521 4023 indicabat
1554 3970 1874 4040 tranquilli-

258 4061 397 4110 tate.
418 4054 620 4109 Salutis
642 4064 863 4110 aaternie
886 4057 1072 4111 munia
1095 4074 1203 4113 non
1227 4060 1406 4115 minus
1429 4062 1666 4132 implens
1687 4078 1874 4133 opere,

258 4161 434 4216 quam
467 4145 708 4200 edocens
748 4146 1141 4217 praedicatione
1177 4167 1190 4214 ;
1249 4152 1584 4205 reverendus
1630 4162 1876 4223 aspectu,

261 4238 621 4292 venerandus
653 4238 870 4294 incessu
893 4280 906 4306 ,
950 4242 1283 4297 metuendus
1319 4244 1634 4310 severitate,
1669 4246 1883 4314 ample—

260 4330 505 4385 ctendus
530 4329 897 4403 benignitate,
945 4348 1233 4387 censuram
1294 4334 1655 4390 districtionis
1677 4337 1886 4406 permi-

262 4422 448 4477 stione
490 4422 835 4493 temperabat
886 4425 1347 4480 mansuetudinis.
1412 4427 1599 4481 Minari
1661 4428 1883 4497 quidem

262 4510 469 4566 frontis
496 4511 788 4566 videbatur
816 4514 1130 4583 austeritas,
1154 4515 1249 4568 sed
1292 4514 1472 4569 cordis
1495 4515 1887 4571 blandiebatur

264 4600 545 4654 serenitas
569 4618 583 4663 ;
617 4610 823 4673 uterga
849 4601 1079 4657 devotos
1103 4603 1291 4657 Petrus
1322 4611 1615 4674 appareret
1643 4604 1697 4657 in
1733 4608 1883 4659 vultu

268 4701 467 4745 contra
498 4690 887 4761 delinquentes
952 4692 1147 4746 Paulus
1207 4692 1487 4748 videretur
1524 4693 1579 4747 in
1638 4693 1834 4764 spiritu
1871 4736 1884 4759 ,

267 4783 466 4855 sicque
495 4782 797 4856 gratiarum
826 4783 1143 4839 diversitate
1186 4784 1239 4838 in
1299 4801 1467 4839 unum
1497 4787 1886 4849 conveniente,

274 4874 425 4929 illius
468 4874 709 4943 pietatis.
747 4875 910 4943 hujus
942 4882 1058 4930 erat
1088 4876 1334 4931 imitator
1387 4880 1747 4945 auctoritatis,
1792 4896 1891 4934 ne-

274 4968 491 5039 glector
512 4965 734 5036 quietis,
777 4965 967 5042 refuga
997 4968 1317 5039 voluptatis,
1353 4969 1631 5040 appetitor
1661 4971 1888 5039 laboris,

277 5058 502 5127 patiens
557 5054 903 5126 abjectionis,
961 5056 1255 5127 impatiens
1288 5058 1534 5126 honoris,
1579 5076 1790 5131 pauper
1836 5062 1893 5115 in

277 5149 540 5221 pecunia,
575 5148 730 5202 dives
762 5149 816 5203 in
867 5152 1228 5217 conscientia,
1272 5153 1496 5207 humilis
1553 5154 1621 5207 ad
1678 5154 1892 5220 merita,

280 5241 562 5312 superbus
584 5240 651 5293 ad
684 5242 819 5295 vitia
874 5243 1008 5297 Etut
1028 5253 1156 5298 ante
1180 5261 1279 5299 nos
1294 5246 1365 5299 de
1396 5245 1515 5315 ipso
1540 5247 1894 5316 praedicatum

282 5330 487 5405 legitur
517 5329 855 5398 (Hmcmaus
875 5330 929 5384 in
963 5331 1087 5385 libr.
1128 5335 1202 5388 De
1238 5335 1365 5387 Vita
1394 5336 1612 5403 ipsius),
1642 5335 1720 5389 sic
1756 5336 1810 5389 in
1836 5352 1896 5390 se

282 5419 526 5475 diversas
550 5418 789 5473 excoluit
822 5420 1121 5492 gratiarum
1146 5421 1398 5487 virtutes,
1424 5432 1484 5476 ut
1528 5424 1617 5477 vix
1640 5425 1715 5477 ita
1741 5426 1898 5493 pauci

284 5515 540 5564 tenerent
568 5508 836 5580 singulas,
858 5510 1134 5579 quomodo
1165 5510 1258 5564 ille
1292 5510 1540 5581 implevit
1596 5513 1896 5569 universas.

284 5600 516 5673 Semper
548 5599 606 5654 in
638 5598 813 5654 sancti
839 5600 1026 5670 operis
1052 5601 1337 5669 exercitio,
1398 5618 1619 5673 semper
1658 5604 1712 5657 in
1742 5620 1899 5659 com-

289 5691 612 5764 punctionis
672 5689 886 5759 aﬂectu,
907 5694 1057 5749 nulla
1080 5694 1161 5749 illi
1191 5710 1257 5749 ex
1287 5695 1549 5750 omnibus
1576 5697 1907 5766 propensior

1916 4475 1968 4541 I)

1945 530 2036 576 aut
2107 538 2227 575 cum
2309 522 2418 574 Deo
2499 520 2551 573 in
2626 521 2876 575 oratione
2936 520 3136 591 loqui;
3194 520 3383 591 sicque
3458 531 3547 574 at-

1946 617 2170 664 tenuato
2201 610 2777 677 continuatisjejuniis
2808 624 3061 679 corpore,
3095 610 3163 663 de
3198 618 3554 679 persecutore

1946 698 2191 753 certabat
2223 698 2468 763 inimico,
2498 698 2616 769 jugi
2668 697 3007 767 triumphare
3065 703 3353 767 martyrio.
3411 699 3556 752 Inter

1952 792 2066 843 haec
2101 798 2279 843 tamen
2311 789 2497 843 omnia
2537 789 2861 844 intendebat
2918 790 3001 843 vir
3062 789 3439 854 beatissimus,
3500 798 3557 842 ut

1949 878 2112 931 etiam
2142 877 2211 930 ab
2238 877 2362 930 aliis
2384 876 2453 931 de
2481 877 2603 947 ipso
2622 878 2947 945 jamdudum
2972 878 3329 947 priedicatum
3360 877 3558 950 legitur

1949 970 2285 1035 (HINCMARUS
2312 970 2444 1023 ibid.
2479 979 2533 1022 et
2564 968 2931 1035 Foaruxnus)
2965 987 2976 1023 :
3029 969 3352 1023 Jactantiam
3385 969 3560 1022 virtu-

1950 1070 2061 1116 tum
2086 1062 2298 1135 fugere,
2334 1062 2388 1114 in
2418 1077 2528 1131 quo
2558 1078 2667 1116 non
2707 1068 2920 1131 poterat
2968 1062 3141 1133 gratia
3189 1063 3336 1115 celsa
3369 1062 3557 1115 latere.

1950 1151 2351 1205 Praieminebat
2377 1151 2525 1204 enim
2557 1152 2624 1204 ad
2648 1151 3072 1205 admirationem
3097 1150 3363 1217 omnium,
3394 1150 3561 1205 veluti

1952 1244 2146 1299 civitas
2172 1258 2340 1311 supra
2374 1244 2576 1296 montis
2619 1244 2879 1297 verticem
2913 1242 3017 1297 sita
3050 1260 3061 1295 :
3097 1259 3199 1297 nec
3229 1244 3332 1298 sub
3380 1242 3565 1297 modio

1952 1334 2124 1389 voluit
2180 1333 2442 1387 Dominus
2470 1334 2611 1388 hanc
2639 1334 2818 1389 occuli
2860 1334 3167 1401 lucernam,
3201 1352 3364 1405 quam
3398 1350 3565 1404 supra

1954 1422 2270 1480 candelabri
2349 1423 2712 1477 constituerat
2792 1423 3152 1478 eminentiam
3222 1425 3420 1492 (Matth
3511 1439 3561 1477 v.

1956 1516 2162 1581 14-15),
2189 1516 2315 1586 igne
2348 1514 2550 1569 divinae
2573 1516 2821 1569 tribuens
2870 1531 2991 1569 eam
3040 1516 3325 1570 charitatis
3352 1515 3566 1580 ardere,

1956 1605 2212 1674 claraque
2229 1604 2646 1674 splendidarum
2663 1605 2923 1661 Ecclesiae
2940 1622 3052 1660 sua}
3074 1605 3333 1659 virtutum
3361 1604 3571 1658 lumina

1958 1694 2293 1747 ministrare.
2656 1741 2665 1747 .

2586 1782 2793 1838 CAPUT
2824 1784 2939 1837 XII.

1960 1878 2033 1929 De
2061 1875 2290 1929 diversis
2319 1876 2388 1929 ab
2416 1891 2472 1929 eo
2508 1878 2747 1943 patratis
2776 1874 3082 1940 miraculis,
3136 1878 3185 1927 et
3233 1870 3297 1927 de
3324 1870 3573 1924 doctrina

2648 1970 2842 2036 ipsius.

2036 2058 2111 2112 Ad
2144 2058 2303 2126 cujus
2327 2058 2653 2124 sanctitatis,
2680 2072 2789 2111 non
2824 2053 3219 2116 innocentiam,
3245 2068 3355 2107 non
3388 2053 3567 2107 solum

1966 2147 2375 2202 rationabilium
2416 2190 2430 2213 ,
2487 2147 2584 2200 sed
2668 2146 2832 2200 etiam
2904 2143 3367 2198 irrationabilium
3436 2158 3573 2197 con-

1964 2239 2277 2310 sueverant]
2337 2239 2579 2309 agrestia
2631 2239 2796 2293 corda
2862 2251 3273 2301 mansuescere,
3320 2236 3459 2288 adeo
3518 2243 3576 2288 ut

1967 2331 2095 2385 dum
2146 2330 2289 2384 inter
2341 2329 2674 2385 domesticos
2736 2329 3005 2383 secretius
3075 2343 3198 2381 cum
3258 2327 3578 2399 contigisset

1967 2420 2173 2474 habere
2205 2419 2536 2485 convivium,
2575 2428 2629 2475 et
2660 2419 3029 2473 delectaretur
3063 2417 3119 2471 in
3148 2416 3423 2470 hilaritate
3446 2416 3578 2469 cha-

1969 2524 2171 2574 rorum,
2208 2524 2461 2579 passeres
2489 2509 2553 2562 ad
2586 2525 2711 2562 eum
2749 2510 2868 2563 sine
2928 2506 3296 2577 trepidatione
3337 2504 3575 2560 descen-

1968 2600 2162 2654 derent
2190 2608 2244 2653 et
2271 2616 2474 2654 mensae
2492 2600 2756 2670 reliquias
2782 2601 2849 2654 ab
2883 2600 3001 2667 ejus
3031 2615 3193 2652 manu
3226 2597 3582 2671 colligerent,

1971 2690 2323 2744 discederent
2381 2689 2489 2742 alii
2526 2689 2719 2755 saturi,
2767 2690 3095 2743 accederent
3136 2687 3225 2740 alii
3276 2686 3583 2740 saturandi.

1971 2781 2125 2846 Quod
2149 2780 2217 2833 ab
2252 2781 2448 2835 eodem
2482 2796 2833 2852 nequaquam
2882 2780 3145 2847 jactantia
3196 2778 3587 2849 prOpalabatur

1971 2875 2310 2937 meritorum,
2340 2873 2435 2927 sed
2467 2874 2519 2925 id
2578 2873 2855 2927 Dominus
2910 2873 2996 2944 agi
3054 2882 3199 2926 certa
3240 2872 3587 2942 disposuerat

1972 2970 2208 3025 utilitate
2241 2966 2676 3031 convivantium,
2708 2975 2773 3020 ut
2803 2968 2905 3019 hoc
2934 2966 3168 3037 aliisque
3201 2965 3586 3037 frequentissi-

1973 3060 2077 3114 mis
2094 3075 2191 3129 per
2230 3058 2375 3111 hunc
2398 3055 2593 3109 Christi
2648 3054 2908 3109 famulum
2962 3055 3094 3108 visis
3126 3056 3427 3120 miraculis,
3462 3072 3587 3109 sese

1973 3147 2268 3205 dominicis
2302 3144 2605 3200 ferventius
2636 3145 2926 3198 studerent
2969 3145 3285 3215 mancipare
3316 3145 3583 3198 servitiis.

2047 3240 2139 3293 llic
2175 3236 2255 3289 vir
2283 3233 2656 3295 beatissimus,
2687 3247 2810 3286 cum
2844 3249 2907 3285 ex
2941 3249 3114 3296 more,
3170 3233 3406 3303 quoda'n
3442 3243 3585 3286 tem-

1976 3348 2109 3401 pore
2148 3326 2407 3397 pastorali
2440 3323 2662 3377 solertia
2697 3322 2989 3392 parochias
3044 3325 3378 3389 circumiret,
3436 3332 3496 3378 ut
3543 3325 3588 3378 si

1976 3422 2323 3495 negligenter
2378 3415 2590 3485 aliquid
2656 3414 2709 3467 in
2752 3414 2965 3467 divinis
3016 3415 3255 3469 cultibus
3311 3423 3586 3490 ageretur,

1977 3513 2159 3568 fidelis
2191 3508 2389 3563 Christi
2422 3523 2613 3561 servus
2652 3514 2998 3579 agnosceret,
3061 3508 3115 3560 in
3147 3507 3347 3567 vicum.
3384 3507 3589 3561 Calmi-

1977 3608 2188 3662 ciacum
2222 3600 2469 3664 nomine,
2534 3598 2714 3669 ipsius
2769 3598 3003 3652 accessit
3050 3598 3219 3653 studii
3272 3600 3588 3655 devotione.

1979 3700 2103 3766 Ubi,
2127 3698 2254 3751 dum
2289 3694 2511 3766 quidam
2541 3707 2723 3747 caecus
2751 3692 2819 3746 ab
2854 3706 2921 3746 eo
2952 3692 3349 3747 misericordiae
3392 3700 3589 3763 postu-

1979 3796 2143 3848 lasset
2186 3804 2370 3859 opem,
2426 3786 2614 3857 coepit,
2663 3801 2772 3857 qua
2828 3785 3034 3839 dudum
3068 3792 3261 3856 captus
3310 3785 3592 3841 exstiterat

1979 3884 2340 3942 infestatione
2370 3880 2658 3949 daemonis,
2691 3880 2984 3936 vexatione
3024 3882 3269 3952 torqueri
3321 3880 3587 3950 corporis.

1978 3976 2129 4030 Tunc
2154 3981 2377 4027 sanctus
2400 3970 2684 4045 Remigius
2711 3971 2765 4024 in
2789 3970 3058 4034 oratione,
3090 3986 3196 4041 qua
3244 3971 3352 4023 Deo
3374 3985 3597 4039 semper

1981 4061 2499 4119 sanctaintentione
2546 4059 2799 4123 vacabat,
2850 4075 3117 4129 corporea
3168 4074 3227 4112 se
3283 4058 3595 4127 dejectione

1985 4154 2293 4227 prostravit,
2330 4153 2625 4221 statimque
2646 4151 2945 4220 pristinum
2987 4166 3134 4205 caeco
3197 4151 3381 4205 lumen
3409 4151 3599 4203 redhi-

1983 4246 2142 4303 bens.
2175 4241 2444 4296 immundi
2500 4254 2721 4310 quoque
2769 4246 2975 4307 pestem
3031 4239 3259 4309 spiritus
3315 4238 3597 4313 eti‘ugavit,

1988 4334 2188 4408 triplici
2240 4333 2510 4397 remedio,
2566 4332 2828 4385 nimirum
2889 4333 3037 4386 victu
3086 4332 3272 4387 solans
3339 4349 3596 4405 egenum,

1992 4440 2288 4481 munerans
2316 4422 2437 4477 visu
2460 4428 2746 4484 caecatum,
2801 4421 3097 4475 restituens
3156 4421 3394 4476 libertati
3425 4424 3599 4493 capti-

1991 4531 2143 4573 vum.

2058 4603 2179 4659 Alio
2200 4616 2421 4675 quoque
2454 4606 2726 4670 tempore,
2750 4597 2880 4651 dum
2906 4598 3204 4668 pontificali
3225 4599 3600 4655 sollicitudine

1992 4695 2308 4767 parochiam
2352 4695 2692 4763 peragraret,
2728 4695 2951 4759 rogatus
3009 4703 3039 4739 a
3079 4687 3315 4758 quadam
3375 4687 3601 4742 sobrina

1990 4806 2110 4852 sua,
2144 4786 2367 4842 nomine
2394 4783 2688 4845 Celsa,Deo
2714 4787 2945 4846 sacrata,
2978 4780 3163 4833 villam
3209 4780 3404 4851 ipsius,
3438 4796 3601 4835 voca-

1992 4882 2124 4935 bulo
2147 4878 2355 4933 Celtum
2377 4876 2516 4944 (Gal,
2550 4871 2971 4940 Centayi,adiit.
3003 4870 3081 4924 lbi
3106 4870 3234 4924 dum
3270 4874 3468 4924 beatus
3496 4872 3601 4932 vir,

1993 4968 2337 5040 spiritalibus
2368 4962 2661 5034 colloquiis
2682 4961 2807 5015 vitae
2840 4960 3099 5031 propinat
3122 4959 3328 5029 hospiti
3352 4960 3419 5012 de
3449 4974 3601 5013 more

1996 5061 2214 5133 pocula,
2242 5058 2496 5113 minister
2528 5056 2767 5126 praefatae
2795 5054 2983 5120 CBISED,
3042 5054 3156 5108 vini
3215 5052 3601 5107 sufficientiam

1996 5148 2236 5204 domina:
2266 5162 2379 5201 suae
2420 5145 2635 5200 nuntiat
2666 5159 2775 5197 non
2815 5144 3031 5199 adesse.
3087 5142 3163 5196 Re
3219 5140 3602 5209 hujuscemodi

1998 5242 2236 5316 cognita,
2296 5246 2517 5291 sanctus
2570 5235 2854 5309 Remigius
2911 5236 3051 5289 hanc
3100 5233 3259 5288 hilari
3293 5233 3610 5288 consolatur

1998 5333 2150 5387 vultu
2171 5338 2224 5383 et
2254 5336 2376 5398 post
2407 5326 2612 5380 blanda
2642 5326 2796 5382 verbi
2856 5326 3121 5380 solamina
3182 5324 3429 5392 ejusdem
3500 5324 3607 5379 sibi

2001 5426 2196 5479 domus
2227 5419 2443 5476 ostendi
2472 5418 2732 5489 praecepit
2757 5417 3071 5472 habitacula
3114 5417 3313 5488 Sicque
3346 5417 3416 5471 de
3446 5417 3611 5472 indu-

2002 5518 2134 5573 stria
2190 5514 2340 5586 prius
2375 5515 2717 5583 perlustrans
2746 5523 2965 5578 caetera,
3029 5514 3249 5567 tandem
3315 5511 3383 5566 ad
3416 5511 3608 5565 cellam

2006 5606 2256 5679 pervenit
2280 5606 2548 5661 vinariam
2582 5627 2597 5660 :
2647 5622 2808 5677 quam
2841 5601 2947 5658 sibi
2981 5603 3191 5659 faciens
3215 5600 3437 5672 aperiri,
3464 5601 3614 5671 rogi—

2012 5705 2090 5753 tat
2120 5698 2166 5753 si
2200 5697 2339 5755 forte.
2366 5706 2707 5753 remanserat
2728 5696 2784 5752 in
2830 5696 3016 5767 aliquo
3048 5708 3299 5748 vasorum
3330 5688 3613 5760 quidpiam
