3970 6212
425 349 492 400 47
1551 332 1917 389 FLODOARDI
1957 328 2262 385 CANONICI
2301 329 2628 386 REMENSIS
3654 337 3710 392 48

429 475 566 529 vini.
599 473 660 528 Et
683 471 971 542 designato
1009 467 1113 522 sibi
1134 481 1284 532 vase,
1319 465 1374 518 in
1407 478 1515 536 quo
1569 463 1838 518 tantillum
1893 460 2033 524 vini,
2060 463 2112 530 Α
2141 458 2856 516 interminationevindicta:
2887 461 2944 516 in
2969 476 3094 516 eum
3115 478 3237 534 quae
3266 464 3431 521 vetita
3465 467 3571 521 haec
3595 484 3711 537 prte-

431 582 530 636 pro
569 563 833 618 salvando
864 560 1074 615 scilicet
1097 559 1314 623 eodem,
1347 557 1600 610 relictum
1624 554 1814 615 fueral,
1855 551 2034 606 claudi

434 658 697 728 praecepit
726 655 950 716 ostium,
988 654 1257 724 jussoque
1288 650 1590 705 consistere
1632 648 1752 701 loco
1807 646 2041 700 cellera—

431 751 593 815 rium;
612 751 732 818 ipse
752 763 882 801 vero
904 746 971 800 ad
1021 746 1248 799 alteram
1303 743 1574 797 accedens
1594 738 1739 794 vasis
1778 737 2033 802 frontem,

429 838 778 910 superidem,
795 835 943 906 quod
958 840 1074 888 erat
1091 848 1199 887 non
1222 831 1453 885 modicae
1471 827 1815 900 quantitatis,
1835 825 2036 881 Christi

431 932 656 986 adnotat
685 945 926 992 crucem,
978 927 1317 995 flectensque
1357 939 1535 995 genua
1559 937 1719 976 secus
1749 919 2036 990 parietem,

432 1020 571 1074 coelo
594 1019 846 1072 devotam
876 1014 1064 1086 dirigit
1095 1029 1337 1084 precem.
1371 1011 1548 1080 Coepit
1579 1010 1808 1074 interea,
1842 1006 2039 1060 mirum

433 1112 606 1176 dictu,
660 1111 846 1164 vinum
881 1125 978 1178 per
1027 1107 1274 1160 foramen
1331 1103 1591 1174 superius
1621 1100 1921 1164 exundare,
1978 1114 2042 1152 ac

431 1221 597 1275 supra
627 1203 1003 1275 pavimentum
1057 1197 1409 1252 abundanter
1457 1193 1708 1248 efﬂuere.
1765 1191 2042 1245 Exclamat

433 1299 539 1350 hoc
576 1296 694 1350 viso
741 1292 1082 1357 cellerarius,
1109 1299 1333 1360 stupore
1356 1286 1660 1358 perculsus.
1693 1284 1799 1338 Sed
1829 1298 1953 1338 mox
2012 1299 2040 1336 a

434 1392 625 1439 sancto
654 1383 772 1436 viro
803 1395 1108 1450 repressus,
1142 1395 1210 1432 ne
1230 1377 1283 1430 id
1317 1377 1493 1447 palam
1525 1374 1709 1440 faciat,
1736 1372 2038 1426 inhibetur.

436 1476 499 1527 At
521 1473 647 1544 quia
678 1479 786 1524 tam
820 1468 950 1522 clari
980 1468 1167 1521 lumen
1197 1466 1384 1536 operis
1427 1464 1654 1519 minime
1709 1463 1882 1517 valuit
1913 1461 2042 1515 abs-

433 1559 620 1621 condi,
654 1557 1097 1611 ubiconsobrina
1117 1573 1215 1611 sua
1236 1555 1441 1610 factum
1464 1554 1755 1626 comperit,
1789 1553 2042 1606 eamdem

434 1649 618 1703 villam
655 1649 853 1720 ipsi,et
876 1647 1325 1719 Ecclesiaeipsius
1346 1647 1621 1718 perpetim
1647 1644 2038 1717 possidendam

428 1741 674 1804 tradidit,
711 1759 772 1796 ac
803 1741 966 1815 legali
995 1741 1121 1809 jure
1161 1739 1527 1796 confirmavit.

504 1831 638 1884 Huic
685 1831 864 1884 simile
921 1830 1090 1884 ferme
1143 1829 1466 1883 miraculum
1510 1827 1580 1880 ab
1612 1827 1806 1882 eodem
1841 1826 2044 1881 domno

429 1922 676 1994 Remigio
709 1922 761 1976 in
785 1922 896 1975 olei
922 1922 1096 1975 fertur
1124 1922 1339 1992 liquore
1366 1927 1662 1989 patratum.
1699 1917 1831 1972 Cum
1871 1931 2048 1988 {egro-

425 2022 510 2067 tus
551 2015 774 2085 quidam
810 2014 1035 2068 familia:
1060 2030 1168 2068 non
1203 2011 1486 2088 ignobilis,
1521 2028 1624 2065 nec
1658 2019 1840 2066 tamen
1868 2008 2045 2079 bapti-

424 2112 595 2169 zatus,
628 2121 658 2157 a
688 2115 876 2158 sancto
933 2104 1184 2176 Remigio
1235 2121 1293 2158 se
1351 2103 1559 2158 visitari
1610 2104 1959 2173 postulasset,
1994 2107 2048 2155 et

418 2193 531 2260 jam
562 2194 709 2248 velut
741 2194 794 2246 in
847 2193 1041 2248 ultimo
1084 2193 1282 2263 spiritu
1314 2207 1373 2246 se
1413 2191 1642 2246 credere
1677 2192 1957 2254 fateretur,
1990 2197 2048 2242 et

426 2285 688 2355 baptizari
732 2285 1080 2355 deposceret,
1123 2285 1318 2338 beatus
1363 2283 1609 2354 pontifex
1646 2299 1677 2337 a
1723 2282 2047 2353 presbytero

426 2375 527 2427 loci
587 2375 769 2426 oleum
831 2381 884 2426 et
932 2373 1170 2426 chrisma
1228 2372 1540 2441 requirens,
1567 2372 1794 2441 jamque
1827 2371 2049 2441 penitus

426 2463 478 2515 in
511 2461 768 2531 ampullis
809 2468 1105 2531 utrumque
1161 2459 1432 2513 defecisse
1495 2460 1845 2529 comperiens
1899 2461 2049 2530 ipsas

423 2551 694 2619 ampullas
727 2564 869 2619 pene
927 2565 1125 2604 vacuas
1181 2564 1348 2618 super
1402 2550 1572 2601 altare
1607 2549 1809 2618 posuit,
1840 2564 1902 2602 ac
1922 2565 2047 2604 sese

426 2642 480 2693 in
513 2640 760 2694 oratione
819 2639 1133 2709 prostravit.
1178 2640 1419 2710 Surgens
1469 2645 1652 2692 autem
1700 2638 1767 2691 ab
1800 2639 2048 2693 oratione

426 2731 642 2785 vascula
674 2730 838 2800 plena
871 2729 1094 2798 reperit,
1125 2737 1179 2780 et
1209 2727 1288 2780 sic
1321 2725 1597 2780 infirmum
1629 2727 1751 2782 oleo
1781 2727 2049 2782 divinitus

426 2823 552 2876 dato
579 2835 918 2894 perungens,
947 2817 1322 2873 ecclesiastico
1355 2817 1423 2870 de
1446 2831 1600 2873 more
1639 2818 1958 2890 baptizavit.
1993 2827 2048 2874 et

425 2912 719 2966 chrismate
750 2909 966 2964 coalitus
1013 2910 1211 2963 collato
1270 2907 1468 2973 linivit,
1521 2909 1848 2980 redditaque
1896 2910 2049 2964 sani-

426 3013 554 3069 tate,
598 3012 705 3058 tam
737 3003 932 3058 anima:
958 3003 1134 3057 salute
1173 3016 1339 3073 quam
1389 3002 1641 3072 corporis
1670 3003 2048 3059 incolumitate

425 3099 667 3153 donavit.

496 3188 726 3243 Humani
767 3187 1006 3258 denique
1036 3188 1258 3261 generis
1291 3187 1490 3254 hostis,
1515 3186 1810 3242 ostendere
1845 3187 2048 3258 nequi-
2076 3148 2126 3217 C

425 3279 552 3334 tiam
586 3293 697 3332 non
725 3277 1000 3330 desistens
1038 3292 1150 3331 suae
1211 3276 1588 3350 malignitatis,
1621 3276 1812 3331 urbem
1847 3278 2044 3332 Remo-

424 3388 565 3437 rum,
599 3368 958 3443 surgentibus
1003 3369 1346 3423 flammarum
1376 3369 1560 3423 subito
1592 3368 1792 3443 globis,
1839 3370 2048 3425 immis-

422 3465 580 3519 sione
620 3463 740 3516 dira
797 3462 1108 3528 succendit,
1169 3460 1494 3532 crudelique
1550 3462 1872 3527 vastatione,
1931 3464 2045 3530 jam

425 3565 634 3626 partem
667 3553 779 3609 fere
831 3555 1044 3608 tertiam
1103 3555 1474 3609 concrematio
1533 3562 1752 3624 peracta
1783 3571 2045 3611 consum-

425 3655 609 3715 pserat
638 3663 652 3709 ;
681 3653 735 3698 et
763 3643 913 3714 quod
967 3643 1247 3698 residuum
1291 3651 1408 3698 erat
1434 3645 1629 3699 victrix
1655 3644 1873 3700 flamma
1905 3646 2045 3700 lam-

423 3735 611 3788 bebat.
642 3733 805 3801 Cujus
833 3733 911 3786 rei
944 3734 1196 3787 nuntium
1251 3733 1445 3788 beatus
1483 3735 1714 3790 antistes
1743 3736 2046 3806 accipiens,

424 3825 491 3877 ad
522 3824 685 3878 solita
714 3837 838 3876 sese
860 3822 1074 3878 confert
1113 3823 1377 3879 orationis
1402 3825 1678 3894 praesidia.
1733 3835 1788 3880 et
1814 3827 1869 3880 in
1897 3827 2046 3882 beati

427 3913 622 3968 Nicasii
653 3911 909 3981 martyris
933 3911 1181 3977 basilica,
1214 3913 1310 3967 ubi
1343 3922 1473 3968 tunc
1503 3916 1766 3986 temporis
1794 3917 2046 3972 morandi

421 4001 882 4057 consuetudinem
933 4000 1156 4068 fecerat,
1217 4001 1414 4057 Christi
1479 4012 1780 4073 prostratus
1804 4007 2049 4076 exposcit

422 4090 698 4164 suffragia.
732 4091 1084 4162 Surgensque
1135 4090 1204 4145 ab
1237 4092 1508 4157 oratione,
1539 4093 1727 4150 oculos
1752 4096 1821 4150 ad
1847 4097 2048 4152 caelum

420 4184 638 4250 attollit,
679 4190 732 4238 et
780 4184 1093 4238 exclamans
1118 4201 1243 4240 cum
1292 4186 1524 4259 gemitu,
1554 4188 1632 4243 ait
1661 4208 1676 4243 :
1714 4189 1876 4258 Deus,
1904 4191 2048 4246 Deus

425 4293 600 4341 meus,
633 4275 825 4330 adesto
851 4277 970 4331 voci
1029 4293 1186 4333 meaz.
1222 4278 1422 4349 Sicque
1469 4295 1634 4334 cursu
1666 4282 1905 4346 concito,
1951 4299 2050 4353 per

419 4370 647 4444 gradus,
705 4377 832 4422 ante
900 4368 1074 4439 ipsam
1144 4369 1428 4442 lapidibus
1484 4380 1685 4429 stratos
1752 4375 2048 4430 ecclesiam

419 4462 785 4526 descendens,
834 4461 1109 4518 civitatem
1151 4463 1308 4534 petiit
1351 4482 1365 4530 ;
1402 4463 1456 4518 in
1511 4466 1718 4536 quibus
1771 4468 2043 4540 graduum

420 4551 721 4623 lapidibus,
751 4565 814 4605 ac
839 4550 884 4604 si
939 4569 1105 4623 supra
1151 4516 1326 4609 [molle
1352 4516 1556 4610 ,lutum
1613 4516 1898 4626 depreassa,
1940 4516 2122 4614 ho-D

2072 1779 2124 1846 Β

2138 553 2482 623 sumpsisset,
2515 553 2779 610 inhibuit.
2805 553 2932 609 Post
2959 553 3170 626 aliquot
3210 573 3342 613 vero
3389 575 3552 617 annos
3599 564 3710 619 civis

2139 644 2384 715 quidam,
2431 644 2656 701 nomine
2715 645 3048 714 Fersinctus,
3097 663 3256 702 secus
3308 649 3476 718 ipsam
3531 659 3708 720 portam

2139 749 2516 800 commanens,
2550 734 2844 789 maceriem
2895 752 3004 806 qua
3049 735 3243 790 eadem
3277 746 3429 808 porta
3455 739 3711 796 fueratob-

2139 832 2364 889 structa,
2399 831 2458 878 ut
2487 839 2598 877 suae
2626 824 2824 878 domus
2872 823 3002 879 hinc
3033 825 3258 893 ejiceret
3304 827 3515 893 rudera,
3554 829 3712 899 perfo-

2143 917 2299 972 ravit.
2332 915 2438 970 Sed
2458 931 2583 970 mox
2605 915 2743 971 ultio
2771 923 2920 971 tanta
2961 916 3133 970 fertur
3162 917 3283 985 ejus
3308 918 3578 974 audaciam
3605 935 3713 975 con-

2142 1017 2350 1074 secuta,
2377 1014 2562 1063 utnon
2593 1023 2784 1079 pecus,
2814 1025 2917 1063 nec
2939 1009 3121 1072 homo,
3146 1010 3302 1064 clade
3331 1012 3711 1080 superveniente

2142 1097 2197 1153 in
2228 1097 2480 1152 eamdem
2509 1098 2837 1152 remanserit
2864 1099 3049 1153 domo.

2213 1191 2342 1256 Qua:
2360 1191 2485 1244 dam
2515 1189 2701 1260 puella
2721 1190 3002 1260 praeclaris
3013 1190 3081 1244 ab
3095 1189 3234 1245 urbe
3262 1191 3451 1246 Tolosa
3479 1189 3714 1246 natalibus

2144 1292 2282 1350 orta,
2315 1283 2541 1357 maligni
2590 1283 2820 1352 spiritus
2877 1283 2946 1337 ab
2999 1282 3230 1338 infantia
3287 1283 3565 1338 tenebatur
3589 1283 3715 1338 obsi-

2144 1376 2310 1432 dione
2331 1374 2565 1447 captiva.
2603 1374 2772 1438 Quam
2831 1392 2954 1430 cum
3014 1384 3206 1430 tenero
3257 1376 3528 1448 genitores
3565 1391 3716 1430 amore

2143 1465 2461 1538 diligerent,
2490 1464 2556 1516 ad
2609 1465 2922 1534 sepulcrum
2955 1465 3128 1519 sancti
3160 1464 3306 1518 Petri
3357 1463 3574 1534 apostoli
3617 1479 3715 1518 cum

2143 1574 2341 1631 magna
2371 1555 2665 1611 devotione
2698 1556 2994 1610 duxerunt.
3030 1556 3090 1610 In
3121 1555 3334 1610 eisdem
3361 1572 3583 1626 namque
3609 1571 3714 1626 par-

2143 1646 2293 1700 tibus
2317 1644 2565 1699 enitebat
2609 1653 2739 1699 tunc
2791 1644 2996 1698 virtute
3041 1643 3379 1697 venerabilis
3408 1643 3716 1705 Benedictus,

2143 1734 2400 1806 plurimis
2448 1732 2718 1804 effulgens
2743 1733 3061 1787 virtutibus.
3099 1733 3269 1801 Cujus
3298 1739 3564 1802 comperta
3584 1731 3713 1791 fama,

2147 1824 2344 1895 puellae
2374 1830 2626 1893 patentes
2659 1823 2800 1876 hanc
2839 1821 2907 1875 ad
2965 1822 3225 1876 eumdem
3268 1823 3559 1892 perducere
3592 1827 3715 1874 sata-

2147 1919 2302 1985 gunt,
2335 1913 2429 1983 qui
2487 1911 2674 1965 multis
2698 1911 2930 1979 jejumis
2959 1920 3014 1965 et
3057 1912 3405 1966 orationibus
3450 1927 3540 1982 pro
3575 1909 3718 1981 ipsius

2147 2001 2543 2056 emundationc
2593 2001 2868 2067 laborans,
2904 2017 3028 2056 cum
3060 2001 3168 2054 diri
3219 2002 3488 2072 serpentis
3513 2001 3644 2055 virus
3663 1998 3716 2051 ab

2147 2111 2212 2150 ea
2255 2112 2365 2151 non
2393 2095 2658 2151 valuisset
2689 2095 2912 2162 ejicere,
2965 2095 3069 2149 hoc
3098 2101 3312 2149 tantum
3343 2092 3597 2165 responsi,
3639 2105 3719 2145 no-

2147 2191 2315 2247 minis
2341 2189 2514 2244 divini
2541 2187 2933 2253 obtestatione,
2967 2186 3036 2240 ab
3055 2186 3288 2258 antiquo
3316 2195 3620 2256 extorquere
3637 2196 3718 2252 po-

2147 2284 2252 2339 tuit
2275 2285 2457 2348 hoste,
2490 2281 2638 2353 quod
2672 2295 2955 2352 nunquam
3016 2278 3249 2333 alterius
3274 2277 3344 2333 de
3372 2277 3553 2334 eodem
3587 2273 3718 2330 habi-

2148 2375 2352 2439 taculo,
2384 2371 2489 2426 nisi
2521 2370 2687 2438 hujus
2709 2368 3014 2425 beatissimi
3064 2368 3303 2442 Remigii
3335 2364 3594 2438 pontificis
3617 2378 3719 2418 ora-

2149 2462 2394 2517 tionibus
2425 2467 2611 2532 posset
2683 2458 2902 2530 expelli.
2957 2458 3106 2512 Tunc
3153 2465 3412 2528 parentes
3455 2457 3581 2525 ejus,
3631 2461 3716 2508 tam

2150 2560 2324 2629 ipsius
2355 2557 2500 2612 beati
2536 2554 2842 2620 Benedicti,
2887 2568 3049 2623 quam
3083 2549 3251 2607 etiam
3301 2550 3582 2605 Gothorum
3601 2546 3719 2619 regis

2148 2651 2344 2706 Alarici
2414 2647 2671 2703 affatibus
2725 2645 3026 2718 suffragati,
3071 2659 3378 2714 eorumque
3433 2639 3610 2696 litteris
3662 2636 3714 2691 ad

2148 2741 2370 2796 beatum
2439 2738 2749 2810 Remigium
2807 2737 2969 2803 datis,
3039 2741 3098 2790 ut
3164 2734 3415 2799 traditur,
3480 2731 3608 2795 freti,
3663 2727 3716 2782 ad

2150 2833 2410 2889 eumdum
2443 2837 2692 2886 sanctum
2746 2831 3046 2886 antistitem
3095 2845 3224 2884 cum
3269 2826 3512 2883 devincta
3561 2820 3718 2877 sobole

2149 2927 2540 2994 pervenerunt,
2581 2919 2838 2975 virtutem
2889 2919 3254 2989 deprecantes
3297 2916 3415 2985 ejus
3455 2914 3507 2968 in
3551 2925 3718 2982 purga-

2150 3020 2300 3074 tione
2322 3014 2495 3087 prolis
2510 3027 2829 3086 agnoscere,
2855 3027 3020 3082 quam
3062 3009 3416 3078 latronisjam
3463 3004 3717 3078 przescive-

2151 3116 2273 3164 rant
2337 3105 2705 3162 confessione.
2775 3104 2839 3157 At
2893 3099 3254 3156 beatissimus
3310 3094 3591 3168 Remigius,
3618 3105 3717 3146 cum

2147 3198 2408 3252 diuturna
2437 3193 2799 3249 reluctatione
2836 3207 2895 3245 se
2928 3206 3037 3245 non
3069 3206 3194 3245 esse
3238 3190 3460 3264 dignum
3491 3185 3719 3240 assereret

2149 3297 2202 3342 et
2233 3286 2542 3341 humilitate
2569 3283 2730 3339 solita
2761 3291 3116 3357 repugnaret,
3171 3280 3430 3353 precibus
3458 3284 3535 3332 est
3560 3269 3717 3346 populi

2147 3375 2512 3448 supplicantis
2542 3373 2774 3437 evictus,
2807 3380 2868 3427 ut
2914 3372 3228 3428 orationem
3272 3387 3370 3444 pro
3414 3371 3525 3442 ipsa
3551 3362 3720 3420 funde-

2147 3477 2252 3535 ret,
2283 3485 2345 3523 ac
2375 3473 2666 3538 parentum
2697 3464 2953 3536 lacrymis
2977 3465 3320 3520 condoleret.
3347 3461 3540 3519 Meritis
3566 3459 3718 3525 itaque

2146 3558 2453 3614 sanctitatis
2501 3562 2762 3619 armatus,
2795 3553 2950 3609 verbi
2985 3555 3252 3625 praecepit
3280 3551 3524 3624 imperio,
3552 3544 3717 3603 utini-

2147 3664 2290 3720 quus
2320 3647 2507 3717 praedo
2558 3662 2659 3716 per
2705 3644 2854 3716 quod
2885 3644 3170 3716 ingressus
3218 3643 3396 3698 fuerat
3447 3635 3715 3695 discedens,

2148 3737 2345 3792 Christi
2385 3735 2645 3790 famulam
2683 3735 2970 3790 relaxaret.
3026 3735 3229 3807 Sicque
3282 3751 3403 3790 cum
3455 3729 3608 3785 nimio
3637 3739 3715 3780 vo-

2149 3830 2285 3884 mitu
2318 3838 2374 3883 et
2402 3829 2644 3884 obsceno
2674 3828 2893 3898 fmtore,
2943 3844 3044 3899 per
3087 3843 3148 3883 os
3203 3843 3314 3901 quo
3365 3826 3531 3882 fuerat
3573 3822 3718 3875 intro-

2149 3924 2370 3991 missus,
2402 3923 2691 3978 abscessit.
2734 3922 2840 3977 Sed
2870 3923 3034 3993 paulo
3064 3928 3214 3993 post,
3242 3921 3527 3978 recedente
3565 3911 3717 3987 ponti—

2150 4014 2273 4078 fice,
2304 4013 2434 4067 dum
2467 4012 2639 4066 nimio
2695 4011 2882 4067 labore
2942 4011 3084 4066 fessa
3133 4019 3374 4080 nutaret,
3428 4009 3544 4064 vitae
3571 4003 3717 4061 calore

2150 4106 2382 4178 privata,
2413 4102 2666 4173 spiritum
2722 4101 2946 4156 vitalem
2979 4101 3182 4156 amisit.
3237 4099 3446 4157 lteratis
3473 4110 3591 4169 ergo
3617 4104 3719 4163 pre-

2149 4201 2329 4268 cibus,
2382 4197 2544 4254 turba
2603 4195 3010 4267 supplicantum
3063 4195 3298 4250 recurrit
3348 4193 3415 4248 ad
3461 4187 3713 4245 medicum.

2150 4293 2347 4346 Beatus
2376 4296 2556 4343 autem
2615 4285 2901 4359 Remigius
2954 4301 3014 4339 se
3063 4285 3253 4356 potius
3306 4287 3515 4339 accusat
3541 4273 3716 4332 facinus

2149 4387 2517 4453 perpetrasse,
2577 4391 2742 4446 quam
2799 4374 3050 4430 sanitatis
3106 4374 3413 4430 remedium
3443 4366 3712 4424 indulsisse.

2147 4474 2549 4544 homicidiique
2571 4489 2723 4527 reum
2753 4470 3050 4537 exstitisse,
3083 4485 3195 4525 non
3227 4466 3522 4524 remedium
3557 4463 3715 4516 contu—

2129 4567 2294 4621 lisse.
2325 4565 2496 4639 lgitur
2525 4563 2594 4617 ad
2614 4561 2789 4617 sancti
2827 4561 3058 4616 Joannis
3095 4560 3402 4639 basilicam,
3434 4555 3522 4611 ubi
3549 4557 3712 4618 corpus

419 4644 644 4714 dieque,
675 4643 742 4698 ad
793 4645 1115 4699 memoriam
1174 4645 1347 4700 divini
1399 4645 1670 4712 miraculi,
1727 4646 1942 4720 signata
1962 4653 2046 4707 vi-
2141 4634 2377 4724 jacebaf
2393 4653 2666 4720 exanime,
2708 4651 2901 4723 populi
2958 4652 3222 4707 obtentus
3250 4634 3613 4720 deprecatione
3646 4650 3712 4689 re-

419 4739 618 4788 suntur
653 4731 904 4805 vestigia.
937 4731 1226 4805 Celerique
1277 4733 1629 4789 festinatione
1667 4734 2047 4809 deprOperans

415 4843 475 4880 se
521 4823 756 4878 flammis
805 4823 1031 4893 objecit,
1092 4825 1408 4895 statimque,
1465 4833 1524 4880 ut
1579 4834 1807 4882 extensa
1855 4841 2048 4887 contra

416 4919 603 4992 ignem
661 4917 921 4982 dextera,
982 4918 1203 4991 signum
1271 4916 1452 4971 crucis
1511 4933 1635 4972 cum
1695 4919 2044 4981 invocatione

416 5006 614 5062 Christi
644 5006 886 5062 nominis
917 5006 1114 5072 edidit,
1149 5012 1324 5060 totum
1384 5005 1520 5060 illud
1559 5007 1897 5078 incendium,
1942 5014 2050 5070 fra-

416 5104 504 5152 cta
522 5103 577 5150 et
609 5094 666 5148 in
695 5109 818 5149 sese
849 5093 1015 5147 relisa
1045 5094 1269 5155 virtute,
1320 5094 1541 5162 cedere,
1572 5104 1737 5170 atque
1785 5110 1912 5156 ante
1944 5104 2046 5159 viri

419 5188 512 5243 Dei
544 5185 896 5259 praesentiam
946 5185 1104 5256 quasi
1153 5185 1343 5260 fugere
1395 5189 1581 5259 coepit.
1643 5191 1796 5254 Quod
1852 5193 2046 5252 beatus

420 5279 702 5350 Remigius
738 5279 1057 5347 insequens,
1119 5286 1177 5332 et
1205 5295 1263 5333 se
1315 5279 1457 5335 inter
1509 5282 1692 5357 ignem
1737 5295 1791 5339 et
1823 5301 1886 5340 ea
1916 5303 2041 5358 quae

417 5373 600 5428 adhuc
650 5367 986 5425 videbantur
1045 5370 1266 5440 intacta,
1329 5388 1452 5428 cum
1514 5375 1673 5449 signo
1735 5379 2041 5435 sanctitatis

2146 4745 2416 4818 greditur,
2449 4743 2640 4814 ibique
2678 4759 2804 4798 cum
2862 4741 3120 4812 lacrymis
3165 4741 3233 4796 ad
3285 4739 3576 4812 pavimenta
3613 4739 3714 4818 sall-

2147 4815 2360 4892 ctorum
2390 4837 2448 4890 in
2477 4835 2728 4891 oratione
2782 4835 3171 4906 prosternitur,
3205 4842 3260 4889 et
3312 4830 3542 4901 reliquos
3579 4825 3630 4874 ut
3653 4815 3710 4868 ita

2147 4927 2394 4982 facerent
2424 4926 2762 4982 adhortatur.
2797 4926 2932 4981 Hinc
2989 4924 3162 4980 effuso
3194 4925 3539 4995 lacrymarum
3568 4907 3710 4965 imbre

2147 5035 2506 5093 consurgens,
2530 5018 2815 5074 suscitavit
2834 5026 3130 5086 mortuam,
3161 5033 3323 5090 quam
3371 5012 3515 5085 prius
3541 5012 3708 5076 Purga‘

2147 5121 2231 5167 rat
2261 5114 2564 5168 obsessam.
2598 5111 2726 5177 Quae
2757 5112 3030 5182 protinus,
3061 5110 3405 5182 apprehensa
3429 5112 3577 5158 manu
3597 5103 3708 5182 ρους

2145 5203 2332 5272 tificis,
2400 5222 2525 5260 cum
2573 5205 2790 5278 integra
2838 5203 3217 5260 incolumitate
3271 5195 3516 5258 surrexit,
3559 5192 3606 5242 el
3652 5176 3703 5233 ad

2145 5295 2368 5364 prepria
2398 5294 2635 5352 feliciter
2663 5294 2946 5349 remeavit.

2215 5381 2380 5450 Cujus
2399 5399 2528 5440 vero
2573 5383 2860 5450 doctrinis,
2893 5385 3052 5453 cujus
3099 5380 3400 5439 sanctitatis
3450 5382 3596 5444 atque
3634 5375 3703 5415 ⁵⁸⁸

413 5473 726 5534 apponens,
789 5457 930 5514 hanc
969 5475 1189 5517 omnem
1239 5461 1583 5519 flammarum
1636 5465 2035 5523 immanitatem
2142 5471 2368 5542 pientiaz
2391 5472 2745 5527 beatissimus
2774 5473 2864 5528 hic
2893 5481 3051 5544 pater
3077 5473 3255 5528 nitore
3276 5461 3700 5544 radiaveritopefa

411 5557 613 5606 antese
663 5546 988 5620 fugientem,
1021 5567 1122 5622 per
1169 5559 1450 5624 patentem
1496 5563 1730 5624 portam,
1763 5553 1934 5611 fultus
1954 5557 2038 5614 di-

410 5643 551 5699 vinae
581 5640 845 5716 potentiae
876 5643 1171 5714 praesidiis,
1203 5645 1432 5715 expulit,
1457 5652 1513 5700 et
1536 5647 1787 5701 eamdem
1821 5655 2035 5718 portam

2139 5538 2410 5616 testantur
2458 5563 2654 5634 ipsius,
2705 5561 2836 5634 quia
2865 5538 2994 5619 vera
3050 5563 3241 5635 procul
3283 5557 3446 5615 dubio
3473 5538 3702 5620 sapientia

2136 5664 2258 5704 esse
2281 5649 2646 5722 dignoscitur,
2687 5668 2810 5722 quae
2831 5668 3062 5724 operum
3092 5651 3446 5712 exhibitione,
3475 5637 3604 5698 velut
3627 5643 3700 5724 ar-

410 5737 610 5794 clausit
640 5755 656 5804 ;
688 5746 856 5808 utque
888 5754 1170 5809 nunquam
1229 5737 1542 5807 aperiretur
1571 5737 1638 5793 ab
1671 5737 1878 5808 aliquo,
1908 5755 2034 5796 cum
2136 5739 2240 5793 bor
2269 5719 2563 5808 fructibus,
2623 5719 2981 5814 approbatur.
3014 5748 3264 5805 Testatur
3307 5753 3436 5817 gens
3485 5719 3699 5787 Francica
