3970 6212
254 304 344 356 49

952 300 1274 356 HISTORl/E
1318 296 1654 353 ECCLESUE
1694 296 2021 353 REMENSIS
2062 300 2237 355 LIBRI
2280 301 2698 366 QUATUOR.—
2738 304 2860 358 LIB.
2904 308 2942 360 I.
3546 314 3616 369 50

256 448 379 502 per
462 446 587 485 eum
622 428 691 483 ad
735 426 900 482 ﬁdem
940 427 1137 484 Christi
1182 444 1466 493 conversa,
1526 433 1580 480 et
1636 425 1895 495 baptismi
1922 434 1969 499 Α
2000 428 2090 482 hic
2117 430 2273 485 Pater
2296 446 2358 484 ac
2389 439 2575 501 pastor
2603 432 2780 485 almus
2830 432 3123 501 exstiterit,
3156 454 3317 507 quam
3353 438 3531 495 fidelis
3562 454 3615 498 et

254 520 717 577 sanctiﬁcatione
766 528 1104 575 consecrata.
1167 522 1455 575 Testantur
1501 518 1719 572 diversa
1766 535 1899 589 pru-

256 614 600 669 dentissime
623 612 691 665 ab
727 611 846 682 ipso
906 618 1014 666 tam
1047 612 1185 667 facta
1224 627 1388 682 quam
1448 610 1763 680 praedicata.
1795 610 1899 664 Te—

254 715 493 761 stantur
526 705 759 760 diversae
790 704 965 774 ipsius
995 720 1244 775 personae
1276 703 1559 773 temporis,
1602 718 1664 754 ex
1697 702 1901 773 quibus

256 798 512 863 Sidonii,
540 798 910 850 Arvernorum
956 795 1225 865 episcopi,
1271 794 1373 847 viri
1418 792 1800 857 eruditissimi,
1847 800 1901 845 et

259 893 384 939 tam
416 899 625 957 genere
655 898 820 953 quam
875 882 1142 955 religione
1191 898 1254 936 ac
1303 896 1560 936 sermone
1586 879 1896 944 clarissimi,

257 976 569 1048 epistolam
612 974 745 1028 huic
789 972 1110 1028 beatissimo
1160 971 1407 1043 pontiﬁci
1457 972 1722 1026 directam
1752 971 1899 1025 inse-

262 1083 399 1122 rere
422 1067 631 1137 placuit
656 1066 865 1133 (anou.
897 1066 1176 1129 Avonam,
1212 1066 1303 1119 lib.
1340 1080 1414 1129 ix,
1436 1066 1592 1132 epist.
1618 1064 1707 1129 7):

347 1185 373 1204 η
438 1159 746 1223 SIDONIUS,
814 1171 999 1211 ΒολιΝο
1063 1173 1210 1210 9AM:
1277 1156 1506 1209 Remoto
1549 1195 1562 1218 ,
1630 1167 1892 1207 SALUTEM.

260 1245 507 1311 Quidam
530 1245 598 1298 ab
634 1243 889 1298 Arvernis
918 1244 1192 1317 Belgicam
1218 1250 1413 1313 petens
1467 1244 1722 1312 (persona
1760 1239 1892 1293 mihi

260 1336 499 1409 cognita
542 1342 647 1401 est,
676 1350 841 1389 causa
888 1334 1187 1409 inc0gnita,
1237 1351 1340 1389 nec
1363 1333 1569 1400 refert),
1605 1340 1893 1402 postquam

264 1426 478 1478 Remos
517 1422 834 1487 advenerat,
866 1422 1105 1476 scribam
1156 1429 1309 1476 tuum
1340 1422 1454 1476 sive
1505 1419 1891 1489 bibliOpolam,

263 1515 455 1586 pretio
488 1514 599 1569 fors
630 1512 744 1567 fuat
787 1512 1040 1569 ofﬁciove
1096 1513 1446 1577 demeritum,
1485 1510 1889 1581 copiosissimo,

261 1602 413 1657 velis
440 1601 605 1667 nolis,
639 1601 1105 1656 declamationum
1138 1610 1354 1655 tuarum
1371 1599 1600 1653 schedio
1621 1596 1889 1652 emunxit.

261 1695 374 1759 Qui
418 1695 589 1749 redux
612 1695 774 1750 nobis
802 1702 968 1765 atque
998 1695 1205 1765 oppido
1234 1693 1635 1767 gloriabundus
1667 1691 1892 1762 (quippe

262 1784 554 1856 perceptis
611 1792 693 1841 tot
744 1751 1145 1853 voluminibus)
1201 1751 1545 1856 quiscunque
1598 1751 1971 1847 detulerat,B

260 1896 588 1951 quanquam
646 1876 880 1931 mercari
928 1877 1153 1947 paratis,
1215 1877 1363 1947 quod
1424 1876 1580 1941 civis,
1622 1890 1726 1928 nec
1774 1880 1891 1927 erat

261 1973 561 2041 injustum,
592 1985 691 2040 pro
714 1985 944 2023 munere
964 1969 1212 2043 ingessit.
1248 1968 1399 2023 Curre
1430 1967 1566 2021 mihi
1599 1984 1628 2021 e
1655 1964 1889 2037 vestigio

261 2062 396 2124 fuit,
421 2061 619 2131 hisque
667 2058 761 2129 qui
816 2059 1058 2124 student,
1091 2074 1217 2113 eum
1255 2059 1452 2113 merito
1482 2056 1887 2120 lecturiremus,

262 2153 509 2223 plurima
546 2158 759 2215 tenere,
814 2158 1011 2205 cuncta
1064 2150 1452 2203 transcribere.
1506 2147 1759 2202 Omnium
1791 2162 1885 2199 as-

258 2260 435 2299 sensu
478 2242 891 2314 pronuntiatum
926 2257 1133 2312 paucos
1163 2257 1308 2295 nunc
1335 2256 1493 2310 posse
1550 2237 1752 2292 similia
1800 2235 1888 2289 di-

259 2344 439 2391 ctare.
477 2334 691 2388 Etenim
724 2350 879 2387 rarus
927 2340 1021 2387 aut
1047 2332 1232 2387 nullus
1276 2342 1379 2397 est,
1427 2330 1514 2385 cui
1557 2329 1885 2383 meditaturo

260 2441 371 2494 par
396 2422 921 2492 assistatdispositio
951 2438 1049 2492 per
1070 2436 1280 2482 causas,
1309 2418 1513 2490 positio
1538 2434 1635 2487 per
1653 2416 1882 2480 litteras,

260 2516 600 2587 compositio
645 2530 744 2585 per
800 2513 1057 2584 syllabas.
1102 2512 1179 2565 Ad
1212 2512 1318 2565 hoc
1374 2508 1760 2581 opportunitas
1827 2506 1882 2559 in

259 2607 558 2677 exemplis,
602 2605 741 2660 ﬁdes
797 2606 854 2659 in
894 2603 1247 2669 testimoniis,
1289 2602 1599 2672 proprietas
1648 2600 1702 2653 in
1759 2598 1882 2669 epi—

262 2697 459 2761 thetis,
491 2693 772 2749 urbanitas
831 2694 885 2746 in
920 2692 1132 2765 ﬁguris,
1199 2690 1373 2745 virtus
1428 2691 1483 2743 in
1519 2687 1879 2763 argumentis,

260 2789 489 2859 pondus
528 2787 585 2842 in
642 2787 919 2851 sensibus,
970 2786 1175 2839 flumen
1219 2786 1273 2839 in
1306 2784 1509 2849 verbis,
1562 2782 1773 2837 fulmen
1824 2782 1879 2834 in

259 2884 549 2938 clausulis.
602 2883 884 2936 Structura
939 2896 1069 2936 vero
1141 2880 1298 2935 fortis
1346 2888 1400 2934 et
1421 2879 1595 2945 firma,
1647 2880 1881 2945 conjun-

259 2974 648 3044 ctionumque,
682 2972 1081 3042 perfacetarum
1138 2986 1274 3024 nexa
1324 2970 1548 3024 caesuris
1604 2967 1879 3023 insolubi-

260 3066 437 3119 libus.
466 3065 571 3118 Sed
594 3080 696 3119 nec
725 3065 857 3118 hinc
885 3064 1070 3117 minus
1097 3062 1311 3117 lubrica
1344 3070 1398 3116 et
1441 3061 1578 3116 levis
1602 3062 1661 3132 [ἰ.
1694 3059 1877 3129 lenis],

259 3173 327 3211 ac
358 3156 540 3210 modis
554 3156 813 3210 omnibus
839 3156 1166 3209 erotundata
1195 3171 1207 3207 :
1240 3169 1474 3225 quaeque
1521 3152 1743 3207 lectoris
1773 3152 1879 3205 lin—

258 3264 428 3321 guam
464 3246 786 3302 inoffensam
829 3247 1091 3301 decenter
1127 3245 1403 3316 expediat,
1448 3260 1517 3299 ne
1570 3245 1879 3299 salebrosas

261 3354 425 3408 passa
464 3338 769 3405 juncturas,
828 3352 927 3407 per
964 3350 1237 3389 cameram
1285 3333 1450 3404 palati
1490 3332 1731 3387 volutata
1761 3330 1883 3383 bal-

259 3428 463 3482 butiat.
492 3428 623 3482 Tota
652 3428 895 3499 denique
926 3426 1138 3497 liquida
1186 3441 1411 3495 prorsus
1437 3423 1755 3490 etductilis,
1780 3438 1879 3475 ve-

260 3518 363 3573 luti
397 3534 521 3571 cum
548 3517 889 3587 crystallinas
932 3522 1162 3581 crustas,
1220 3520 1313 3568 aut
1352 3512 1740 3583 onychintinas
1771 3526 1877 3565 non

263 3610 507 3679 impacto
538 3610 785 3682 dignitus
814 3625 997 3680 ungue
1040 3606 1379 3677 perlabitur:
1430 3604 1637 3675 quippe
1667 3602 1711 3655 si
1743 3599 1879 3655 nihil

262 3720 390 3761 cum
420 3700 638 3756 rimosis
656 3699 914 3755 obicibus
939 3705 1227 3767 exceptum
1278 3705 1435 3751 tenax
1468 3695 1674 3749 factura
1708 3695 1874 3764 [Or-ig.

262 3794 304 3858 i,
340 3791 595 3860 fractura]
638 3796 962 3845 remoretur.
1012 3788 1151 3853 Quid
1210 3786 1367 3857 plura
1392 3786 1420 3838 ?
1449 3802 1558 3840 non
1609 3791 1784 3839 exstat
1813 3785 1881 3837 ad

264 3900 512 3957 pmsens
540 3884 649 3939 vivi
681 3882 922 3937 hominis
950 3880 1147 3945 oratio,
1199 3896 1363 3951 quam
1395 3878 1595 3949 peritia
1622 3886 1713 3933 tua
1770 3894 1879 3933 non

262 3977 387 4030 sine
417 3974 607 4029 labore
657 3972 935 4046 transgedi
968 3978 1135 4042 queat
1165 3988 1227 4026 ac
1274 3970 1668 4040 supervadere.
1726 3970 1881 4024 Unde

266 4084 442 4141 prepe
503 4066 774 4137 suspicor,
836 4066 1036 4121 domne
1096 4080 1255 4135 papa,
1312 4050 1539 4134 prOpter
1597 4063 1881 4135 eloquium

266 4157 555 4214 exundans
584 4164 747 4226 atque
779 4154 1061 4209 ineffabile
1086 4154 1267 4221 (venia
1296 4153 1367 4207 sit
1396 4152 1563 4223 dicto)
1604 4161 1655 4206 te
1678 4169 1880 4223 super-

266 4250 411 4304 bire.
444 4247 551 4301 Sed
582 4246 712 4301 licet
742 4245 891 4300 bono
918 4244 1149 4318 fulgeas,
1184 4250 1244 4298 ut
1272 4242 1649 4311 conscientiae,
1680 4244 1761 4299 sic
1787 4244 1879 4298 di-

268 4337 475 4395 ctionis
491 4335 914 4391 ordinatissimae
949 4353 962 4401 ;
991 4348 1092 4388 nos
1109 4342 1289 4387 tamen
1310 4334 1409 4388 tibi
1442 4334 1672 4389 minime
1694 4349 1883 4388 sumus

269 4428 604 4503 refugiendi,
655 4428 749 4498 qui
802 4427 943 4481 bene
991 4426 1194 4496 scripta
1252 4426 1562 4497 laudamus,
1611 4429 1713 4483 etsi
1766 4429 1879 4483 lau-

270 4523 455 4578 danda
504 4536 612 4575 non
652 4519 964 4575 scribimus.
1000 4520 1265 4584 Quocirca
1295 4519 1564 4575 desinein
1600 4530 1878 4591 posterum

271 4621 459 4667 nostra
502 4610 781 4666 declinare
819 4612 1051 4680 judicia,
1102 4629 1226 4682 qua)
1256 4611 1395 4665 nihil
1445 4613 1691 4678 mordax,
1746 4615 1886 4670 nihil

271 4715 494 4772 quoque
522 4700 802 4755 minantur
832 4700 1281 4770 increpatorium.
1329 4701 1587 4772 Alioquin
1633 4702 1677 4756 si
1712 4703 1889 4758 distu-

270 4790 402 4845 leris
443 4796 684 4843 nostram
724 4788 1071 4843 sterilitatem
1102 4788 1356 4844 facundis
1385 4789 1680 4845 fecundare
1714 4792 1887 4847 collo-

270 4883 438 4955 quiis,
471 4881 872 4953 aucupabimur
928 4882 1204 4936 nundinas
1250 4883 1613 4955 involantum,
1655 4894 1709 4941 et
1732 4887 1888 4949 .ultro

270 4971 475 5027 scrinia
514 4977 627 5036 tua,
660 4969 1089 5025 conniventibus
1138 4971 1299 5026 nobis
1329 4989 1392 5027 ac
1432 4974 1887 5041 subornantibus,

273 5060 621 5117 effractorum
652 5075 848 5114 manus
867 5068 1058 5132 arguta
1074 5061 1432 5133 p0pulabitur
1455 5081 1467 5117 :
1494 5064 1890 5135 inchoabisque

274 5162 402 5206 tunc
431 5150 634 5205 frustra
683 5149 891 5205 moveri
923 5151 1191 5222 spoliatus
1222 5152 1386 5219 furto,
1419 5153 1462 5207 si
1490 5169 1637 5209 nunc
1669 5161 1892 5227 rogatus

277 5256 383 5295 non
407 5238 648 5295 moveris
680 5236 884 5293 ofﬁcio.
913 5260 943 5290 1)

899 5331 1107 5387 CAPUT
1136 5334 1273 5389 XIII.

667 5426 740 5476 De
781 5427 1117 5478 conversione
1145 5429 1498 5493 Francorum,

340 5514 510 5581 Cujus
541 5519 727 5565 autem
757 5512 1087 5580 prudentiae,
1112 5531 1271 5585 quam
1302 5517 1477 5572 sancti
1509 5517 1678 5572 studii
1708 5528 1894 5576 noster

344 5680 409 5747 (4)
454 5678 636 5733 Locus
669 5675 962 5730 divisionis
990 5678 1093 5733 fuit
1120 5679 1314 5735 civitas
1338 5683 1696 5738 Suessionum

1908 3113 1957 3179 C

2005 522 2248 590 prudens
2278 522 2332 575 in
2363 523 2642 593 eroganda
2696 522 2911 577 Domini
2945 524 3028 577 sui
3076 527 3311 594 pecunia
3353 530 3612 601 viguerit,

2002 612 2354 680 Francorum,
2379 624 2437 669 ut
2455 614 2818 685 praetulimus,
2848 614 2915 669 ab
2938 615 3101 671 idolis
3132 620 3199 671 ad
3232 620 3401 674 Deum
3424 638 3610 677 verum

2002 700 2140 757 facta
2168 720 2269 774 per
2323 706 2501 775 ipsum
2548 706 2744 777 probat
2796 705 3105 772 conversio,
3135 708 3229 777 qui
3285 709 3517 765 Gallicas
3548 728 3612 766 eo

2000 798 2250 862 tempore
2281 795 2510 849 transito
2555 796 2744 849 Rheno
2794 795 3243 865 depredabantur
3279 800 3612 868 provincias,

2000 892 2053 938 et
2075 884 2556 959 Agrippinamjam
2589 886 2890 953 Coloniam,
2925 888 3189 957 quasdam
3214 905 3437 961 quoque
3479 893 3615 947 alias

1999 982 2401 1043 occupaverant
2462 975 2647 1029 Gallia:
2719 976 2989 1031 civitates.
3055 976 3119 1030 At
3179 984 3468 1049 postquam
3518 996 3611 1034 rex

2000 1064 2241 1134 ipsorum
2278 1064 2582 1118 Clodoveus
2612 1063 2907 1135 Siagrium,
2955 1065 3259 1119 Romanum
3313 1069 3607 1137 quemdam

1999 1153 2331 1222 principem,
2369 1151 2463 1222 qui
2504 1151 2691 1205 Galliis
2739 1162 2871 1207 tunc
2930 1161 3182 1223 przeerat,
3232 1155 3397 1211 evicit
3445 1166 3607 1228 atque

1997 1243 2253 1316 peremit,
2269 1242 2418 1296 omni
2444 1257 2585 1311 pene
2602 1241 2788 1295 Galliae
2810 1241 3081 1296 dominari
3100 1245 3287 1315 ccepit.
3322 1246 3609 1319 Comperta

1996 1343 2298 1398 beatissimi
2359 1352 2637 1414 gestorum
2697 1342 2839 1397 fama
2886 1343 3143 1414 Remigii,
3200 1344 3345 1415 quod
3400 1347 3610 1402 scilicet

1998 1438 2233 1491 eniteret
2265 1436 2467 1490 virtute
2522 1435 2829 1490 sanctitatis
2873 1453 2935 1491 ac
2965 1436 3275 1505 sapientiai,
3314 1438 3610 1493 miraculo—

1995 1545 2114 1582 rum
2158 1530 2454 1599 przeclarus
2507 1526 2871 1592 exhibitione,
2930 1527 3285 1581 reverebatur
3351 1544 3499 1592 eum,
3555 1536 3610 1582 et

1994 1618 2123 1672 licet
2144 1634 2408 1689 paganus,
2441 1616 2709 1690 diligebat
2757 1625 2939 1671 tamen
2972 1617 3147 1671 illum.
3183 1617 3297 1679 Quo
3329 1616 3605 1687 quondam

1994 1718 2154 1756 secus
2174 1704 2369 1758 urbem
2413 1704 2705 1757 Remorum
2757 1704 3047 1757 transitum
3078 1703 3335 1769 faciente,
3366 1704 3604 1775 quibus-

1994 1791 2117 1845 dam
2172 1792 2443 1847 militibus
2496 1793 2617 1861 ejus
2674 1792 2911 1865 agminis
2954 1795 3136 1848 ablata
3195 1794 3446 1865 quredam
3494 1794 3603 1847 Re-

1994 1886 2199 1941 mensis
2231 1886 2483 1941 Ecclesia)
2513 1902 2641 1940 vasa
2699 1885 3031 1939 referuntur.
3092 1885 3165 1938 Ea
3214 1885 3359 1939 inter
3407 1900 3607 1938 urceus

1990 1980 2156 2033 etiam
2192 1994 2423 2051 magnus
2464 1986 2779 2048 argenteus,
2838 1985 2892 2031 et
2934 1977 3135 2030 decora
3192 1974 3605 2046 pulchritudine

1989 2076 2263 2138 comptus,
2294 2082 2393 2137 pro
2444 2081 2555 2136 quo
2588 2064 2783 2119 beatus
2831 2064 3113 2135 Remigius
3142 2063 3352 2136 legatos
3381 2063 3448 2116 ad
3477 2078 3602 2116 eum

1989 2158 2257 2211 direxisse
2289 2155 2542 2219 traditur,
2591 2164 2649 2207 ut
2698 2154 2853 2207 illum
2897 2155 3089 2207 saltem
3145 2154 3392 2223 recipere
3425 2170 3606 2206 mere-

1990 2260 2156 2307 retur.
2184 2258 2271 2307 Ast
2301 2250 2397 2304 ubi
2428 2251 2496 2303 ad
2526 2250 2705 2303 locum
2737 2248 3027 2303 divisionis
3066 2247 3136 2315 (4)
3162 2248 3359 2316 przedre
3380 2254 3601 2300 ventum

1988 2353 2092 2407 est,
2145 2349 2300 2413 rogat
2334 2356 2428 2392 rex
2458 2338 2665 2391 milites
2702 2353 2851 2403 suos,
2912 2345 2971 2390 ut
3002 2337 3180 2406 ipsum
3229 2336 3335 2389 sibi
3370 2337 3498 2390 dare
3539 2353 3605 2389 ne

1986 2444 2221 2491 renuant
2255 2449 2501 2487 urceum.
2537 2430 2794 2485 Pluribus
2825 2430 2993 2503 igitur
3023 2429 3421 2495 annuentibus,
3476 2431 3604 2501 qui-

1984 2533 2111 2586 dam
2134 2530 2375 2583 Francus
2414 2522 2647 2593 bipenni
2674 2522 2989 2591 percutiens
3022 2538 3269 2583 urceum,
3303 2519 3440 2572 nihil
3474 2519 3603 2573 hinc

1982 2644 2013 2681 a
2046 2639 2173 2695 rege
2231 2619 2335 2673 nisi
2387 2624 2535 2671 sorte
2582 2615 2887 2669 tollendum
2953 2616 3273 2685 proclamat.
3328 2615 3601 2686 Obstupe-

1982 2717 2142 2773 factis
2162 2716 2265 2767 hac
2297 2710 2606 2765 temeritate
2637 2709 2871 2771 caeteris,
2904 2724 2997 2761 rex
3042 2707 3299 2775 injuriam
3330 2710 3602 2777 patientes

1982 2811 2051 2865 ad
2077 2817 2294 2876 tempus
2316 2804 2577 2865 tolerans,
2611 2802 3043 2870 apprehensum,
3078 2800 3332 2871 plurimis
3366 2802 3599 2856 faventi-

1981 2902 2104 2967 bus,
2139 2898 2418 2953 vasculum
2451 2893 2826 2947 ccclesiastico
2849 2892 3091 2946 reddidit
3113 2893 3298 2961 misso,
3332 2893 3466 2947 iram
3495 2894 3598 2948 sub

1980 2994 2144 3049 corde
2177 2998 2372 3045 tectam
2408 3002 2713 3040 reservans.
2751 2986 2977 3038 Peracto
3009 2984 3253 3055 denique
3293 3002 3437 3040 anno
3460 3002 3600 3040 cun-

1980 3095 2127 3142 ctum
2159 3082 2242 3137 sui
2269 3081 2544 3135 exercitus
2573 3085 2895 3148 apparatum
2913 3076 3075 3130 solito
3108 3076 3330 3145 prodire
3356 3077 3517 3141 jubet
3544 3078 3598 3130 in

1979 3190 2255 3244 campum,
2282 3179 2339 3225 ut
2370 3184 2643 3224 armorum
2678 3165 2996 3236 speculetur
3014 3165 3083 3217 de
3116 3182 3265 3220 more
3313 3168 3545 3222 nitorem
3584 3186 3595 3220 :

1981 3284 2146 3338 quem
2178 3268 2531 3325 conventum,
2564 3276 2593 3311 a
2633 3258 2820 3323 Marte,
2852 3257 3100 3311 Martium
3131 3275 3325 3313 vocare
3361 3250 3600 3315 consue-

1980 3363 2190 3410 verant.
2218 3354 2328 3405 Rex
2361 3364 2491 3423 ergo
2524 3348 2818 3401 instructas
2859 3346 3191 3402 circumiens
3222 3350 3325 3405 rite
3358 3351 3596 3420 phalan-

1981 3460 2097 3516 ges,
2122 3444 2189 3497 ad
2241 3459 2366 3497 eum
2416 3441 2510 3512 qui
2560 3440 2765 3493 dudum
2812 3450 3159 3509 percusserat
3204 3458 3427 3496 urceum
3471 3460 3599 3512 per-

1981 3532 2151 3587 venit.
2187 3533 2498 3603 spretisque
2548 3529 2723 3601 ipsius
2779 3527 2967 3594 armis,
3010 3528 3129 3595 ejus
3179 3530 3395 3583 tandem
3448 3530 3598 3584 fran-

1981 3627 2179 3683 ciseam
2231 3623 2463 3696 projecit
2508 3622 2561 3676 in
2613 3628 2811 3675 terram
2844 3662 2858 3686 ,
2914 3619 2981 3671 ad
3032 3637 3195 3690 quam
3222 3622 3593 3692 recipiendam

1983 3722 2245 3776 inclinato
2260 3717 2420 3771 militi
2456 3734 2549 3770 rex
2580 3716 2636 3770 in
2656 3722 2823 3785 caput
2851 3728 3005 3767 suam
3046 3712 3238 3786 deﬁgit
3268 3714 3592 3785 bipennem,

1982 3826 2145 3880 quam
2176 3809 2390 3880 pridem
2423 3807 2478 3860 in
2508 3822 2635 3862 vase
2658 3812 3091 3877 perpetraverat,
3122 3820 3243 3858 cum
3288 3804 3593 3874 increpita-

1982 3901 2150 3956 tionis
2178 3899 2499 3965 acerbitate,
2533 3912 2909 3953 rememorans
2935 3895 3445 3966 prmsumptionem.
3481 3898 3595 3961 Quo

1982 3991 2061 4045 sic
2090 3990 2442 4059 interempto,
2477 3988 2641 4042 timor
2663 3987 2858 4059 ingens
2882 3986 3029 4059 regis
3050 3987 3152 4041 hac
3170 3976 3337 4055 super
3362 3985 3596 4052 ultione,

1983 4088 2307 4135 czeterorum
2355 4076 2677 4148 prestringit
2734 4076 2899 4131 corda
2951 4076 3305 4130 Francorum.
3341 4076 3403 4127 At
3436 4083 3594 4144 post-

1983 4187 2146 4242 quam
2179 4168 2483 4222 Clodoveus
2510 4166 2861 4239 Thoringiam
2901 4166 3009 4219 sibi
3034 4166 3373 4235 provinciam
3406 4165 3600 4234 subju-

1983 4259 2152 4333 gavit,
2176 4265 2230 4311 et
2257 4272 2487 4328 regnum
2510 4256 2595 4309 vel
2628 4254 2895 4308 ditionem
2945 4270 3099 4307 suam
3128 4255 3397 4321 dilatavit,
3431 4258 3594 4312 etiam

1984 4350 2322 4414 Rothildim,
2374 4347 2540 4401 ﬁliam
2600 4347 2935 4418 Chilperici,
2994 4348 3175 4402 fratris
3232 4350 3597 4405 Cundebaudi

1904 4479 1963 4547 D
1986 4438 2437 4512 Burgundionum
2469 4436 2637 4508 regis,
2662 4436 2717 4489 in
2746 4436 3157 4491 matrimonium
3182 4442 3435 4509 sumpsit.
3472 4442 3599 4507 Quae

2182 4537 2310 4547 ,,_A.
2365 4526 2660 4547 FL_S,_12-_._
2732 4533 2777 4547 ,ι
2828 4525 2967 4547 Πιξ-μ
3024 4543 3077 4547 Ah
3520 4540 3529 4547 ι

1987 4547 2109 4586 cum
2169 4537 2314 4583 esset
2363 4526 2668 4581 Christiana
2725 4533 2779 4580 et
2828 4525 2971 4582 ﬁlios
3017 4543 3081 4581 ex
3137 4546 3265 4603 rege
3314 4540 3602 4603 susceptos

1986 4618 2316 4689 baptismate
2357 4616 2689 4681 consecrari,
2745 4617 2942 4671 marito
2975 4632 3197 4689 quoque
3232 4618 3478 4686 nolente,
3510 4622 3598 4676 fe-

1988 4710 2171 4774 cisset,
2205 4708 2368 4763 etiam
2391 4707 2568 4761 virum
2589 4708 2656 4761 ad
2690 4706 2887 4761 Christi
2912 4706 3077 4761 fidem
3109 4711 3413 4778 perducere
3431 4728 3601 4767 cona-

1988 4800 2167 4853 batur.
2198 4798 2304 4852 Sed
2336 4796 2582 4851 animum
2630 4796 2850 4850 barbari
2910 4797 3109 4851 mulier
3152 4799 3219 4853 ad
3264 4801 3599 4856 credendum

1990 4888 2211 4942 ﬂectere
2244 4902 2352 4941 non
2383 4886 2618 4941 valebat.
2657 4887 2870 4940 Interea
2902 4886 3107 4940 bellum
3159 4889 3379 4943 Francis
3406 4892 3603 4946 adver-

1988 4993 2081 5030 sus
2119 4976 2450 5030 Alemannos
2480 4974 2700 5040 accidit,
2757 4984 2811 5029 et
2842 4975 3061 5029 Francis
3091 4978 3241 5031 crede
3272 4979 3442 5034 nimia
3472 4997 3600 5035 cor-

1991 5068 2303 5135 ruentibus,
2357 5084 2448 5120 rex
2501 5067 2568 5120 ab
2601 5067 2894 5121 Aureliano
2925 5068 3243 5123 consiliario
3273 5087 3372 5125 suo
3401 5074 3604 5127 suade-

1991 5166 2099 5225 tur,
2135 5167 2193 5213 ut
2223 5157 2520 5212 credensin
2552 5158 2825 5212 Christum
2860 5159 3152 5230 ipsumque
3170 5178 3354 5235 regem
3390 5180 3600 5236 regum,

1991 5261 2046 5305 et
2082 5251 2205 5304 coeli
2246 5266 2310 5303 ac
2366 5258 2524 5303 terrae
2576 5250 2745 5304 Deum
2794 5250 3083 5318 confitens,
3134 5252 3371 5321 invocet,
3428 5257 3522 5327 qui
3554 5258 3604 5312 ei

1989 5342 2275 5397 victoriam
2325 5357 2422 5411 pro
2452 5341 2594 5395 velle
2643 5343 2815 5412 possit
2863 5343 3134 5398 conferre.
3168 5345 3323 5409 Quod
3368 5364 3489 5403 cum
3524 5349 3608 5404 fe-

1991 5433 2175 5497 cisset,
2200 5430 2510 5501 Christique
2537 5429 2857 5504 suffragium
2883 5434 2995 5502 jam
3028 5434 3258 5489 devotus
3283 5439 3604 5508 expetisset,

1993 5522 2350 5594 ﬁendumque
2393 5539 2452 5577 se
2511 5523 2879 5582 Christianum
2938 5527 3196 5596 vovisset,
3252 5530 3296 5585 si
3346 5531 3604 5588 virtutem
