3970 6212
371 242 434 295 51

1483 233 1846 290 FLODOARDI
1890 231 2194 286 CANONICI
2236 230 2564 285 REMENSIS

3645 231 3722 284 52

376 373 550 443 ipsius
571 371 626 425 in
653 368 924 441 capiendo
946 367 1230 423 victoriam
1249 365 1486 436 experiri
1523 365 1814 427 meruisset
1835 381 1846 416 :
1866 371 1988 434 post
2017 369 2064 432 Α
2092 360 2451 433 subsequenti
2483 359 2862 416 consolatione
2892 360 3189 428 demulcet,
3223 366 3284 415 ut
3305 360 3513 431 quibus
3541 377 3729 432 appa-

380 461 542 529 hujus
594 459 703 513 voti
739 456 1195 528 pollicitationem
1243 470 1366 508 mox
1411 455 1465 507 in
1499 454 1679 525 fugam
1704 461 1991 508 vertuntur

376 550 995 622 Alemanni,regemque
1008 562 1166 600 suum
1190 545 1596 615 comperientes
1618 543 1986 607 interfectum,

381 638 635 696 Clodovei
667 654 727 691 se
754 635 1232 690 subduntditioni.
1278 635 1423 698 Quos
1449 633 1539 687 ille
1567 634 1667 687 sub
1695 635 1828 704 jugo
1859 649 1991 688 con-

379 725 944 789 stituenstributario,
979 724 1273 779 revertitur
1302 723 1476 778 victor
1508 723 1562 776 in
1581 739 1699 784 sua,
1728 723 1990 795 gaudium

381 820 624 874 referens
654 834 912 889 magnum
948 816 1182 889 reginae,
1239 815 1386 886 quod
1441 816 1509 869 ad
1563 815 1990 880 invocationem,

380 911 612 976 scilicet,
645 908 840 962 lihristi
884 906 1144 972 nominis,
1205 907 1489 961 victoriam
1548 908 1812 962 meruerit
1838 907 1991 962 obti-

383 1016 532 1053 nere.
555 999 702 1052 Tunc
725 996 916 1069 regina
945 995 1172 1050 beatum
1221 995 1531 1068 Remigium
1575 1007 1752 1062 vocat,
1786 997 1993 1067 depre-

382 1097 614 1156 cans,ut
659 1089 771 1161 regi
827 1087 972 1142 viam
1025 1087 1220 1141 salutis
1255 1087 1510 1142 ostendat
1580 1088 1750 1151 Quem
1776 1097 1999 1143 sanctus

384 1179 644 1232 sacerdos
673 1176 926 1231 doctrina
951 1176 1076 1230 vitae
1127 1175 1384 1230 salutaris
1435 1175 1754 1240 informans,
1797 1178 1865 1230 ad
1897 1177 1998 1232 ba-

387 1269 570 1342 ptismi
602 1274 916 1324 commonet
939 1266 1130 1321 venire
1150 1274 1508 1321 sacramenta.
1546 1268 1638 1321 llle
1654 1285 1711 1324 se
1735 1272 1996 1341 pepulum

385 1375 554 1428 super
586 1357 672 1410 his
722 1357 1067 1421 exhortatum
1127 1354 1206 1408 ire
1238 1355 1602 1425 respondens,
1636 1356 1785 1412 affari
1819 1360 2004 1415 studet

387 1448 709 1516 exercitum,
742 1456 801 1500 ut
827 1446 982 1510 deos,
1015 1445 1108 1516 qui
1154 1445 1236 1499 eis
1265 1446 1560 1501 subvenire
1593 1464 1700 1502 non
1730 1457 2002 1519 poterant,

389 1540 730 1600 deserentes,
757 1536 932 1606 ipsius
961 1536 1168 1590 cultum
1198 1536 1565 1606 susciperent,
1597 1538 1691 1607 qui
1725 1547 1832 1592 tam
1865 1555 2005 1609 pra:-

390 1631 593 1684 claram
623 1627 854 1698 largitus
879 1627 960 1682 eis
989 1627 1274 1682 victoriam
1310 1628 1503 1683 fuerat.
1532 1629 1844 1684 Conclamat
1866 1631 2008 1684 mul-

2093 451 2492 520 ruitpatribus,
2534 451 2772 520 primum
2803 449 3028 520 quidem
3087 465 3346 520 pavorem
3397 449 3724 505 incusserit.

2091 550 2146 596 at
2176 550 2364 611 postea
2407 558 2504 612 per
2536 541 2757 612 pietatis
2804 541 3037 615 gratiam
3072 541 3280 597 laetitia:
3328 540 3727 595 blandimenta

2091 632 2378 688 refuderit.
2441 633 2736 688 lrradiatus
2767 651 2987 707 quoque
3017 635 3101 690 vir
3129 632 3487 688 beatissimus
3528 631 3728 686 Remi-

2092 727 2237 800 gius,
2269 733 2328 780 ut
2353 726 2617 794 exterius,
2635 728 2839 783 veteris
2880 727 3132 798 exemplo
3151 724 3510 798 legislatoris,
3530 724 3727 778 vultus

2095 821 2483 883 illustratione,
2516 821 2612 885 ita,
2672 822 2956 892 multoque
3008 819 3204 892 magis,
3250 817 3508 882 interius,
3543 815 3727 869 divini

2096 912 2326 985 fulgoris
2354 912 2782 979 illuminatione,
2807 913 3006 983 spiritu
3029 910 3378 982 praphetico,
3403 927 3529 981 qua:
3557 910 3725 980 ipsis.

2096 1008 2181 1061 vel
2211 1022 2404 1061 eorum
2463 1005 2643 1060 forent
2677 1013 2945 1060 eventura
2976 1005 3272 1075 prosapiae,
3314 1003 3555 1058 traditur
3583 1020 3737 1074 prte-

2097 1099 2326 1155 dixisse.
2357 1097 2642 1163 Quomodo
2668 1096 3136 1152 videliceteorum
3165 1096 3463 1166 posteritas
3491 1111 3734 1167 regnum

2099 1186 2363 1241 nobiliter
2391 1192 2535 1239 esset
2564 1193 2951 1256 propagatura,
2982 1183 3280 1240 Eeclesiam
3311 1199 3537 1254 quoque
3570 1185 3739 1240 Chri-

2099 1277 2166 1330 sti
2200 1273 2583 1338 sublimatura,
2619 1273 2972 1344 Romanaque
2990 1272 3259 1345 dignitate
3289 1271 3374 1325 vel
3424 1286 3600 1344 regno
3625 1287 3735 1342 po-

2103 1365 2288 1430 titura,
2321 1371 2376 1418 et
2403 1361 2661 1417 victorias
2715 1369 2907 1416 contra
2937 1361 3177 1431 impetus
3205 1360 3436 1415 aliarum
3467 1361 3728 1432 gentium

2103 1461 2447 1524 perceptura,
2479 1451 2525 1504 si
2553 1466 2661 1506 non
2689 1467 2720 1505 a
2749 1450 2896 1505 bono
2926 1448 3560 1522 degenerantes,salutis
3579 1449 3728 1503 viam

2104 1541 2241 1596 forte
2268 1540 2664 1611 relinquerent,
2719 1548 2772 1594 et
2823 1539 3029 1609 quibus
3079 1538 3223 1592 Deus
3249 1536 3552 1592 offenditur
3599 1554 3732 1593 sce-

2107 1632 2219 1686 lera
2272 1629 2598 1693 consectari,
2633 1627 3018 1698 pestiferorum
3066 1626 3327 1681 vitiorum
3377 1627 3609 1698 laqueos
3639 1627 3735 1681 in—

394 1720 593 1781 titudo,
649 1719 837 1773 divina
897 1735 956 1772 se
1005 1719 1378 1790 praeveniente
1425 1721 1619 1793 gratia,
1663 1722 1921 1776 mortales
1949 1739 2008 1776 se
2037 1757 2083 1824 Β
2105 1726 2408 1784 currerent,
2466 1717 2670 1789 quibus
2717 1733 2886 1788 regna
2924 1715 3192 1778 subverti,
3242 1724 3405 1786 atque
3437 1715 3508 1770 de
3558 1723 3736 1790 gente

393 1812 528 1865 deos
562 1808 898 1879 relinquere,
928 1816 1093 1879 atque
1123 1809 1177 1862 in
1212 1809 1482 1863 Christum
1506 1810 1599 1880 qui
1623 1811 1728 1864 sibi
1751 1813 2008 1882 przesidio

395 1902 591 1963 fuerat,
626 1900 874 1954 credere.
900 1900 1233 1954 Nuntiantur
1259 1901 1376 1955 hare
1405 1911 1595 1957 sancto
1626 1904 1897 1978 Remigio,
1914 1905 2008 1976 qui

396 2005 593 2063 magno
623 1989 864 2059 repletus
883 1988 1109 2060 gaudio,
1144 2005 1328 2061 regem
1349 1991 1751 2064 p0pulumque,
1775 1995 2012 2065 qualiter

395 2077 617 2134 diabolo
645 2087 698 2131 et
724 2077 989 2147 cperibus
1015 2093 1078 2132 ac
1098 2077 1317 2147 pompis
1334 2078 1508 2148 ipsius
1529 2081 2008 2149 abrenuntiantes,

398 2169 564 2222 Deum
594 2183 785 2222 verum
825 2167 1052 2222 credere
1105 2167 1347 2222 debeant
1379 2169 1652 2225 instruere
1685 2173 1882 2247 satagit
1911 2192 1925 2239 ;
1958 2184 2013 2229 et

397 2260 526 2332 quia
549 2260 823 2331 paschalis
853 2259 1175 2314 solemnitas
1206 2259 1552 2327 imminebat,
1588 2262 1782 2319 indicit
1810 2265 1891 2319 eis
1929 2266 2015 2334 je-

394 2351 610 2420 junium
638 2352 794 2420 juxta
818 2365 1027 2405 morem
1060 2348 1326 2403 fidelium.

472 2439 566 2493 Die
597 2455 724 2494 vero
755 2438 1031 2494 Passionis
1060 2438 1376 2503 Dominicze,
1410 2440 1587 2510 pridie
1615 2442 1827 2498 scilicet
1858 2453 2014 2500 antc-

396 2548 558 2601 quam
587 2531 845 2600 baptismi
868 2531 1100 2604 gratiam
1132 2534 1442 2602 percepturi
1485 2543 1660 2599 erant,
1706 2545 1827 2605 post
1860 2540 2016 2609 hym-

400 2636 516 2683 nos,
568 2635 871 2690 precesque
923 2630 1239 2688 nocturnas,
1311 2623 1509 2692 praesul
1572 2625 1781 2696 regium
1832 2628 2014 2683 cubile

399 2711 578 2782 petiit,
615 2719 672 2764 ut
701 2710 954 2766 absoluto
1004 2713 1150 2769 curis
1193 2716 1552 2772 saecularibus
1607 2736 1756 2792 rege,
1789 2719 2018 2775 liberius

399 2803 449 2856 ei
501 2803 847 2858 committere
892 2821 1048 2860 sacra
1104 2807 1309 2862 valeret
1356 2811 1615 2879 mysteria
1666 2813 1840 2866 verbi.
1903 2815 2018 2879 Quo

404 2900 718 2946 reverenter
796 2910 825 2946 a
897 2893 1184 2950 cubilariis
1240 2897 1511 2963 admisso,
1584 2917 1677 2954 rex
1726 2903 2021 2971 prosiliens

402 2984 599 3038 obvius
652 2982 905 3039 alacriter
942 2987 1201 3054 occurrit,
1243 2997 1298 3042 et
1363 2989 1661 3043 oratorium
1716 2991 2018 3046 beatissimi

402 3075 775 3146 apostolorum
829 3076 1097 3147 principis
1146 3078 1310 3146 Petri,
1361 3079 1618 3134 cubiculo
1675 3081 1820 3152 regis
1879 3081 2014 3136 forte

403 3166 747 3237 contiguum,
781 3167 987 3237 pariter
1029 3152 1436 3240 ingrediuntur.
1463 3168 1706 3240 Cumque
1739 3171 2023 3241 dispositis

403 3255 694 3319 sedilibus,
730 3256 998 3327 pontifex,
1055 3274 1144 3311 rex
1177 3268 1341 3329 atque
1380 3258 1569 3330 regina
1617 3261 2020 3328 consedissent,

405 3349 734 3403 intromissis
802 3349 1134 3420 quibusdam
1193 3352 1432 3418 clericis,
1495 3353 1589 3406 sed
1645 3363 1698 3408 et
1741 3355 2023 3426 aliquibus

408 3437 519 3508 regi
549 3437 876 3492 necessariis
923 3455 987 3492 ac
1025 3439 1363 3506 domesticis,
1403 3437 1464 3495 et
1504 3443 1837 3497 venerabilis
1867 3445 2024 3498 Pater

405 3542 590 3600 regem
629 3527 858 3581 monitis
890 3526 1168 3583 imbueret
1219 3530 1575 3597 salutaribus,
1631 3534 1696 3586 ad
1750 3535 2019 3589 corrobo-

405 3621 628 3674 randam
651 3621 990 3676 salutiferam
1035 3622 1217 3678 fidelis
1262 3625 1403 3679 servi
1429 3625 1512 3678 sui
1546 3625 1873 3692 doctrinam,
1909 3628 2018 3682 Do-

406 3708 588 3761 minus
617 3707 781 3762 etiam
811 3709 1106 3764 visibiliter
1135 3711 1394 3782 dignatus
1437 3723 1519 3766 est
1551 3715 1866 3782 ostendere,
1899 3732 2021 3770 sese

406 3796 664 3851 fidelibus
695 3798 748 3850 in
773 3799 996 3852 nomine
1027 3815 1127 3854 suo
1171 3801 1540 3874 congregatis,
1577 3810 1636 3856 ut
1669 3804 2017 3873 promiserat,

403 3902 620 3956 semper
649 3886 844 3941 adesse
889 3890 1106 3955 (Matth.
1142 3905 1294 3956 xvm,
1348 3889 1458 3957 ΞΟ).
1501 3890 1745 3962 Repente
1779 3911 2018 3966 namque

406 3979 494 4032 lux
517 3985 626 4032 tam
658 3979 884 4050 c0piosa
933 3987 1101 4035 totam
1158 3981 1391 4051 replevit
1437 3982 1749 4052 ecclesiam,
1803 3987 2020 4041 utsolis

404 4069 687 4124 videretur
724 4071 982 4127 evincere
1018 4073 1342 4128 claritatem.
1401 4075 1520 4130 Mox
1567 4093 1690 4132 cum
1741 4079 1861 4134 luce
1917 4096 2017 4134 vox

405 4159 545 4213 facta
575 4167 678 4226 est,
728 4159 988 4232 inquiens
1022 4179 1034 4215 :
1077 4162 1184 4217 Pax
1224 4163 1403 4230 vobis,
1436 4180 1539 4238 ego
1569 4182 1710 4232 sum,
1746 4167 1916 4224 nolite
1951 4169 2019 4223 ti-

405 4267 552 4305 mere
615 4255 758 4308 (Luc.
821 4270 965 4320 xxxv,
1017 4253 1124 4323 36).
1182 4255 1392 4312 Manete
1452 4257 1506 4311 in
1548 4257 1848 4316 dilectione
1898 4279 2020 4318 mea

405 4342 576 4408 (Joan.
630 4357 716 4408 xv,
755 4341 826 4410 9).
873 4344 997 4399 Post
1028 4362 1150 4416 quae
1179 4346 1347 4402 verba
1379 4349 1468 4403 lux
1523 4367 1646 4422 qua:
1698 4352 2016 4421 advenerat,

2109 1809 2289 1863 solent
2335 1807 2388 1861 in
2430 1815 2652 1880 gentem
2694 1807 2975 1861 transferri
3025 1807 3206 1874 (Eccli.
3252 1823 3307 1873 x,
3364 1808 3436 1875 8).
3490 1807 3534 1860 A
3564 1807 3736 1861 domo

2111 1896 2355 1967 denique
2386 1895 2532 1966 regis
2559 1895 2727 1948 eundi
2747 1895 2814 1948 ad
2832 1895 3219 1965 baptisterium
3249 1895 3337 1950 via
3367 1905 3740 1966 praeparatur,

2111 1988 2232 2041 vela
2274 1987 2615 2057 cortinzeque
2679 1987 3108 2057 appenduntur,
3163 1987 3293 2042 hinc
3346 1988 3478 2042 inde
3537 1989 3743 2059 plateae

2112 2084 2433 2133 sternuntur
2466 2095 2478 2141 ;
2514 2077 2750 2132 ecclesia
2779 2076 3150 2146 componitur,
3191 2076 3581 2147 baptisterium
3615 2078 3744 2133 bal-

2113 2185 2286 2233 samo,
2319 2169 2649 2240 caeterisque
2697 2168 3074 2224 odoramentis
3121 2168 3452 2240 aspergitur,
3495 2177 3743 2226 tantam-

2115 2279 2223 2333 que
2279 2261 2540 2316 Dominus
2587 2262 2793 2332 populo
2841 2260 3072 2331 gratiam
3135 2260 3614 2325 subministrabat,
3681 2271 3743 2317 ut

2117 2351 2384 2406 odoribus
2408 2367 2467 2404 se
2496 2350 2736 2421 paradisi
2770 2350 3003 2406 refoveri
3043 2353 3328 2426 gauderet.
3363 2351 3565 2420 Sicque
3595 2368 3746 2422 pra?-

2113 2441 2443 2496 cedentibus
2471 2441 2833 2496 sacrosanctis
2864 2441 3196 2514 Evangeliis,
3241 2450 3297 2495 et
3327 2441 3591 2496 crucibus
3611 2457 3742 2496 cum

2115 2533 2355 2602 litaniis,
2404 2534 2622 2604 hymnis
2680 2543 2733 2587 et
2784 2533 3015 2588 canticis
3058 2533 3402 2603 spiritalibus
3433 2575 3448 2601 ,
3491 2549 3748 2589 summus

2118 2623 2363 2694 pontifex
2411 2639 2632 2676 manum
2662 2629 2855 2676 tenens
2902 2621 3066 2694 regis,
3119 2621 3496 2692 subsequente
3551 2623 3748 2696 regina

2117 2731 2241 2769 cum
2275 2715 2502 2784 p0pulo,
2535 2713 2602 2767 ab
2635 2713 2758 2768 aula
2790 2713 2967 2786 pergit
3012 2713 3079 2766 ad
3121 2712 3530 2783 baptisterium.
3569 2715 3630 2768 Et
3661 2715 3750 2769 in-

2121 2811 2204 2856 ter
2230 2803 2474 2856 eundum
2509 2819 2599 2856 rex
2631 2802 2898 2874 rogitasse
2949 2801 3121 2856 fertur
3161 2801 3511 2872 episcopum,
3563 2818 3632 2857 an
3693 2804 3747 2856 id

2122 2901 2237 2947 erat
2267 2894 2382 2956 Dei,
2418 2895 2565 2966 quod
2615 2894 2722 2949 sibi
2781 2893 3106 2964 promiserat
3163 2909 3416 2967 regnum.
3466 2893 3584 2946 Non
3616 2895 3745 2959 hoc,

2124 2983 2321 3053 przesul
2368 2984 2569 3054 inquit,
2621 2983 2756 3037 illud
2814 2993 2897 3036 est
2955 2997 3210 3055 regnum,
3253 2981 3350 3034 sed
3385 2981 3610 3035 initium
3637 2982 3739 3036 viae

2119 3092 2228 3146 qua
2255 3076 2577 3145 pervenitur
2606 3076 2674 3128 ad
2727 3075 2926 3144 ipsum.
2979 3073 3080 3130 Ubi
3112 3089 3244 3129 vero
3275 3073 3342 3128 ad
3371 3084 3744 3144 praeparatum

2123 3164 2434 3235 baptisterii
2480 3171 2803 3234 perventum
2841 3171 2923 3218 est
2970 3163 3176 3226 locum,
3225 3161 3462 3216 clericus
3509 3163 3750 3217 chrisma

2124 3256 2307 3311 ferens
2338 3274 2367 3309 a
2425 3257 2633 3328 populo
2690 3257 3032 3327 interceptus
3071 3255 3139 3308 ad
3187 3253 3396 3309 fontem
3427 3254 3749 3326 pertingere

2125 3345 2346 3414 penitus
2386 3353 2468 3398 est
2500 3345 2817 3415 impeditus.
2877 3342 3227 3398 Sanctificato
3278 3343 3523 3414 denique
3578 3342 3752 3406 fonte,

2124 3443 2259 3489 nutu
2290 3433 2480 3488 divino
2511 3435 2750 3489 chrisma
2781 3432 2977 3487 defuit.
3012 3432 3248 3486 Sanctus
3286 3439 3472 3485 autem
3500 3430 3754 3501 pontifex

2123 3525 2299 3580 oculis
2354 3526 2422 3579 ad
2476 3525 2675 3579 cmlum
2730 3521 3018 3593 porrectis,
3076 3520 3243 3574 tacite
3298 3519 3535 3573 traditur
3564 3535 3752 3574 orasse

2121 3634 2246 3673 cum
2280 3617 2553 3688 lacrymis.
2589 3617 2650 3670 Et
2669 3631 2796 3670 ecce
2836 3614 3022 3669 subito
3057 3612 3337 3678 columba,
3365 3628 3469 3668 ceu
3503 3612 3622 3677 nix,
3655 3612 3752 3666 ad-

2121 3705 2266 3760 volat
2297 3705 2553 3770 candida,
2612 3712 2787 3758 rostro
2843 3702 3103 3756 deferens
3147 3700 3447 3772 ampullam
3507 3702 3754 3756 caelestis

2121 3794 2250 3849 doni
2283 3794 2580 3848 chrismate
2629 3790 3117 3862 repletam.,Cujus
3142 3791 3332 3845 odoris
3383 3790 3630 3845 mirabili
3666 3805 3753 3844 re-

2118 3885 2294 3956 spersi
2328 3893 2570 3950 nectare,
2605 3882 2986 3938 inaestimabili
3018 3881 3113 3952 qui
3145 3881 3377 3936 aderant
3405 3897 3577 3952 super
3635 3897 3758 3936 om-

2120 3978 2212 4032 nia
2242 3979 2446 4049 quibus
2475 3984 2639 4032 antea
2693 3974 2951 4031 delectati
2998 3973 3214 4029 fuerant
3263 3973 3569 4044 replentur,
3602 3990 3738 4028 sua-

2117 4069 2305 4124 vitate.
2337 4070 2574 4138 Accepta
2603 4066 2789 4136 itaque
2819 4074 3042 4119 sanctus
3064 4064 3266 4133 praesul
3304 4062 3568 4133 ampulla,
3589 4071 3742 4133 post-

2119 4178 2282 4232 quam
2335 4159 2629 4215 chrismate
2687 4157 2894 4212 fontem
2950 4155 3282 4226 conspersit,
3334 4155 3555 4225 species
3613 4170 3738 4210 mox

2118 4249 2390 4304 columbae
2418 4247 2707 4318 disparuit.
2758 4246 2868 4299 Rex
2913 4253 3095 4299 autem
3143 4251 3309 4298 tanta}
3365 4243 3558 4316 gratiae
3604 4259 3739 4300 con-

2117 4349 2304 4410 specto
2345 4336 2611 4391 miraculo
2667 4337 2843 4399 laetus,
2895 4341 3139 4388 actutum
3193 4332 3401 4386 diaboli
3436 4333 3658 4403 pompis
3686 4341 3738 4387 et

405 4429 664 4497 abcessit,
716 4431 813 4486 sed
862 4431 1159 4489 ineﬁ'abilis
1188 4436 1325 4490 odor
1370 4438 1658 4493 suavitatis
1711 4439 1766 4491 in
1825 4441 2010 4495 eadem

2121 4431 2387 4504 Operibus
2417 4428 2725 4502 abnegatis,
2775 4443 2806 4480 a
2836 4425 3139 4480 reverendo
3170 4440 3230 4479 se
3279 4423 3419 4493 petit
3473 4424 3737 4495 pontiﬁce

405 4520 571 4575 domo
616 4521 897 4574 remansit.
950 4522 1015 4576 Ut
1045 4523 1332 4578 evidenter
1361 4525 1566 4580 valeret
1605 4527 1828 4598 agnosci
1860 4528 2017 4592 lucis,

407 4612 558 4684 pacis
582 4621 746 4682 atque
777 4613 882 4683 piae
906 4613 1219 4670 dulcedinis
1250 4616 1380 4670 illuc
1403 4625 1682 4672 auctorem
1707 4619 2019 4687 advenisse,

407 4701 602 4754 beatus
631 4699 796 4754 etiam
825 4703 1023 4772 praesul
1053 4721 1117 4757 ex
1140 4704 1337 4758 eodem
1361 4703 1590 4769 lumine,
1610 4721 1720 4758 non
1742 4707 2016 4764 modicum

407 4789 557 4844 visus
579 4796 661 4843 est
689 4791 876 4845 vultus
907 4791 1176 4866 fulgorem
1226 4791 1454 4845 traxisse
1530 4793 1638 4846 Rex
1673 4793 2019 4870 igituratque

409 4881 600 4952 regina
630 4883 869 4951 pedibus
895 4883 1024 4938 almi
1050 4883 1357 4938 sacerdotis
1381 4883 1632 4952 adstrati,
1661 4902 1784 4940 cum
1819 4905 2016 4963 magno

409 4987 609 5042 pavore
639 4973 813 5045 ipsius
843 4974 1132 5044 requirunt
1151 4972 1585 5028 consolationem
1616 4977 2016 5050 audire,opere

406 5067 712 5137 adimplere
765 5065 939 5136 parati
996 5081 1119 5136 qua:
1169 5063 1589 5133 propalarentur
1626 5083 1721 5122 ore
1775 5072 2012 5139 patroni.

409 5159 833 5212 Delectabantur
861 5157 1067 5211 etenim
1083 5156 1268 5212 verbis
1298 5175 1419 5230 qum
1449 5159 1759 5225 audierant,
1783 5161 2016 5218 interius

404 5250 720 5313 illuminati,
749 5265 914 5320 quam
956 5248 1227 5316 viderant,
1269 5249 1411 5318 luce,
1443 5251 1573 5307 licet
1598 5254 1870 5309 exteriore
1901 5263 2014 5310 ter-

407 5341 494 5394 riti
537 5341 764 5395 luminis
802 5340 1067 5396 claritate.
1098 5343 1328 5399 Sanctus
1355 5352 1539 5400 autem
1565 5344 1725 5399 Pater
1757 5361 2010 5416 supernae

401 5432 645 5499 repletus
660 5431 958 5502 splendore
987 5435 1273 5506 sapientiae
1303 5436 1372 5490 de
1398 5437 1637 5490 cmleslis
1664 5452 1760 5490 eos
1790 5436 2011 5493 instruit

401 5521 631 5577 visionis
685 5524 1107 5593 consuetudine,
1164 5547 1287 5600 quae
1333 5531 1572 5584 adventu
1621 5528 1845 5598 quidem
1903 5545 2005 5582 suo

395 5609 560 5665 corda
591 5613 904 5669 mortalium
937 5617 1123 5684 terret,
1170 5617 1268 5672 sed
1300 5617 1553 5671 timorem
1600 5615 2002 5686 praecedentem

2122 4519 2408 4592 baptizari.
2441 4519 2558 4584 Quo
2578 4517 2703 4573 vitae
2721 4516 2929 4571 fontem
2963 4515 3228 4587 perennis
3271 4515 3569 4587 ingressio,
3602 4515 3736 4570 bea-

2120 4623 2208 4668 tus
2229 4611 2474 4683 profatur
2499 4610 2698 4681 praesul
2747 4624 2841 4664 ore
2868 4607 3137 4663 facundo:
3167 4609 3319 4664 Mitis
3348 4608 3552 4677 depone
3581 4609 3735 4671 colla,

2120 4707 2416 4763 Sicamber.
2449 4705 2641 4759 Adora
2660 4703 2804 4772 quod
2831 4701 3138 4768 incendisti,
3167 4701 3387 4754 incende
3424 4702 3569 4770 quod
3599 4701 3733 4755 ado-

2117 4801 2275 4853 rasti.
2325 4798 2527 4868 Sicque
2575 4804 2699 4865 post
2745 4793 3066 4848 orthodoxae
3119 4790 3527 4847 confessionem
3588 4791 3734 4856 fidei,

2120 4892 2261 4946 trina
2293 4891 2494 4944 tinctus
2525 4889 2824 4953 mersione,
2858 4886 3047 4941 divino
3068 4901 3296 4940 summa:
3324 4884 3734 4956 individnteque

2115 4979 2418 5045 Trinitatis,
2452 4979 2644 5044 Patris,
2678 4986 2734 5032 et.
2761 4976 2904 5042 Filii,
2947 4983 3001 5030 et
3038 4974 3274 5044 Spiritus
3301 4973 3478 5028 sancti
3503 4974 3607 5028 sub
3637 4989 3732 5028 no-

2118 5072 2287 5136 mine,
2318 5070 2618 5141 suscipitur
2647 5068 2716 5123 ab
2733 5069 2930 5124 eodem
2962 5073 3152 5121 sancto
3181 5063 3468 5134 pontifice,
3499 5064 3733 5136 divoque

2117 5172 2468 5218 consecratur
2496 5161 2794 5236 insignitus
2821 5159 3088 5232 unguine.
3139 5156 3496 5226 Baptizantur
3523 5171 3735 5212 sorores

2116 5255 2264 5328 regis
2290 5252 2652 5308 Albotfediset
2685 5250 3058 5317 Landehildis,
3086 5247 3362 5318 simulque
3389 5247 3460 5301 de
3494 5247 3732 5301 Franco-

2116 5362 2234 5400 rum
2271 5345 2512 5399 exercitu
2541 5344 2785 5399 virorum
2815 5342 2920 5397 tria
2970 5341 3161 5406 millia,
3214 5347 3416 5410 praeter
3442 5339 3732 5394 mulierum

2115 5436 2577 5508 parvulorumque
2605 5436 2849 5492 nomina.
2889 5436 3005 5500 Quo
3059 5433 3149 5487 die
3179 5446 3444 5502 magnum
3477 5429 3534 5484 in
3585 5428 3730 5485 ccelis

2108 5526 2447 5581 celebratum
2479 5529 2685 5582 sanctis
2731 5527 2997 5600 gaudium
3045 5523 3273 5580 credere
3302 5537 3602 5591 possumus
3630 5535 3725 5574 an—

2103 5617 2245 5691 gelis
2273 5623 2329 5672 et
2358 5617 2676 5675 hominibus
2721 5618 2968 5674 lmtitiam
3024 5631 3133 5672 non
3160 5612 3441 5669 modicam
3483 5614 3540 5668 in
3589 5622 3724 5669 terra
