3970 6212
189 302 257 355 53
861 292 1186 348 HISTORUE
1224 287 1562 346 ECCLESUE
1602 287 1929 343 REMENSIS
1970 290 2144 345 LIBRI
2186 291 2509 357 QUATUOR.
2538 323 2608 330 ——
2649 292 2752 346 LIB
2818 297 2854 349 Ι.
3461 307 3530 362 54

192 427 436 483 devotis.
493 424 770 479 Exercitus
826 431 1008 478 autem
1071 438 1197 494 pars
1237 438 1436 494 magna
1484 421 1814 475 Francorum
1838 427 2058 492 Apene
2105 423 2475 492 desperatum,
2508 425 2712 480 blande
2739 430 3011 486 consolari
3065 435 3281 508 satagit,
3339 437 3528 493 dolere

193 519 437 574 necdum
497 517 562 570 ad
611 515 775 570 ﬁdem
821 515 1021 570 Christi
1075 530 1358 579 conversa,
1419 529 1542 568 cum
1574 513 1812 584 quodam

195 605 508 679 Raganario
562 604 833 674 principe,
890 611 1040 658 trans
1095 604 1353 658 Somnam
1413 601 1639 656 ﬂuvium
1693 610 1816 671 post

190 697 521 770 aliquandiu
553 697 608 750 in
641 695 969 751 inﬁdelitate
999 705 1214 750 versata
1244 702 1347 759 est,
1379 694 1557 749 donec
1575 708 1815 763 superna

189 787 527 856 disponente
553 783 750 857 gratia,
783 782 1010 854 prtefato
1063 799 1192 856 rege
1251 783 1526 836 Ludovico
1557 781 1815 854 gloriosis

191 875 368 947 potito
395 872 664 932 victoriis.
699 872 845 926 idem
895 872 1234 943 Raganarius
1264 871 1596 944 ﬂagitiorum
1627 877 1810 926 secta-

191 977 273 1022 tor
303 982 368 1021 ac
385 964 820 1035 turpitudinum,
846 965 1064 1020 vinctus
1113 981 1144 1018 a
1174 964 1396 1018 Francis
1447 965 1678 1020 traditus
1707 969 1810 1028 est,

189 1065 241 1114 et
269 1059 674 1127 interemptus,
731 1057 1024 1126 omnisque
1064 1056 1395 1112 Francorum
1453 1059 1692 1128 populus
1744 1056 1811 1109 ad

191 1149 387 1204 Christi
447 1148 637 1215 ﬁdem,
690 1165 792 1219 per
836 1148 1059 1204 beatum
1105 1149 1416 1220 Remigium
1474 1149 1815 1206 convertitur

188 1261 249 1300 ac
265 1243 603 1314 baptizatur.

815 1330 1025 1386 CAPUT
1055 1331 1187 1385 XIV.

184 1427 254 1477 De
275 1421 713 1492 possessionibus
761 1435 898 1490 quas
944 1423 991 1474 ei
1036 1436 1136 1474 rea:
1182 1422 1484 1480 Ludovicus
1533 1429 1585 1479 et
1612 1426 1812 1479 Franci

821 1513 1174 1568 contulerunt.

259 1604 367 1658 Rex
426 1603 622 1676 igitur,
654 1601 1098 1674 Francorumque
1129 1609 1406 1674 potentes:
1430 1607 1696 1676 plurimas
1746 1607 1805 1660 Β.

190 1692 435 1766 Remigio
466 1690 855 1762 possessiones
873 1707 974 1761 per
1001 1692 1247 1747 diversas
1273 1696 1555 1750 contulere
1583 1697 1810 1766 provin-

188 1782 315 1846 cias,
358 1797 425 1834 ex
457 1779 670 1850 quibus
711 1779 824 1845 ille,
855 1788 962 1834 tam
991 1779 1341 1849 Remenscm,
1370 1801 1534 1855 quam
1567 1787 1810 1857 reliquas

190 1870 480 1926 nonnullas
512 1867 762 1923 Franciae
794 1870 1003 1925 dotavit
1046 1870 1212 1940 [ms.j,
1271 1872 1485 1946 ditavit]
1523 1877 1804 1931 ecclesias.

190 1964 295 2016 Non
345 1959 630 2016 modicam
695 1975 910 2016 necnon
963 1964 1282 2018 earumdem
1339 1976 1550 2036 partem
1602 1985 1805 2035 rerum,

191 2055 424 2110 ecclesiae
452 2064 664 2111 sanctae
711 2055 891 2110 Maria:
949 2056 1198 2111 Lauduni
1251 2059 1470 2127 clavati,
1521 2062 1809 2118 Remensis

193 2145 454 2214 parochim
483 2146 676 2211 castri,
711 2146 807 2199 ubi
844 2146 1082 2200 nutritus
1104 2146 1300 2213 fuerat,
1321 2151 1581 2206 tradidit:
1617 2152 1806 2223 ibique

193 2238 606 2304 Genebaudum,
638 2253 803 2293 carne
834 2237 1076 2293 nobilem
1137 2240 1337 2306 virum,
1379 2249 1600 2315 tamque
1637 2247 1808 2300 sacris

193 2345 340 2398 quam
370 2328 742 2384 saecularibus
770 2329 974 2383 litteris
1007 2328 1307 2397 eruditum,
1332 2332 1426 2403 qui
1451 2333 1640 2388 relicta
1665 2350 1804 2392 con-

191 2420 325 2493 juge,
356 2421 540 2476 sancti
573 2421 832 2495 Remigii,
861 2436 961 2476 ceu
995 2421 1250 2490 traditur,
1292 2432 1458 2495 nepte
1489 2427 1803 2500 religiosam

195 2512 419 2567 subierat
457 2513 662 2580 vitam,
720 2512 996 2568 ordinavit
1024 2512 1370 2584 episc0pum,
1399 2517 1805 2591 comitatusque

197 2603 570 2658 Laudunensis
615 2603 798 2658 eidem
828 2612 1006 2659 castro
1058 2603 1297 2674 subjecit
1333 2609 1672 2678 parochiam.
1707 2612 1806 2676 Qui

199 2692 558 2748 Genebaudus
587 2693 657 2746 de
717 2701 843 2748 ante
893 2701 1011 2749 acta
1040 2695 1153 2749 vita
1206 2696 1461 2765 nimium,
1493 2701 1808 2772 gradusque

195 2784 529 2838 sublimitate
559 2782 867 2855 conﬁdens,
899 2786 968 2840 ab
990 2801 1157 2841 uxore
1180 2804 1343 2858 quam
1367 2789 1687 2860 reliquerat,
1721 2793 1810 2847 in-

197 2883 354 2938 caute,
386 2872 556 2944 quasi
603 2887 702 2942 pro
751 2874 1074 2929 instruenda
1103 2891 1190 2941 ea,
1229 2893 1289 2931 se
1313 2878 1564 2934 crebrius
1596 2881 1806 2938 visitari

199 2967 450 3033 permisit.
486 2965 618 3019 Sed
659 2967 928 3024 utdivina
967 2975 1237 3023 testantur
1266 2972 1486 3043 eloquia
1528 2991 1542 3028 :
1574 2976 1809 3046 Lapides

1832 1739 1884 1806 Β

1915 527 1973 566 se
1991 520 2319 582 protestans.
2357 531 2465 571 non
2493 527 2599 572 tam
2632 520 2701 574 de
2732 532 3046 592 perpetrato
3077 525 3337 595 facinore,
3365 547 3527 599 quam

1915 601 2171 670 quodille
2203 601 2272 656 de
2302 604 2516 658 Domini
2549 607 2840 664 videbatur
2874 611 3218 686 benignitate
3251 615 3526 684 difﬁdere,

1915 690 2002 742 cui
2025 701 2238 746 constat
2267 693 2405 747 nihil
2435 696 2584 765 quod
2616 697 2852 753 voluerit
2883 700 3226 771 impossibile
3262 723 3274 757 :
3308 707 3400 777 qui
3430 723 3528 777 pro

1917 781 2130 836 nullum
2145 785 2211 837 ad
2230 800 2288 838 se
2303 795 2665 842 revertentem
2681 799 3025 859 peccatorem
3041 794 3298 865 despicit,
3322 799 3414 868 qui
3429 815 3528 868 pro

1915 877 2300 944 peccatoribus
2329 880 2492 934 etiam
2525 883 2850 957 sanguinem
2890 902 3048 940 suum
3080 888 3237 943 fudit.
3291 892 3531 946 Diversis

1915 962 2099 1034 itaque
2128 966 2212 1022 vir
2241 968 2518 1039 benignus
2542 973 2853 1040 etprudens
2882 975 3096 1048 erigere
3125 978 3334 1047 lapsum
3358 988 3530 1035 certat

1912 1054 2201 1123 exemplis,
2256 1058 2402 1126 quod
2459 1061 2606 1129 apud
2661 1061 2830 1118 Deum
2864 1065 3075 1120 scilicet
3131 1066 3311 1132 facile,
3347 1077 3530 1124 reatus

1915 1142 2078 1209 hujus
2093 1144 2311 1198 veniam
2331 1147 2538 1202 valeret
2577 1149 2850 1216 obtinere,
2881 1153 2926 1206 si
2959 1155 3157 1226 dignos
3188 1158 3528 1226 pmnitentize

1913 1229 2122 1286 fructus
2169 1235 2280 1289 Deo
2329 1237 2575 1294 studeret
2607 1239 2823 1295 offerre.
2859 1243 2948 1297 Sic
2977 1245 3198 1299 demum
3223 1249 3406 1319 dignis
3426 1266 3525 1304 ex-

1913 1320 2321 1378 hortationibus
2370 1327 2825 1385 indicitanimato
2855 1335 3259 1402 paenitentiam,
3293 1345 3530 1392 structa-

1911 1423 2018 1478 que
2036 1412 2438 1481 mausiuncula,
2470 1416 2772 1472 fenestellis
2819 1422 3000 1490 parvis
3032 1423 3360 1491 illuminata,
3403 1442 3525 1480 cum

1909 1500 2152 1554 oratorio
2204 1505 2345 1572 (quae
2373 1506 2553 1560 adhuc
2599 1523 2760 1562 secus
2799 1512 3088 1566 ecclesiam
3120 1515 3291 1569 sancti
3323 1515 3527 1570 Juliani

1909 1605 2133 1645 manere
2166 1593 2436 1664 feruntur)
2473 1599 2530 1651 in
2575 1615 2635 1653 ea
2686 1603 3050 1670 pcenitentem
3097 1607 3378 1662 concludit
3409 1608 3531 1678 epi-

1910 1697 2159 1752 scopum.
2212 1689 2342 1757 Ejus
2371 1707 2593 1762 quoque
2645 1709 2746 1762 per
2773 1710 2948 1750 annos
2972 1706 3183 1768 septem
3210 1701 3529 1771 gubernans

1909 1779 2246 1846 parochiam,
2283 1799 2447 1838 unam
2491 1786 2676 1840 Remis
2715 1788 3074 1856 Dominicam,
3105 1792 3524 1847 Laudunicele-

1911 1867 2070 1920 brare
2125 1883 2486 1928 consueverat
2544 1876 2791 1930 alteram.
2864 1880 2977 1944 Qua
3032 1883 3134 1933 sub
3193 1881 3526 1947 reclusione,

1911 1973 2131 2035 quanta:
2199 1971 2548 2025 contritionis
2600 1989 2663 2027 ac
2693 1975 3049 2029 continentiae
3103 1977 3448 2031 districtione
3469 1992 3526 2030 se

1907 2060 1992 2112 vir
2033 2061 2291 2130 praefatus
2307 2065 2688 2133 coarctaverit,
2740 2084 2904 2138 quam
2937 2067 3134 2141 dignos
3168 2070 3304 2123 inibi
3338 2070 3523 2140 pmni-

1911 2155 2096 2209 tentiae
2128 2155 2336 2212 fructus
2365 2159 2630 2232 exegerit,
2655 2160 2842 2214 divina
2855 2163 3202 2230 postmodum
3222 2163 3528 2233 propalavit

1909 2246 2217 2303 clementia.
2267 2253 2423 2306 Anno
2459 2251 2737 2322 siquidem
2781 2251 3037 2322 septimo,
3097 2269 3220 2307 cum
3251 2254 3304 2304 in
3337 2252 3526 2323 vxgilia

1909 2354 2078 2393 ccena:
2112 2339 2409 2394 Dominicze
2460 2341 2738 2411 paenitens
2769 2349 3117 2410 pernoctaret
3148 2343 3204 2395 in
3253 2343 3524 2408 oratione,

1909 2435 2152 2505 seipsum
2204 2435 2417 2490 deﬂens
2447 2435 2503 2488 in
2536 2436 2657 2499 hoc,
2693 2434 2954 2504 quoniam
3009 2436 3100 2504 qui
3155 2435 3220 2488 ad
3255 2435 3307 2488 id
3351 2449 3525 2506 usque

1911 2538 2202 2601 provectus
2233 2529 2427 2584 fuerat.
2462 2538 2523 2584 ut
2560 2528 2792 2582 Domino
2827 2527 3158 2597 pmnitentes
3203 2526 3527 2582 reconcilia-

1911 2632 2012 2687 ret,
2045 2625 2146 2676 hac
2185 2623 2276 2675 die
2305 2639 2407 2678 nec
2450 2624 2594 2676 inter
2631 2617 2966 2690 pmnitentes
3015 2618 3132 2687 ipse
3180 2616 3528 2686 (criminibus

1911 2721 2025 2774 suis
2045 2718 2415 2792 exigentibus)
2453 2716 2508 2769 in
2541 2714 2775 2769 ecclesia
2823 2712 3141 2766 merebatur
3169 2711 3475 2765 consistere
3511 2728 3524 2774 ;

1911 2815 2140 2886 angelus
2170 2811 2384 2867 Domini
2431 2809 2577 2864 circa
2633 2806 2870 2860 mediam
2925 2813 3140 2859 noctem
3181 2820 3379 2878 magna
3401 2818 3523 2857 cum

1910 2910 2034 2964 luce
2065 2906 2215 2962 venit
2245 2903 2312 2957 ad
2342 2917 2488 2966 eum,
2524 2898 2619 2952 ubi
2671 2912 2878 2968 pronus
2922 2895 3142 2964 jacebat
3175 2896 3228 2948 in
3261 2895 3522 2960 oratorio,

1911 3003 2119 3072 talique
2183 2995 2550 3051 decubantem
2603 2990 2963 3060 compellasse
3009 2988 3180 3042 fertur
3227 2987 3471 3058 alloquio
3509 3007 3522 3043 :

197 3064 436 3115 θπθαυαπτ
465 3075 653 3130 aqua,
682 3066 732 3115 ετ
748 3063 1016 3118 alluvione
1034 3068 1182 3119 ίθννα
1201 3071 1554 3135 consumitur,
1583 3077 1631 3127 et
1651 3078 1805 3144 ηιΡίε
1830 3106 1876 3172 (Ἴ
1906 3122 1930 3152 ‹‹
1953 3063 2307 3151 Genebaude,
2330 3083 2600 3140 exauditae
2633 3088 2763 3132 sunt
2818 3093 2916 3147 pro
2948 3086 2998 3131 te
3045 3079 3323 3132 orationes
3355 3077 3528 3132 Patris

203 3149 373 3172 r......--1
405 3155 742 3172 4__-__-1-__A-___
781 3155 830 3172 γι-
858 3155 896 3172 I-
918 3169 928 3172 -
948 3171 954 3172 κ
1131 3159 1179 3172 ιιι-
1218 3158 1230 3172 ι
1432 3161 1487 3172 ΔΛ
1550 3162 1581 3172 o,
1866 3149 1878 3170 Α
2531 3171 2537 3172 ,
2625 3170 2640 3172 >
2763 3167 2773 3172 -
3074 3166 3084 3172 .
3217 3167 3227 3172 -

203 3149 376 3222 [rupes]
404 3155 744 3219 transfertur
768 3155 834 3208 de
854 3155 963 3209 loco
992 3171 1087 3210 suo
1125 3158 1242 3222 (Job
1285 3175 1397 3225 xw,
1424 3161 1505 3228 19)
1526 3162 1621 3226 ;ita
1652 3181 1800 3236 quo-

205 3255 297 3310 que
325 3241 447 3296 huic
476 3244 736 3317 contigit,
763 3254 824 3300 ut
848 3246 1167 3319 frequentes
1188 3250 1438 3305 mulieris
1454 3252 1800 3311 visitationes

205 3327 492 3402 blandaque
523 3332 827 3404 colloquia,
851 3335 1050 3390 durum
1073 3336 1430 3410 validumque
1461 3349 1650 3397 contra
1672 3345 1801 3398 libi-

205 3418 367 3474 dinem
392 3431 586 3492 pectus
615 3425 929 3481 emollirent
959 3428 1228 3500 episcOpi,
1259 3440 1312 3484 et
1332 3433 1488 3502 quasi
1517 3451 1708 3504 rupem
1731 3438 1799 3491 de

205 3509 308 3566 loco
336 3515 640 3571 sanctitatis
677 3518 744 3571 ad
775 3534 992 3573 ccenum
1026 3520 1386 3577 transferrent
1416 3526 1664 3581 luxuriae.
1701 3529 1800 3593 Qui

205 3601 436 3657 suasione
467 3604 746 3660 diabolica
797 3607 854 3660 in
907 3608 1159 3664 libidinis
1212 3611 1459 3667 ﬂammas
1499 3616 1802 3686 exagitatus

205 3690 386 3759 erupit,
407 3692 694 3763 veterique
720 3710 780 3748 se
810 3696 1050 3752 miscens
1079 3700 1276 3766 sodali,
1304 3700 1478 3755 tilium
1512 3718 1575 3756 ex
1608 3704 1799 3758 eadem

208 3787 494 3855 progenuit,
540 3805 709 3859 quem
757 3791 908 3845 velut
971 3792 1025 3846 in
1079 3793 1370 3850 latrocinio
1432 3805 1798 3866 procreatum,

207 3875 462 3933 Latronem
495 3883 770 3939 nominari
800 3887 1083 3960 praecepit.
1119 3888 1326 3960 thuia
1356 3892 1519 3962 culpa
1545 3892 1799 3961 pluribus

206 3971 370 4042 ignota
402 3976 416 4046 (
455 3994 520 4033 ne
542 3979 602 4033 in
623 3981 994 4052 suspicionem
1017 3982 1147 4038 hinc
1164 3983 1302 4038 forte
1333 3985 1674 4054 procederet,
1697 3988 1741 4041 si
1767 4006 1796 4042 a

205 4061 346 4116 solita
369 4080 425 4119 se
443 4069 694 4136 praesulis
711 4069 1029 4125 visitatione
1060 4071 1262 4127 femina
1280 4073 1653 4139 submoveret)
1683 4091 1797 4130 ca:-

210 4151 297 4218 pit,
325 4162 380 4209 ut
408 4167 588 4225 antea,
621 4160 845 4214 domum
876 4159 1228 4232 frequentare
1260 4161 1557 4234 pontiﬁcis.
1593 4165 1790 4236 Sicque

210 4243 387 4301 factum
409 4257 487 4305 est
507 4262 566 4307 ut
591 4253 912 4309 hominibus
937 4255 1099 4325 culpa
1127 4256 1324 4323 celata,
1359 4258 1667 4329 tacitusque
1688 4265 1793 4312 tam

208 4332 295 4387 viri
325 4354 480 4407 quam
509 4343 761 4398 mulieris
791 4344 973 4409 ardor,
1020 4345 1077 4399 in
1127 4345 1310 4410 corde,
1346 4346 1616 4409 libidinis,
1645 4363 1798 4401 com-

1904 3189 1981 3244 tui
2017 3179 2273 3252 Remigii.
2315 3171 2570 3241 Suscepit
2623 3167 2887 3222 Dominus
2935 3166 3320 3236 paenitentiam
3352 3175 3522 3234 tuam,

1901 3289 1954 3335 et
1977 3275 2266 3332 dimissum
2285 3275 2369 3321 est
2388 3269 2673 3335 peccatum
2705 3260 3088 3330 tuumSurge,
3123 3267 3176 3311 et
3200 3259 3330 3311 hinc
3362 3274 3524 3331 egre-

1900 3369 2059 3422 diens
2086 3364 2168 3418 fac
2186 3354 2551 3412 ministerium
2574 3348 2906 3419 episcopalis
2934 3345 3124 3415 officii,
3151 3356 3205 3401 et
3225 3347 3527 3401 reconcilia

1871 3455 2134 3510 εἰ)οωίηο
2159 3445 2492 3519 pmnitentes
2541 3439 2608 3492 de
2638 3435 2966 3491 criminibus
2997 3435 3130 3488 suis.
3182 3455 3206 3484 ››
3234 3435 3526 3488 Genebau-

1902 3544 2005 3596 dus
2037 3547 2219 3593 autem
2249 3531 2419 3586 nimio
2452 3538 2663 3582 terrore
2709 3522 3017 3593 perculsus,
3051 3523 3389 3591 respondere
3414 3537 3524 3576 ῃοη

1904 3639 2135 3705 poterat.
2195 3629 2345 3680 Tunc
2389 3619 2621 3690 angelus
2662 3613 2880 3670 Domini
2930 3612 3246 3667 confortans
3276 3630 3424 3678 eum,
3454 3630 3524 3667 ne

1905 3727 2091 3780 timeat
2116 3725 2382 3780 hortatur,
2412 3713 2524 3766 imo
2543 3708 2782 3783 gaudeat
2811 3708 2878 3760 de
2910 3705 3124 3761 Domini
3145 3706 3524 3761 misericordia

1903 3818 2010 3872 sibi
2045 3816 2260 3871 collata.
2315 3807 2625 3863 Roboratus
2671 3801 2892 3855 tandem
2951 3797 3302 3869 respondisse
3353 3799 3525 3853 fertur

1905 3925 2013 3964 non
2047 3924 2104 3961 se
2128 3919 2286 3976 posse
2313 3901 2444 3954 hinc
2470 3894 2683 3971 egredi,
2706 3893 2835 3964 quia
2866 3893 3102 3947 domnus
3132 3898 3186 3945 et
3211 3891 3370 3945 Pater
3389 3908 3523 3947 suus

1902 3999 2185 4072 Remigius
2214 3994 2340 4051 ostii
2359 3992 2565 4047 clavem
2593 4004 2780 4042 secum
2806 3986 3056 4050 haberet,
3089 3984 3233 4056 quod
3258 3993 3310 4037 et
3339 3985 3522 4056 sigillo

1898 4107 1998 4144 suo
2027 4090 2314 4163 signasset.
2353 4081 2413 4134 Et
2465 4079 2695 4151 angelus
2748 4076 2815 4129 ad
2849 4093 2972 4130 eum
3011 4093 3022 4128 :
3061 4078 3125 4129 Ut
3153 4091 3259 4129 non
3313 4076 3524 4130 dubites

1896 4181 2126 4252 (inquit)
2149 4197 2183 4233 (ι
2215 4179 2435 4232 Domino
2456 4188 2538 4226 me
2567 4174 2810 4235 missum,
2844 4172 2982 4223 sicut
3008 4173 3157 4236 patet
3186 4169 3287 4222 tibi
3312 4169 3518 4222 malum,

1897 4277 1973 4329 sic
2003 4278 2052 4326 et
2081 4274 2276 4326 ostium
2302 4269 2450 4322 istud
2471 4265 2699 4335 patebit.
2746 4262 2809 4315 Et
2847 4261 3029 4315 statim
3056 4261 3205 4313 salvo
3247 4259 3429 4332 sigillo
3461 4277 3524 4317 ac

1899 4379 2021 4416 sera
2053 4360 2252 4415 ostium
2276 4356 2410 4410 illud
2442 4359 2694 4424 apertum
2728 4355 2830 4403 est.
2865 4349 3015 4402 Tunc
3065 4347 3435 4401 Genebaudus
3467 4349 3524 4404 in

210 4433 444 4489 Puncmm
479 4432 634 4501 Prius
655 4439 845 4488 contra
876 4439 1182 4503 Peccatum:
1214 4434 1282 4487 ad
1307 4434 1526 4504 culpam
1553 4443 1797 4489 Γθῑτδκθο
1828 4433 2124 4510 Dmodum
2158 4449 2338 4507 crucis
2363 4465 2419 4502 se
2450 4452 2807 4516 prosternens
2839 4442 2892 4494 in
2943 4441 3155 4499 limine.
3178 4441 3256 4495 sic
3290 4441 3525 4496 traditur

211 4515 269 4568 rit
295 4519 627 4593 episcopum.
658 4525 756 4590 Qui
784 4525 934 4581 velut
957 4526 1165 4581 oblitus
1189 4527 1338 4598 quod
1361 4528 1664 4598 planxerat,
1697 4529 1800 4584 ite-

212 4605 329 4658 ravit
357 4609 560 4666 crimen
581 4615 729 4685 quod
756 4614 1072 4670 deﬂeverat.
1108 4618 1172 4670 At
1191 4616 1287 4670 ubi
1317 4624 1560 4671 exortam
1593 4619 1662 4672 de
1693 4619 1796 4672 ﬂa-

212 4696 330 4764 gitio
354 4709 616 4776 comperit
647 4708 835 4775 ﬁliam,
888 4725 1089 4764 nomen
1122 4710 1303 4764 eidem
1343 4711 1567 4765 mandat
1591 4711 1798 4782 imponi

214 4783 563 4862 Vulpeculam,
587 4806 777 4869 utpote
807 4799 1094 4854 fraudibus
1123 4807 1330 4872 argutae
1351 4800 1540 4854 matris
1569 4815 1803 4872 genera-

216 4880 326 4930 tam.
357 4880 581 4941 Domino
600 4889 804 4956 denuo,
828 4889 923 4959 qui
973 4890 1195 4943 beatum
1232 4888 1455 4944 Petrum
1490 4897 1804 4960 respexerat

216 4963 345 5024 hunc
372 4989 588 5048 quoque
620 4981 950 5051 respiciente
1007 4984 1157 5048 (Luc.
1207 4997 1337 5047 xxii,
1381 4983 1488 5052 61),
1522 4997 1798 5051 compun-

217 5065 325 5151 ξιιυὲ
346 5075 524 5122 mente
583 5073 968 5139 Genebaudus,
1018 5083 1265 5130 sanctum
1323 5077 1631 5151 Remigium
1666 5072 1804 5144 petit

220 5149 288 5198 ire
315 5149 504 5228 [uteat]
542 5159 884 5216 Laudunum.
929 5164 1046 5228 Quo
1076 5179 1199 5218 cum
1233 5164 1420 5219 debita
1447 5149 1802 5219 veneratione

219 5247 471 5312 suscePlO,
492 5262 776 5323 pestquam
799 5253 1194 5309 cubilisiniere
1215 5262 1510 5318 secretum,
1545 5255 1818 5326 magnum

223 5339 565 5407 Prorumpens
601 5342 654 5396 in
709 5345 993 5413 ejulatum,
1047 5345 1241 5401 stolam
1271 5346 1552 5418 deponere
1611 5345 1805 5398 nititur

225 5431 351 5509 fctis,
381 5431 546 5485 sancti
579 5450 634 5488 se
654 5436 868 5506 patroni
896 5445 1251 5508 prosternens
1278 5438 1534 5509 pedibus.
1569 5439 1684 5503 Quo
1701 5437 1803 5492 do-

226 5501 340 5560 loris
369 5517 495 5570 tanti
517 5501 732 5576 causam
756 5501 1054 5596 diligenter
1072 5501 1388 5598 indagante,
1420 5501 1674 5597 lacrymis
1689 5526 1804 5580 sin-

224 5597 465 5673 guhllque
487 5614 878 5682 praepediente,
909 5617 998 5670 vix
1021 5617 1262 5672 admissa
1290 5625 1661 5692 transgressor
1676 5636 1804 5674 nar-

229 5695 298 5739 rat
335 5706 394 5745 ex
431 5700 637 5759 ordine.
681 5706 848 5769 Quem
891 5708 974 5763 vir
1017 5709 1113 5764 Dei
1163 5710 1460 5766 contritum
1503 5710 1698 5766 videns
1741 5729 1804 5768 ac

1900 4545 2222 4603 asseruisse.
2260 4539 2483 4596 Etiamsi
2515 4536 2780 4593 Dominus
2821 4535 2939 4604 ipse
2969 4535 3128 4588 .lesus
3155 4533 3402 4588 Christus
3433 4536 3521 4589 di-

1899 4642 2099 4708 gnatus
2143 4630 2309 4687 fuerit
2359 4629 2424 4682 ad
2483 4641 2570 4680 me
2630 4631 2974 4694 peccatorem
3005 4622 3214 4684 venire,
3256 4638 3363 4675 non
3395 4623 3522 4678 hinc

1902 4727 2175 4800 egrediar,
2219 4722 2324 4778 nisi
2356 4719 2569 4776 venerit
2601 4717 2715 4782 ille,
2741 4715 3013 4786 quimein
3037 4715 3156 4782 ejus
3183 4715 3521 4770 nominesub

1902 4819 2005 4871 hac
2038 4813 2346 4869 reclusione
2377 4807 2680 4864 constituit.
2707 4805 2782 4858 Ad
2824 4820 2945 4874 quae
2983 4820 3249 4874 reSponsa
3279 4820 3400 4857 mox
3423 4821 3524 4857 an-

1903 4905 2061 4980 gelus
2099 4901 2368 4958 abscessit
2423 4898 2490 4952 ab
2546 4913 2631 4951 eo.
2683 4895 2878 4948 Beatus
2917 4901 3098 4944 autem
3162 4892 3519 4965 ltemigiusin

1905 5003 2115 5065 crypta,
2164 5007 2286 5062 qua:
2334 4988 2526 5043 subter
2574 4984 2822 5039 ecclesia:
2869 4989 3071 5036 sanctze
3107 4982 3287 5035 Marim
3332 4983 3520 5036 sedem

1906 5082 2090 5136 Remis
2117 5081 2373 5146 habetur,
2407 5078 2460 5130 in
2485 5074 2732 5130 oratione
2760 5071 3136 5143 pernoctabat.
3175 5072 3343 5136 Quam
3373 5080 3524 5140 post-

1905 5191 1970 5228 ea
1999 5180 2244 5243 cryptam
2295 5169 2494 5240 przesul
2535 5168 2797 5222 Herivcus
2842 5166 2898 5219 in
2947 5166 3154 5218 honore
3182 5163 3524 5218 consecravit

1905 5263 2153 5331 ejusdem
2202 5258 2505 5313 beatissimi
2538 5258 2796 5330 Remigii,
2828 5256 2920 5310 ubi
2976 5265 3105 5308 tunc
3133 5254 3252 5324 ipse
3281 5253 3365 5307 vir
3393 5269 3523 5306 san-

1903 5359 2042 5417 ctus,
2069 5349 2274 5422 vigiliis
2305 5348 2564 5419 fatigatus
2588 5393 2600 5414 ,
2629 5354 2683 5400 et
2724 5347 2878 5418 quasi
2912 5345 3215 5410 dormiens,
3249 5344 3305 5397 in
3331 5359 3522 5398 exces-

1905 5461 2024 5498 sum
2045 5450 2252 5512 raptus,
2270 5441 2420 5496 videt
2443 5440 2700 5512 angelum
2732 5440 2838 5494 sibi
2869 5439 3237 5504 assistentem,
3282 5437 3375 5508 qui
3407 5438 3524 5493 hinc

1906 5542 1964 5590 ut
1993 5543 2112 5590 acta
2153 5535 2368 5588 fuerant
2395 5533 2468 5587 ita
2501 5541 2684 5587 narrat
2712 5533 2912 5596 eidem,
2936 5533 3160 5601 jubens,
3194 5540 3253 5584 ut
3284 5539 3522 5601 quanto-

1905 5625 2023 5680 cius
2055 5624 2375 5679 Laudunum
2409 5630 2577 5693 petat,
2615 5632 2778 5695 atque
2807 5623 3199 5678 Genebaudum
3231 5621 3346 5676 sedi
3381 5621 3520 5674 datin

1907 5714 2222 5780 restituens,
2255 5713 2304 5768 ei
2354 5727 2539 5767 coram
2587 5729 2644 5768 se
2685 5713 2984 5784 pontiﬁcali
3027 5710 3179 5783 fungi
3208 5709 3521 5763 ministerio
