3970 6212
407 255 479 311 55
1536 255 1898 310 FLODOARDI
1941 255 2243 311 CANONICI
2283 253 2610 310 REMENSIS
3528 329 3533 333 _
3691 256 3766 308 ὥ

411 383 741 454 persuadeat
780 383 930 437 lllico
971 382 1053 438 vir
1099 382 1292 438 beatus
1321 383 1458 437 nihil
1490 384 1749 438 haesitans
1775 384 1890 438 adit
1911 399 2026 436 ma-
2060 388 2104 452 Α
2132 381 2214 436 vir
2232 388 2456 437 sanctus
2491 389 2599 435 tam
2629 379 2817 444 vitam,
2851 393 3015 449 quam
3045 393 3226 432 rerum
3257 376 3505 432 obtinuit
3534 394 3766 448 posses-

413 490 519 545 gna
544 488 667 526 cum
699 471 980 525 celeritate
1041 471 1384 527 Laudunum.
1433 473 1548 537 Quo
1604 473 2028 544 perveniens,in

412 564 537 622 ostii
569 562 780 630 limine,
807 563 957 617 salvo
981 563 1162 636 sigillo
1194 581 1428 636 seraque
1456 566 1702 630 reserati,
1733 566 2028 619 Gencbau-

414 653 835 720 dumjacentem
865 652 1070 721 reperit
1097 670 1109 706 :
1135 670 1297 724 quem
1345 656 1620 724 protensis
1646 655 1887 709 brachiis
1906 672 2030 709 cum

413 745 600 820 gaudii
629 743 884 813 lacrymis
925 745 1137 799 Domini
1160 747 1511 802 clementiam
1537 749 1878 812 collaudatis,
1910 765 2033 802 ere-

416 838 768 907 xit,eumque
792 836 910 890 sedi
941 844 996 890 et
1033 836 1216 893 officio
1255 840 1581 894 sacerdotali
1632 842 1890 908 reddens,
1928 843 2034 896 Re-

417 946 534 983 mos
571 945 694 983 cum
722 927 927 1001 gaudio
978 929 1282 999 repedavit.
1335 932 1703 986 Genebaudus
1755 943 1939 988 autem
1979 933 2032 987 in

415 1018 703 1074 sanctitate
732 1025 923 1088 postea
952 1029 1180 1073 cunctos
1231 1019 1356 1073 vita:
1409 1036 1522 1074 sum
1553 1021 1694 1086 dies,
1731 1022 1822 1076 Dei
1867 1021 2035 1076 fretus

415 1107 609 1180 gratia,
644 1097 934 1179 peragens,
984 1109 1160 1178 palam
1193 1125 1316 1180 qua:
1360 1110 1466 1163 sibi
1515 1110 1776 1164 Dominus
1807 1109 2031 1177 fecerat,

418 1197 774 1268 praedicabat.
808 1197 956 1252 Obiit
982 1198 1151 1272 igitur
1180 1199 1548 1254 Genehaudus
1579 1201 1632 1254 in
1679 1215 1812 1269 pace
1833 1200 2036 1255 sanctis

418 1288 512 1341 Dei
542 1297 990 1354 connumeratus,
1022 1288 1212 1342 tandiu
1259 1288 1581 1358 episcOpatu
1614 1287 1954 1357 perfunctus,
1979 1298 2037 1344 ut

419 1377 469 1431 ci
508 1377 836 1432 successerit
873 1377 1033 1433 Latro
1087 1377 1234 1432 filius
1290 1377 1429 1446 ejus,
1462 1377 1758 1448 episcopus
1809 1385 1863 1431 et
1918 1377 2037 1447 ipse

423 1475 611 1539 postea
641 1476 882 1523 sanctus.

497 1562 603 1615 Rex
653 1563 894 1634 denique
954 1563 1259 1618 Lodovicus
1317 1563 1374 1616 in
1437 1563 1658 1617 civitate
1713 1563 2041 1618 Suessonica

422 1654 610 1708 sedem
669 1671 823 1709 suam
855 1656 1216 1718 constituens,
1260 1655 1640 1710 delectabatur
1667 1657 1960 1725 praesentia
1989 1667 2042 1711 et

2131 473 2366 527 sionem.
2394 472 2514 540 Ipse
2545 483 2696 532 vero,
2719 468 2874 538 quasi
2899 465 3434 536 recompensationis
3456 465 3765 531 beneﬁcio,

2132 559 2382 616 benefico
2414 565 2646 629 patrono
2673 557 3008 626 Sparnacum
3060 556 3350 625 (Epcmay)
3382 555 3571 609 villam
3603 573 3769 610 suam

2133 652 2335 708 obtulit
2366 652 2420 705 in
2448 650 2864 722 proprietatem.
2913 649 3110 702 Beatus
3136 657 3320 702 autem
3355 647 3582 718 praesul,
3618 656 3774 702 tem-

2135 743 2377 814 poralem
2403 757 2501 812 pro
2532 756 2644 796 suae
2674 739 3084 794 intercessionis
3132 755 3362 794 munere
3392 739 3577 792 vitans
3599 738 3777 792 retri-

2136 831 2421 886 butionem
2454 829 2724 899 recipere,
2767 827 3091 898 praedictum
3142 827 3340 890 virum,
3371 826 3641 898 quoniam
3675 843 3778 880 ve-

2137 923 2417 978 recundiae
2437 920 2764 976 confusione
2786 921 3085 991 depressus
3101 919 3250 991 (quia
3270 927 3462 974 contra
3495 919 3776 973 natalium

2137 1016 2307 1070 decus
2339 1030 2588 1078 suorum,
2613 1014 2722 1068 vita
2752 1013 2944 1067 donari
2971 1030 3070 1083 per
3094 1012 3494 1085 indulgentiam
3528 1011 3779 1067 meruis-

2136 1111 2239 1173 set)
2299 1107 2354 1160 in
2378 1105 2568 1160 habitu
2617 1105 2864 1160 saeculari
2913 1122 3138 1160 manere
3169 1103 3414 1171 nolebat,
3463 1103 3780 1158 salubriter

2136 1197 2454 1251 exhortatus
2490 1204 2593 1260 est,
2647 1196 2839 1250 dicens
2868 1213 2882 1250 :
2918 1197 2984 1250 Ut
3011 1195 3056 1250 si
3091 1195 3368 1266 perlectus
3418 1209 3541 1248 esse
3574 1193 3775 1256 vellet,

2138 1289 2384 1343 vendens
2411 1288 2598 1343 omnia
2626 1305 2725 1343 sua
2756 1289 2912 1344 daret
2941 1288 3304 1359 pauperibus,
3347 1294 3402 1342 et
3431 1296 3780 1357 sequeretur

2140 1381 2412 1436 Christum
2437 1382 2648 1447 (Matth.
2696 1397 2809 1436 x1x.
2847 1381 2957 1437 21v.
3015 1381 3218 1451 Sicque
3246 1385 3511 1444 taxatum,
3544 1378 3614 1432 de
3648 1379 3778 1432 the-

2140 1470 2318 1524 sauris
2339 1469 2749 1537 ecclesiasticis,
2783 1468 3044 1540 pretium.
3069 1468 3314 1539 quinque
3346 1467 3520 1521 millia
3549 1467 3780 1521 scilicet

2141 1564 2352 1636 argenti
2389 1564 2579 1627 libras,
2604 1563 2832 1637 Eulogio
2855 1562 3028 1617 fertur
3049 1561 3291 1625 dedisse,
3342 1559 3632 1630 ipsamque
3665 1557 3781 1611 vil-

2141 1655 2247 1708 lam
2278 1655 2335 1708 in
2375 1653 2632 1709 Ecclesiae
2690 1652 3097 1723 possessionem
3146 1665 3511 1719 comparasse.
3553 1649 3774 1702 Bonum

422 1743 701 1814 colloquio
723 1744 895 1798 sancti
920 1744 1174 1819 Remigii.
1201 1745 1306 1799 Sed
1339 1745 1468 1815 quia
1498 1746 1582 1799 vir
1612 1745 1701 1800 hic
1725 1755 1948 1802 sanctus
1979 1748 2033 1802 in
2068 1749 2116 1815 Β
2138 1744 2352 1799 cunctis
2402 1742 2724 1812 relinquens
2769 1741 3076 1812 exemplum
3099 1740 3399 1812 episcOpis,
3431 1740 3777 1810 caeterisque

424 1833 662 1888 civitatis
693 1835 856 1903 hujus
883 1835 1088 1890 vicinia
1118 1835 1275 1889 villas
1305 1850 1415 1889 non
1477 1835 1717 1890 habebat
1754 1836 1912 1903 alias,
1937 1837 2042 1892 nisi

424 1923 717 1993 quamdam
750 1939 970 1993 parvam
1025 1939 1148 1994 qua:
1195 1932 1383 1978 sancto
1419 1921 1634 1978 Nicasio
1667 1924 1792 1978 data
1844 1923 2042 1993 fuerat,

425 2031 515 2068 rex
542 2017 895 2089 (suggerente
921 2016 1132 2089 regina,
1162 2017 1521 2088 locorumque
1547 2019 1865 2088 petentibus
1883 2019 2044 2074 inco-

427 2111 514 2176 lis,
549 2111 640 2182 qui
667 2109 1070 2182 multiplicibus
1093 2117 1249 2164 erant
1277 2112 1555 2184 aggravati
1579 2112 1774 2176 xeniis,
1809 2120 1868 2168 ut
1899 2113 2045 2184 quod

429 2205 541 2278 regi
567 2205 870 2270 debebant,
905 2203 1162 2260 Ecclesia:
1207 2202 1460 2258 Remensi
1494 2205 1883 2274 persolverent)
1912 2221 2046 2259 san-

426 2307 514 2355 cto
549 2298 838 2369 preposuit
868 2296 1142 2369 Remigio,
1163 2303 1223 2350 ut
1253 2305 1521 2367 quantum
1571 2298 1890 2354 circumiret
1919 2298 2049 2352 dum

430 2391 547 2462 ipse
579 2390 810 2444 meridie
843 2389 1175 2460 quiesceret,
1209 2385 1288 2440 illi
1339 2392 1512 2440 totum
1567 2387 1821 2442 donaret.
1856 2389 2053 2442 Beatus

426 2479 599 2552 igitur
629 2479 912 2553 Remigius
937 2495 1036 2549 per
1083 2476 1222 2532 fines
1260 2477 1353 2548 qui
1388 2478 1645 2532 videntur
1670 2479 1852 2533 adhuc
1876 2477 2056 2531 mani-

433 2574 581 2639 festi,
604 2573 904 2644 profectus,
939 2571 1156 2624 itineris
1185 2568 1271 2624 sui
1296 2569 1456 2643 signa
1481 2570 1711 2625 dimisit.
1751 2572 1807 2624 In
1827 2587 1935 2642 qua
1967 2571 2061 2644 dej

430 2636 825 2719 terminatione
848 2659 1071 2732 quidam
1106 2636 1398 2730 possidens
1442 2662 1822 2716 molendinum
1844 2636 2062 2732 repulit

428 2766 680 2813 sanctum
739 2756 941 2821 virum,
1001 2770 1068 2808 ne
1115 2754 1256 2808 intra
1314 2753 1464 2824 ipsos
1504 2753 1657 2807 illum
1700 2753 2058 2809 concluderet

431 2846 590 2901 lines.
615 2846 786 2910 Quem
836 2843 922 2898 vir
978 2844 1194 2900 Domini
1247 2843 1444 2898 leniter
1491 2841 2054 2907 atfatusaitzAmice,

432 2956 542 2994 non
572 2940 642 2994 sit
668 2938 771 2994 tibi
802 2939 1024 3005 durum,
1058 2945 1118 2992 ut
1148 2935 1450 2991 habeamus
1475 2936 1637 2990 simul
1661 2938 1809 2990 hunc
1841 2935 2056 2990 molen-

433 3034 647 3087 dinum.
678 3032 741 3085 At
771 3029 866 3084 ille
899 3040 958 3084 ut
987 3045 1113 3083 eum
1174 3028 1387 3097 rejecit,
1417 3027 1600 3082 statim
1636 3027 1690 3081 in
1721 3027 2056 3082 contrarium

434 3131 553 3178 rota
583 3118 886 3175 molendini
915 3118 1053 3173 verti
1090 3118 1278 3188 erepit.
1317 3118 1587 3188 Repulsor
1616 3125 1798 3172 autem
1819 3116 2056 3171 clamare

2145 1831 2547 1895 sacerdotibus,
2577 1841 2636 1885 ut
2665 1831 2794 1886 dum
2824 1846 2922 1900 pro
2946 1830 3032 1884 his
3061 1829 3242 1900 quiad
3269 1828 3526 1884 Ecclesiae
3557 1829 3775 1891 sinum,

2145 1925 2230 1979 vel
2257 1939 2540 1979 servorum
2564 1923 2659 1977 Dei
2692 1922 2950 1995 praesidia
2977 1921 3298 1995 confugium
3331 1920 3559 1988 faciunt,
3597 1921 3778 1975 inter-

2146 2017 2370 2082 cedunt,
2388 2024 2483 2070 aut
2513 2016 2659 2070 bona
2682 2015 2944 2086 quaalibet
2966 2023 3156 2088 agunt,
3188 2014 3307 2067 haec
3347 2029 3446 2084 pro
3475 2016 3775 2084 temporali

2150 2105 2665 2176 recompensatione
2697 2120 2807 2159 non
2824 2103 3100 2174 expleant,
3136 2118 3239 2157 nec
3261 2102 3576 2157 transitoria
3598 2103 3778 2156 velint

2149 2199 2397 2269 recipere
2449 2196 2589 2262 ;sed
2625 2195 2784 2264 juxta
2838 2196 3157 2250 mandatum
3206 2194 3446 2264 Domini,
3495 2196 3592 2268 qui
3643 2213 3778 2269 gra-

2151 2291 2222 2345 tis
2253 2295 2605 2361 acceperunt,
2663 2289 2922 2345 studeant
2957 2304 3181 2359 quoque
3219 2287 3390 2360 gratis
3447 2289 3777 2360 impendere

2153 2384 2368 2453 (Matth.
2401 2399 2455 2448 χ,
2487 2380 2559 2447 8).

2795 2467 3002 2524 CAPUT
3031 2469 3136 2524 XV.

2162 2570 2232 2622 De
2261 2564 2502 2620 uictoriis
2531 2560 2793 2617 Ludovici
2815 2577 2916 2632 per
2945 2563 3218 2616 auxilium
3247 2564 3424 2616 sancti
3451 2565 3707 2634 Remigii,
3735 2571 3785 2619 et

2726 2653 2831 2718 ﬁne
2853 2653 3026 2720 ipsius
3045 2652 3208 2718 regis.

2235 2749 2346 2802 Rex
2395 2745 2582 2815 itaque
2636 2743 2944 2798 Ludovicus
2996 2749 3186 2798 contra
3238 2742 3675 2800 Gondebaudum
3733 2757 3788 2802 et

2158 2837 2533 2913 Godegisilum
2560 2835 2777 2889 fratrem
2811 2836 2932 2902 ejus
2966 2835 3176 2892 ducens
3206 2839 3508 2894 exercitum
3535 2843 3623 2909 (an
3679 2846 3777 2899 501

2159 2934 2382 3000 Sigeb.?,
2411 2935 2672 2999 percepta
2687 2926 3081 2982 benedictione
3105 2945 3136 2982 a
3159 2928 3785 3004 beatoRemigiovicto-

2158 3025 2295 3079 riam
2313 3023 2421 3078 sibi
2464 3020 2820 3092 praedicente,
2852 3020 3067 3090 accepit
3107 3021 3162 3074 in
3195 3022 3554 3078 mandatisab
3583 3042 3648 3080 eo
3671 3028 3780 3081 sibi

2164 3116 2327 3179 datis,
2374 3120 2434 3168 ut
2483 3112 2672 3167 tandiu
2716 3121 2906 3166 contra
2929 3112 3115 3166 hostes
3169 3112 3482 3179 dimicaret,
3536 3119 3781 3187 quandiu

436 3165 553 3178 η...
583 3165 886 3175 ...ων-ν.---
927 3165 1053 3173 .-.--
1094 3165 1278 3188 -wr---
1318 3165 1575 3188 -ηΓ---ν-
1617 3165 2054 3172 -------ν-ν---η--
2168 3165 2327 3179 __---,
2650 3165 2655 3166 ν
2728 3165 2769 3166 η
2978 3165 2988 3166 κ
3040 3165 3073 3166 η
3541 3165 3780 3187 νημη

434 3211 742 3283 οωρίῐροει
779 3217 1027 3264 sanctum
1085 3207 1396 3280 Remigium
1432 3225 1444 3261 :
1478 3209 1644 3262 Serve
1677 3207 1793 3273 Dei,
1843 3207 2067 3269 veni,et
2090 3165 2140 3234 Ο
2167 3207 2522 3262 benedictum
2553 3204 2658 3259 sibi
2682 3203 2892 3269 vinum,
2924 3203 3068 3273 quod
3085 3203 3134 3258 ei
3166 3204 3249 3258 vir
3277 3205 3496 3261 Domini
3531 3208 3780 3275 dederat,

436 3300 740 3355 habeamus
760 3298 966 3370 pariter
996 3296 1395 3352 molendinum.
1433 3297 1631 3352 Cuivir
1651 3307 1876 3352 sanctus
1911 3315 1922 3350 :
1957 3299 2066 3352 Nec

435 3393 595 3457 mihi,
630 3408 732 3446 nec
754 3390 875 3446 tibi.
910 3390 1027 3446 Mox
1045 3396 1195 3446 tanta
1227 3389 1575 3461 profunditas
1604 3391 1658 3444 in
1688 3391 1884 3446 eodem
1919 3391 2066 3474 loco,

437 3486 636 3540 tellure
669 3501 729 3539 se
765 3483 1131 3552 subducente,
1181 3481 1322 3538 facta
1351 3490 1452 3551 est,
1489 3492 1548 3538 ut
1584 3499 1867 3556 nunquam
1899 3483 2063 3537 dein-

436 3590 568 3644 ceps
594 3572 732 3626 inibi
783 3571 1139 3627 molendinus
1179 3571 1370 3626 haberi
1416 3580 1622 3643 posset.
1654 3574 1696 3627 A
1727 3572 2061 3644 quibusdam

438 3681 660 3737 quoque
706 3665 982 3736 repulsus,
1032 3679 1101 3718 ne
1132 3663 1382 3718 silvulam
1430 3665 1722 3736 quamdam
1755 3680 1884 3720 suos
1919 3664 2061 3718 intra

440 3753 705 3808 terminos
734 3751 1254 3823 comprehenderet,
1296 3751 1454 3816 dixit,
1495 3762 1553 3807 ut
1598 3769 1698 3808 nec
1728 3752 1919 3808 folium
1951 3768 2058 3807 un-

440 3860 604 3917 quam
635 3845 704 3899 de
728 3846 847 3916 ipsa
876 3845 1012 3899 silva
1039 3844 1190 3910 (licet
1230 3851 1376 3898 esset
1405 3844 1709 3920 contigua),
1741 3854 1892 3899 trans
1923 3843 2061 3899 ﬁnes

421 3941 590 4010 .ipsos
643 3938 906 4006 evolaret,
960 3953 1140 4009 neque
1197 3935 1357 3991 fustis
1387 3953 1452 3991 ex
1493 3953 1557 3992 ea
1606 3954 1797 3994 versus
1834 3939 2057 3994 eosdem

441 4033 709 4087 terminos
737 4031 979 4086 caderet.
1011 4029 1163 4095 Quod
1196 4037 1250 4084 et
1271 4030 1620 4086 observatum
1653 4032 1935 4087 voluntate
1965 4031 2059 4087 Dei

442 4125 696 4191 traditur,
719 4124 898 4180 donec
951 4124 1071 4196 ipsa
1131 4123 1267 4179 silva
1315 4124 1644 4195 perdurasse
1697 4123 2058 4196 dignoscitur.

442 4214 658 4270 Abinde
687 4230 908 4287 quoque
960 4214 1285 4286 procedens,
1317 4214 1467 4270 venit
1505 4214 1574 4269 ad
1596 4214 1801 4279 villam,
1837 4212 2062 4268 nomine

444 4308 794 4363 Caviniacum
827 4308 1202 4379 (Chavignon),
1246 4325 1411 4381 quam
1471 4307 1676 4364 finibus
1722 4306 1838 4361 suis
1880 4306 2063 4360 nitens

443 4401 796 4466 concludere,
829 4401 1157 4471 prohibetur
1181 4400 1250 4456 ab
1279 4401 1601 4457 hominibus
1620 4399 1867 4470 ejusdem
1895 4397 2062 4452 villai.

2168 3300 2223 3353 in
2251 3315 2351 3352 usu
2381 3294 2704 3367 quotidiano
2752 3291 3053 3348 sufﬁceret.
3098 3293 3295 3348 Contra
3325 3311 3489 3366 quem
3523 3297 3778 3369 Burgun-

2166 3389 2362 3444 diones
2391 3403 2514 3442 cum
2567 3384 2844 3454 praedictis
2874 3383 3110 3439 ducibus
3167 3386 3486 3459 pugnaturi,
3516 3399 3783 3443 venerunt

2164 3493 2330 3547 super
2387 3476 2638 3529 Oscaram
2709 3471 2958 3536 fluvium,
2996 3489 3157 3528 secus
3204 3473 3490 3528 Divionem
3523 3485 3779 3531 castrum.

2165 3567 2265 3623 Ubi
2318 3566 2681 3637 conﬂigentes
2729 3563 2987 3617 atrociter
3037 3564 3459 3638 Burgundiones
3503 3566 3558 3619 in
3603 3568 3779 3642 fugam

2159 3667 2470 3726 vertuntur,
2502 3667 2555 3711 et
2581 3658 2634 3711 in
2656 3655 2926 3710 Avinione
2943 3666 3121 3712 castro
3139 3673 3196 3712 se
3223 3657 3634 3713 Gondebaudus
3653 3676 3784 3715 con-

2161 3749 2413 3814 cludens,
2441 3764 2471 3801 a
2505 3745 2780 3800 Ludovico
2838 3760 3026 3815 pacem
3082 3760 3180 3815 per
3233 3745 3493 3799 Aredium
3523 3748 3778 3802 consilia-

2161 3837 2303 3892 rium
2341 3851 2523 3901 suum,
2558 3833 2744 3888 multis
2773 3833 2916 3887 datis
2938 3833 3231 3900 thesauris,
3258 3832 3520 3888 obtinuit.
3551 3834 3779 3890 Ludovi-

2161 3945 2258 3985 cus
2288 3936 2470 3984 autem
2504 3942 2627 3980 cum
2676 3925 2916 3980 exercitu
2975 3926 3305 3981 Francorum
3355 3926 3543 3995 prada
3583 3928 3784 3996 potitus

2164 4020 2416 4085 maxima,
2448 4017 2740 4072 revertitur
2787 4017 2855 4071 ad
2897 4017 3140 4086 prOpria.
3175 4016 3263 4072 Sic
3294 4017 3461 4071 etiam
3487 4019 3782 4074 constituta

2163 4108 2386 4164 Parisiis
2439 4107 2496 4160 in
2553 4106 2762 4159 honore
2809 4105 3095 4159 beatorum
3129 4105 3509 4174 apostolorum
3562 4107 3698 4162 Petri
3731 4118 3782 4162 et

2163 4198 2313 4253 Pauli
2370 4195 2602 4250 basilica
2640 4193 2812 4262 (hodie
2850 4193 2907 4248 S.
2966 4192 3276 4258 Geno-vcfa),
3319 4200 3375 4245 et
3423 4193 3638 4264 synodo
3689 4213 3783 4266 per

2162 4291 2335 4346 sancti
2370 4288 2584 4361 patroni
2616 4287 2700 4342 sui
2748 4286 2980 4360 Remigii
3013 4285 3326 4353 consilium,
3362 4287 3416 4341 in
3447 4289 3588 4347 urbe
3616 4292 3782 4346 Aure-

2164 4387 2398 4443 lianensi
2447 4386 2676 4451 habita,
2729 4400 2966 4457 pergens
3017 4391 3208 4438 contra
3263 4399 3450 4458 regem
3513 4385 3779 4441 Alaricum

445 4491 597 4544 Tunc
621 4489 714 4544 ille
735 4488 853 4543 miti
884 4489 1038 4544 vultu
1071 4491 1235 4546 modo
1279 4491 1538 4559 rejectus,
1571 4490 1735 4544 modo
1764 4492 2053 4561 repr0pin-

2168 4480 2449 4545 Arianum,
2483 4487 2537 4533 et
2571 4476 2851 4546 accipiens
2887 4492 2918 4529 a
2940 4476 2995 4529 B.
3035 4476 3283 4548 Remigio
3316 4477 3779 4544 benedictionem,

447 4595 644 4650 quans,
693 4577 852 4651 signa
898 4595 1021 4650 quae
1076 4588 1270 4649 parent
1299 4579 1480 4633 adhuc
1538 4593 1637 4648 per
1663 4594 1821 4632 suum
1856 4580 2066 4636 dimisit

447 4673 569 4726 iter.
605 4671 844 4726 Tandem
877 4673 1149 4743 repulsus,
1182 4673 1387 4727 dixisse
1418 4671 1590 4724 fertur
1612 4671 1681 4724 ad
1719 4671 1843 4726 illos
1872 4690 1886 4726 :
1918 4675 2068 4729 Sem-

443 4776 542 4830 per
561 4760 823 4826 laborata,
866 4764 917 4814 et
972 4765 1255 4828 egestatem
1286 4761 1560 4813 sustinete.
1605 4757 1758 4822 Quod
1789 4759 2067 4832 hodieque

448 4849 735 4919 compleri,
779 4850 1053 4904 manentis
1094 4847 1384 4903 sententiae
1414 4847 1589 4901 virtus
1635 4849 1895 4904 ostendit.
1928 4851 2065 4905 Sur-

449 4955 585 5012 gens
611 4947 794 4994 autem
817 4956 910 4994 rex
936 4956 966 4993 a
987 4954 1181 4994 somno
1207 4937 1538 5004 meridiano,
1567 4955 1912 5012 quaecunque
1938 4941 2071 4996 bea-

452 5040 538 5085 tus
572 5031 855 5106 Remigius
886 5031 1098 5085 ambitu
1156 5046 1271 5085 suae
1319 5029 1722 5087 circumitionis
1753 5033 2068 5100 incluserat,

452 5121 633 5176 eidem
681 5127 958 5192 przecepto
1002 5120 1170 5192 regia
1223 5119 1377 5174 dedit
1418 5122 1780 5190 auctoritatis,
1834 5125 2070 5189 Quarum

454 5229 634 5268 rerum
684 5222 813 5269 sunt
856 5210 1102 5266 Juliacus
1131 5222 1185 5268 et
1243 5212 1565 5271 Codiciacus
1609 5217 1800 5286 (Juiily
1830 5225 1886 5273 et
1916 5220 2071 5287 Cocy)

451 5305 651 5376 capita,
704 5322 827 5376 quae
868 5303 1154 5361 Remensis
1210 5306 1392 5364 adhuc
1442 5309 1566 5378 jure
1596 5310 1786 5381 quieto
1826 5311 2073 5381 possidet

451 5395 713 5452 Ecclesia.

523 5486 786 5564 Eulogius
803 5487 1047 5562 denique
1076 5492 1160 5547 vir
1187 5495 1413 5566 quidam
1444 5505 1758 5568 praepotens
1786 5497 2070 5551 convictus

450 5575 596 5642 apud
619 5593 803 5652 regem
825 5577 1157 5636 Lodovicum
1187 5599 1355 5655 super
1385 5583 1550 5658 regite
1610 5584 1911 5653 majestatis
1949 5584 2064 5639 cri-

451 5663 617 5741 mine,
646 5668 714 5724 ad
740 5667 1197 5731 intercessionem
1220 5672 1368 5733 beati
1400 5671 1649 5747 confugit
1681 5673 1937 5745 Remigii.
1967 5673 2062 5729 Cui

2166 4575 2416 4630 redditur
2468 4574 2538 4629 de
2580 4572 2824 4627 victoriae
2872 4572 3230 4642 perceptione
3289 4587 3540 4627 securus.
3594 4569 3686 4626 Cui
3706 4571 3784 4625 vir

2167 4684 2388 4741 quoque
2431 4674 2670 4732 sanctus,
2719 4673 2777 4720 ut
2817 4674 2871 4720 et
2925 4665 3138 4736 pridem
3189 4666 3416 4732 fecerat,
3463 4680 3580 4729 vas,
3643 4661 3779 4734 quod

2165 4762 2330 4833 vulgo
2361 4760 2655 4815 ﬂasconem
2689 4765 2904 4823 vocant,
2935 4757 3047 4812 vini
3100 4775 3130 4812 a
3159 4773 3219 4812 se
3249 4757 3533 4813 benedicti
3569 4759 3782 4829 plenum

2169 4849 2323 4904 dedit
2352 4868 2365 4904 :
2398 4851 2504 4905 hoc
2528 4849 2675 4903 idem
2701 4848 2849 4919 quod
2889 4855 3050 4903 antea
3099 4849 3389 4914 mandans,
3419 4858 3479 4902 ut
3519 4863 3589 4902 eo
3621 4862 3784 4918 usque

2170 4940 2238 4994 ad
2265 4939 2473 4994 bellum
2532 4939 2877 5009 procederet,
2908 4938 3086 4994 donec
3123 4939 3230 4994 sibi
3287 4938 3540 5009 suisque,
3593 4937 3785 5010 quibus

2172 5034 2374 5089 exinde
2404 5034 2532 5088 dare
2563 5033 2749 5099 vellet,
2802 5034 2906 5089 hoc
2933 5033 3124 5088 vinum
3155 5035 3223 5089 de
3256 5035 3521 5105 praedicto
3555 5035 3784 5090 ﬂascone

2174 5140 2284 5180 non
2305 5123 2586 5180 deﬁceret.
2614 5123 2757 5178 Bibit
2789 5124 2957 5198 igitur
2987 5142 3078 5180 rex
3109 5143 3173 5181 ex
3218 5143 3305 5193 eo,
3339 5128 3641 5199 pluresque
3666 5143 3780 5184 suo-

2176 5235 2317 5286 rum,
2347 5235 2440 5273 vas
2464 5226 2648 5274 tamen
2676 5218 2786 5274 vini
2835 5235 2946 5275 non
2988 5221 3194 5291 patitur
3223 5221 3643 5277 detrimentum.
3675 5224 3783 5278 Bel-

2176 5305 2285 5362 lum
2316 5324 2446 5363 vero
2476 5325 2600 5365 cum
2632 5309 2823 5364 Gothis
2839 5308 3150 5373 conferens,
3185 5325 3281 5365 eos
3309 5310 3365 5363 in
3396 5309 3584 5385 fugam
3610 5313 3781 5378 vertit,

2173 5403 2227 5450 et
2258 5397 2398 5468 ipse,
2430 5397 2595 5454 beato
2617 5398 2868 5471 Remigio
2898 5414 2957 5452 se
2988 5396 3341 5472 suffragante,
3365 5398 3544 5454 victor
3564 5401 3779 5456 exstitit.

2174 5491 2231 5544 ln
2263 5507 2370 5562 qua
2401 5508 2586 5565 pugna
2611 5493 2740 5546 dum
2799 5492 2910 5546 duo
2960 5491 3120 5547 Gothi
3148 5491 3327 5547 contis
3379 5507 3508 5546 eum
3537 5491 3595 5545 in
3626 5493 3781 5546 latera

2172 5584 2396 5651 feriunt,
2448 5586 2614 5654 hujus
2641 5584 2859 5656 patroni
2890 5583 2976 5638 sui
3015 5601 3074 5639 se
3102 5583 3524 5659 protegentibus
3558 5585 3778 5648 meritis,

2168 5675 2322 5732 illum
2362 5674 2565 5732 laedere
2597 5672 2984 5744 nequiverunt.
3045 5672 3226 5730 Multis
3254 5680 3437 5728 autem
3470 5672 3778 5728 civitatibus
