3970 6212
178 323 243 379 57
870 306 1194 366 HISTORIA?
1233 304 1565 361 ECCLESI/E
1604 302 1929 359 REMENSIS
1971 300 2145 357 LIBRI
2187 299 2519 365 QUATUOR.
2551 330 2620 339 —
2653 300 2777 354 LIB.
2823 302 2861 353 l.
3463 303 3532 356 58

191 462 305 501 suae
352 441 557 497 ditioni
612 438 875 503 subactis,
927 451 1102 506 usque
1159 433 1410 487 Tolosam
1466 429 1727 500 perrexit,
1761 434 1815 483 et
1840 434 1888 499 Α

200 535 414 592 Alarici
446 535 731 588 thesauros
774 528 1071 599 accipiens.
1124 542 1221 597 per
1270 522 1638 595 Engolismam
1669 518 1811 574 civi-

199 640 364 686 tatem
400 628 575 696 {cujus
600 632 725 678 ante
776 628 1129 693 conSpectum
1179 616 1353 685 ipsius
1406 610 1546 665 muri
1579 624 1811 665 corrue-

200 722 367 787 runt),
418 714 720 771 interfectis
748 711 958 766 Gotthis
983 709 1078 780 qui
1110 714 1266 761 erant
1293 704 1439 756 intus
1494 700 1560 753 ad
1594 697 1815 770 propria
1844 768 1847 769 ν

196 827 318 864 cum
342 809 587 883 gloriosa
618 806 763 859 redit
789 803 1039 867 victoria,
1079 800 1208 855 vino
1250 794 1507 851 ﬂasconis
1532 790 1815 883 nonidefi—

194 882 402 965 ciente,
426 897 604 953 donec
632 910 881 949 reversus
903 902 983 946 est
1007 892 1061 944 in
1087 906 1185 943 sua
1207 892 1319 951 (an.
1364 886 1487 949 509,
1520 882 1771 975 Sigea).-

265 988 518 1057 Denique
546 1002 639 1039 rex
695 981 1021 1047 Ludovicus,
1053 981 1373 1033 exhortante
1404 980 1593 1027 sancto
1624 970 1812 1069 Remi.-

193 1077 306 1151 gio,
339 1091 597 1146 regnum,
634 1075 737 1127 hoc
761 1080 843 1127 est
864 1086 1123 1125 coronam
1149 1084 1272 1123 cum
1303 1064 1537 1139 gemmis
1560 1061 1816 1133 pretiosis

194 1182 443 1226 auream,
477 1165 684 1218 donum
708 1164 869 1217 beato
891 1163 1049 1216 Petro
1080 1160 1328 1231 apostolo
1356 1157 1505 1211 misit
1540 1174 1551 1209 :
1578 1165 1631 1209 et
1650 1154 1813 1209 codi-

193 1259 351 1313 cillos
384 1259 507 1327 ]ms.
544 1261 582 1321 i,
610 1257 926 1327 codicellos]
967 1258 1034 1310 ab
1054 1255 1336 1310 Anastasio
1366 1255 1695 1323 imperatore
1716 1267 1815 1322 pro

194 1348 487 1403 consulatu
520 1347 626 1401 sibi
656 1348 872 1410 missos,
905 1363 1029 1400 cum
1061 1361 1262 1401 corona
1290 1360 1475 1409 aurea,
1519 1343 1815 1414 tunicaque

192 1442 401 1494 blattea
432 1440 690 1511 sumpsit,
732 1448 786 1493 et
816 1440 884 1494 ab
941 1441 1069 1495 inde
1126 1440 1316 1495 consul
1357 1439 1665 1509 appellatus
1694 1454 1816 1493 esse

195 1537 554 1583 memoratur.
582 1530 867 1584 lIormisda
906 1548 1127 1602 quoque
1174 1534 1429 1587 Romanae
1460 1533 1608 1587 sedis
1634 1534 1817 1602 ponti-

196 1621 299 1685 fex,
332 1627 530 1674 sancto
580 1620 829 1693 Remigio
860 1622 1008 1677 vices
1038 1640 1165 1679 suas
1196 1625 1250 1678 in
1313 1641 1480 1696 regno
1533 1626 1814 1692 Ludovici,

194 1713 393 1767 litteris
424 1713 545 1766 suis
574 1715 643 1767 ad
704 1715 880 1784 ipsum
920 1717 1164 1785 directis,
1224 1722 1519 1775 commisit.
1556 1722 1679 1777 Post
1702 1723 1819 1778 haec

2519 423 2729 479 CAPUT
2767 425 2926 480 XVII.

1916 523 1989 574 De
2011 520 2350 585 mitigatione
2394 519 2561 585 ignis,
2593 522 2643 572 et
2672 519 2821 573 obitu
2845 518 3105 587 ejusdem,
3139 521 3221 573 vel
3252 520 3535 589 sepultura

2629 610 2822 676 ipsius.

1989 700 2323 753 Senescente
2348 699 2461 766 jam
2512 699 2567 752 S.
2623 699 2894 771 Remigio,
2956 698 3163 770 Deique
3189 700 3393 770 Spiritu
3426 700 3531 755 sibi

1920 795 2197 848 rcvelantc
2225 795 2371 865 quod
2400 794 2795 849 abundantiam
2830 803 2959 849 tunc
2982 802 3329 865 praesentem,
3363 795 3535 849 fames

1917 896 2171 941 secutura
2198 886 2358 953 foret,
2391 886 2460 940 de
2514 886 2764 958 frugibus
2803 887 3056 940 villarum
3084 887 3351 956 episcopii
3384 903 3531 941 non-

1920 976 2101 1032 nullos
2124 978 2289 1044 jussit
2318 994 2567 1033 asservos
2597 977 2714 1031 fieri
2748 978 2888 1031 fame
2933 978 3263 1032 laboraturte
3288 987 3530 1047 postmo-

1918 1070 2049 1124 dum
2080 1070 2396 1140 profuturos
2436 1071 2579 1140 plebi
2617 1090 2630 1135 ;
2663 1087 2893 1141 quorum
2930 1071 2983 1123 in
3011 1070 3159 1130 villa,
3204 1087 3325 1140 qute
3351 1070 3535 1124 Celtus

1919 1168 2163 1225 vocatur,
2205 1161 2330 1215 facti
2359 1169 2486 1215 sunt
2530 1163 2735 1231 plures.
2778 1162 2840 1215 At
2886 1161 3140 1213 homines
3189 1160 3361 1229 ipsius
3391 1159 3533 1213 villae

1918 1252 2168 1307 seditiosi
2198 1261 2252 1308 et
2274 1256 2513 1309 rebelles
2538 1264 2694 1309 erant
2728 1273 2741 1317 ;
2775 1254 2866 1325 qui
2901 1253 2991 1306 die
3020 1250 3530 1322 quadaminebriati

1919 1351 2208 1412 cmperunt
2249 1344 2393 1397 inter
2442 1361 2499 1398 se
2556 1345 2784 1398 dicere:
2821 1343 2958 1408 Quid
3007 1343 3098 1395 ille
3153 1338 3535 1405 Jubila‘us(ita

1919 1431 2097 1486 virum
2127 1441 2373 1487 sanctum
2433 1443 2660 1504 propter
2688 1432 2865 1487 aetatis
2898 1430 3267 1501 prolixitatem
3291 1427 3537 1481 vocitan-

1922 1526 2019 1586 tes)
2052 1520 2230 1575 facere
2286 1522 2450 1575 vellet
2502 1539 2565 1576 ex
2599 1522 2685 1575 his
2715 1538 2824 1592 qua
2879 1524 3270 1593 aggregaverat
3322 1515 3479 1569 metis
3510 1516 3537 1566 ?

1921 1610 1999 1661 An
2042 1609 2318 1664 civitatem
2352 1611 2419 1663 de
2470 1610 2604 1680 ipsis
2671 1610 2849 1663 facere
2888 1608 3155 1678 cogitaret
3190 1623 3202 1658 :
3238 1604 3368 1675 quia
3396 1603 3537 1657 sicut

1924 1705 2103 1751 turres
2130 1716 2228 1769 per
2282 1715 2469 1753 muros
2498 1698 2757 1765 civitatis,
2792 1698 2865 1751 ita
2914 1713 3010 1766 per
3047 1694 3336 1749 circuitum
3371 1690 3538 1746 cortis

196 1813 446 1859 mortuus
464 1781 773 1863 Ludovicﬁs
787 1826 878 1864 rex
902 1812 956 1865 in
982 1781 1814 1884 paccwn514Sigequamn.’
1843 1796 1893 1863 Β
1916 1789 2169 1884 dispositi
2211 1790 2581 1884 cernebantur
2612 1788 2812 1884 ace-rvi.
2847 1787 3097 1884 :I‘audem.
3121 1783 3386 1880 suadente
3415 1781 3537 1834 dia-

194 1900 467 1969 Harwus,)
503 1917 567 1955 ac
594 1904 842 1971 sepultus
873 1904 928 1958 in
945 1905 1172 1962 basilica
1187 1909 1359 1963 sancti
1384 1910 1524 1963 Petri
1555 1910 1811 1980 apostoli,

195 2008 354 2061 quam
378 1992 610 2046 Parisiis
629 1992 1031 2059 tedificaverat;
1065 1997 1373 2067 eodemque
1404 2007 1683 2054 momento
1704 2016 1813 2073 quo

195 2083 446 2151 spiritum
503 2081 710 2147 emisit,
759 2084 1035 2138 revelante
1088 2086 1294 2157 Spiritu
1354 2096 1563 2153 sancto,
1618 2088 1813 2144 beatus

192 2170 473 2243 Remigius
522 2172 702 2225 Remis
750 2173 981 2241 positus,
1038 2190 1163 2229 eum
1220 2176 1408 2249 obisse
1457 2179 1733 2249 cognovit,
1759 2187 1813 2233 et

195 2259 585 2314 assistentibus
615 2260 720 2313 sibi
755 2261 1142 2318 manifestavit.
1230 2248 1237 2259 ’

816 2408 1025 2465 CAPUT
1054 2413 1161 2466 XVI

470 2547 549 2598 De
564 2545 768 2612 synodo
792 2546 888 2600 ubi
915 2552 1173 2603 convertit
1202 2550 1524 2604 hcereticum.

258 2675 438 2730 Galliae
474 2678 759 2747 quondam
794 2682 1055 2749 praesules
1081 2684 1147 2737 ad
1178 2687 1447 2756 synodum
1478 2687 1607 2742 fidei
1639 2691 1816 2765 gratia

193 2769 605 2831 convenientes,
631 2770 851 2825 beatum
884 2773 1213 2848 Remigium,
1240 2785 1429 2848 utpote
1460 2779 1636 2833 virum
1671 2781 1818 2835 divi-

199 2855 274 2909 nis
303 2857 552 2928 eloquiis
581 2861 1037 2929 eruditissimum,
1060 2872 1115 2919 et
1135 2865 1401 2921 doctrinis
1422 2868 1812 2923 ecclesiasticis

197 2947 731 3012 exercitatissimum,
782 2951 847 3003 ad
883 2952 1028 3005 idem
1061 2955 1355 3009 concilium
1405 2957 1594 3011 venire
1630 2958 1810 3028 petie-

1918 1880 2047 1935 bolo
2101 1896 2158 1933 se
2208 1889 2399 1933 mutuo
2447 1878 2739 1942 cohortati,
2787 1877 3057 1930 miserunt
3088 1875 3141 1927 in
3174 1888 3269 1927 eos
3329 1871 3531 1944 ignem.

1915 1968 2069 2032 Quod
2098 1984 2221 2022 cum
2258 1970 2293 2021 Β
2337 1967 2554 2037 praesuli
2590 1966 2899 2020 nuntiatum
2925 1964 3116 2017 fuisset
3152 1962 3207 2014 in
3226 1959 3534 2031 propinqua

1915 2056 2062 2121 villa,
2094 2072 2258 2127 quam
2310 2056 2554 2110 Basilica:
2609 2057 2821 2109 Cortem
2885 2048 3260 2123 [Bazancourt]
3316 2052 3533 2102 vocant.

1916 2156 2045 2203 tunc
2076 2150 2212 2204 forte
2242 2150 2586 2212 consistenti,
2620 2164 2847 2203 ascenso
2894 2145 3146 2216 protinus
3187 2156 3352 2211 equo,
3386 2138 3537 2193 cele-

1916 2239 2050 2293 riter
2077 2242 2146 2295 ad
2178 2249 2383 2296 tantam
2414 2239 2868 2310 compescendam
2931 2233 3417 2308 praesumptionem
3440 2229 3539 2282 de-

1915 2334 2067 2388 venit
2111 2334 2341 2389 Celtum.
2403 2336 2517 2398 Quo
2579 2350 2702 2388 cum
2746 2332 3109 2402 pervenisset,
3167 2328 3540 2394 ardentesque

1916 2426 2101 2499 fruges
2157 2426 2473 2496 reperisset,
2536 2426 2603 2479 ad
2676 2425 2856 2495 ipsum
2906 2422 3209 2477 calefacere
3262 2434 3321 2472 sc
3375 2414 3542 2484 occpit

1917 2516 2100 2587 ignem
2135 2534 2149 2581 ;
2178 2532 2419 2585 semper,
2454 2513 3022 2587 inquiens,estbonus
3046 2506 3283 2573 focus,si
3318 2519 3426 2559 non
3447 2518 3541 2556 su-

1916 2624 2016 2676 per
2051 2614 2249 2677 potest.
2282 2607 2669 2661 Verumtameu
2711 2620 2905 2660 omnes
2930 2603 3023 2673 qui
3077 2602 3181 2655 hoc
3208 2601 3462 2689 egerunt,
3488 2602 3543 2689 et

1917 2696 2012 2767 qui
2045 2696 2112 2749 de
2143 2696 2383 2765 ipsorum
2411 2694 2658 2767 germine
2708 2694 2819 2747 nati
2854 2692 3079 2753 fuerint,
3106 2688 3206 2741 viri
3241 2683 3540 2756 ponderosi

1918 2784 2071 2851 fiant,
2101 2793 2157 2841 et
2176 2785 2396 2841 femina:
2443 2782 2682 2855 gutturis
2702 2781 3011 2837 calamitate
3034 2778 3364 2849 plectantur.
3388 2768 3543 2836 Quod

1917 2879 1991 2934 ita
2046 2894 2269 2951 quoque
2320 2883 2535 2931 constat
2589 2876 2899 2946 impletum.
2956 2872 3140 2941 Usque
3184 2868 3252 2922 ad
3296 2874 3545 2934 tempora

1915 2970 2194 3042 siquidem
2226 2968 2400 3024 Caroli
2429 2968 2631 3039 Magni,
2663 2968 2758 3040 qui
2785 2964 3169 3035 hujuscemodi
3199 2960 3453 3017 homines
3474 2957 3544 3011 de

198 3044 327 3090 mm'
357 3038 451 3092 Cm
489 3040 787 3093 convent“
821 3032 1053 3097 Ατίίιῧυδ
1074 3045 1295 3115 quum"
1330 3047 1625 3117 cpiscopus
1657 3064 1812 3102 acer‘
1841 3059 1890 3129 C
1918 3032 2088 3130 Celto,
2119 3065 2379 3135 quoniam
2433 3032 2843 3117 vicedominum
2892 3058 3139 3115 ecclesiae
3173 3051 3459 3111 Remensis
3488 3050 3543 3103 in

198 3129 354 3185 rimus
403 3132 741 3202 disputator,
800 3142 853 3187 et
907 3135 1157 3190 dialectis
1217 3138 1694 3207 pr0p0sitionibus
1751 3156 1814 3194 ac

200 3220 647 3276 conclusionibus
667 3222 928 3290 confisus,
966 3225 1205 3297 hincque
1230 3227 1393 3282 nimis
1423 3231 1618 3295 elatus,
1644 3230 1815 3285 inter-

203 3317 324 3363 erat.
375 3313 734 3387 lngrediente
766 3332 894 3370 vero
926 3318 1220 3373 concilium
1266 3322 1323 3374 S.
1386 3322 1655 3393 Remigio,
1699 3330 1753 3376 et
1783 3339 1814 3376 a

204 3399 557 3455 multitudine
590 3400 837 3470 fratrum,
876 3416 1189 3462 reverenter
1210 3410 1259 3463 ei
1282 3413 1495 3466 cunctis
1519 3426 1814 3483 assurgen-

206 3489 362 3554 tibus,
412 3501 690 3563 excepto,
745 3499 1019 3567 superbus
1052 3500 1345 3555 haereticus
1394 3503 1470 3556 illi
1531 3519 1817 3576 assurgere

186 3580 554 3663 “dedignatur.
586 3586 651 3639 At
681 3602 802 3641 mox
833 3596 892 3641 ut
923 3590 1119 3644 beatus
1166 3593 1446 3666 Remigius
1477 3603 1604 3651 ante
1637 3597 1817 3667 ipsum

209 3676 433 3742 transiit,
468 3675 569 3730 ille
590 3675 884 3732 locutionis
923 3680 1167 3735 officium
1183 3698 1276 3737 ore
1307 3684 1588 3741 obstructo
1613 3688 1815 3743 amisit.

212 3765 663 3835 Exspectantibus
692 3770 983 3838 universis,
1014 3783 1071 3827 ut
1116 3785 1238 3844 post
1264 3776 1653 3833 allocutionem
1684 3796 1817 3834 san-

208 3858 270 3911 cti
305 3859 541 3933 Remigii
574 3860 1113 3931 loquereturille,ne
1146 3868 1317 3923 ullum
1334 3871 1559 3940 quidem
1591 3874 1819 3929 verbum

210 3952 441 4016 proferre
504 3954 701 4023 potuit.
754 3954 954 4026 Sicque
993 3957 1138 4012 beati
1199 3962 1299 4014 viri
1352 3964 1583 4035 vestigia
1614 3982 1820 4036 pronus

212 4045 419 4101 tandem
447 4053 665 4117 petens,
700 4047 927 4103 nutibus
966 4052 1179 4105 veniam
1220 4057 1536 4123 postulavit.
1573 4058 1669 4112 Cui
1694 4077 1821 4115 san-

210 4140 321 4187 ctus
376 4135 704 4209 Remigius:
738 4140 799 4191 In
840 4143 1071 4205 nomine,
1132 4142 1333 4214 inquit,
1392 4148 1609 4200 Domini
1652 4155 1822 4205 nostri

212 4227 326 4280 Jesu
356 4230 580 4295 Christi,
615 4233 728 4283 veri
754 4232 885 4285 Filii
908 4236 1150 4299 Deivivi,
1180 4240 1230 4291 si
1254 4242 1330 4292 sic
1360 4240 1425 4293 de
1453 4257 1509 4294 eo
1540 4247 1677 4297 recte
1701 4260 1823 4299 sen-

217 4316 299 4382 tis,
326 4320 559 4389 loquere,
592 4325 640 4373 et
661 4322 724 4374 de
753 4323 867 4386 illo,
898 4327 1036 4379 sicut
1065 4329 1330 4383 catholica
1355 4333 1525 4385 credit
1562 4336 1822 4401 Ecclesia,

220 4412 361 4462 crede
377 4416 425 4465 et
450 4416 711 4480 conﬁtere.
744 4402 820 4468 A'd
854 4417 1011 4485 cujus
1036 4436 1226 4475 vocem
1258 4424 1550 4480 haereticus
1568 4436 1695 4481 ante
1730 4444 1825 4480 su-

1914 3156 2112 3211 eadem
2165 3158 2293 3211 villa
2325 3164 2610 3224 necarunt,
2656 3154 3064 3219 exterminavit,
3106 3153 3274 3208 caedis
3300 3146 3545 3206 auctori-

1915 3245 2019 3300 bus
2041 3247 2365 3311 interfectis,
2400 3256 2455 3299 et
2502 3243 2981 3300 consentientibus
3004 3258 3103 3313 per
3139 3241 3384 3294 diversas
3414 3252 3545 3307 pro-

1912 3334 2124 3391 vincias
2167 3334 2453 3405 dispersis,
2507 3342 2675 3404 atque
2709 3339 2981 3403 perpetuo
3027 3327 3416 3385 condemnatis
3447 3342 3545 3379 ex-

1916 3429 2166 3483 siliozac
2197 3429 2267 3482 de
2318 3428 2533 3482 caeteris
2588 3428 2755 3495 hujus
2807 3424 3075 3497 episcOpii
3111 3421 3256 3475 villis
3287 3418 3539 3475 eamdem

1917 3521 2211 3575 restaurari
2280 3519 2425 3574 fecit.
2484 3521 2561 3573 Ita
2616 3519 2718 3572 viri
2773 3518 3106 3586 feminaeque
3165 3506 3547 3589 generationis

1918 3613 2083 3681 hujus
2112 3610 2325 3665 multati
2359 3619 2800 3682 permanserunt,
2845 3619 2902 3664 ut
2930 3607 3104 3663 sancti
3138 3606 3239 3663 viri
3272 3603 3548 3660 sententia

1920 3704 2309 3779 promulgavit.
2366 3704 2428 3758 Et
2471 3713 2599 3776 apte
2626 3704 2851 3776 quidem
2884 3702 2968 3756 vir
3012 3700 3107 3754 Dei
3139 3698 3425 3769 (quoniam
3447 3711 3550 3767 po—

1920 3815 2096 3860 steros
2134 3818 2324 3857 eorum
2384 3798 2621 3853 rebelles
2668 3812 2731 3850 ac
2774 3793 3067 3850 seditiosos
3116 3790 3233 3844 fore
3272 3784 3545 3859 praevidit)

1922 3894 2237 3964 hujusmodi
2286 3892 2529 3948 vindicta
2575 3905 2686 3945 non
2736 3887 2911 3943 solum
2965 3887 3415 3955 przesumptores,
3449 3878 3547 3931 sed

1920 3986 2085 4041 etiam
2103 3999 2278 4057 genus
2311 3982 2558 4052 ipsorum
2582 3977 2748 4050 plecti
2781 3974 3049 4031 decrevit.
3116 3986 3119 3993 '
3335 4060 3368 4067 η
3477 4056 3487 4067 .

1994 4078 2121 4132 Post
2154 4077 2272 4129 haec
2303 4069 2490 4145 igitur,
2518 4072 2735 4142 aliaque
2790 4068 3084 4123 multarum
3134 4060 3409 4135 magnalia
3438 4060 3551 4112 vir-

1925 4175 2121 4232 tutum,
2149 4182 2273 4237 qute
2307 4163 2568 4218 Dominus
2596 4159 2813 4231 cperari
2838 4173 2937 4228 per
2970 4156 3115 4208 hunc
3147 4150 3367 4204 fidelem
3389 4163 3550 4201 suum

1923 4256 2189 4314 famulum
2220 4254 2477 4325 dignatus
2498 4257 2598 4313 est,
2631 4243 3036 4321 gemitusillius
3058 4239 3360 4296 exaudiens
3385 4244 3551 4307 atque

1924 4347 2182 4419 suspiria,
2232 4346 2437 4416 quibus
2487 4342 2671 4396 dicere
2723 4344 3130 4394 consueverat:
3182 4330 3411 4399 Quando
3457 4344 3554 4382 ve-

1924 4445 2094 4505 niam,
2124 4445 2173 4493 et
2203 4438 2473 4507 apparebo
2488 4439 2611 4489 ante
2634 4435 2831 4500 faciem
2859 4433 3003 4486 Dei?
3035 4428 3202 4493 (Psal.
3222 4441 3328 4485 xu,
3353 4422 3427 4490 3,)
3450 4422 3555 4476 Sa-

224 4503 437 4570 PBPbUS,
457 4506 682 4560 humilis
724 4507 836 4575 iam
869 4507 1044 4565 ῖθθίυδ
1086 4522 1251 4585 atque
1282 4517 1606 4584 CthOliCUS.
1639 4519 1829 4573 ONIIO-
1853 4520 1909 4588 Ι)
1934 4503 2111 4585 tiabor
2148 4503 2751 4591 dummanifestabitur
2779 4522 2961 4589 gloria
2989 4518 3103 4587 ejus
3134 4516 3298 4584 (Psal.
3328 4529 3435 4577 xvr,
3467 4510 3550 4575 8),

225 4592 410 4647 doxam
441 4593 605 4649 fidem
633 4595 700 4649 de
750 4596 937 4652 divina
972 4608 1028 4654 et
1069 4602 1427 4673 inseparabili
1457 4607 1741 4677 Trinitate,
1770 4629 1834 4668 ac

222 4682 284 4735 de
307 4683 684 4741 incarnatione
709 4688 907 4744 Christi
931 4693 1200 4748 catholice
1221 4694 1525 4766 confessus,
1562 4701 1616 4755 in
1636 4702 1830 4758 eadem

221 4771 576 4828 confessionis
615 4792 727 4830 suae
760 4777 869 4831 fide
920 4794 979 4833 se
1032 4797 1454 4850 permansurum
1491 4793 1822 4862 repromisit.

219 4862 408 4934 Sicque
440 4867 622 4921 anima
655 4885 753 4937 per
785 4870 1165 4929 infidelitatem
1208 4879 1445 4947 perdito,
1475 4892 1529 4939 et
1557 4887 1828 4957 corporali

221 4968 343 5007 voce
388 4967 610 5026 propter
651 4962 969 5031 superbiam
1023 4967 1170 5034 juste
1210 4971 1597 5041 condemnato,
1630 4979 1831 5035 virtute

223 5046 399 5103 divina
432 5053 763 5108 venerabilis
789 5057 1057 5126 pontifex,
1084 5062 1348 5119 etanimte
1374 5067 1682 5124 reddiditet
1708 5087 1829 5125 cor-

227 5145 364 5211 poris
386 5150 676 5204 sanitatem
705 5169 718 5217 ;
749 5155 963 5209 cunctis
983 5156 1075 5226 qui
1098 5156 1348 5225 aderant,
1377 5161 1459 5214 vel
1490 5162 1607 5216 haec
1637 5164 1830 5236 cogni-

229 5236 324 5288 turi
359 5237 556 5306 forent,
589 5245 971 5300 sacerdotibus
1002 5254 1255 5316 patenter
1284 5254 1601 5322 ostendens,
1638 5256 1692 5310 in
1727 5259 1830 5314 hoc

226 5325 359 5377 male
391 5329 664 5384 sentiente
714 5331 783 5386 de
828 5332 1041 5390 Christo
1095 5337 1211 5408 (qui
1243 5342 1524 5409 proximus
1567 5353 1621 5399 et
1663 5344 1830 5401 frater

227 5411 378 5467 nobis
428 5432 527 5485 per
577 5419 971 5476 humanitatem
1024 5424 1143 5480 fieri
1174 5427 1433 5501 dignatus
1457 5436 1559 5500 est)
1592 5434 1829 5503 qualiter

225 5512 403 5560 contra
434 5519 722 5578 peccantes
770 5514 824 5567 in
874 5516 1077 5586 ipsum,
1117 5519 1202 5573 vel
1248 5520 1305 5575 in
1336 5522 1636 5581 Ecclesiam
1663 5535 1829 5600 atque

226 5594 470 5689 rebelles,
501 5609 553 5656 et
574 5618 702 5677 erga
741 5618 863 5676 post
902 5623 1360 5686 recognoscentes
1406 5633 1469 5673 ac
1499 5594 1832 5689 poeniten-tes

229 5682 458 5747 debeant
488 5710 668 5768 agere.

1936 4620 2015 4673 illi
2050 4620 2139 4689 pia
2170 4614 2549 4672 consolatione
2577 4610 2840 4667 Dominus
2870 4608 3057 4664 obitus
3099 4606 3185 4661 sui
3217 4605 3364 4658 diem
3392 4617 3553 4655 reve—

1934 4710 2065 4764 lavit
2096 4708 2404 4767 imminere,
2449 4706 2564 4769 Qua
2613 4701 2952 4757 revelatione
2984 4699 3174 4760 fretus,
3211 4709 3389 4747 rerum
3422 4708 3553 4746 sua-

1935 4819 2055 4856 rum
2111 4798 2361 4854 condidit
2418 4805 2826 4860 testamentum,
2887 4793 2955 4847 ad
3032 4790 3180 4843 illam
3237 4785 3553 4858 pertingere

1935 4893 2198 4948 festinans
2226 4890 2627 4954 haereditatem,
2662 4890 2728 4942 de
2774 4903 2883 4958 qua
2914 4882 3049 4937 dicit
3081 4882 3353 4952 Propheta
3384 4895 3397 4930 :
3424 4878 3555 4932 Cum

1933 4983 2140 5037 dederit
2171 4983 2379 5037 dilectis
2410 4983 2525 5034 suis
2579 4993 2843 5043 somnum,
2876 4976 2985 5028 haec
3015 4977 3091 5027 est
3122 4969 3407 5025 han-editas
3439 4969 3550 5020 Do-

1930 5073 2069 5125 mini
2101 5071 2261 5131 (Psal.
2298 5086 2473 5133 cxxvr,
2522 5069 2575 5134 3,
2631 5070 2704 5135 4).
2766 5067 2856 5122 Sic
2894 5080 3027 5135 ergo
3071 5071 3294 5117 sanctus
3339 5057 3429 5112 hic
3471 5057 3556 5110 vir

1932 5160 2048 5223 Dei,
2096 5166 2371 5213 terrenam
2424 5158 2820 5228 derelinquens
2875 5153 3257 5211 haereditatem
3307 5146 3555 5219 percepit

1930 5259 2211 5306 aeternam.
2274 5249 2506 5304 Condito
2569 5250 2845 5320 siquidem
2919 5249 3267 5305 testamento,
3328 5246 3383 5293 et
3438 5238 3556 5293 suis

1930 5343 2189 5400 omnibus
2220 5344 2321 5398 rite
2338 5343 2645 5414 dispositis,
2685 5344 2815 5414 quia
2861 5358 3025 5398 verus
3063 5337 3303 5411 agricola
3333 5347 3554 5389 omnem

1930 5434 2057 5490 vitis
2106 5450 2248 5489 verte
2292 5434 2574 5504 palmitem
2643 5434 2878 5489 fructum
2912 5432 3179 5486 ferentem
3221 5431 3439 5500 purgat,
3496 5426 3557 5476 ut

1930 5531 2167 5585 fructum
2199 5528 2323 5599 plus
2364 5527 2554 5583 afferat
2585 5531 2756 5597 (Joan.
2792 5543 2881 5582 xv.
2912 5526 2985 5591 2),
3033 5522 3319 5579 oculorum
3350 5531 3553 5586 corpo-

1933 5624 2129 5679 ralium
2155 5624 2364 5679 lumine
2398 5623 2645 5694 privatus
2674 5621 3120 5695 estaliquandiu,
3153 5633 3265 5690 quo
3286 5626 3548 5684 superna,

1935 5716 2135 5771 mentis
2160 5716 2354 5783 oculis,
2383 5717 2452 5771 ad
2484 5733 2607 5789 quae
2640 5722 2752 5772 toto
2777 5715 3073 5771 anhelabat
3100 5709 3401 5776 desiderio,
3420 5718 3550 5760 con-
