3970 6212
461 279 532 335 59

466 404 717 474 templari
747 403 954 458 valeret
973 402 1250 457 attentius.
1287 404 1409 472 Ipse
1440 417 1569 458 vero
1598 401 1928 456 studebatin
1959 415 2072 454 suae
2101 404 2152 471 Α

466 495 811 564 probationis
855 495 1158 550 tentatione
1188 510 1408 564 semper
1440 497 1646 567 gratias
1674 509 1859 567 agere,
1885 493 2070 547 laudi-

464 584 586 650 bus,
621 585 948 656 hymnisque
978 585 1084 639 Deo
1105 585 1304 640 diebus
1327 602 1390 640 ac
1415 587 1669 641 noctibus
1689 599 1902 646 vacare,
1927 581 2075 634 fideli

466 682 647 726 mente
681 679 1018 741 pertractans
1051 690 1063 725 :
1103 673 1367 737 Quoniam
1397 675 1489 745 qui
1523 676 1798 745 patienter
1851 670 2078 725 humili-

464 770 656 830 terque
687 761 904 829 flagella
929 761 1257 832 suscipiunt,
1291 774 1413 833 post
1442 766 1657 838 ﬂagella
1685 763 2077 819 sublimiterad

463 852 711 922 requiem
741 854 1138 923 suscipiuntur.
1181 855 1346 924 Cujus
1392 866 1611 914 aeternae
1658 857 1848 932 gloria:
1879 857 2080 929 pignus

461 942 516 994 in
549 957 615 996 eo
645 941 908 997 Dominus
964 944 1154 999 volens
1183 947 1499 1013 ostendere,
1553 947 1873 1017 priusquam
1912 946 2079 1000 dece-

461 1032 636 1100 deret,
664 1032 715 1087 ei
743 1034 920 1089 visum
970 1036 1228 1091 restituit.
1265 1037 1439 1103 Unde,
1471 1037 1612 1092 sicut
1652 1044 1707 1092 et
1733 1038 1802 1092 de
1827 1037 2081 1091 amissio-

465 1137 554 1188 ne,
584 1137 785 1176 nomen
833 1124 1048 1179 Domini
1102 1126 1408 1180 benedixit.
1467 1127 1532 1181 Et
1561 1142 1671 1182 non
1703 1135 1826 1196 post
1857 1126 2080 1199 longum

467 1215 726 1284 spatium,
749 1217 932 1270 sciens
963 1209 1153 1272 adesse
1199 1218 1285 1272 sui
1326 1219 1589 1273 transitus
1619 1219 1788 1282 diem,
1824 1234 1922 1288 per
1953 1216 2084 1271 mis-

467 1322 651 1359 sarum
690 1305 1146 1372 celebrationem,
1193 1316 1249 1362 et
1277 1323 1445 1362 sacra!
1477 1307 1882 1365 communionis
1914 1307 2083 1378 parti-

467 1395 826 1464 cipationem,
878 1396 1230 1458 valefaciens,
1287 1405 1341 1450 et
1382 1397 1521 1450 dans
1575 1411 1765 1466 pacem
1794 1395 1923 1450 filiis
1945 1396 2080 1461 suis,

469 1496 759 1555 postquam
781 1488 1133 1558 septuaginta
1190 1495 1426 1558 quatuor
1474 1502 1649 1542 annos
1679 1487 1734 1540 in
1763 1487 2084 1557 episcopatu

473 1577 887 1650 religiosissime
923 1579 1103 1632 fidelis
1133 1595 1324 1633 servus
1355 1588 1408 1632 et
1440 1580 1684 1650 prudens
1725 1579 1955 1632 Domino
1982 1581 2087 1633 mi-

472 1668 818 1731 nistraverat,
853 1671 1210 1743 nonagesimo
1247 1679 1401 1725 sexto
1431 1671 1608 1725 {etatis
1649 1687 1762 1723 suae
1789 1685 1933 1724 anno
1966 1671 2082 1723 ldi-

473 1758 576 1811 bus
601 1758 845 1812 Januarii
904 1758 1020 1829 (ms.
1047 1761 1086 1823 ἱ,
1124 1757 1308 1827 [dux],
1341 1773 1504 1812 cursu
1555 1759 1726 1811 sancti
1768 1757 2087 1812 certaminis

471 1857 870 1914 consummato,
904 1850 1010 1904 fide
1049 1856 1282 1916 servata,
1315 1866 1438 1904 cum
1493 1849 1784 1918 multiplici
1815 1849 2086 1903 bonorum

472 1955 703 2009 operum
728 1940 929 2007 fructu,
976 1951 1030 1995 et
1077 1943 1390 1996 animarum
1435 1941 1609 2006 lucro,
1642 1949 1700 1994 ut
1729 1939 1822 1993 diu
1857 1941 2083 1994 deside-

476 2032 632 2098 ravit,
665 2035 849 2088 anima
869 2035 1040 2090 caalos
1060 2043 1378 2104 penetrans,
1413 2043 1570 2089 terrm
1601 2050 1803 2105 corpus
1823 2035 2049 2104 reliquit
2072 2052 2086 2098 ;

472 2122 751 2191 accipiens
797 2126 994 2179 stolam
1041 2126 1364 2191 candidam,
1395 2126 1797 2180 beatitudinem
1874 2123 2088 2178 scilicet

473 2212 670 2267 anima:
703 2217 1115 2284 sempiternam,
1177 2225 1540 2288 percapturus
1597 2218 1651 2270 in
1685 2213 2092 2270 resurrectione

473 2299 725 2367 alteram,
771 2303 985 2358 beatam
1065 2306 1322 2361 videlicet
1373 2307 1440 2360 ad
1489 2307 1722 2380 gloriam
1781 2301 2090 2358 resuscitati

475 2391 724 2459 corporis
754 2393 1221 2450 immortalitatem
1249 2416 1262 2462 ;
1287 2413 1640 2468 possessurus
1670 2404 1881 2466 partem
1912 2392 2091 2447 socie-

477 2485 755 2550 tatemque
778 2499 900 2535 cum
935 2488 1243 2556 praecepuis
1291 2488 1490 2542 Christi
1534 2487 1802 2543 membris
1833 2485 1887 2538 in
1922 2497 2091 2554 regno

478 2569 710 2635 caelesti,
742 2571 885 2625 sicut
916 2581 1205 2629 attestatur
1250 2578 1554 2646 apostolica
1591 2577 1697 2631 sibi
1729 2575 1926 2630 collata
1967 2586 2093 2643 gra-

479 2661 573 2714 tia.
598 2660 742 2716 Gens
779 2663 1056 2733 siquidem
1112 2667 1372 2724 Francica
1425 2687 1524 2740 per
1572 2671 1751 2739 ipsum
1808 2667 1874 2721 ad
1927 2666 2092 2718 ﬁdem

479 2748 678 2802 Christi
709 2765 992 2819 conversa,
1018 2756 1262 2825 martyrii
1316 2758 1516 2826 palma,
1562 2757 1954 2831 longanimitas
1992 2768 2093 2824 pa-

484 2836 689 2891 tientiae
713 2839 769 2891 in
788 2838 1141 2912 longaevitate
1158 2843 1340 2913 ipsius
1365 2847 1490 2900 vitae
1508 2844 1874 2901 confessionis
1902 2841 2097 2916 gloria,

483 2928 806 2982 orthodoxae
839 2928 968 2983 tidei
1015 2932 1357 3001 praedicatio,
1403 2935 1854 3009 magnaliumque
1882 2940 1990 2986 tam
2044 2932 2099 2984 in

485 3018 596 3070 vita
615 3018 888 3087 corporis,
922 3035 1085 3090 quam
1134 3031 1259 3092 post
1305 3022 1519 3078 obitum
1561 3024 1822 3093 prazclara
1864 3023 2100 3079 manife-

484 3111 666 3166 statio.
710 3111 842 3166 Cum
896 3125 1026 3164 vero
1074 3111 1239 3164 funus
1265 3111 1442 3182 ipsius
1472 3113 1875 3168 sanctissimum
1919 3113 2103 3168 defer-

487 3203 716 3256 returad
744 3203 1082 3274 sepulturam
1137 3215 1450 3260 sanctorum
1497 3214 1794 3277 martyrum
1822 3209 2092 3265 Timothei

485 3304 539 3347 et
564 3292 896 3362 Apollinaris
926 3291 982 3346 in
1030 3294 1265 3348 ecclesia
1321 3304 1702 3366 praeparatam,
1736 3298 1812 3352 ita
1837 3298 2092 3355 feretrum

489 3386 544 3439 in
575 3385 758 3438 medio
790 3385 909 3440 vico
938 3393 1020 3443 est
1045 3396 1416 3459 aggravatum,
1435 3398 1494 3442 ut
1523 3390 1672 3443 nullo
1697 3391 1862 3445 modo
1889 3405 2094 3462 posset,

488 3478 805 3535 hominibus
880 3480 1288 3550 quantumlibet
1357 3482 1760 3549 adnitentibus,
1831 3486 2092 3540 amoveri.

487 3570 819 3642 Stupefactis
876 3571 1154 3637 omnibus,
1187 3573 1398 3644 Deique
1438 3573 1874 3629 misericordiam
1908 3587 2100 3646 postu-

489 3664 752 3730 lantibus,
785 3673 845 3718 ut
873 3664 1196 3736 dignaretur
1213 3667 1530 3730 ostendere,
1554 3683 1664 3737 quo
1695 3668 1752 3720 in
1771 3670 1889 3723 loco
1925 3671 2097 3723 sancti

490 3759 575 3814 sui
606 3759 769 3813 vellet
821 3759 1046 3812 recondi
1104 3775 1326 3831 corpus,
1381 3762 1674 3835 designant
1700 3763 1767 3816 ad
1817 3763 2100 3817 basilicam

494 3854 845 3925 praefatorum
875 3861 1178 3924 martyrum
1213 3873 1227 3919 ;
1263 3871 1364 3909 nec
1402 3855 1663 3910 feretrum
1713 3870 1934 3910 movere
1966 3870 2100 3925 pos-

490 3959 636 4006 sunt.
666 3950 985 4020 Proponunt
1014 3950 1081 4004 ad
1107 3950 1394 4004 ecclesiam
1417 3950 1590 4004 sancti
1616 3949 1836 4014 Nicasii,
1871 3965 1974 4004 nec
1998 3966 2095 4004 ca-

493 4045 684 4114 pulum
706 4043 849 4098 valet
874 4042 1070 4098 attolli.
1104 4043 1414 4096 Decernunt
1449 4041 1516 4095 ad
1568 4040 1745 4096 eadem
1784 4047 2098 4094 sanctorum

489 4135 626 4190 Sixti
657 4141 712 4190 et
736 4134 950 4202 Sinicii,
1001 4151 1105 4190 nec
1131 4135 1211 4190 sic
1257 4141 1434 4204 potest
1471 4132 1699 4190 moveri.
1732 4133 1974 4187 Tandem
2005 4148 2099 4188 co-

491 4231 619 4297 acti,
653 4232 915 4302 quoniam
973 4248 1139 4303 parva
1191 4236 1476 4302 supererat
1505 4227 1739 4284 ecclesia
1797 4228 1853 4282 in
1892 4229 2101 4284 honore

491 4320 637 4376 beati
679 4323 1058 4396 Christophori
1110 4325 1404 4397 martyris,
1463 4329 1519 4376 et
1574 4321 1779 4376 nullius
1832 4319 2100 4392 propalati

1572 273 1942 330 FLODOARDI
1981 269 2287 328 CANONICI
2328 266 2654 324 REHENSIS

2237 399 2292 448 ιιι
2323 395 2528 444 ecclesia
2552 392 2841 444 condendas
2864 389 3110 458 Timothei
3141 388 3381 458 martyris
3492 457 3495 458 ν
3545 449 3553 457 _

2238 459 2376 508 Tunc
2400 458 2492 508 hoc
2524 457 2629 505 loco
2653 468 2844 505 moram
2876 453 2989 502 fecit
3015 468 3026 510 ;
3059 466 3145 500 nec
3180 453 3379 498 moveri
3419 453 3599 511 potuit,

2243 521 2400 583 Donec
2422 518 2930 583 quolocandusesset
2953 513 3187 583 revelavit
3212 512 3460 583 Dominus
3488 526 3498 558 :

2245 582 2332 631 Ubi
2365 574 2497 630 nunc
2522 581 2717 644 favente
2744 578 2938 644 Christo
2959 574 3537 644 praepolle‘_virtutibus.

2244 646 2486 707 Praestans
2508 643 2588 692 hic
2610 643 2709 707 Deo
2729 639 2921 707 devotis
2943 638 3237 702 apta'beneﬁ
3247 638 3344 707 eia,
3489 699 3518 707 __

2240 706 2388 754 Cascis
2411 706 2595 761 visum,
2621 704 2812 754 claudis
2835 700 3072 764 gressum.
3095 708 3142 764 et
3157 700 3306 761 agris
3328 700 3623 747 remedium.

2243 768 2393 832 igitur
2427 767 2640 832 profusis
2666 766 2792 815 votis
2820 763 3079 832 exoremus
3109 763 3405 832 Dominum,

2285 823 2450 882 eniam
2472 838 2527 879 ut
2546 828 2835 893 delictorum
2865 826 2960 893 piis
2981 826 3088 888 ejus
3114 823 3353 893 precibus

2244 895 2516 942 Mereamur
2540 890 2766 954 adipisci,
2782 901 2839 955 ⁸ει
2863 885 3098 938 émlorum
3116 885 3329 955 gaudia.

2242 957 2415 1005 Sancte
2432 948 2643 1018 Remigi;
2678 952 2925 1018 confessor
2951 957 3157 1018 pretiose
3179 948 3408 1018 Domini,

2244 1010 2673 1080 Adeloldiquoque
2701 1014 2772 1063 tui
2787 1010 3016 1062 miserere
3036 1010 3232 1060 famuli.

2798 1163 3005 1221 CAPUT
3025 1163 3206 1217 XVII].

2543 1300 2932 1353 Testamentum
2983 1295 3050 1348 ab
3079 1295 3195 1362 ipso
3227 1292 3461 1346 editum.

2263 1451 2286 1478 «
2322 1429 2381 1481 ln
2403 1427 2627 1482 nomine
2673 1423 2871 1484 Patris,
2911 1431 2965 1476 et
3009 1419 3155 1484 Filii,
3213 1425 3273 1472 et
3337 1415 3576 1486 Spiritus
3619 1413 3779 1466 sancti.

2188 1518 2372 1573 Gloria
2402 1517 2512 1570 Deo
2580 1515 2770 1567 Amen.

2265 1631 2288 1658 «
2334 1609 2446 1680 Ego
2474 1605 2756 1678 Remigius
2778 1601 3076 1673 episcopus
3107 1595 3356 1652 civitatis
3388 1595 3691 1656 Remorum,
3713 1606 3783 1643 sa-

2115 1700 2419 1786 Bcerdotii
2447 1713 2692 1768 compos,
2751 1698 3141 1749 testamentum
3193 1703 3387 1743 meum
3441 1683 3655 1739 condidi
3678 1682 3779 1777 jure

2189 1789 2467 1860 przetorio,
2486 1795 2649 1857 atque
2683 1784 2738 1838 id
2768 1780 3151 1838 codicillorum
3182 1776 3308 1831 vice
3341 1773 3528 1829 valere
3558 1768 3779 1842 praecepi,

2187 1887 2232 1940 si
2255 1884 2463 1952 eijuris
2482 1881 2692 1952 aliquid
2713 1877 2996 1933 videbitur
3033 1872 3304 1928 defuisse.
3349 1867 3674 1937 Quandoque
3702 1880 3781 1936 ego

2190 1973 2473 2046 Remigius
2505 1971 2803 2042 episcopus
2835 1966 2902 2021 de
2963 1966 3066 2019 hac
3116 1963 3240 2017 luce
3273 1959 3568 2022 transiero,
3597 1963 3648 2009 tu
3677 1952 3784 2006 mihi

2190 2045 2373 2121 haeres
2393 2071 2530 2129 esto,
2567 2071 2754 2117 sancta
2797 2069 2854 2114 et
2879 2055 3224 2113 venerabilis
3279 2050 3526 2108 Ecclesia
3556 2045 3782 2101 catholica

2194 2157 2347 2211 urbis
2370 2156 2684 2219 Remorum,
2711 2158 2765 2206 et
2788 2159 2866 2215 tu,
2901 2147 2978 2201 fili
3006 2145 3188 2200 fratris
3213 2142 3348 2208 mei,
3378 2141 3527 2210 Lupe
3545 2135 3781 2206 episc0p0.

2195 2264 2360 2318 quem
2382 2245 2660 2318 pra:cipuo
2708 2256 2930 2310 semper
2975 2252 3162 2292 amore
3213 2232 3408 2288 dilexi.
3443 2238 3496 2285 et
3541 2237 3612 2285 tu.
3642 2237 3781 2292 nepos

2197 2356 2371 2406 meus,
2400 2337 2651 2411 Agricola
2698 2333 3006 2406 presbyter,
3069 2329 3165 2400 qui
3195 2326 3336 2380 mihi
3374 2319 3634 2391 obsequio
3657 2327 3736 2370 tuo
3757 2329 3780 2364 a

2195 2431 2431 2507 pueritia
2454 2428 2724 2499 placuisti,
2751 2427 2803 2480 in
2833 2422 2985 2479 omni
3028 2418 3346 2475 substantia
3372 2431 3513 2480 mea,
3548 2426 3658 2482 qum
3685 2420 3779 2507 mea

2195 2495 2341 2580 sorte
2391 2495 2617 2577 obvenit
2669 2526 2965 2588 antequam
3023 2511 3230 2568 moriar
3289 2528 3302 2564 :
3353 2514 3551 2580 praeter
3580 2503 3628 2557 id
3660 2495 3776 2588 quod

2198 2611 2496 2681 unicuique
2543 2609 2839 2670 donavere,
2883 2604 3161 2677 legavero,
3205 2598 3401 2653 darive
3448 2596 3668 2664 jussero,
3709 2583 3773 2638 vel

2197 2716 2646 2774 unumquemque
2687 2708 2927 2754 vestrum
2955 2695 3182 2749 voluero
3209 2691 3423 2745 habere
3461 2683 3774 2758 praecipuum.

2198 2800 2272 2854 Tu
2295 2771 2482 2850 sancta
2526 2771 2702 2846 hamos
2753 2805 2877 2844 mea
2935 2784 3226 2841 Remensis
3278 2779 3541 2836 Ecclesia.
3594 2771 3778 2829 colonoa

2201 2902 2341 2961 quos
2374 2885 2428 2937 in
2472 2881 2719 2937 Portensi
2777 2877 2956 2932 habeo
3013 2873 3314 2936 territorio,
3366 2868 3453 2923 vel
3501 2866 3565 2961 de
3596 2869 3780 2933 paterna

2203 2957 2561 3046 maternaque
2615 2969 2950 3032 substantia,
3010 2966 3094 3021 vel
3146 2981 3293 3036 quos
3343 2978 3466 3017 cum
3511 2957 3658 3012 fratre
3682 2963 3778 3046 meo

2129 3089 2179 3156 ρ
2203 3076 2404 3124 sanctae
2437 3061 2716 3118 memoriae
2747 3057 3024 3128 Principio
3055 3055 3329 3126 episc0po
3360 3044 3685 3108 commutavi,
3713 3036 3777 3092 vel

2831 3151 2840 3156 '
2869 3150 2879 3156 ⁵
2923 3148 2935 3156 “
2966 3147 2976 3156 ⁸
3056 3146 3088 3156 ’⁵⁸
3291 3144 3302 3156 ‘
3451 3137 3757 3156 “7-P--A..—nn‘

2204 3159 2438 3214 donatos
2463 3155 2662 3221 habeo,
2697 3147 3032 3223 possidebis,
3056 3144 3426 3218 Dagaredum,
3451 3137 3774 3223 Profuturum,

2198 3247 2578 3310 Prudentium,
2596 3219 2972 3303 Temnaicum,
3001 3233 3408 3298 Maurilionem,
3425 3219 3774 3310 Baudoleifum,

2197 3335 2603 3392 Provinciolum
2668 3350 2680 3385 :
2732 3328 3108 3389 Naviatenam,
3181 3323 3438 3385 Lautam,
3497 3308 3774 3370 Suffroniam

2200 3431 2423 3485 Colonas
2457 3444 2470 3491 ;
2507 3420 2824 3476 Amerinum
2843 3431 3066 3487 quoque
3098 3429 3341 3476 servum,
3394 3424 3514 3464 cum
3565 3397 3774 3491 omnibus

2200 3538 2339 3595 quos
2375 3521 2662 3573 intestatos
2711 3510 2990 3580 reliquero
3028 3548 3040 3573 ,
3092 3493 3190 3560 tuo
3219 3503 3468 3560 dominio
3497 3488 3771 3595 vindicarhis

2200 3579 2425 3665 l‘iecnon
2466 3606 2643 3668 villas,
2679 3579 2972 3672 agrosque,
2997 3611 3136 3667 quos
3177 3592 3436 3664 possideo
3477 3589 3528 3642 in
3556 3583 3659 3638 solo
3680 3579 3777 3672 Por'

2203 3700 2370 3766 tensi,
2391 3669 2750 3752 Tudiniacum
2771 3688 3007 3753 scilicet,
3029 3693 3083 3740 et
3116 3683 3478 3739 Balationium
3512 3669 3772 3751 [ms.,Bala-

2207 3792 2440 3863 tonum],
2465 3789 2581 3844 sive
2612 3786 2982 3846 Plerinacum,
3051 3788 3105 3834 et
3141 3779 3506 3838 Vaculiacum,
3547 3771 3621 3826 vel
3655 3778 3770 3863 qua?"

2207 3856 2425 3954 cunque
2477 3881 2534 3934 in
2562 3877 2757 3933 eodem
2782 3874 2899 3930 solo
2924 3870 3175 3925 Portensi
3210 3867 3457 3941 qualibet
3502 3856 3769 3919 auctoritate

2201 3974 2441 4046 possedi,
2474 3973 2687 4045 integre
2735 3985 2857 4024 cum
2887 3964 3146 4020 omnibus
3197 3961 3426 4033 campis,
3469 3955 3638 4029 pratis,
3683 3959 3761 4015 ρει-

2200 4043 2370 4131 scuis,
2403 4061 2578 4124 silvis,
2599 4043 2667 4112 ad
2696 4065 2749 4112 te
2779 4050 3090 4111 testamenti
3125 4050 3288 4118 hujus
3317 4043 3622 4103 auctoritate
3645 4043 3764 4088 revo-

2202 4160 2374 4216 cabis.
2417 4152 2592 4210 Simili
2662 4151 2847 4215 modo,
2881 4147 3228 4202 sanctissima
3280 4145 3451 4198 haeres
3503 4140 3764 4197 meaiqual‘

2202 4265 2420 4324 cunque
2447 4248 2548 4303 tibi
2565 4241 2938 4317 apr0pinquis
2957 4248 3013 4295 et
3028 4240 3218 4295 amicis
3230 4235 3389 4298 meis,
3415 4232 3468 4284 in
3487 4227 3762 4314 quocunque

2203 4322 2415 4406 solo-et
2455 4339 2729 4397 territorio
2781 4335 2978 4391 collata
3025 4341 3173 4400 sunt,
3213 4328 3375 4386 sicuti
3408 4322 3759 4406 disposuerem

488 4429 690 4484 corpus
724 4416 1046 4471 servabatur
1103 4416 1159 4469 in
1207 4432 1272 4469 ea
1327 4413 1524 4481 sancti,
1583 4401 2512 4521 circumjacentibusDiggochiis,
2543 4431 2834 4495 coenobiis,
2892 4427 3185 4498 manyriis,
3249 4415 3528 4478 diaconiis,
3566 4401 3761 4462 xenodo‘

493 4516 502 4521 _
994 4509 1004 4521 .
1078 4509 1088 4518 .
1360 4515 1370 4521 ,
1446 4509 1457 4518 .
1590 4507 1610 4521 .
1709 4507 1719 4521 .
1784 4517 1792 4521 _
3205 4518 3216 4521 _
3533 4498 3759 4521 ,_,-,,.._

492 4516 675 4561 tamen
712 4508 866 4562 atriis
893 4509 1141 4564 ecclesia:
1179 4509 1558 4564 cmmetcrium
1587 4507 1869 4562 ferebatur
1914 4525 1978 4562 ex
1998 4525 2103 4563 an-

495 4613 650 4672 tiquo
699 4601 993 4665 Remense,
1045 4603 1324 4673 petierunt
1365 4609 1424 4657 ut
1470 4601 1735 4657 Dominus
1781 4601 2104 4666 declararet,

495 4701 809 4750 utrumnam
840 4695 895 4747 in
926 4694 1120 4749 eadem
1137 4693 1429 4749 ecclesiola
1451 4692 1650 4762 pignus
1681 4690 1815 4744 illud
1846 4690 2105 4745 sacratis-

497 4785 700 4839 simum
721 4785 915 4854 reponi
943 4785 1287 4840 decerneret.
1321 4783 1398 4836 Ad
1436 4798 1559 4853 quae
1591 4787 1714 4835 vota
1746 4787 1896 4835 tanta
1933 4779 2112 4836 facili-

497 4878 609 4926 tate
635 4872 872 4928 loculum
905 4873 1108 4939 levant,
1132 4879 1192 4926 ut
1243 4870 1454 4925 nullum
1501 4875 1783 4939 portantes
1812 4883 1952 4923 onus
1981 4883 2110 4923 sen-

499 4964 687 5019 tirent.
740 4964 1181 5020 Reconditasunt
1209 4969 1392 5016 autem
1447 4959 1891 5014 reverendissimi
1937 4959 2112 5014 Patris

503 5057 665 5128 hujus
692 5055 942 5112 membra
978 5055 1033 5109 in
1088 5055 1192 5109 hac
1232 5049 1543 5113 ecclesiola,
1577 5048 1765 5105 divina
1791 5048 2112 5104 moderante

501 5148 888 5220 dispositione,
919 5145 975 5200 in
1004 5144 1126 5199 loco
1169 5141 1265 5196 ubi
1299 5156 1445 5195 nunc
1483 5139 1718 5194 habetur
1736 5139 1906 5192 altare
1936 5136 2112 5192 beata

501 5238 734 5314 virginis
762 5234 1072 5292 Genovefaa.
1108 5232 1210 5288 Ubi
1242 5246 1374 5287 vero
1401 5230 1666 5287 feretrum
1695 5234 1909 5284 constat
1937 5225 2112 5296 ipsius

503 5342 876 5407 aggravatum,
907 5328 1082 5384 multa
1106 5327 1357 5382 feruntur
1395 5332 1613 5379 ostensa
1666 5317 1930 5372 miracula
1956 5324 2115 5387 post-

506 5423 748 5478 modum.
785 5421 882 5476 Hic
928 5421 1094 5476 etiam
1140 5434 1273 5474 crux
1306 5423 1478 5471 exstat
1535 5411 1739 5467 abinde
1786 5407 1982 5479 posita,
2016 5422 2117 5463 co-

506 5517 706 5572 lumnae
725 5516 1101 5570 monumentis
1119 5513 1208 5568 his
1228 5509 1503 5582 insignitae
1531 5501 1776 5576 praeﬁxa.

566 5605 692 5656 Cum
720 5603 973 5653 transisset
1001 5617 1062 5654 ex
1083 5603 1177 5653 hoc
1204 5597 1394 5649 mundo
1424 5596 1485 5646 ad
1515 5594 1760 5645 ccelestem
1792 5590 2021 5655 patriam.

568 5667 756 5730 Praesul
782 5679 989 5730 magnus
1006 5658 1468 5730 _beatus_Remigius
1496 5656 1593 5706 huc

569 5733 612 5780 A
638 5729 781 5795 plebe
797 5721 966 5778 salicta
991 5727 1137 5789 digne
1178 5721 1377 5772 delatus
1391 5727 1688 5783 est,corpore

2211 4498 2372 4602 ciliis,
2405 4498 2775 4596 omnibusque
2805 4521 3110 4576 matriculis
3138 4518 3239 4573 sub
3263 4525 3357 4570 tua
3382 4508 3578 4564 ditione
3599 4498 3759 4589 degenf

2213 4599 2383 4696 tibus,
2417 4622 2822 4682 ordinationem
2878 4631 3055 4669 meam
3107 4611 3275 4667 futuri
3316 4609 3637 4662 successores
3661 4599 3758 4696 me:

2212 4720 2424 4783 ordinis
2476 4717 2560 4772 sui
2624 4724 2896 4767 memores
2929 4750 2941 4774 ,
3009 4707 3152 4760 sicut
3204 4719 3306 4776 ego
3359 4688 3757 4783 prazdeccsserlljn

2213 4827 2485 4874 meorum,
2525 4807 2598 4861 ita
2641 4815 2863 4876 quoque
2896 4795 3240 4862 inconvulse,
3283 4799 3335 4846 et
3372 4787 3567 4854 absque

2213 4867 2517 4980 fragatione
2533 4867 2850 4953 servabuht.
2877 4891 2947 4945 Ex
2971 4888 3175 4992 quibus
3197 4886 3398 4992 Celtusi

2215 4954 2248 4961 "
2263 4954 2403 4980 ἐπ
2420 4954 2435 4957 '
2991 4954 3005 4960 '
3206 4993 3214 5005 ,
3449 4966 3458 4975 ·
3609 4966 3660 5006 ρει
3685 4954 3758 4998 tim

2213 4991 2398 5067 quem]
2456 5005 2554 5060 per
2606 4998 2829 5038 manum
2872 4995 3048 5033 meam
3081 4975 3255 5039 Celsa,
3317 4969 3530 5067 soli-nili!
3560 4973 3758 5067 Μ.

2215 5046 2472 5141 tradidit:
2490 5087 2545 5134 et
2603 5073 2948 5131 Huldriciaca
2985 5069 3136 5136 villa,
3187 5082 3346 5138 quam
3389 5048 3671 5138 Hulderictls

2216 5191 2352 5241 mes,
2380 5171 2429 5226 ei
2462 5171 2582 5224 loco
2605 5166 2698 5221 ubi
2729 5179 2855 5219 ossa
2877 5177 3000 5215 mea
3017 5156 3193 5213 sancti
3222 5156 3408 5210 fratres
3433 5151 3482 5199 et
3502 5132 3752 5241 coctilasncfll‘f:

2216 5215 2522 5317 dimceseos
2581 5264 2686 5311 tuae
2740 5249 2998 5323 ponenda
3065 5245 3360 5320 elegerint,
3394 5239 3444 5290 in
3490 5213 3756 5323 ῐοὲυῗῖθξῖῗ

2221 5298 2522 5317 υιυιαυυονυυ
2582 5298 2685 5311 ενι-νυ
2742 5298 2998 5323 ειν--ν---ηπ
3073 5298 3208 5320 vva.
3339 5298 3360 5306 ι,
3547 5298 3554 5299 η
3617 5305 3625 5314 .

2221 5349 2555 5405 deserviant.
2591 5345 2780 5413 Sitque
2811 5341 2963 5394 locus
3002 5337 3094 5390 ille
3122 5298 3754 5414 successoribusmt‘jiﬁi:

2223 5391 2374 5405 “W‘”
2398 5391 2555 5401 "“""
2591 5391 2774 5413 ""1"
3336 5419 3346 5427 -
3529 5404 3537 5412 -
3637 5391 3749 5442 ιίηιοσ

2223 5451 2434 5492 morum
2469 5431 2748 5504 episcopis
2781 5427 3134 5500 peculiariter
3167 5430 3434 5494 proprius.
3460 5410 3663 5513 91min
3712 5465 3749 5513 in

2218 5525 2327 5580 niis
2353 5483 2563 5576 ibidelm
2611 5483 2720 5573 Deo
2779 5513 3159 5578 militantium,
3209 5511 3359 5564 vicus
3390 5515 3449 5554 ex
3478 5490 3680 5602 QFOP:::'

2220 5610 2487 5674 Portensi,
2529 5617 2608 5663 et.
2652 5650 2664 5662 .
2713 5649 2725 5661 .
2767 5603 2987 5659 villanis
3041 5614 3260 5672 quoque
3308 5608 3368 5648 cx
3420 5570 3723 5674 ορίδξθνίῗηέ

2223 5654 2487 5757 Remensi
2504 5695 2838 5753 deserviant.
2882 5654 3298 5746 Blandibaecius
3323 5675 3438 5753 villa
3466 5670 3514 5724 in
3539 5654 3747 5717 PortcﬂS'v
