3970 6212
172 311 237 365 61
856 310 1179 366 HISTORUE
1220 310 1549 365 ECCLESIIE
1590 310 1915 365 REMENSIS
1956 309 2132 365 LIBRI
2170 308 2502 373 QUATUOR.
2542 342 2603 351 -
2636 305 2758 359 LIB.
2803 308 2842 359 ι.
3122 268 3125 271 ¹
3450 309 3520 363 62

170 458 337 513 quam
364 459 396 495 a
425 443 814 498 cohaeredibus
832 444 971 496 meis
995 443 1292 500 Benedicto
1318 451 1372 497 et
1404 443 1623 506 Hilario,
1649 444 1790 498 datis
1816 449 1863 513 Λ
1889 443 2073 498 clesiae
2106 444 2399 499 Remorum
2421 444 2656 516 jungere
2682 442 2851 504 volui,
2887 444 3085 504 donec,
3114 449 3173 497 ut
3203 442 3307 497 hoc
3331 444 3520 497 omni—

171 536 376 606 pretiis
406 536 515 591 emi
558 536 627 591 de
684 537 939 592 thesauro
978 536 1247 601 ecclesiae,
1278 545 1333 592 et
1373 538 1689 595 Albiniacus
1727 556 1793 594 ex

169 631 480 701 episc0pis,
541 631 596 684 in
663 631 941 685 alimoniis
992 632 1254 688 clericum
1288 633 1572 688 Remensis
1598 634 1791 688 Eccle-

166 719 271 773 siae
302 718 672 774 communiter
688 719 1041 789 deputentur.
1084 720 1294 785 Quibus
1344 721 1509 774 etiam
1538 722 1714 776 Berna
1733 738 1798 777 ex

168 808 491 879 episc0pio,
524 824 646 878 quae
660 807 956 878 peculiaris
984 809 1482 878 praedecessoribus
1513 810 1652 863 meis
1679 826 1799 865 esse

166 900 413 960 solebat,
459 915 582 953 cum
636 898 852 952 duabus
906 898 1070 953 villis.
1115 915 1251 969 quas
1306 899 1614 953 Ludovicus
1652 916 1682 953 a
1714 916 1800 954 me

166 1004 335 1043 sacro
388 987 735 1058 baptismatis
798 986 945 1042 fonte
1003 996 1309 1058 susceptus,
1343 1004 1530 1042 amore
1560 989 1801 1043 nominis

168 1078 309 1141 mei,
366 1074 757 1131 Piscofesheim
810 1090 908 1129 sua
938 1075 1127 1151 lingua
1170 1075 1377 1130 vocatis
1434 1078 1487 1145 (ί.
1546 1076 1805 1145 vocatas],

172 1168 315 1221 mihi
350 1164 597 1231 tradidit,
640 1164 754 1217 sive
807 1180 931 1217 cum
961 1162 1117 1218 Coslo
1151 1172 1204 1219 ct
1235 1163 1413 1227 Gleni,
1434 1164 1516 1217 vel
1542 1164 1801 1217 omnibus

166 1257 358 1323 silvis,
384 1254 576 1325 pratis,
607 1251 842 1323 pascuis,
892 1268 1237 1322 quaecunque
1291 1266 1389 1319 per
1419 1251 1667 1305 diversos
1696 1252 1803 1305 mi-

172 1345 393 1398 nistros
424 1342 480 1395 in
504 1342 712 1415 Vosago
735 1340 895 1407 infra,
929 1341 1158 1406 circum,
1181 1349 1236 1393 et
1262 1348 1413 1393 extra
1439 1357 1452 1403 ;
1483 1348 1630 1393 tuam
1662 1340 1803 1393 ultra

171 1449 349 1503 quam
390 1431 526 1485 citra
575 1432 822 1485 Rhenum
877 1432 1053 1501 pretio
1094 1431 1220 1485 dato
1260 1429 1593 1499 comparavi,
1628 1429 1806 1498 picem

172 1520 476 1575 annuatim
524 1519 817 1585 ministret,
870 1519 1192 1589 cunctisque
1251 1517 1384 1572 locis
1440 1516 1804 1591 regularibus,

172 1626 291 1668 tam
356 1630 389 1667 a
422 1630 530 1679 me,
570 1628 735 1683 quam
773 1612 842 1665 ab
864 1610 1308 1666 antecessoribus
1346 1610 1485 1663 meis
1516 1610 1803 1663 ordinatis.

170 1708 299 1760 sive
334 1708 394 1760 in
423 1705 605 1759 futuro
646 1704 714 1757 ab
746 1704 1023 1774 episc0pis
1041 1703 1455 1759 successoribus
1486 1703 1623 1757 meis
1648 1702 1804 1758 ordi-

1898 534 2003 588 bus
2043 536 2291 589 ecclesiis
2328 538 2677 609 adimpleret,
2735 535 2974 590 obtinui.
3038 535 3143 588 Sed
3186 550 3364 606 neque
3396 545 3521 605 post

1898 627 2018 695 ejus
2036 627 2389 697 baptismum,
2424 630 2531 684 nisi
2574 628 2920 684 Codiciacum
2953 626 3320 689 etJuliacum,
3354 644 3523 697 super

1898 715 2102 786 quibus
2130 716 2243 783 jam
2277 718 2458 772 dictus
2516 734 2653 787 puer
2696 714 3077 771 sanctissimus
3132 725 3185 769 et
3228 716 3524 769 unanimus

1898 807 2033 861 mihi
2068 805 2449 872 Clodovaldus,
2490 818 2544 863 et
2574 809 2767 863 incolae
2806 807 2910 861 loci
2944 806 3091 859 illius
3122 806 3523 877 multiplicibus

1904 895 2081 949 xeniis
2110 897 2339 969 gravati,
2368 897 2572 951 obnixe
2611 898 2991 965 deprecantes,
3024 896 3171 965 quod
3202 896 3318 969 regi
3350 896 3523 949 debe-

1907 987 2040 1041 bant
2070 988 2317 1041 ecclesiae
2357 1004 2493 1041 meae
2523 987 2870 1051 solvendum,
2901 1002 2988 1040 me
3016 996 3202 1056 petere
3235 989 3523 1056 compule-

1908 1084 2051 1134 runt.
2088 1079 2241 1141 Quod
2269 1079 2413 1133 idem
2428 1079 2708 1147 piissimus
2735 1094 2825 1132 rex
2847 1086 3190 1151 etgratanter
3220 1079 3519 1147 accipiens,

1910 1168 2319 1235 promptissima
2344 1170 2623 1223 voluntate
2653 1169 2882 1241 largitus
2921 1176 3022 1231 est,
3056 1169 3362 1238 usibusque
3395 1170 3520 1232 tuis,

1902 1256 2248 1310 sanctissima
2304 1258 2478 1312 haeres
2528 1273 2671 1323 mea,
2698 1258 2852 1323 juxta
2890 1256 3137 1325 ejusdem
3166 1257 3397 1327 piissimi
3430 1259 3527 1312 da-

1905 1343 2038 1397 toris
2068 1353 2403 1413 praeceptum
2423 1384 2436 1410 ,
2472 1344 2775 1414 episcopali
2809 1344 3130 1398 auctoritate
3156 1343 3385 1397 firmavi.
3423 1344 3527 1397 Res

1907 1434 2070 1487 etiam
2098 1451 2234 1505 quas
2260 1450 2407 1505 saepe
2430 1434 2607 1490 dictus
2656 1451 2771 1500 rex,
2822 1435 3211 1505 piissimusque
3244 1435 3523 1505 princeps,

1911 1526 2010 1580 tibi
2032 1526 2086 1579 in
2115 1526 2454 1595 Septimania
2483 1536 2538 1581 et
2558 1527 2849 1598 Aquitania
2873 1528 3173 1593 concessit,
3199 1534 3361 1581 eteas
3392 1544 3528 1597 quas

1911 1614 1967 1667 in
2002 1615 2287 1669 Provincia
2342 1616 2673 1670 Benedictus
2720 1616 2944 1686 quidam
2978 1616 3161 1683 (cujus
3192 1616 3359 1669 filiam
3390 1616 3525 1669 mihi

1910 1702 1979 1757 ab
2019 1704 2230 1758 Alarico
2258 1704 2506 1769 missam,
2537 1703 2710 1775 gratia
2749 1705 2921 1759 sancti
2963 1705 3200 1773 Spiritus
3221 1722 3319 1774 per
3351 1706 3529 1774 impo—

174 1796 411 1859 nandis,
447 1810 547 1865 pro
578 1794 909 1848 necessitate
941 1794 1185 1849 locorum
1225 1794 1291 1847 ad
1333 1794 1552 1847 vascula
1600 1792 1812 1847 vinaria
1838 1762 1888 1828 B
1911 1795 2168 1849 sitionem
2220 1812 2411 1849 manus
2441 1812 2576 1849 meae
2610 1796 2952 1865 peccatricis,
2986 1811 3092 1849 non
3143 1796 3319 1849 solum
3352 1812 3382 1849 a
3403 1794 3525 1849 dia-

172 1884 577 1953 componenda
599 1881 879 1937 annuatim
910 1881 1220 1935 distribuat.
1254 1880 1660 1935 Crusciniacum
1693 1880 1807 1951 [al.,

176 1975 581 2044 Cruciniatum]
602 1990 732 2027 vero
759 1982 811 2028 et
834 1974 1043 2039 Farain,
1085 1976 1200 2029 sive
1230 1974 1387 2028 villas
1413 1989 1549 2044 quas
1573 1972 1810 2027 sanctis-

175 2067 327 2119 sima
370 2062 525 2136 virgo
554 2060 748 2116 Christi
805 2062 1100 2128 Genovefa,
1136 2080 1165 2115 a
1216 2078 1343 2136 rege
1372 2060 1808 2115 Chritianissimo

178 2156 472 2211 Ludovico
500 2172 600 2226 pro
649 2155 980 2225 compendio
1012 2155 1226 2209 itineris
1278 2155 1385 2215 sui,
1419 2169 1543 2207 cum
1568 2153 1805 2206 Remen-

174 2271 301 2308 sem
335 2253 624 2307 ecclesiam
674 2252 978 2321 saepissime
1038 2252 1261 2306 visitare
1304 2252 1529 2317 soleret,
1575 2250 1805 2321 adipisci

178 2348 515 2419 promeruit,
566 2346 956 2417 alimoniisque
1014 2346 1223 2399 ibidem
1272 2346 1380 2401 Deo
1425 2346 1807 2401 famulantium

175 2437 495 2507 deputavit,
522 2436 663 2491 sicut
710 2437 779 2491 ab
811 2452 875 2490 ca
931 2436 1244 2491 ordinatum
1281 2446 1382 2499 est,
1418 2438 1490 2490 ita
1520 2434 1807 2501 confirmo,

178 2524 645 2579 utCrusciniacus
684 2523 851 2579 futuri
883 2524 1484 2593 episc0pisuccessoris
1505 2524 1611 2577 mei
1642 2523 1811 2577 obse-

176 2614 356 2685 quiis,
381 2613 774 2668 etsartatectis
826 2613 1150 2683 principalis
1190 2612 1438 2667 ecclesiae
1492 2613 1805 2681 deputetur.

176 2703 378 2756 Faram
420 2717 551 2755 vero
584 2701 763 2755 eidem
812 2701 1097 2770 episcOpo,
1140 2709 1193 2753 et
1223 2701 1530 2755 sartatectis
1560 2702 1809 2755 ecclesiae

172 2791 551 2859 ubijacuero,
583 2789 977 2859 perpetualiter
1026 2788 1232 2841 servire
1283 2787 1476 2854 jubeo.
1504 2792 1813 2859 Sparnacus

171 2878 686 2949 [ms.,Spernacus]
723 2878 869 2941 villa,
918 2893 1081 2947 quam
1142 2877 1286 2931 datis
1341 2878 1589 2949 quinque
1642 2880 1812 2934 millia

168 2972 337 3026 libris
374 2971 610 3044 argenti,
632 2970 699 3024 ab
728 2970 953 3042 Eulogio
974 2970 1309 3039 comparavi,
1334 2974 1811 3036 tua(sanctissima

172 3064 362 3117 haeres
396 3068 532 3130 mea)
570 3077 677 3115 non
701 3068 1086 3114 extraneorum
1114 3060 1391 3114 haeredum
1410 3078 1656 3117 meorum
1688 3080 1808 3119 esse

1910 1886 2105 1941 bolicae
2144 1886 2352 1941 fraudis
2376 1887 2616 1949 vinculo,
2676 1888 2773 1941 sed
2812 1887 2880 1940 ab
2915 1886 3106 1939 inferis
3140 1886 3427 1952 revocavit)
3459 1887 3525 1939 ad

1912 1993 2071 2031 usum
2103 1977 2327 2030 luminis
2360 1975 2462 2041 tui,
2492 1986 2545 2032 et
2573 1978 2676 2033 loci
2699 1979 2794 2032 ubi
2820 1992 3019 2047 corpus
3050 1993 3234 2030 meum
3270 1975 3525 2043 jacuerit,

1910 2065 2274 2119 continuatim
2316 2065 2595 2119 deservire
2628 2067 2911 2136 praecipio,
2937 2065 3205 2134 villasque
3235 2065 3290 2117 in
3318 2063 3533 2117 Austria

1908 2157 2023 2212 sive
2044 2156 2297 2228 Toringa.
2317 2154 2519 2207 Futuro
2548 2155 2811 2223 episc0po
2832 2156 3136 2210 successori
3166 2172 3289 2210 meo
3317 2156 3535 2224 amphi-

1910 2244 2095 2297 balum
2117 2244 2303 2297 album
2329 2246 2640 2314 paschalem
2663 2246 2938 2316 relinquo,
2959 2247 3199 2319 stragula
3216 2248 3534 2301 columbina

1910 2336 2039 2399 duo,
2061 2336 2181 2389 vela
2198 2336 2319 2403 tria,
2341 2352 2462 2406 quae
2475 2344 2604 2391 sunt
2625 2338 2692 2390 ad
2712 2338 2853 2392 ostia
2883 2337 3243 2392 diebusfestis
3284 2338 3531 2404 triclinii,

1910 2427 2062 2481 cellae
2087 2437 2140 2481 et
2166 2428 2384 2483 culina).
2414 2428 2516 2481 Vas
2542 2436 2864 2502 argenteum
2906 2429 3150 2502 triginta,
3186 2439 3239 2483 ct
3268 2429 3418 2482 aliud
3437 2429 3535 2482 de-

1911 2531 2031 2569 cem
2054 2525 2109 2570 et
2137 2526 2263 2571 octo
2306 2517 2594 2581 librarum,
2629 2517 2773 2570 inter
2822 2526 2894 2581 te,
2931 2518 3103 2570 haeres
3136 2532 3278 2581 mea,
3312 2522 3366 2568 et
3391 2515 3531 2568 dice—

1911 2607 2062 2661 cesin
2095 2616 2242 2661 tuam
2297 2608 2588 2662 Ecclesiam
2644 2609 3087 2670 Laudunensem,
3130 2608 3286 2661 tactis
3320 2611 3536 2679 patenis

1912 2707 2077 2769 atque
2117 2700 2383 2753 calicibus
2415 2700 2484 2752 ad
2512 2700 2883 2753 ministerium
2910 2708 3340 2764 sacrosanctum,
3376 2713 3535 2771 prout

1909 2786 2082 2845 volui.
2142 2788 2247 2841 Deo
2310 2795 2612 2850 annuente,
2645 2788 2923 2842 distribui.
2988 2789 3127 2842 lllud
3190 2806 3411 2860 quoque
3443 2808 3537 2844 vas

1908 2892 2137 2932 aureum
2172 2878 2364 2933 decem
2392 2879 2676 2944 librarum,
2707 2882 2855 2951 quod
2881 2880 3017 2934 mihi
3040 2898 3189 2951 saepe
3221 2884 3538 2937 nominatus

1909 2967 2189 3035 dominus,
2215 2970 2559 3041 illustrisque
2575 2973 2854 3026 memoriae
2880 2973 3190 3027 Ludovicus
3212 2991 3323 3037 rex,
3348 2992 3533 3046 quem,

1908 3067 1966 3113 ut
2014 3061 2266 3131 praedixi,
2298 3062 2366 3114 de
2398 3078 2553 3116 sacro
2594 3062 2940 3132 baptismatis
2971 3064 3122 3117 fonte
3162 3067 3402 3135 suscepi,
3435 3067 3537 3121 do-

172 3154 436 3208 cernitur
470 3154 530 3220 (ο.
566 3153 673 3221 14),
706 3167 771 3206 eo
803 3153 947 3222 quod
979 3169 1101 3206 cum
1158 3153 1405 3207 criminis
1460 3157 1807 3211 accusatione
1838 3126 1885 3189 Ο
1912 3166 2040 3205 nare
2069 3152 2329 3225 dignatus
2353 3158 2457 3217 est,
2486 3160 2543 3205 ut
2566 3152 2634 3205 de
2653 3168 2720 3206 eo
2752 3152 2991 3208 facerem
3019 3154 3299 3223 quodipse
3332 3156 3536 3209 voluis-

171 3244 354 3316 regiae
390 3245 690 3315 majestatis
719 3244 863 3298 idem
896 3252 1179 3300 teneretur
1216 3246 1509 3314 obnoxius,
1542 3256 1597 3302 et
1617 3265 1676 3302 se
1702 3266 1809 3302 m1-

176 3338 336 3392 nime
364 3352 600 3409 purgare
633 3344 838 3406 posset,
870 3353 981 3391 non
1006 3338 1182 3391 solum
1201 3355 1271 3393 ne
1295 3338 1660 3406 occideretur,
1686 3340 1811 3395 dato

166 3430 293 3497 jam
328 3426 479 3481 dicto
510 3426 687 3496 pretio
727 3427 795 3480 de
850 3429 1282 3493 thesauristuis,
1342 3430 1441 3483 sed
1475 3446 1545 3484 ne
1576 3432 1813 3499 pecunia

172 3517 309 3585 ejus
352 3515 749 3586 publicaretur,
791 3532 898 3569 una
952 3525 1130 3571 tecum
1180 3518 1393 3572 obtinui
1429 3537 1441 3572 :
1484 3528 1539 3573 et
1600 3520 1724 3573 ideo
1756 3528 1813 3574 ut

174 3604 419 3674 praefata
448 3604 755 3674 Sparnacus
781 3606 1287 3674 perpetualitertibi
1312 3608 1379 3661 ad
1409 3609 1809 3664 restituendum

175 3698 533 3759 thesaurum,
558 3695 962 3767 stipendiisque
994 3699 1069 3751 tui
1105 3699 1382 3768 pontificis
1419 3700 1713 3765 deserviat,
1747 3700 1815 3753 li-

172 3790 367 3843 berali
401 3790 683 3845 sanctione
738 3790 961 3846 ﬁrmavi.
1020 3794 1395 3849 Duodeciacus
1426 3812 1577 3861 vero,
1606 3796 1748 3850 sicut
1784 3813 1816 3849 a

172 3884 528 3941 Clodovaldo
560 3887 918 3941 nobilissimae
974 3888 1177 3943 indolis
1224 3905 1395 3959 puero
1434 3888 1814 3945 confirmatum

175 3984 291 4040 est,
328 3975 431 4027 tibi
470 3976 643 4032 haeres
701 3993 822 4031 mea
881 3978 1276 4047 perpetualiter
1306 3978 1621 4033 famuletur.
1652 3980 1818 4034 Villas

176 4083 327 4137 quas
353 4064 486 4117 mihi
520 4065 779 4119 dominus
829 4065 1163 4137 illustrisque
1193 4068 1470 4121 memoriae
1512 4068 1819 4124 Ludovicus

180 4176 284 4212 rex
305 4174 478 4228 quem
509 4158 577 4212 de
622 4175 778 4213 sacro
834 4158 1182 4229 baptismatis
1222 4160 1370 4216 fonte
1416 4162 1658 4232 suscepi,
1694 4179 1817 4217 cum

180 4248 381 4299 adhuc
412 4262 658 4319 paganus
680 4247 849 4300 Deum
894 4247 1193 4319 ignoraret,
1220 4249 1286 4302 ad
1342 4252 1627 4320 pr0prium
1650 4252 1822 4307 tradi-

180 4336 292 4397 dit,
318 4334 464 4388 locis
494 4334 916 4403 pauperioribus
938 4335 1195 4405 deputavi
1222 4353 1236 4400 ;
1259 4354 1327 4390 ne
1347 4336 1504 4395 forte.
1536 4356 1657 4393 cum
1678 4350 1824 4397 esset

1910 3258 2049 3305 sem,
2085 3243 2185 3296 tibi
2250 3242 2451 3296 haeredi
2513 3258 2649 3296 meae
2697 3244 2955 3298 Ecclesiae
3014 3260 3180 3313 supra
3220 3254 3538 3301 memoratae

1906 3333 2078 3400 jubeo
2107 3334 2430 3387 turriculum
2491 3341 2547 3385 et
2587 3333 2947 3405 imaginatum
2986 3334 3215 3387 calicem
3256 3334 3536 3401 fabricari,

1914 3425 2401 3497 etepigrammata,
2436 3438 2559 3493 quae
2619 3422 2861 3477 Lauduni
2899 3426 2951 3477 in
2985 3433 3251 3496 argenteo
3294 3427 3413 3495 ipse
3438 3427 3534 3480 di-

1913 3515 2075 3575 ctavi,
2109 3515 2163 3567 in
2192 3515 2294 3567 hoc
2312 3528 2533 3583 quoque
2553 3514 2829 3568 conscribi
2862 3515 3006 3569 volo.
3033 3515 3189 3579 Quod
3218 3516 3414 3570 faciam
3442 3534 3543 3587 per

1914 3621 2022 3667 me,
2056 3606 2097 3656 si
2135 3604 2378 3659 habuero
2424 3604 2659 3673 spatium
2692 3605 2818 3660 vitae
2852 3625 2865 3670 ;
2898 3606 2942 3659 si
2973 3613 3151 3659 autem
3180 3608 3399 3676 [Briss.,
3430 3610 3515 3662 sin

1914 3697 2059 3766 ante]
2102 3694 2617 3751 clauseroultimum
2644 3696 2889 3754 diem.tu
2920 3696 2996 3751 fili
3025 3697 3209 3751 fratris
3240 3699 3372 3763 mei,
3392 3700 3541 3771 Lupe

1917 3787 2199 3855 episcope,
2259 3784 2477 3855 species
2534 3793 2661 3839 ante
2698 3785 2891 3851 dictas,
2940 3787 3016 3840 tui
3051 3787 3264 3841 ordinis
3308 3804 3541 3857 memor,

1918 3874 2144 3929 efficias.
2190 3874 2660 3944 Compresbyteris
2693 3876 2831 3929 meis
2861 3884 2915 3930 et
2941 3876 3269 3931 diaconibus
3291 3878 3383 3948 qui
3412 3888 3543 3934 sunt

1919 3966 2122 4024 Remis,
2164 3965 2411 4035 quinque
2429 3972 2484 4018 et
2510 3964 2700 4035 viginti
2734 3965 2945 4020 solidos
2970 3967 3260 4036 aequaliter
3284 3965 3540 4020 dividen-

1920 4061 2021 4115 dos
2051 4061 2106 4114 in
2140 4076 2435 4115 commune
2462 4060 2701 4114 dimitto.
2726 4060 2859 4113 Vitis
2882 4060 3119 4130 plantam
3144 4077 3311 4128 super
3327 4060 3540 4114 vineam

1921 4168 2099 4206 meam
2131 4152 2196 4204 ad
2220 4152 2603 4205 suburbanum
2634 4150 2889 4219 positam,
2921 4149 3086 4203 simili
3113 4149 3276 4202 modo
3298 4164 3543 4201 commu~

1924 4242 2069 4295 niter
2101 4240 2466 4310 possidebunt
2495 4256 2620 4295 cum
2653 4239 2888 4293 Melanio
2917 4238 3177 4299 vinitore,
3210 4252 3373 4307 quem
3401 4235 3543 4290 doin

1924 4330 2045 4384 loco
2079 4328 2435 4383 ecclesiastici
2458 4328 2696 4382 hominis
2713 4327 3036 4387 Albovichi,
3052 4334 3111 4381 ut
3132 4325 3544 4379 Albovichusli-

180 4421 462 4487 inﬁdelis,
494 4422 757 4491 cupidum
816 4434 1153 4478 terrenarum
1197 4444 1379 4481 rerum
1420 4445 1507 4481 me
1564 4429 1818 4486 arbitrari
1850 4411 2136 4477 Dbertate
2170 4420 2490 4489 plenissima
2508 4418 2829 4489 perfruatur
2869 4417 3315 4472 Subdiaconibus
3336 4416 3544 4472 solidos

180 4521 405 4583 posset,
440 4522 495 4567 et
526 4530 633 4567 non
668 4514 851 4584 potius
902 4532 1012 4569 suae
1044 4520 1276 4573 salutem
1307 4520 1707 4593 animae,quam
1733 4540 1819 4578 ex-

180 4607 402 4661 teriora
429 4605 499 4659 ab
535 4606 657 4675 ipso
714 4606 858 4661 bona
888 4609 1189 4678 requirere.
1235 4612 1387 4676 Quod
1415 4622 1468 4665 et
1497 4614 1818 4681 admiratus,

179 4698 545 4753 intercedere
587 4714 672 4751 me
692 4714 789 4768 pro
839 4700 1269 4774 quibuscunque
1311 4705 1696 4761 necessitatem
1725 4725 1822 4778 pa-

181 4787 466 4841 tientibus
488 4794 542 4841 et
572 4786 773 4850 lidelis,
808 4797 861 4841 et
889 4798 1015 4843 ante
1068 4791 1254 4859 fidem,
1302 4792 1541 4867 benigne
1570 4794 1820 4850 liberali-

180 4886 390 4947 terque
449 4875 743 4930 concessit.
810 4877 869 4930 Et
923 4879 1051 4948 quia
1105 4897 1169 4934 ex
1227 4882 1487 4937 omnibus
1542 4885 1820 4957 epiSCOpis

180 4970 510 5027 Galliarum.
549 4984 648 5038 pro
678 4969 784 5022 tide
837 4978 891 5023 et
930 4974 1326 5028 convocatione
1360 4975 1687 5031 Francorum
1716 4994 1818 5048 po-

179 5058 464 5111 tissimum
497 5073 586 5111 me
653 5057 903 5112 laborare
965 5062 1242 5129 cognovit,
1300 5063 1454 5117 dedit
1512 5064 1647 5119 mihi
1677 5065 1820 5120 Deus

182 5154 395 5201 tantam
436 5146 672 5220 gratiam
709 5146 764 5198 in
798 5157 1097 5218 conspectu
1120 5150 1257 5219 ejus,
1291 5150 1576 5223 virtusque
1610 5153 1817 5220 divina,

181 5253 308 5307 quae
340 5253 445 5307 per
474 5234 744 5306 Spiritum
778 5243 1030 5290 sanctum
1076 5255 1162 5292 me
1203 5248 1551 5309 peccatorem
1584 5239 1820 5311 plurima

181 5326 343 5399 signa
363 5327 434 5380 ad
477 5324 719 5377 salutem
762 5324 1000 5391 praefatae
1030 5327 1213 5397 gentis
1244 5327 1574 5383 Francorum
1602 5329 1817 5400 operari

182 5418 332 5486 fecit,
366 5427 427 5473 ut
477 5432 592 5471 non
625 5416 806 5469 solum
847 5415 1026 5471 ablata
1075 5418 1333 5474 omnibus
1361 5421 1611 5475 ecclesiis
1660 5422 1814 5494 regni

176 5512 515 5568 Francorum
562 5506 904 5570 restitueret,
952 5509 1050 5562 sed
1095 5510 1260 5564 etiam
1302 5511 1368 5565 de
1402 5513 1647 5582 preprio,
1679 5529 1810 5587 gra-

174 5606 308 5662 tuita
353 5603 642 5665 bonitate,
700 5597 965 5666 plurimas
1031 5601 1231 5655 ditaret
1287 5603 1568 5659 ecclesias.
1625 5603 1813 5676 Neque

171 5701 323 5773 prius
352 5700 427 5753 de
464 5707 647 5766 regno
697 5689 836 5756 ejus,
886 5699 1149 5761 quantum
1177 5709 1371 5763 passus
1401 5703 1483 5749 est
1506 5695 1685 5765 pedis,
1720 5712 1814 5752 ec-

1922 4510 2235 4573 duodecim,
2268 4508 2588 4574 lectoribus,
2622 4508 2883 4571 ostiariis,
2922 4506 3307 4573 etjunioribus
3336 4524 3371 4558 s~
3402 4505 3545 4561 lidos

1921 4598 2233 4665 octojubeo
2261 4598 2399 4651 dari.
2435 4596 2779 4665 Pauperibus
2818 4596 3116 4650 duodecim
3152 4595 3206 4648 in
3260 4595 3544 4650 matricula

1922 4690 2138 4758 positis,
2189 4699 2316 4745 ante
2366 4690 2511 4744 fores
2543 4689 2793 4743 ecclesiae
2833 4688 3286 4758 exspectantibus
3317 4687 3539 4756 stipem,

1920 4782 2028 4834 duo
2060 4781 2220 4835 solidi
2251 4781 2395 4835 unde
2419 4798 2479 4835 se
2511 4779 2779 4845 reficiant,
2818 4779 3154 4834 inferentur:
3182 4779 3386 4849 quibus
3408 4778 3540 4833 Cor-

1922 4870 2119 4923 cellum
2147 4870 2332 4924 villam
2364 4870 2572 4924 dudum
2623 4869 2905 4924 deservire
2937 4868 3197 4938 praecepi.
3231 4867 3364 4922 Aliis
3396 4884 3539 4938 pau-
3600 4924 3603 4929 _

1923 4959 2149 5027 peribus
2182 4960 2381 5023 tribus,
2438 4959 2535 5013 ubi
2590 4959 2785 5013 fratres
2825 4958 3076 5029 quotidie
3134 4958 3303 5027 pedes
3361 4958 3543 5011 lavare

1922 5048 2147 5112 debent,
2208 5049 2410 5119 quibus
2475 5049 2639 5104 etiam
2677 5048 3042 5104 Balatoforum
3105 5047 3541 5118 [Relatoforum],

1921 5140 2067 5211 quod
2102 5139 2302 5193 dicitur
2324 5140 2742 5205 Xenodochion,
2767 5141 2833 5195 ad
2866 5141 2969 5195 hoc
2989 5140 3316 5211 mysterium
3348 5138 3539 5203 statui,

1919 5229 2129 5282 solidus
2158 5246 2299 5283 unus
2332 5229 2573 5284 dabitur.
2608 5231 2793 5285 Viduis
2845 5230 3209 5303 quadraginta
3240 5232 3295 5284 in
3324 5230 3541 5300 porticu

1917 5324 2166 5378 ecclesiae
2191 5321 2506 5377 alimoniam
2554 5323 3023 5393 praestolantibus,
3055 5323 3259 5393 quibus
3290 5323 3359 5376 de
3385 5322 3543 5377 deci-

1919 5413 2023 5466 mis
2052 5412 2301 5466 villarum
2345 5411 2747 5481 Calmisciacof,
2800 5413 3075 5477 Tessiaco,
3132 5411 3410 5467 Novavilla
3439 5412 3540 5467 sti-

1916 5501 2116 5572 pendia
2143 5500 2620 5566 ministrabantur,
2681 5502 2994 5571 superaddo
3051 5503 3120 5556 de
3151 5502 3281 5556 villa
3316 5502 3540 5557 Huldri-

1914 5590 2065 5644 ciaca
2102 5590 2359 5660 superius
2388 5598 2710 5657 memorata,
2747 5590 2829 5644 eis
2860 5590 2917 5643 in
2950 5601 3280 5663 perpetuum
3313 5592 3535 5661 stipen-

1916 5678 2005 5731 dia
2030 5677 2240 5741 inferri,
2270 5687 2324 5733 et
2358 5687 2467 5733 tres
2496 5679 2725 5746 solidos,
2758 5686 2813 5734 et
2842 5680 3100 5737 denarios
3148 5688 3387 5751 quatuor
3415 5680 3537 5734 dari
