3970 6212
509 319 579 372 63
1558 305 1984 364 FLODOARDUS
2024 301 2390 360 CANONICUS
2430 297 2775 356 REMENSIS.
3092 329 3099 338 ι
3759 290 3811 344 fit

505 445 675 515 jubeo
702 461 716 509 ;
748 442 996 498 ecclesia
1035 442 1086 495 S.
1119 439 1353 494 Victoris
1375 439 1443 492 ad
1470 444 1682 508 portam
1713 433 2119 501 Suessonicam,
2146 436 2201 502 Α
2223 441 2278 488 et
2306 428 2689 488 Paschasidem
2725 425 3020 497 conjugem
3077 435 3263 484 suam,
3305 414 3692 471 Vernivianum
3715 431 3812 469 cum

510 538 718 592 solidos
747 536 886 590 duos
913 553 927 599 ;
957 532 1205 588 ecclesia
1253 531 1307 585 8.
1335 530 1549 585 Martini
1577 529 1646 583 ad
1693 535 1905 599 portam
1938 525 2118 581 Colla-

511 626 710 689 titiam,
729 625 938 679 solidos
962 623 1140 686 duos;
1168 619 1417 675 ecclesia
1438 616 1613 672 sancti
1648 615 1836 670 Hilarii
1885 615 1954 668 ad
1992 629 2123 684 por-

513 723 619 768 tam
651 713 853 775 Martis,
910 710 1120 765 solidos
1148 709 1290 763 duos
1317 726 1331 774 ;
1357 705 1606 761 ecclesia
1636 710 1952 758 sanctorum
1998 701 2119 756 Cri-

509 805 655 876 spini
693 813 748 859 et
777 801 1108 873 CriSpiniani
1141 801 1210 855 ad
1250 806 1462 870 portam
1510 795 1874 862 Trevericam,
1914 793 2122 848 solidos

510 897 698 960 duos;
740 895 988 950 ecclesia
1042 895 1096 948 S.
1151 893 1291 947 Petri
1343 890 1484 945 infra
1521 887 1736 948 urbem.
1781 903 1902 958 qua
1949 885 2120 940 curtis

510 984 795 1040 Dominica
841 983 1066 1048 dicitur,
1125 981 1334 1036 solidos
1362 979 1502 1033 duos
1535 995 1549 1042 ;
1583 974 1834 1031 ecclesia
1873 990 2037 1046 quam
2065 974 2122 1028 in

511 1075 718 1129 honore
778 1074 1022 1128 omnium
1085 1072 1375 1140 Martyrum
1429 1083 1600 1137 supra
1636 1071 1880 1136 cryptam
1923 1065 2123 1118 Remo-

514 1183 632 1221 rum
671 1165 963 1228 adificavi,
1002 1180 1126 1218 cum
1179 1178 1277 1232 per
1327 1159 1590 1214 auxilium
1645 1157 1864 1212 virtutis
1917 1155 2012 1211 Dei
2054 1155 2122 1208 ab

2225 525 2355 580 ﬁliis
2386 523 2523 589 suis,
2581 526 2812 590 excepto
2874 512 3246 588 Widragasio,
3294 511 3388 566 cui
3458 507 3620 564 tribui
3673 507 3811 563 liber-

2223 624 2390 672 tatem
2425 656 2439 678 ,
2493 623 2587 668 tuo
2647 610 2759 679 juri
2827 605 3138 679 deputabis.
3224 603 3464 658 Servum
3532 613 3704 652 meum
3762 597 3814 650 de

2223 711 2526 768 Cesurnico
2588 715 2743 763 tuum
2795 720 2918 760 esse
2971 701 3263 775 pracipio.
3309 699 3580 770 Agrorum
3636 701 3810 764 partem

2222 805 2289 858 ad
2307 811 2381 868 te,
2415 815 2576 872 quam
2608 798 2775 852 frater
2824 789 2978 848 meus
3034 789 3360 860 Principius
3417 784 3700 856 episcopus
3743 789 3811 836 te-

2223 893 2364 958 nuit,
2394 906 2516 946 cum
2547 886 2718 951 silvis,
2751 884 2944 955 pratis,
3001 879 3224 952 pascuis
3257 875 3573 932 revocabis.
3621 872 3810 926 Servum

2224 997 2408 1035 meum
2468 993 2634 1049 quem
2698 973 3036 1028 Mellowicus
3099 968 3306 1032 tenuit,
3371 962 3680 1020 Viteredum
3731 959 3811 1013 tibi

2225 1071 2574 1140 derelinquo,
2631 1064 3046 1126 Teneursolum,
3098 1059 3461 1132 Capalinum,
3520 1061 3572 1109 et
3625 1067 3811 1108 uxorem

2225 1178 2380 1217 suam
2411 1157 2920 1214 Theodorosenam.
2977 1160 3069 1206 tuo
3117 1149 3233 1217 juri
3295 1145 3656 1213 dominioque
3691 1151 3812 1194 tran-

2227 1253 2431 1308 scribo.
2489 1244 2867 1302 Theodonima
2906 1255 3133 1314 quoque
3178 1254 3249 1293 ex
3304 1251 3434 1290 mea
3487 1230 3815 1304 praeceptione

513 1255 642 1328 igne
670 1253 938 1308 damonis
967 1267 1110 1322 pene
1134 1251 1248 1318 jam
1279 1258 1446 1304 totam
1495 1247 1690 1302 urbem
1721 1251 2123 1302 concrematam

514 1343 717 1414 eripui,
767 1342 974 1397 solidos
1011 1341 1152 1396 duos
1181 1359 1195 1405 ;
1229 1339 1499 1405 ecclesia,
1556 1354 1718 1409 quam
1773 1351 1873 1406 pro
1929 1335 2126 1389 eodem

513 1432 671 1505 signo
692 1431 909 1485 virtutis
958 1430 1076 1494 Dei,
1106 1431 1164 1484 in
1221 1430 1430 1484 honore
1461 1427 1634 1482 sancti
1669 1426 1906 1493 Martini,
1929 1432 1984 1480 et
2010 1441 2130 1480 om-

518 1519 667 1573 nium
726 1518 1106 1574 confessorum
1152 1517 1292 1573 infra
1349 1517 1545 1572 urbem
1602 1514 1892 1582 adificavi,
1923 1513 2134 1570 solidos
2232 1526 2622 1600 cognationem
2682 1537 2834 1576 suam
2883 1519 3155 1592 ingenuos
3218 1529 3348 1569 esse
3392 1509 3581 1580 jubeo.
3637 1506 3813 1559 Partem

518 1608 656 1662 duos
688 1607 985 1673 ;diaconia
1017 1607 1158 1661 infra
1181 1607 1397 1672 urbem,
1427 1622 1548 1678 qua
1579 1605 1782 1660 dicitur
1819 1603 1886 1658 ad
1903 1608 2136 1674 Aposto-
2237 1591 2414 1676 mgam
2447 1619 2517 1672 de
2545 1623 2701 1686 prato
2732 1611 2882 1684 quod
2935 1605 3186 1664 Lauduni
3239 1604 3403 1672 juxta
3441 1613 3538 1653 vos
3568 1594 3744 1657 habeo,
3762 1591 3813 1644 ad

518 1699 620 1764 los,
649 1699 856 1754 solidos
885 1700 1024 1754 duos
1065 1717 1078 1764 ;
1115 1699 1274 1754 titulo
1301 1698 1475 1752 sancti
1506 1697 1748 1752 Mauricii
1773 1696 1830 1750 in
1849 1696 1938 1750 via
1963 1695 2138 1780 Casa:
2173 1713 2224 1780 Β
2247 1710 2512 1766 imitate,“
2535 1681 2805 1760 {nomium
2851 1699 3052 1772 ροεὶιο,
3080 1711 3207 1767 quae
3246 1691 3410 1748 Jovia
3446 1695 3574 1742 sunt
3628 1681 3816 1755 pratella

521 1791 620 1858 ria,
662 1792 869 1846 solidos
899 1791 1037 1845 duos
1067 1809 1080 1856 ;
1113 1791 1364 1846 ecclesia
1393 1789 1694 1845 Javidiana
1715 1777 2138 1858 [ms.,Joviana]
2175 1772 2217 1780 ”
2249 1818 2371 1876 (μω
2401 1797 2577 1862 tenui,
2637 1796 2702 1849 ad
2758 1802 2810 1848 ie
2840 1788 3145 1846 revocabis.
3191 1783 3560 1840 Labriuacum
3605 1775 3715 1839 tibi,
3742 1772 3814 1827 ubi

525 1884 666 1938 tituli
698 1883 846 1938 beati
897 1883 1181 1956 Agricola,
1242 1882 1337 1936 ubi
1371 1882 1489 1952 ipse
1529 1882 1612 1936 vir
1639 1879 2140 1935 Christianissimus
2239 1863 2363 1948 οέεε
2389 1884 2674 1963 genitricis
2721 1897 2856 1937 mete
2896 1879 3080 1951 posui,
3138 1892 3272 1932 cum
3325 1869 3562 1944 praefixis
3607 1863 3814 1921 terminis

521 1972 770 2037 Jovinus,
802 1978 856 2026 et
885 1979 1107 2026 sanctus
1168 1981 1372 2042 martyr
1429 1970 1695 2032 Nicasius,
1731 1985 1855 2023 cum
1887 1966 2138 2039 plurimis
2238 1959 2521 2053 depuiavi.
2569 1977 2688 2032 Tibi
2729 1985 2935 2040 autem,
2978 1987 3152 2041 nepos
3216 1982 3378 2023 meus
3437 1959 3671 2035 Agricola
3718 1970 3818 2024 pre-

519 2064 798 2119 δοθίθῑδίίδ
823 2081 936 2119 θυῖε
987 2063 1184 2119 Christi
1239 2061 1575 2134 martyribus
1631 2061 2006 2132 τθίῖυίθεευυῐο
2040 2059 2135 2113 “bi
2237 2044 2448 2142 sbyter,
2473 2068 2568 2140 qui
2610 2067 2754 2120 intra
2788 2061 3120 2119 domesticos
3173 2055 3426 2128 parietes
3456 2065 3600 2107 meos
3626 2044 3811 2118 exegisti

521 2157 686 2210 etiam
746 2157 991 2228 quinque
1049 2155 1402 2212 confessores
1460 2152 1696 2225 proximi
1760 2161 2139 2207 antecessores

2242 2139 2530 2232 pueritiam
2562 2164 2733 2220 tuam,
2765 2153 2922 2209 trado
2983 2159 3146 2220 atque
3178 2143 3496 2202 transcribo
3554 2139 3814 2193 Merumva-

525 2248 714 2304 domni
743 2249 968 2314 Nicasii,
999 2265 1125 2303 cum
1153 2248 1502 2303 sanctissima
1550 2246 1766 2319 virgine
1818 2254 1873 2300 et
1902 2254 2137 2316 martyre
2237 2257 2376 2304 stem
2424 2263 2664 2311 servum,
2724 2251 2779 2298 et
2809 2257 3034 2298 uxorem
3084 2255 3250 2293 suam
3298 2235 3638 2293 Meratenam,
3667 2232 3715 2279 et
3739 2237 3812 2278 eo-

526 2340 787 2411 EutrOpia
837 2340 1042 2395 conditi
1074 2347 1221 2406 sunt,
1261 2339 1470 2394 solidos
1508 2346 1619 2393 tres
1652 2356 1666 2403 ;
1709 2338 1891 2393 eidem
1920 2352 2138 2409 quoque
2239 2355 2357 2393 rum
2389 2336 2586 2401 filium,
2619 2333 2842 2388 nomine
2897 2330 3288 2385 Mercovicum.
3344 2324 3472 2391 Ejus
3501 2319 3702 2374 fratrem
3725 2311 3809 2364 Me-

528 2431 776 2484 ecclesia
796 2430 1080 2501 pr0prium
1112 2430 1258 2500 quod
1291 2429 1670 2484 fueratJovini
1699 2428 1755 2482 in
1775 2428 1893 2483 solo
1911 2428 2140 2482 Suesso-
2239 2429 2493 2485 dovicum
2522 2426 2695 2496 jubeo
2726 2440 2847 2479 esse
2905 2423 3165 2477 liberum.
3212 2414 3524 2473 Amantium
3551 2417 3601 2463 et
3627 2418 3807 2460 uxorem

529 2518 675 2585 nico,
707 2534 830 2572 cum
863 2488 1098 2573 ecclesia
1127 2488 1272 2572 beati
1305 2517 1605 2582 Michaelis,
1667 2516 1831 2580 rebus
1861 2514 2142 2586 prioribus
2240 2535 2394 2574 suam
2433 2488 2650 2572 tibimet
2679 2513 3026 2582 derelinquo.
3063 2508 3273 2562 Eorum
3320 2505 3487 2559 ﬁliam
3517 2511 3630 2550 esse
3658 2488 3812 2564 praci-

531 2606 893 2676 superaddidi
918 2606 1193 2671 ;ecclesia
1215 2615 1530 2660 sanctorum
1543 2614 1840 2675 martyrum
1863 2584 2143 2658 Timothei
2245 2611 2336 2682 pio
2364 2610 2598 2664 liberam
2652 2604 3018 2659 Dasoundam.
3053 2600 3337 2656 Alaricum
3390 2610 3598 2652 servum
3628 2599 3717 2644 tua
3737 2584 3811 2637 de-

532 2704 586 2749 et
611 2694 958 2765 Apollinaris,
993 2694 1089 2748 ubi
1114 2694 1278 2749 etiam
1328 2694 1562 2748 Domino
1592 2693 1780 2759 dante,
1809 2693 1854 2746 si
1888 2691 2147 2748 fratribus
2247 2710 2381 2776 ρυιο
2414 2699 2676 2772 portioni,
2711 2699 2869 2767 cujus
2903 2713 3150 2761 uxorem,
3213 2712 3384 2768 quam
3412 2683 3630 2748 redemi,
3659 2689 3704 2734 et
3722 2691 3812 2729 ma-

531 2802 594 2841 ac
626 2785 754 2838 filiis
791 2786 928 2839 meis
953 2787 1231 2857 episcopis
1258 2786 1564 2840 diaceseos
1594 2791 1793 2839 nostra
1817 2785 1996 2840 visum
2027 2786 2148 2842 fue-
2250 2767 2474 2858 uumiei,
2507 2791 2835 2846 commendo
2890 2789 3185 2862 ingenuam
3224 2767 3638 2840 defendendam.
3663 2767 3814 2826 Bebri-

534 2878 622 2940 rit,
655 2893 780 2932 ossa
813 2893 934 2932 mea
965 2893 1172 2948 ponere
1199 2877 1474 2948 disposui,
1509 2875 1720 2931 solidos
1747 2883 1987 2948 quatuor
2018 2896 2032 2943 ;
2058 2896 2148 2935 ec-
2251 2856 2474 2938 modum
2509 2890 2800 2936 etuxorem
2843 2856 2997 2933 suam
3045 2876 3276 2931 Moriam
3305 2881 3398 2929 tuo
3420 2865 3648 2924 dominio
3671 2856 3813 2913 vindi-

533 2966 714 3020 clesia
737 2967 908 3021 sancti
937 2967 1186 3034 Joannis,
1245 2967 1338 3021 ubi
1369 2969 1538 3024 virtus
1569 2970 1791 3036 Christi,
1820 2987 1907 3025 me
1931 2979 2146 3036 orante,
2250 2971 2422 3026 cabis.
2449 2971 2644 3024 Eorum
2663 2967 2808 3021 filius
2823 2963 3205 3021 Monacharius
3224 2943 3812 3038 gratulabiturbenclicio

533 3056 714 3149 filiam
735 3058 1027 3149 benedicti
1075 3059 1380 3149 suscitavit,
1429 3061 1639 3117 solidos
1693 3030 1831 3118 duos
1860 3081 1874 3127 ;
1899 3030 2148 3118 ecclesia
2179 3082 2228 3149 ρ
2250 3059 2543 3114 libertatis.
2575 3056 2908 3112 Mellaricum
2939 3062 2994 3109 et
3025 3030 3258 3110 uxorem
3298 3065 3450 3104 suam
3480 3030 3810 3149 Placidiamuad

536 3146 719 3200 Sancti
748 3147 904 3214 Sixti,
937 3147 1031 3201 ubi
1063 3163 1186 3202 cum
1245 3147 1421 3203 tribus
1458 3151 1873 3206 successoribus
1900 3151 2018 3206 suis
2050 3167 2140 3205 re-
2179 3121 2228 3149 υ
2250 3159 2404 3202 tuum
2433 3146 2739 3202 dominium
2794 3142 3102 3198 revocabis.
3157 3138 3473 3197 Medaridus
3501 3144 3671 3188 eorum
3697 3121 3810 3177 filius

536 3239 793 3309 quiescit,
839 3239 1048 3295 solidos
1080 3248 1209 3305 tres,
1251 3241 1340 3295 cui
1398 3242 1563 3296 etiam
1622 3245 1690 3296 de
1739 3243 1964 3314 pr0prio
2021 3258 2145 3298 meo
2246 3245 2318 3299 sit
2345 3243 2596 3298 libertus.
2647 3241 2871 3295 Vineam
2902 3256 3066 3310 quam
3115 3238 3406 3292 Melaricus
3435 3217 3804 3287 Laudunifccil,

541 3326 794 3382 Plebeias
813 3343 980 3398 supra
1005 3329 1306 3385 Matronam
1333 3331 1557 3399 adjunxi
1593 3350 1606 3396 ;
1650 3332 1883 3388 ecclesia
1917 3333 1967 3385 S.
2008 3333 2148 3386 Mar-
2249 3337 2350 3392 tibi
2406 3337 2552 3391 dono
2589 3352 2602 3399 ;
2659 3333 3048 3388 Βτίωὴδῃάοηι
3108 3347 3336 3385 εει-νοω
3395 3338 3590 3385 meum,
3641 3323 3808 3368 necnon

539 3419 644 3474 tini
675 3420 732 3474 in
763 3420 959 3475 eodem
985 3421 1102 3477 solo
1132 3431 1334 3477 sancta
1365 3423 1654 3482 Remensis
1668 3425 1918 3480 ecclesia
1935 3425 2148 3496 posita,
2251 3430 2415 3484 etiam
2478 3427 2814 3481 Gibericum.
2865 3425 3090 3478 Vineam
3161 3440 3274 3494 qua
3327 3411 3662 3474 Bebrimodus
3695 3399 3808 3459 facit.

542 3508 750 3564 solidos
777 3509 954 3575 duos;
977 3511 1228 3565 ecclesta
1255 3511 1309 3565 S.
1340 3492 1965 3583 Christophori,solidos
1995 3515 2154 3578 duos;
2259 3521 2360 3577 tibi
2390 3526 2618 3574 eatenus
2666 3517 3012 3588 derelinquo,
3036 3492 3316 3570 utdiébus
3331 3510 3501 3572 ςθειίε,
3532 3511 3581 3559 οι
3605 3492 3810 3556 omnibus

2227 1347 2295 1400 sit
2332 1342 2524 1398 libera.
2561 1333 2904 1400 Edoneifam,
2957 1350 3079 1405 qua
3112 1328 3334 1387 homini
3369 1335 3465 1382 tuo
3503 1325 3695 1380 sociata
3716 1321 3814 1387 fuit,

2229 1443 2284 1489 et
2306 1433 2426 1501 ejus
2446 1427 2832 1503 cognationem
2882 1422 3171 1479 retinebis.
3205 1420 3451 1475 Uxorem
3512 1409 3750 1484 Aregildi,
3774 1417 3816 1462 et

547 3597 798 3652 ecclesia
824 3599 878 3652 8.
913 3597 1188 3665 Germani,
1236 3616 1400 3670 quam
1454 3601 1576 3671 ipse
1616 3602 1672 3655 in
1721 3603 1840 3658 solo
1899 3602 2155 3656 Remensi

550 3688 841 3757 adiﬁcavi,
889 3689 1100 3745 solidos
1152 3691 1291 3746 duos
1348 3693 1643 3758 ;ecclesia
1707 3694 1801 3749 SS.
1862 3702 2157 3764 martyrum

551 3776 759 3832 Cosma
790 3786 844 3832 et
873 3778 1122 3833 Damiani
1181 3780 1235 3833 in
1267 3781 1511 3850 prafata
1555 3781 1744 3836 matris
1799 3782 1919 3837 solo
1942 3783 2154 3852 posita,

554 3869 764 3923 solidos
794 3869 950 3924 duos.
995 3869 1292 3926 Matricula
1334 3872 1388 3926 S.
1423 3873 1624 3940 Maria,
1668 3889 1791 3944 qua
1821 3873 2023 3928 dicitur
2051 3874 2159 3927 Xe-

552 3960 892 4028 nodochion,
923 3963 1018 4016 ubi
1073 3965 1368 4020 duodecim
1423 3981 1698 4036 pauperes
1734 3967 1932 4038 stipem
1965 3982 2163 4036 exspe-

551 4055 718 4111 ctant,
741 4049 954 4105 solidus
1008 4051 1251 4107 dabitur.
1315 4055 1485 4119 Quam
1539 4054 1781 4126 denique
1820 4055 2160 4109 matriculam

551 4136 696 4203 loco,
727 4136 1044 4211 ubicunque
1073 4140 1332 4197 fratribus
1359 4145 1500 4199 meis
1528 4155 1584 4200 et
1612 4145 1742 4200 filiis
1768 4161 1893 4201 ossa
1922 4161 2045 4199 mea
2062 4159 2162 4215 po-

551 4242 684 4281 nere
712 4228 999 4298 placuerit,
1033 4247 1390 4302 perseverare
1422 4235 1709 4306 pracipio,
1742 4241 1798 4290 et
1826 4242 1888 4290 ut
1915 4235 2008 4289 diu
2043 4235 2160 4305 [ms.

551 4321 592 4385 ἱ,
615 4319 725 4390 die]
757 4329 1035 4395 noctuque
1065 4341 1165 4396 pro
1186 4327 1430 4397 peccatis
1469 4337 1636 4400 atque
1682 4327 2012 4384 criminibus
2028 4326 2168 4381 meis

2259 3609 2458 3664 diebus
2491 3605 2809 3669 Dominicis,
2841 3605 3015 3659 sacris
3061 3604 3329 3658 altaribus
3359 3615 3477 3654 mea
3507 3592 3621 3650 inde
3653 3582 3810 3641 offera-

2259 3710 2347 3754 tur
2404 3698 2634 3761 oblatio,
2695 3705 2859 3767 atque
2889 3710 3073 3748 annua
3115 3691 3374 3748 convivia
3434 3676 3690 3740 Remensis
3716 3682 3809 3761 pro:

2260 3787 2499 3860 sbyteris
2521 3764 2912 3842 etdiaconibus
2941 3782 3316 3853 prabeautur.
3343 3775 3639 3860 Delegoque
3664 3764 3807 3853 Bello.“

2262 3856 2385 3936 meo
2410 3880 2735 3934 Pratextato
2787 3875 3152 3938 Moderatum,
3197 3869 3575 3928 Totticionem,
3602 3856 3809 3911 Marcon—

2263 3991 2406 4039 cum,
2446 3971 2828 4027 Innocentium
2861 3983 3100 4032 servum,
3131 3980 3299 4036 quem
3318 3956 3496 4028 accepi
3523 3971 3552 4008 a
3577 3944 3805 4039 Profuturo

2264 4065 2567 4140 originario
2623 4077 2765 4126 meo,
2811 4058 3121 4116 cochlearia
3165 4064 3403 4128 quatuor
3451 4048 3516 4102 de
3545 4033 3804 4140 majoribus,

2263 4157 2632 4221 acetabulum,
2667 4155 2970 4218 lucernam,
2999 4166 3162 4222 quam
3203 4146 3338 4202 mihi
3388 4125 3804 4222 tribuuusF‘rifi'rf

2264 4249 2366 4302 dus
2387 4247 2562 4311 dedit,
2603 4207 2659 4300 et
2690 4207 3294 4318 argenteamlcabutam
3327 4234 3613 4318 figuratam.
3659 4207 3804 4318 filiole

2273 4341 2423 4395 illius
2463 4337 2714 4401 Parovio,
2752 4302 3116 4390 cacetabulum
3175 4339 3230 4384 et
3284 4327 3384 4383 tria
3440 4308 3731 4401 cochlearia,“
3765 4302 3804 4350 ει

556 4410 852 4507 Ροτηίηιιξπι
881 4414 1252 4486 deprecemur
1279 4420 1348 4474 de
1399 4421 1624 4490 Ρτοβτίο
1665 4419 2003 4476 δετθάίῐθίίε
2031 4432 2169 4472 mea?
2193 4399 2250 4468 D
2273 4391 2969 4495 casulamcujus’ﬁmbrias
2999 4404 3583 4479 commutavi.Remigii
3610 4391 3805 4507 coctile?

3389 4503 3398 4507 _
3467 4498 3478 4507 .
3521 4505 3527 4507 _
3632 4487 3760 4507 μμ...
3782 4486 3802 4507 η

548 4498 894 4596 Ῐξξῗθνκτθδξιε
923 4520 1062 4574 quas
1107 4515 1487 4564 antecessores
1513 4508 1622 4563 mei
1651 4509 1707 4562 ίη
1740 4525 1930 4564 eorum
1963 4507 2176 4577 Stipen‘
2277 4519 2356 4574 ria
2383 4518 2505 4573 tria.
2556 4474 2679 4587 qua
2731 4528 2854 4567 meo
2911 4519 3042 4565 sunt
3094 4507 3317 4564 nomine
3365 4498 3580 4557 titulata,
3631 4474 3802 4596 man‘tilc

976 4594 985 4596 _
1047 4594 1056 4596 _
2106 4595 2111 4596 ,
2493 4578 2498 4583 -
3327 4592 3355 4596 __
3469 4575 3798 4596 ...ς---....η.

556 4586 664 4642 diis
692 4589 925 4647 Domino
956 4594 1248 4664 dederunt,
1279 4598 1592 4668 superaddo
1619 4597 1785 4652 etiam
1815 4597 2000 4651 villam
2028 4566 2175 4650 Sola'
2277 4566 2840 4678 habeor
2871 4599 3080 4663 feriam,
3112 4592 3412 4651 transcribo
3436 4605 3449 4652 ;
3469 4566 3799 4678 hichiaaculunnl

560 4682 811 4782 tirotlam,
835 4686 1091 4782 etvil‘l‘am
1121 4689 1176 4743 s.
1227 4661 1514 4762 Stephani,
1546 4696 1602 4744 et
1654 4688 1928 4782 quidquid
1960 4688 2019 4782 in
2048 4686 2179 4742 villa
2277 4661 2507 4767 q‘uoque‘
2536 4692 2682 4747 dono
2721 4689 2823 4755 illi,
2855 4689 2923 4742 de
2945 4703 3054 4758 quo
3070 4661 3376 4741 Codebodo
3414 4661 3800 4782 dixibiieiogﬂf

563 4772 882 4830 Herimundi
915 4779 1052 4834 mihi
1084 4796 1184 4851 per
1199 4781 1606 4836 successionem
1631 4782 1837 4836 evenit.
1870 4779 2026 4844 Quod
2046 4793 2176 4833 vero
2279 4754 2585 4844 gengdim
2630 4783 2759 4839 ﬁliae
2808 4754 3191 4836 mem—Hilam
3223 4778 3462 4832 diacome
3486 4754 3800 4844 ancillamﬂo‘

561 4865 741 4935 pretio
774 4866 985 4925 ibidem
1009 4872 1618 4943 comparavi,ecclesia
1668 4873 1702 4927 S
1755 4873 2002 4938 Quintini
2026 4891 2139 4928 mar

2273 4878 2421 4932 mine
2453 4875 2675 4941 Nocam,
2731 4879 2786 4927 et
2839 4871 3032 4925 vitium
3067 4868 3409 4940 pedaturam,
3461 4865 3570 4925 qua
3595 4844 3798 4966 sua]???

2910 4963 2930 4966 -
3068 4961 3077 4966 -
3170 4959 3189 4966 ι.
3255 4957 3264 4966 .
3365 4953 3375 4966 1
3435 4962 3478 4966 --
3526 4960 3535 4966 .
3570 4945 3610 4966 ΑΙ
3641 4941 3717 4966 nar
3753 4961 3759 4966 .

564 4956 698 5056 ξξτίδ
721 4956 835 5056 ξδῐξι
866 4961 961 5016 diu
991 4963 1288 5056 _dele_g§yi.
1346 4964 1431 5056 υς
1459 4963 1572 5031 iam
1624 4962 1772 5020 dicto
1825 4965 2170 5034 Vacculiaco,
2272 4969 2421 5045 gitur
2447 4967 2632 5031 vinea,
2662 4931 2844 5036 'quam
2900 4931 3120 5018 Catusio
3165 4957 3313 5021 facit,
3347 4953 3485 5006 dono
3526 4960 3536 4995 :
3568 4931 3798 5056 et

565 5043 931 5116 Fruminium,
989 5021 1347 5122 Dagaieifum,
1402 5021 1767 5123 Dagaredum,
1823 5021 2139 5111 Ductionem

2274 5077 2452 5116 meam
2486 5060 2554 5114 de
2568 5056 2920 5128 Talpusciaco
2949 5051 3274 5118 transcribo,
3325 5059 3418 5118 pro
3446 5036 3690 5128 abst?qu

564 5137 978 5208 Bandowicum,
1038 5139 1335 5209 Udulfum,
1389 5144 1740 5212 Vinofeifam,
1799 5147 2004 5202 liberos
2054 5163 2173 5202 esse
2276 5151 2410 5206 mihi
2444 5110 2831 5203 indesinenter
2882 5141 3174 5214 impendit.
3205 5110 3356 5192 Aetio
3393 5110 3799 5214 ηεροιίπῗθοέῗῗ

568 5231 852 5302 pracipio.
885 5233 1258 5290 Temnaredus
1288 5237 1383 5309 qui
1409 5237 1479 5293 de
1525 5238 1766 5314 ingenua
1791 5240 2033 5295 nascitur
2060 5256 2139 5293 ma

2445 5195 2821 5203 ..-------------
3010 5195 3047 5198 ρ
3463 5195 3473 5196 ,
3614 5205 3622 5215 ,
3744 5207 3752 5220 ν

2277 5253 2386 5300 tem
2413 5244 2483 5298 de
2515 5241 2834 5304 Cesurnico,
2869 5253 2992 5310 qua
3038 5234 3173 5289 mihi
3206 5237 3349 5288 sorte
3397 5195 3798 5314 divisioniiflil:

809 5283 850 5286 --
895 5283 1255 5290 ---πη---η-
1291 5283 1383 5309 Ὶ...
1412 5283 1479 5293 ..ν
1525 5283 1766 5314 ...υνημυ
1793 5283 2020 5295 .....,.......
2062 5283 2147 5293 ...η
2279 5283 2386 5300 ιν...
2414 5283 2483 5298 ..ν
2518 5283 2834 5304 ..νειμ-..νη
2912 5283 2991 5293 ww
3208 5283 3313 5288 -νρ
3664 5289 3672 5299 .

565 5331 668 5420 tre,
701 5329 846 5420 statu
877 5322 1148 5380 libertatis
1177 5334 1378 5386 utatur.
1435 5331 1510 5385 Tu
1551 5347 1702 5400 vero,
1742 5332 1817 5389 fili
1851 5333 2035 5389 fratris
2065 5333 2174 5388 mei
2277 5333 2378 5398 nit,
2401 5349 2523 5388 cum
2556 5330 2705 5387 omni
2751 5283 3053 5399 jure‘lquod
3094 5323 3248 5378 tenui
3288 5327 3443 5388 alque
3488 5283 3797 5420 P°S.S".d

1202 5417 1214 5420 -
1322 5419 1327 5420 ,
3117 5414 3130 5420 -
3165 5413 3175 5420 .
3280 5407 3350 5420 ..ιο
3466 5395 3670 5420 ,ΙΛ-ιιηιηιιὶ

713 5376 716 5377 ν
1181 5376 1378 5386 ------.
1443 5376 1510 5385 --
1563 5376 1702 5400 ων,
2068 5376 2174 5388 ......
2279 5376 2523 5398 ....,.,.....
2783 5376 2872 5383 ,η
2949 5376 3053 5382 _-_
3201 5376 3212 5378 ,
3360 5376 3374 5388 ,
3491 5376 3498 5377 ,
3630 5381 3639 5391 ,

571 5415 722 5484 Lupe
748 5411 1030 5485 el’iscope,
1065 5423 1159 5471 tuo
1184 5417 1432 5476 dominio
1471 5421 1782 5477 vindicabis
1813 5421 2096 5484 Nifastem,
2125 5427 2179 5475 et
2277 5422 2523 5477 brosium
2554 5376 2779 5492 quoque
2806 5376 3037 5488 puei'um
3066 5414 3134 5468 ad
3158 5413 3250 5482 jus
3279 5407 3440 5464 illius,
3461 5376 3796 5500 dominlll‘lﬂqt‘:

623 5466 667 5484 Ἴ
783 5466 799 5480 ⁸
884 5466 1030 5485 "tv,
1069 5466 1155 5471 ___
1188 5466 1430 5476 ,ηωηνν
1483 5466 1782 5477 ,.,,,..ν....ν..,
1813 5466 2096 5484 ..η-,νη---ιι
2127 5466 2179 5475 ν-
2278 5466 2523 5477 νιν-μνη·-
2597 5466 2662 5476 vv
2713 5466 2776 5474 -ν
2806 5466 2932 5488 r""
2953 5466 3037 5470 “”“
3158 5466 3204 5482 ⁸⁷
3590 5474 3598 5484 ⁸

569 5507 803 5600 matrem
829 5516 982 5600 suam
1014 5505 1258 5564 Nuciam.
1282 5509 1510 5566 Vineam
1537 5527 1758 5584 quoque
1788 5530 1953 5584 quam
1985 5513 2180 5568 [Encas
2282 5466 2610 5566 transmitte.
2636 5466 2863 5561 Vitalem
2910 5503 3167 5560 colonum
3200 5500 3425 5554 liberum
3462 5466 3778 5600 esseJulﬁogc:

895 5593 906 5600 .
1010 5595 1049 5600 _
2816 5598 2825 5600 _
3347 5589 3359 5600 Α
3415 5576 3642 5600 κιιευκονιι

609 5589 619 5599 ,
672 5590 682 5600 ,
970 5557 979 5558 7
1015 5557 1028 5560 ’
1067 5557 1258 5564 ’ὴν-’⁷’-η
1299 5557 1510 5566 ”“’“’““’”“
1540 5557 1758 5584 Ὶ“¹“νῚ“’“ν
1789 5557 1953 5584 Ὶ““’“⁸⁵
1985 5557 2180 5568 ³⁵⁸⁵⁸ν“”ν
2283 5557 2610 5566 ”“”’““”’““’““⁷’
2652 5557 2659 5560 “
2680 5557 2861 5561 """"
2919 5557 2965 5560 "
3010 5557 3022 5559 -
3088 5557 3093 5558 ⁷

571 5595 776 5645 "mm"
803 5592 957 5662 εοιὶῑς
987 5595 1214 5655 ιλΕῐιεαηι
1243 5609 1298 5657 et
1325 5603 1627 5660 Monulfum
1653 5604 1773 5673 ejus
1798 5604 1970 5661 filium
1995 5603 2184 5674 junio-
2281 5600 2546 5658 familiam
2576 5616 2732 5656 suam
2762 5598 2830 5653 ad
2854 5603 3112 5668 nepotem
3135 5607 3315 5649 meum
3335 5557 3797 5677 Αεᾶῐῒξίπξθηξᾞξθξῐ

987 5644 1214 5655 ---ν--.-
1244 5644 1298 5657 υ.
1326 5644 1627 5660 ...νη-...ψη
1653 5644 1773 5673 ..μυ
2025 5644 2153 5660 ...ην
2576 5644 2732 5656 ην...
2762 5644 2830 5653 .._
2854 5644 2922 5652 ---
2971 5644 3112 5652 ------
3373 5644 3405 5660 υ
3635 5648 3642 5658 ,

575 5684 880 5755 rcmjlmeo
907 5689 1161 5746 libertate
1200 5690 1475 5767 Ρθτίυηὲίο
1514 5692 1839 5749 Mendicum
1873 5644 2183 5765 pocharium
2285 5691 2464 5746 tinere
2507 5709 2520 5746 :
2552 5689 2642 5747 cui
2673 5689 2893 5746 vineam
2912 5644 3061 5742 dono
3087 5699 3252 5756 quam
3273 5672 3421 5752 posui
3445 5644 3779 5722 Vindonissae,e
