3970 6212
115 320 190 374 65
806 312 1133 369 HISTORIA}
1172 311 1501 369 ECCLESUE
1541 310 1866 367 REMENSIS
1906 311 2081 367 LIBRI
2122 311 2448 377 QUATUOR.
2474 344 2543 353 —
2583 314 2712 373 LIB.
2758 314 2773 369 Ι
3403 320 3472 372 66

117 462 253 501 meo
282 445 481 500 labore
513 443 800 509 constitui,
830 443 933 497 sub
966 460 1031 498 ea
1055 442 1757 514 conditioneutapartibus
1782 456 1827 514 Α
1856 444 1990 509 mei,
2024 445 2173 515 Lupe
2209 446 2490 515 episcope,
2538 454 2592 499 et
2624 446 2874 519 Agricola
2936 449 3241 521 presbyter,
3274 472 3474 525 porcos

117 539 266 603 suis,
299 536 565 592 omnibus
595 536 793 590 diebus
822 535 978 590 festis
1035 552 1097 590 ac
1143 537 1442 591 Dominicis
1482 551 1581 605 pro
1604 550 1759 589 com—

116 627 537 681 memoratione
567 640 691 678 mea
721 624 892 678 sacris
920 624 1187 679 altaribus
1215 624 1478 679 offeratur
1500 623 1711 678 oblatio
1745 624 1762 658 -'

118 728 178 770 et
202 714 676 769 Laudunensibus
720 713 1060 784 presbyteris
1100 722 1265 784 atque
1297 713 1625 768 diaconibus
1656 730 1759 766 an-

118 823 239 859 nua
280 805 556 865 convivia.
591 803 931 858 concedente
953 802 1185 858 Domino
1207 804 1575 873 praebeantur.
1606 805 1755 859 Dono

118 902 386 957 ecclesiae
419 900 771 955 Laudunensi
814 917 881 955 ex
910 901 1055 955 villis
1085 915 1222 972 quas
1259 898 1396 952 mihi
1441 907 1644 951 sanctae
1668 912 1758 950 re-

116 994 474 1049 cordationis
503 992 759 1064 praefatus
780 1009 874 1047 rex
901 993 1208 1048 Ludovicus
1228 990 1404 1056 dedit,
1430 990 1585 1053 duas,
1619 989 1753 1042 Ani-

115 1083 367 1151 siacum,
397 1082 719 1152 solidasque
773 1081 967 1135 decem
1013 1090 1067 1135 et
1098 1086 1242 1142 octo,
1275 1094 1415 1149 quos
1448 1076 1752 1148 presbyteri

121 1170 426 1226 etdiaconi
492 1170 637 1224 inter
692 1185 751 1224 se
800 1170 995 1240 aequali
1064 1169 1336 1223 divisione
1393 1166 1751 1220 distribuant.

122 1261 353 1314 Partem
386 1275 563 1313 meam
594 1258 661 1312 de
683 1258 842 1313 Secio
892 1274 956 1311 ex
990 1257 1203 1331 integro
1234 1256 1301 1310 ad
1332 1272 1391 1310 se
1431 1261 1756 1309 revocetec—

123 1352 305 1408 clesia
340 1351 739 1417 Laudunensis,
760 1358 815 1405 ct
836 1349 1162 1413 Lauscitam,
1186 1366 1350 1420 quam
1382 1347 1517 1401 mihi
1551 1345 1754 1400 charis-

125 1446 276 1499 sima
306 1443 420 1497 ﬁlia
447 1449 502 1497 et
531 1458 687 1497 soror
726 1457 868 1510 mea,
923 1441 1216 1512 virgoque,
1248 1449 1307 1494 ut
1335 1438 1521 1503 credo,
1556 1436 1751 1490 Christi

126 1532 488 1587 sanctissima
532 1529 828 1596 Genovefa,
881 1529 936 1583 in
974 1529 1169 1583 usibus
1218 1544 1521 1600 pauperum
1557 1524 1753 1579 Christi

128 1620 238 1675 tibi
273 1620 515 1673 dandam
544 1619 613 1673 ad
641 1618 918 1691 integrum
950 1617 1244 1691 delegavit.
1268 1614 1603 1671 Commendo
1629 1628 1756 1667 san-

128 1712 313 1767 ctitati
353 1720 476 1773 tuae,
507 1709 583 1765 ﬁli
614 1710 797 1765 fratris
818 1709 1112 1780 mei,Lupe
1153 1709 1435 1779 episcope,
1464 1723 1528 1761 cx
1560 1705 1758 1777 praefa-

130 1806 205 1859 tis
228 1805 401 1871 villis,
440 1820 581 1875 quos
620 1803 853 1859 libertos
879 1818 1002 1857 esse
1060 1802 1345 1873 praecipio,
1387 1800 1754 1864 Catusionem,

130 1902 187 1948 et
218 1893 568 1947 Auliatenam
585 1892 879 1965 conjugem
895 1907 1072 1957 suam,
1096 1891 1438 1946 Nonnionem
1462 1888 1554 1959 qui
1578 1904 1756 1942 meam

133 1983 362 2035 vineam
402 1981 552 2047 facit,
585 1980 997 2046 Sonnoveifam,
1031 1995 1192 2050 quam
1219 1978 1490 2049 captivam
1521 1976 1754 2041 redemi,

127 2068 641 2140 bonisparentibus
688 2078 893 2134 natam,
948 2076 1003 2122 et
1047 2067 1167 2135 ejus
1221 2066 1395 2121 ﬁlium
1430 2066 1755 2121 Leutibcre-

128 2160 289 2225 dum,
323 2158 668 2212 Mellaridum
699 2166 754 2212 et
804 2156 1502 2221 Mellatenam,Vasantcm,
1530 2155 1751 2210 Cocum.

130 2251 456 2313 Caesariam,
522 2252 942 2323 Dagarasenam,
994 2259 1049 2303 et
1079 2248 1522 2304 Baudorosenam
1557 2247 1755 2303 Leonis

129 2353 390 2416 neptem,
425 2349 480 2397 et
505 2342 876 2398 Marcoleifum
908 2340 1083 2396 ﬁlium
1112 2341 1376 2395 Totnonis
1404 2358 1418 2405 ;
1461 2342 1561 2395 hos
1587 2349 1753 2407 totos,

128 2436 203 2488 ﬁli
250 2433 439 2488 fratris
470 2432 599 2499 mei,
637 2432 785 2503 Lupe
817 2430 1099 2501 episc0pe,
1133 2428 1461 2484 sacerdotali
1511 2429 1756 2484 auctori-

133 2536 245 2583 tate
281 2526 493 2580 liberos
537 2521 877 2578 defensabis.
936 2522 1055 2576 Tibi
1088 2530 1294 2589 autem,
1338 2521 1544 2575 haeredi
1576 2521 1757 2575 eccle-

130 2619 233 2672 sia:
266 2634 432 2683 meae,
478 2615 791 2670 Flavianum
827 2623 881 2669 et
936 2629 1159 2669 uxorem
1190 2629 1344 2668 suam
1376 2613 1756 2688 Sparagildem

131 2711 303 2766 dono.
344 2709 542 2763 Eorum
576 2706 800 2760 ﬁliolam
834 2705 1113 2776 parvulam
1144 2705 1583 2769 Flavarasenam,
1608 2705 1755 2759 libe-

131 2819 247 2858 ram
278 2817 407 2855 esse
454 2798 737 2855 constitui.
780 2798 1088 2852 Fedamiam
1150 2814 1375 2851 uxorem
1435 2797 1657 2865 Melani,
1706 2805 1761 2851 et

127 2906 327 2946 eorum
385 2887 668 2959 parvulam
711 2887 1009 2941 Remenses
1052 2885 1364 2956 presbyteri
1424 2894 1478 2940 et
1537 2886 1759 2941 diaconi

122 2981 522 3055 possidebunt.
570 2964 949 3050 Crispiciolum
1016 2979 1273 3033 colonum
1333 2978 1572 3032 liberum
1639 2994 1761 3033 esse

1868 552 2027 591 meos
2055 537 2198 591 inter
2226 554 2323 592 vos
2342 538 2629 609 aequaliter
2657 539 2938 595 dividetis.
2966 542 3275 611 Friaredus,
3308 563 3470 617 quem

1868 641 1936 678 ne
1952 625 2297 681 occideretur
2312 628 2728 697 quatuordecim
2759 630 2950 683 solidis
2979 634 3474 702 comparavi,duos

1863 731 2160 772 concessas
2194 718 2414 783 habeat,
2446 719 2738 774 duodecim
2761 721 2855 774 det
2885 720 2952 775 ad
2973 722 3219 779 basilicae
3241 724 3475 780 domno-

1862 822 1979 859 rum
2011 816 2317 877 martyrum
2366 808 2635 863 Timothei
2693 820 2748 864 et
2808 810 3139 880 Apollinaris
3196 829 3469 870 cameram

1856 894 2184 950 faciendam.
2213 897 2336 951 Haec
2394 898 2465 951 ita
2506 898 2597 952 do.
2654 900 2725 953 ita
2779 900 2924 969 lego,
2954 900 3028 954 ita
3058 908 3244 957 testor.
3279 903 3469 959 Creteri

1856 997 2048 1037 omnes
2068 986 2385 1039 ethredes
2416 994 2610 1051 estote,
2636 994 2875 1041 suntote.

1932 1096 1951 1123 ι
1979 1075 2113 1129 Huic
2139 1084 2320 1130 autem
2354 1084 2683 1132 testamento
2711 1094 2835 1133 meo
2874 1080 3035 1135 dolus
3085 1084 3261 1136 malus
3293 1084 3471 1143 abest.

1855 1165 2144 1237 aberitque
2174 1168 2228 1220 in
2260 1184 2370 1239 quo
2393 1169 2439 1222 si
2462 1186 2568 1239 qua
2600 1169 2787 1234 litura,
2841 1172 2927 1225 vel
2956 1182 3277 1228 caraxatura
3310 1176 3477 1231 fuerit

1855 1253 2097 1321 inventa,
2123 1255 2263 1310 facta
2293 1264 2375 1310 est
2401 1273 2493 1311 me
2544 1268 2836 1327 praesente,
2871 1260 3000 1313 dum
3031 1278 3061 1314 a
3094 1278 3177 1315 me
3210 1263 3477 1335 relegitur

1855 1352 1909 1396 et
1938 1343 2267 1398 emendatur
2309 1344 2505 1416 Neque
2547 1346 2597 1399 ei
2628 1346 2737 1401 duo
2770 1346 2953 1417 priora
2981 1355 3327 1415 testamenta,
3361 1353 3474 1421 pri-

1855 1450 2002 1488 mum
2048 1437 2271 1506 quidem
2303 1438 2450 1508 quod
2492 1447 2615 1493 ante
2667 1442 3107 1509 quatuordecim,
3135 1451 3188 1496 et
3226 1444 3468 1499 alterum

1856 1528 2005 1597 quod
2036 1537 2163 1582 ante
2184 1538 2393 1599 septem
2422 1531 2646 1585 condidi
2679 1548 2876 1597 annos,
2900 1533 3193 1599 obsistere,
3221 1536 3473 1598 obviare,

1857 1624 1950 1669 aut
1972 1616 2244 1671 ullatenus
2270 1632 2470 1673 nocere
2496 1627 2774 1688 poterunt,
2798 1636 2864 1675 eo
2912 1620 3059 1691 quod
3109 1622 3382 1693 quidquid
3417 1625 3471 1677 in

1860 1706 1995 1777 ipsis
2023 1708 2425 1765 continebatur.
2487 1710 2542 1762 in
2593 1712 2889 1781 praesentia
2942 1712 3163 1767 fratrum
3219 1732 3476 1770 meorum

1860 1796 1949 1850 hic
1978 1796 2203 1863 inserta,
2244 1804 2298 1851 et
2320 1814 2441 1867 qua:
2458 1798 2686 1853 deerant
2706 1801 2986 1869 adjuncta,
3012 1803 3238 1872 insuper
3267 1814 3320 1857 et
3348 1822 3471 1875 quae

1858 1887 2121 1942 Dominus
2147 1888 2283 1942 mihi
2342 1890 2526 1961 largiri
2584 1891 2638 1943 in
2696 1892 3044 1961 postmodum
3078 1895 3339 1968 dignatus
3367 1905 3473 1962 est,

1858 1977 2216 2046 superaddita
2246 1985 2570 2032 noscuntur.
2598 1979 2701 2033 Sed
2731 1979 3115 2035 inconvulsum
3145 1991 3197 2037 et
3227 1983 3479 2038 inconta—

1857 2067 2128 2123 minatum
2160 2084 2403 2139 praesens
2432 2070 2537 2124 hoc
2567 2070 2714 2141 quod
2745 2073 2969 2127 condidi
3005 2081 3409 2141 testamentum,
3446 2093 3476 2129 a

1858 2154 2122 2209 fratribus
2170 2158 2309 2209 meis
2362 2158 2798 2224 successoribus,
2858 2162 3117 2216 videlicet
3182 2163 3474 2218 Remorum

1857 2244 2153 2314 epiSCOpis,
2193 2246 2635 2300 conservandum
2683 2248 2797 2317 [ms.
2850 2251 2885 2301 ἱ.
2940 2252 3343 2321 conservatum]
3402 2270 3478 2307 :a

1857 2332 2084 2405 regibus
2113 2348 2337 2404 quoque
2368 2334 2724 2401 Francorum,
2770 2336 2899 2391 filiis
2934 2339 3145 2393 scilicet
3177 2342 3318 2394 meis
3337 2342 3472 2396 cha-

1856 2424 2109 2490 rissimis,
2144 2441 2284 2496 quos
2314 2442 2414 2496 per
2465 2427 2821 2497 baptismum,
2872 2430 3003 2484 Jesu
3035 2431 3232 2486 Christi
3254 2433 3401 2488 dono
3425 2442 3479 2488 et

1856 2518 2034 2589 gratia
2064 2517 2303 2587 Spiritus
2367 2520 2542 2572 sancti
2592 2530 2947 2591 cooperante,
3011 2524 3239 2578 Domino
3267 2540 3478 2579 conse-

1858 2610 2025 2674 cravi,
2081 2609 2292 2681 ubique
2346 2609 2661 2677 defensum,
2710 2621 2876 2683 atque
2932 2622 3246 2685 protectum
3286 2628 3478 2672 contra

1860 2701 2045 2755 omnia
2077 2720 2089 2755 :
2120 2710 2173 2756 et
2212 2702 2269 2755 in
2300 2702 2582 2769 omnibus,
2614 2703 2989 2761 inviolabilem
3037 2716 3476 2781 perpetuamque

1860 2808 2080 2864 semper
2134 2792 2383 2849 obtineat
2440 2794 2771 2850 firmitatem.
2808 2798 2869 2851 Et
2908 2799 2951 2851 si
2994 2800 3139 2869 quis,
3194 2800 3249 2855 in
3280 2801 3479 2857 ordine

1864 2886 2127 2949 clericali,
2151 2904 2183 2941 a
2206 2887 2531 2959 presbytero
2560 2906 2736 2960 usque
2757 2891 3056 2947 adtonsum
3080 2896 3481 2962 contradicere,

1862 2986 1955 3033 aut
1983 2979 2193 3034 obviari
2224 2981 2271 3034 ei
2317 2982 2754 3052 praesumpserit,
2801 2992 2856 3038 et
2884 2994 3171 3055 correptus
3200 3003 3231 3041 a
3257 3003 3481 3043 succes-

121 3073 582 3147 prmcipio,etad
607 3078 867 3141 nepotem
898 3086 1081 3125 meum
1102 3071 1318 3125 Aetium
1342 3071 1461 3138 ejus
1492 3069 1757 3125 familiam
1788 3084 1838 3153 ρ
1862 3083 1984 3123 sore
2016 3085 2140 3124 meo
2174 3071 2493 3125 satisfacere
2525 3072 3188 3143 neglexerit,convocatis
3231 3092 3295 3130 ex
3335 3077 3480 3133 vici-

121 3164 418 3236 pertinere
460 3179 472 3215 :
508 3161 576 3215 ad
604 3169 918 3230 utrumque,
954 3158 1134 3225 idest,
1166 3158 1234 3212 ad
1251 3158 1465 3213 Aetium
1498 3166 1553 3213 et
1574 3160 1760 3233 Agati-

118 3269 348 3308 merum
405 3250 701 3321 pervenire
747 3248 1056 3303 colonicam
1107 3248 1440 3303 Passiacum.
1504 3248 1759 3318 Pronepti

120 3361 269 3401 meae
287 3345 634 3398 Praetextata:
665 3340 811 3396 dono
842 3340 1289 3395 Modorosenam.
1306 3338 1598 3395 Profuturo
1620 3340 1763 3394 Leu-

119 3432 466 3489 docharium
525 3445 756 3501 puerum
820 3429 994 3484 trado.
1064 3427 1366 3483 Profuturae
1424 3428 1541 3482 dari
1590 3428 1764 3495 jubeo

126 3525 542 3581 Leudoneram.
589 3520 1054 3576 Laudunensibus
1098 3519 1559 3583 subdiaconibus,
1591 3520 1766 3576 lecto-

128 3618 319 3683 ribus,
344 3613 606 3678 ostiariis,
656 3620 711 3668 et
744 3612 1064 3685 junioribus
1111 3620 1348 3683 quatuor
1376 3611 1585 3666 solidos
1606 3610 1768 3666 dere-

122 3710 357 3778 linquo.
392 3704 733 3776 Pauperibus
764 3704 820 3758 in
867 3703 1150 3759 matricula
1180 3703 1375 3773 positis
1422 3701 1637 3758 solidus
1667 3702 1768 3758 da-

123 3801 285 3856 bitur
342 3798 411 3852 ad
470 3813 667 3852 eorum
721 3796 1105 3851 refectionem.
1149 3796 1463 3867 Delegoque
1521 3811 1586 3849 ex
1639 3796 1767 3851 dato

124 3890 355 3963 praefati
407 3889 676 3960 principis
725 3889 1070 3944 Salvonarias
1126 3904 1293 3959 supra
1318 3888 1543 3953 Moram,
1588 3894 1643 3943 et
1665 3888 1766 3943 de-

124 4001 257 4039 cem
291 3982 506 4037 solidos
544 3981 791 4036 ecclesiae
836 3980 1182 4035 Suessonicze
1222 3996 1320 4051 pro
1357 3995 1769 4035 commemora-

129 4074 288 4128 tione
320 4070 563 4125 nominis
581 4070 711 4124 mei.
736 4069 865 4123 Nam
896 4068 1246 4124 Sablonarias
1274 4085 1441 4139 supra
1464 4068 1761 4124 Matronam

132 4164 458 4220 hieredibus
514 4163 653 4217 meis
682 4161 963 4233 deputavi.
999 4160 1385 4215 Catalaunensi
1429 4161 1675 4216 ecclesia:
1699 4179 1764 4217 ex

134 4255 269 4308 dato
303 4268 453 4322 ssepe
484 4252 613 4306 dicti
644 4249 743 4304 ﬁlii
775 4250 905 4310 mei,
949 4250 1209 4304 Gellonos
1240 4266 1408 4320 supra
1440 4250 1765 4311 Matronam,

135 4352 191 4398 et
221 4341 441 4397 solidos
471 4339 689 4395 decem.
726 4339 985 4395 Ecclesiae
1015 4338 1193 4393 sancti
1227 4338 1488 4405 Memmii,
1514 4339 1769 4394 Fascina-

1864 3162 2113 3218 nioribus
2142 3163 2275 3218 locis
2309 3163 2605 3218 Remorum
2637 3163 2944 3220 dioeceseos
2974 3167 3152 3221 tribus
3177 3168 3480 3239 episcopis,

1865 3253 2439 3326 deponaturagradu.
2493 3252 2545 3305 Si
2602 3270 2752 3318 vero,
2810 3253 2958 3323 quod
3021 3271 3128 3309 non
3191 3261 3343 3324 Opto,
3380 3274 3483 3310 me

1865 3344 2052 3414 cupio,
2080 3345 2177 3398 sed
2209 3360 2393 3414 neque
2436 3359 2621 3414 spero,
2656 3359 2943 3399 successor
2996 3345 3231 3416 quilibet
3260 3347 3396 3400 mihi
3425 3348 3479 3401 in

1868 3435 1973 3490 hac
1992 3436 2126 3490 sede
2148 3436 2441 3490 Remorum
2479 3435 2794 3505 episcopus,
2821 3437 3143 3490 exsecrabili
3178 3439 3483 3508 cUpiditatc

1867 3524 2083 3590 ductus,
2137 3539 2224 3577 res
2280 3522 2555 3592 praefatas,
2587 3522 2724 3576 sicut
2776 3539 2805 3576 a
2837 3539 2944 3587 me,
2977 3532 3203 3579 auctore
3250 3527 3484 3581 Domino

1866 3630 1991 3671 meo
2013 3616 2141 3670 Jesu
2175 3614 2410 3679 Christo,
2436 3615 2501 3668 ad
2535 3615 2684 3668 illius
2724 3616 3013 3681 honorem,
3052 3625 3105 3670 et
3132 3618 3251 3685 ejus
3270 3633 3481 3689 paupe-

1869 3721 1986 3759 rum
2031 3703 2465 3760 consolationem
2494 3703 2765 3758 ordinatae
2808 3712 2952 3771 sunt,
2995 3704 3258 3759 aliorsum
3287 3706 3487 3761 distra-

1868 3799 2021 3864 here,
2063 3798 2375 3865 immutare,
2425 3801 2785 3864 coinmutare,
2819 3813 2916 3852 seu
2973 3797 3224 3869 quolibet
3250 3798 3484 3854 obtentu

1868 3887 1924 3940 in
1946 3902 2078 3941 usus
2106 3887 2393 3953 laicorum,
2438 3885 2697 3941 beneﬁcii
2747 3888 2921 3960 gratia
2972 3888 3124 3953 dare,
3158 3895 3254 3941 aut
3284 3904 3313 3941 a
3344 3904 3489 3958 quo-

1871 3975 2010 4031 libet
2056 3976 2233 4041 datas,
2284 3976 2486 4040 favere,
2545 3985 2639 4032 aut
2688 3976 3000 4031 consentire
3047 3977 3481 4047 praesumpserit.

1868 4066 2184 4120 convocatis
2250 4067 2417 4121 totius
2463 4066 2771 4121 dimeescos
2832 4066 3125 4121 Remorum
3182 4066 3482 4136 episcopis,

1868 4154 2314 4225 presbyterisque
2355 4171 2417 4209 ac
2473 4155 2824 4221 diaconibus,
2888 4172 3106 4211 necnon
3156 4166 3211 4210 et
3259 4172 3325 4209 ex
3357 4156 3489 4209 ἥιὶίς

1871 4242 2006 4297 meis
2036 4242 2375 4297 charissimis
2438 4243 2661 4299 Francis
2710 4244 2988 4318 religiosis
3040 4244 3489 4315 quamplurimis,

1870 4342 2051 4389 reatus
2079 4335 2164 4388 sui
2211 4351 2454 4405 poenam,
2487 4335 2797 4405 privatione
2839 4336 2921 4390 sui
2968 4337 3323 4407 episcopatus
3353 4354 3487 4407 per~

142 4435 257 4488 rias
288 4450 355 4488 ex
386 4433 553 4487 donis
583 4431 888 4503 praescripti
950 4430 1232 4502 principis,
1275 4439 1329 4485 et
1374 4431 1583 4485 solidos
1618 4440 1761 4487 octo.
1787 4454 1847 4524 D
1870 4425 2066 4491 Solvat,
2090 4432 2144 4479 et
2172 4440 2526 4495 nequaquam
2590 4424 2732 4479 ultra
2772 4425 3243 4495 recnperationem
3285 4427 3489 4497 gradus

138 4524 577 4596 Mosomagensi,
630 4524 839 4578 solidos
868 4522 1139 4594 quinque.
1194 4521 1493 4595 Vongensi,
1574 4538 1763 4596 agrum

138 4617 288 4689 apud
320 4613 598 4670 ofﬁcinam
654 4615 1012 4681 molinarum,
1042 4628 1164 4685 quae
1211 4614 1286 4667 ibi
1319 4623 1402 4668 est
1446 4614 1762 4668 constituta.

138 4706 489 4781 Catarigensi
550 4706 821 4773 ecclesias,
861 4706 1070 4761 solidos
1121 4714 1379 4777 quatuor,
1426 4704 1768 4775 totidemque

142 4797 393 4853 Portensi
421 4811 520 4867 pro
541 4794 1071 4850 commemoratione
1116 4793 1226 4848 mei
1256 4793 1497 4849 nominis
1523 4792 1768 4848 inferen-

140 4888 506 4944 turEcclesim
562 4886 953 4953 Attrabatensi,
1019 4886 1132 4948 cui,
1194 4885 1424 4941 Domino
1463 4893 1763 4955 annuente,

144 4978 440 5033 Vedastum
472 4976 697 5031 fratrem
758 4992 943 5030 meum
1002 4974 1387 5030 charissimam
1439 4974 1766 5045 episcopum

147 5069 486 5135 consecravi,
518 5085 584 5122 ex
613 5067 762 5122 dono
804 5067 917 5135 jam
968 5066 1101 5121 dicti
1154 5066 1423 5137 principis
1450 5066 1609 5120 villas
1632 5066 1770 5121 duas

147 5162 199 5216 in
232 5161 517 5217 alimoniis
571 5159 897 5215 clericorum
948 5158 1229 5229 deputavi,
1291 5158 1455 5214 Orcos
1483 5157 1762 5225 videlicet,

148 5259 202 5307 et
225 5252 570 5307 Sabucctum
601 5267 615 5313 ;
647 5248 851 5318 quibus
871 5247 1033 5302 etiam
1076 5263 1175 5317 pro
1231 5248 1493 5303 memoria
1522 5248 1766 5302 nominis

151 5345 250 5399 mei
283 5344 500 5401 solidos
520 5339 725 5412 viginti
759 5340 876 5393 dari
899 5339 1071 5407 jubeo
1127 5338 1247 5394 llrsi
1279 5339 1656 5395 archidiaconi
1685 5339 1768 5394 fa-

150 5438 452 5493 miliaribus
484 5450 624 5488 usus
655 5431 961 5503 obsequiis,
987 5432 1135 5487 dono
1176 5431 1226 5486 ei
1259 5432 1407 5488 domi
1440 5432 1644 5487 textilis
1673 5448 1767 5487 ca-

147 5528 308 5583 sulam
339 5525 635 5589 subtilem,
662 5529 717 5576 et
764 5521 925 5575 aliam
966 5520 1296 5592 pleniorem,
1329 5522 1439 5577 duo
1470 5537 1602 5594 saga
1626 5521 1769 5576 deli-

145 5628 273 5692 cata,
307 5627 502 5693 tapete
534 5612 691 5687 quod
733 5612 915 5668 habeo
947 5613 1002 5666 in
1045 5613 1209 5677 lecto,
1243 5622 1299 5669 et
1330 5613 1572 5668 tunicam
1602 5629 1766 5685 quam

143 5721 382 5787 tempore
418 5704 696 5765 transitus
725 5700 832 5755 mei
864 5700 1140 5773 reliquero
1170 5700 1481 5758 meliorem.
1514 5701 1767 5757 [heredes

1870 4516 2075 4581 amissi,
2138 4517 2192 4571 in
2242 4518 2348 4572 hoc
2396 4517 2598 4572 saeculo
2668 4516 3092 4586 promerebitur.
3165 4517 3489 4589 Quicunque

1865 4622 1996 4662 vero
2028 4622 2093 4661 ex
2122 4606 2263 4661 laico
2306 4604 2498 4659 habitu
2546 4622 2577 4659 a
2622 4605 2785 4660 nobis
2818 4611 3018 4659 statuta
3055 4606 3489 4676 parvipendcns,

1867 4700 2087 4772 sibique
2117 4700 2333 4767 favens,
2372 4714 2494 4769 quae
2544 4697 2885 4769 pauperibus
2936 4697 3192 4752 Ecclesize
3223 4698 3489 4753 attributa

1868 4801 2015 4861 sunt,
2075 4793 2248 4857 abuti,
2297 4801 2391 4846 aut
2447 4806 2714 4861 usurpare
2769 4788 3021 4861 quolibet
3071 4789 3302 4855 obtentu
3344 4806 3489 4861 pra:-

1867 4886 2181 4956 sumpserit,
2204 4886 2323 4956 pari
2337 4884 2500 4939 simul
2519 4888 2900 4953 perpetuaque
2912 4881 3268 4937 damnatione
3282 4882 3491 4938 aliena~

1870 4986 1971 5046 tor,
2007 4978 2231 5049 petitor,
2274 4978 2447 5042 dator,
2482 4982 2757 5046 acceptor,
2812 4989 3095 5045 pervasor,
3126 4976 3489 5030 anathematis

1866 5071 2087 5126 vinculo
2113 5071 2181 5125 ab
2215 5069 2457 5125 Ecclesia
2484 5068 2751 5123 catholica
2782 5066 3161 5138 sejungantur,
3191 5066 3369 5120 donec
3395 5084 3488 5121 va-

1870 5163 2154 5227 leant,Deo
2175 5162 2490 5215 miserante.
2508 5159 2797 5233 condignae
2816 5156 3208 5213 satisfactionis
3223 5159 3481 5213 emenda-

1866 5256 2015 5311 tione
2034 5255 2433 5328 indulgentiam
2455 5253 2780 5324 promereri.
2817 5251 2911 5306 Sin
2943 5258 3123 5305 autem
3148 5250 3204 5303 in
3233 5251 3337 5306 hoc
3359 5268 3486 5321 per-

1865 5359 2115 5400 severare
2146 5344 2525 5414 cujuscunque
2580 5341 2895 5397 donationis
2923 5340 3215 5396 occasione
3242 5339 3481 5410 quilibet

1871 5433 2163 5505 delegerit,
2220 5449 2348 5504 spes
2377 5433 2427 5486 ei
2461 5431 2749 5503 praesentis
2809 5447 2872 5486 ac
2900 5429 3093 5486 futurae
3126 5429 3489 5485 restitutionis

1871 5538 1901 5576 a
1930 5535 2245 5575 successore
2275 5536 2421 5583 meo,
2463 5520 2759 5576 Remorum
2807 5519 3021 5575 scilicet
3053 5518 3339 5589 episcopo,
3365 5534 3491 5575 om-

1870 5612 2110 5669 nimodis
2139 5612 2417 5669 auferatur
2485 5613 2681 5668 Generi
2726 5611 3111 5669 tantummodo
3134 5613 3307 5686 regio,
3340 5615 3489 5683 quod

1866 5704 1936 5759 ad
1971 5704 2239 5761 honorem
2280 5709 2483 5760 sanctae
2534 5701 2815 5772 Ecclesiae,
2842 5712 2899 5760 et
2924 5701 3310 5759 defensionem
3350 5718 3492 5771 pau-
