3970 6212
475 296 544 351 67
1521 283 1955 340 FLODOARDUS
1995 282 2360 339 CANONICUS
2400 279 2747 336 REMENSIS.
3731 284 3785 338 68

477 439 672 494 perum
703 437 810 476 una
837 435 960 474 cum
987 416 1250 473 fratribus
1281 415 1419 469 meis
1444 422 1499 469 et
1529 414 1879 485 coepisc0pis
1907 412 2092 468 omni-
2122 425 2172 491 Α
2190 411 2407 480 justitia
2437 407 2765 474 confirmati,
2809 415 2864 461 et
2913 404 3256 461 corroborati
3291 421 3528 480 regnum
3571 407 3787 464 obtinere

479 516 584 570 bus
639 512 964 575 Germaniae,
1013 509 1220 573 Galliae,
1271 516 1433 578 atque
1492 507 1778 571 Neustriae,
1838 507 1893 559 in
1931 505 2097 578 regia).

484 607 783 674 majestatis
843 604 1062 659 culmen
1122 610 1390 671 perpetuo
1430 607 1788 672 regnaturum
1849 605 2099 651 statuens

481 699 646 771 elegi,
706 694 998 767 baptizavi,
1041 711 1071 747 a
1120 693 1272 747 fonte
1320 707 1474 746 sacro
1527 691 1771 759 suscepi,
1843 689 2101 758 donoque

482 789 816 861 septiformis
879 786 1116 854 Spiritus
1170 783 1519 856 consignavi,
1599 790 1653 835 et
1700 796 1797 850 per
1849 779 2102 847 ejusdem

480 879 620 934 sacri
640 875 953 934 chrismatis
981 874 1302 928 unctionem
1336 870 1590 926 ordinato
1640 870 1696 922 in
1732 884 1941 940 regem,
1975 883 2104 936 par-

484 984 633 1022 cens.
659 975 861 1029 statuo,
890 975 948 1017 ut
969 963 1012 1016 si
1045 960 1344 1032 aliquando
1372 974 1546 1031 genus
1588 957 1724 1011 illud
1768 956 1982 1029 regium
2005 971 2104 1024 per

485 1056 935 1111 benedictionem
994 1068 1178 1106 meam
1224 1049 1386 1104 toties
1419 1047 1650 1101 Domino
1701 1050 2102 1106 consecratum,

487 1147 628 1200 mala
657 1161 754 1214 pro
776 1143 937 1197 bonis
989 1140 1248 1203 reddens,
1277 1136 1631 1191 ecclesiarum
1697 1133 1789 1186 Dei
1827 1145 2102 1201 pervasor,

487 1235 819 1296 destructor,
845 1229 1236 1300 depopulator,
1283 1223 1485 1298 gravis,
1529 1231 1623 1276 aut
1653 1220 1961 1275 contrarius
1987 1218 2106 1272 exi-

488 1331 634 1377 stere
661 1321 916 1385 voluerit,
963 1315 1276 1372 convocatis
1309 1315 1600 1367 Remorum
1646 1310 1952 1363 diceceseos
1982 1307 2105 1378 epi-

489 1414 696 1484 scopis,
729 1412 966 1482 primum
1022 1415 1346 1462 moneatur:
1377 1413 1431 1460 et
1487 1403 1688 1458 deinde
1722 1400 1968 1455 Ecclesia
2001 1399 2110 1452 Re-

493 1505 670 1561 mensi
690 1505 746 1574 [i,
766 1501 1070 1570 Remeusis]
1098 1499 1340 1570 praefata,
1367 1498 1626 1566 adjuncta
1644 1495 1753 1548 sibi
1775 1508 1984 1555 sorore,
2007 1491 2109 1545 Ec—

491 1598 659 1653 clesia
689 1595 901 1650 scilicet
918 1593 1249 1656 Trevirensi,
1268 1591 1463 1645 iterum
1485 1587 1852 1643 conveniatur
1889 1585 1948 1654 [i,
1974 1599 2110 1638 con-

495 1685 719 1754 veniat].
788 1683 969 1737 Tertio
1019 1696 1172 1746 vero,
1232 1677 1666 1748 archiepiscopis
1728 1672 2110 1728 tantummodo

2200 510 2361 571 atque
2390 513 2595 571 augere
2652 495 2903 567 quotidie
2957 495 3175 548 valeant
3207 512 3219 547 :
3264 503 3321 548 et
3357 495 3415 548 in
3449 494 3609 550 domo
3634 496 3784 559 David,

2201 594 2306 646 hoc
2352 598 2434 644 est
2486 591 2542 643 in
2588 587 2799 643 caelesti
2861 586 3222 650 Hierusalem,
3289 601 3419 639 cum
3489 587 3702 641 Domino
3749 590 3787 641 in

2202 691 2472 738 aeternum
2534 677 2834 753 regnaturi,
2896 676 3180 731 sublimari
3251 687 3591 732 mereantur.
3634 680 3787 733 Amen.

2203 775 2487 828 Peractum
2530 772 2737 836 Remis,
2771 771 2872 824 dic’
2909 779 2963 824 et
3003 770 3232 825 consule
3279 769 3619 840 supradicto,
3647 771 3788 824 inter-

2203 861 2530 916 cedentibus
2561 867 2616 914 et
2637 859 2835 913 mediis
2855 858 3258 930 signatoribus.

2277 972 2302 998 (ι
2338 950 2448 1022 Ego
2499 948 2778 1020 Remigius
2830 946 3128 1017 episcOpus
3191 953 3592 1001 testamentum
3648 963 3792 1001 meum

2207 1041 2398 1113 relegi,
2444 1039 2677 1112 signavi,
2707 1038 3026 1108 subscripsi,
3089 1046 3143 1092 et
3182 1039 3240 1092 in
3278 1039 3512 1092 nomine
3552 1039 3720 1096 Patris,
3755 1045 3794 1091 ct

2208 1131 2351 1195 Filii,
2379 1137 2433 1184 et
2476 1127 2714 1198 Spiritus
2758 1127 2953 1190 sancti,
3009 1128 3119 1181 Deo
3157 1128 3494 1195 adjuvante,
3543 1127 3775 1195 complevi

2205 1224 2242 1288 «j-
2296 1219 2562 1274 Vedastus
2610 1217 2908 1287 cpiscopus
2957 1215 3045 1270 cui
3102 1224 3265 1285 pater
3338 1232 3502 1270 meus
3561 1215 3796 1288 Remigius

2208 1311 2512 1375 maledixit,
2570 1308 2849 1373 maledixi,
2914 1315 2968 1362 et
3028 1308 3115 1362 cui
3171 1307 3490 1371 benedixit,
3531 1306 3792 1360 benedixi:

2209 1402 2434 1458 interfui
2483 1417 2728 1472 quoque,
2787 1409 2953 1471 atque
3001 1398 3334 1468 subscripsi.
3393 1401 3432 1466 σιμ
3480 1396 3796 1452 Genebaudus

2208 1493 2506 1564 episcopus
2559 1492 2648 1546 cui
2701 1500 2858 1561 pater
2911 1505 3068 1543 meus
3124 1487 3419 1560 Remigius
3444 1486 3722 1546 maledixit,
3756 1497 3798 1537 et

2210 1581 2518 1646 maledixi,
2584 1589 2638 1634 et
2689 1580 2777 1634 cui
2834 1578 3152 1642 benidixit,
3224 1577 3500 1631 benedixi
3552 1593 3563 1628 :
3613 1572 3795 1628 interfui

2213 1688 2459 1745 quoque,
2513 1680 2680 1742 atque
2738 1669 3066 1740 subscripsi.
3121 1693 3154 1734 τ
3207 1667 3508 1723 Medardus
3551 1666 3798 1736 episcopus

495 1774 789 1828 Galliarum
822 1771 998 1826 tribus
1059 1776 1154 1823 aut
1208 1773 1444 1838 quatuor
1470 1763 1806 1828 convocatis,
1850 1761 2109 1831 princeps
2139 1750 2185 1816 Β
2213 1766 2300 1821 cui
2355 1772 2509 1835 pater
2574 1779 2729 1817 meus
2788 1761 3069 1835 Remigius
3152 1759 3494 1822 maledixit,
3542 1755 3796 1814 maledixi,

498 1868 611 1932 ille,
643 1866 965 1936 quicunque
1018 1862 1204 1927 fuerit,
1262 1865 1553 1913 moneatur
1585 1874 1596 1910 :
1631 1857 1708 1910 ita
1749 1863 1809 1908 ut
1839 1867 2015 1922 usque
2047 1851 2114 1904 ad

496 1958 784 2028 septimam
817 1955 1198 2013 monitionem,
1232 1951 1276 2005 si
1311 1950 1465 2020 prius
1491 1947 1814 2002 satisfacere
1846 1945 2115 2006 renuerit,

499 2054 736 2116 paternae
763 2044 979 2114 pietatis
1027 2039 1450 2115 longanimitate
1482 2036 1782 2090 differatur.
1834 2035 2114 2088 Tandem-

497 2154 627 2209 que,
649 2137 696 2190 si
747 2135 1068 2206 postpositis
1096 2132 1356 2187 omnibus
1409 2129 1648 2200 praefatis
1700 2126 2115 2182 benedictioni-

497 2227 602 2281 bus
662 2227 748 2296 [f.,
805 2222 1251 2290 monitionibus],
1313 2217 1709 2292 incorrigibilis
1753 2214 2116 2272 contumaciae

497 2319 752 2388 spiritum
783 2332 891 2371 non
921 2317 1266 2384 deposuerit,
1299 2319 1354 2365 et
1382 2327 1440 2364 se
1461 2327 1559 2380 per
1589 2309 1796 2369 omnia,
1823 2308 1934 2362 Deo
1951 2305 2115 2360 subdi

500 2407 716 2472 nolens,
747 2401 1236 2458 benedictionibus
1256 2398 1512 2453 Ecclesiae
1558 2397 1889 2467 participare
1917 2395 2114 2450 nolue-

505 2495 594 2551 rit.
639 2493 881 2566 elogium
940 2487 1342 2563 segregationis
1399 2503 1429 2540 a
1481 2500 1713 2556 corpore
1776 2483 1996 2548 Christi,
2053 2483 2120 2536 ab

503 2585 766 2641 omnibus
787 2585 838 2638 ei
868 2583 1204 2656 porrigatur,
1239 2579 1388 2650 quod
1437 2595 1536 2648 per
1589 2578 1913 2648 prophetam
1939 2583 1992 2630 et
2025 2591 2118 2629 re-

508 2691 630 2750 gem
651 2672 821 2727 David
852 2672 1013 2742 longe
1041 2678 1188 2732 ante,
1242 2667 1439 2722 eodem
1480 2682 1572 2737 qui
1621 2667 1677 2718 in
1708 2665 1986 2735 episcopis
2015 2674 2119 2731 est,

508 2766 748 2819 dictante
775 2761 982 2832 Spiritu
1011 2765 1223 2821 sancto,
1280 2755 1524 2810 noscitur
1559 2755 1910 2808 decantatum
1942 2770 1954 2806 :
1987 2753 2122 2817 Quia

508 2859 830 2924 persecutus
855 2857 958 2914 est,
1009 2845 1207 2916 inquit,
1244 2844 1525 2899 hominem
1580 2845 1825 2914 inopem,
1874 2849 1928 2897 et
1960 2857 2122 2895 men-

508 2942 711 3002 dicum,
744 2947 799 2993 et
829 2945 1220 3007 compunctum
1248 2934 1436 2997 corde,
1463 2942 1517 2988 et
1558 2947 1668 2987 non
1693 2941 1774 2986 est
1807 2932 2126 2986 recordatus

509 3031 691 3086 facere
722 3024 1183 3089 misericordiam,
1243 3032 1297 3076 et
1335 3022 1527 3076 dilexit
1566 3019 2040 3087 maledictionem,
2072 3027 2126 3074 et

512 3123 695 3179 veniet
720 3121 772 3175 ei
795 3138 810 3185 ;
835 3128 889 3174 et
915 3115 1578 3176 noluitbenedictionem,
1609 3123 1662 3167 et
1683 3112 2035 3187 elongabitur
2060 3112 2128 3166 ab

515 3232 582 3271 eo
613 3214 780 3281 (Psal.
811 3229 961 3275 cvm,
1010 3209 1096 3274 17,
1155 3209 1261 3276 18).
1318 3208 1622 3277 Totumque
1653 3206 1702 3260 ei
1735 3205 1882 3277 quod
1917 3205 1971 3258 in
2001 3221 2128 3274 per-

513 3321 652 3361 sona
677 3303 834 3358 ludas
865 3298 1147 3354 traditoris
1173 3296 1386 3351 Domini
1439 3295 1611 3350 nostri
1658 3295 1788 3349 Jesu
1831 3293 2048 3355 Christi,
2079 3302 2132 3346 et

515 3397 883 3470 malignorum
913 3392 1324 3462 episcoporum,
1364 3387 1598 3442 ecclesia
1645 3387 1936 3441 decantare
1968 3385 2128 3450 solet,

516 3506 615 3560 per
643 3487 886 3559 singulas
926 3484 977 3538 ei
1008 3484 1336 3538 decantetur
1363 3479 1643 3534 ecclesias.
1709 3477 1840 3548 quia
1869 3477 2134 3531 Dominus

516 3578 655 3633 dixit
687 3596 699 3630 :
731 3573 986 3641 Quandiu
1047 3572 1254 3626 fecistis
1304 3569 1398 3623 uni
1431 3585 1494 3623 ex
1525 3567 1773 3621 minimis
1805 3566 1966 3630 meis,
1996 3564 2132 3619 mihi

519 3671 729 3727 fecistis
763 3668 980 3736 (Matth.
1029 3681 1155 3730 xxv,
1200 3664 1290 3730 40)
1325 3679 1337 3715 :
1373 3670 1428 3715 et
1459 3659 1706 3731 quandiu
1740 3658 1826 3712 his
1855 3673 1966 3712 non
1998 3656 2134 3712 feci-

516 3763 638 3827 stis,
680 3776 782 3814 nec
810 3757 946 3812 mihi
965 3754 1176 3809 fecistis
1207 3753 1388 3822 (Ibid.,
1435 3750 1542 3819 45).
1579 3750 1640 3804 Et
1673 3748 1798 3804 ideo
1826 3747 1972 3818 quod
2001 3763 2135 3817 pro-

517 3852 679 3906 batur
709 3851 766 3903 in
795 3847 996 3917 capite,
1031 3846 1088 3899 in
1121 3842 1392 3899 membris
1420 3839 1845 3912 intelligendum
1877 3854 1998 3892 esse
2029 3852 2138 3892 non

519 3943 820 3999 dubitetur.
880 3941 1054 3994 Unum
1109 3936 1486 3992 tantummodo
1522 3934 1599 3987 ibi
1645 3931 1871 3987 verbum
1923 3946 2022 3999 per
2050 3929 2140 3983 in-

518 4035 932 4108 terpositionem
991 4039 1402 4086 commutetur:
1435 4028 1590 4082 Fiant
1644 4026 1766 4079 dies
1797 4023 1917 4091 ejus
1955 4022 2137 4091 pauci,

517 4135 572 4181 et
621 4123 991 4195 principatum
1023 4121 1142 4189 ejus
1175 4119 1411 4190 accipiat
1466 4118 1605 4173 alter
1656 4114 1822 4180 (Psal.
1883 4127 2027 4175 cvm,
2060 4114 2135 4178 8).

518 4217 672 4282 Quod
699 4215 890 4286 utique
921 4213 966 4267 si
1014 4227 1365 4268 successores
1411 4213 1518 4266 mei
1576 4211 1874 4266 Remorum
1929 4208 2142 4265 scilicet

518 4306 944 4378 archiepiscopi,
977 4305 1218 4376 cperari,
1249 4305 1394 4360 sicut
1452 4321 1481 4358 a
1536 4320 1622 4359 me
1679 4304 1995 4360 ordinatum
2039 4308 2140 4366 est,

521 4397 880 4472 neglexerint,
912 4397 1042 4450 inse
1084 4395 1357 4468 quidquid
1409 4395 1465 4447 in
1498 4393 1846 4464 principibus
1883 4407 2142 4447 resecan-

518 4489 648 4543 dum
677 4486 876 4552 fuerat,
909 4484 1396 4541 maledictionibus
1434 4483 1719 4554 depravati
1749 4483 2051 4553 reperiant,
2081 4487 2142 4535 ut

522 4579 656 4634 fiant
681 4578 803 4632 dies
831 4592 1021 4632 eorum
1045 4578 1230 4649 pauci,
1263 4577 1647 4647 episc0patum
1688 4591 1879 4629 eorum
1907 4573 2143 4643 accipiat

520 4672 680 4727 alter.
709 4670 761 4724 Si
794 4685 923 4724 vero
981 4670 1247 4725 Dominus
1277 4684 1433 4722 meus
1475 4667 1634 4721 Jesus
1674 4665 1921 4720 Christus
1950 4679 2141 4719 vocem

522 4761 792 4819 orationis
837 4777 993 4829 meae,
1052 4777 1215 4832 quam
1271 4757 1523 4829 quotidie
1579 4772 1677 4826 pro
1726 4771 1930 4829 genere
1962 4756 2055 4810 illo
2090 4757 2142 4809 in

524 4860 823 4924 conspectu
851 4853 1052 4907 divime
1084 4849 1388 4919 majestatis
1435 4847 1752 4918 specialiter
1805 4846 1998 4914 fundo,
2048 4863 2148 4901 au-

523 4945 643 4999 dire
673 4943 934 5017 dignatus
1005 4940 1192 5003 fuerit,
1243 4944 1301 4990 ut
1347 4935 1488 4990 sicut
1526 4953 1557 4989 a
1603 4950 1689 4988 me
1745 4937 1958 5006 accepit
1988 4936 2064 4990 ita
2091 4938 2146 4991 in

523 5035 888 5107 dispositione
915 5032 1090 5106 regni,
1123 5037 1177 5084 et
1199 5028 1551 5085 ordinatione
1597 5035 1802 5084 sanctae
1826 5028 1920 5082 Dei
1952 5028 2144 5083 Eccle-

525 5125 622 5182 siae
650 5128 985 5196 perseveret,
1037 5117 1544 5184 benedictionibus,
1580 5135 1715 5191 quas
1753 5118 1990 5189 Spiritus
2010 5133 2145 5172 san-

525 5224 646 5270 ctus
673 5229 773 5284 per
805 5226 1025 5264 manum
1055 5224 1235 5264 meam
1261 5209 1624 5280 peccatricem
1646 5226 1814 5280 super
1830 5216 1996 5280 caput
2025 5207 2149 5276 ejus

526 5303 751 5368 infudit,
795 5301 1044 5371 plurima:
1073 5317 1242 5372 super
1262 5310 1429 5372 caput
1461 5302 1728 5358 illustrius
1760 5318 1859 5372 per
1887 5299 2148 5356 eumdem

527 5393 794 5465 Spiritum
825 5398 1072 5446 sanctum
1125 5393 1572 5463 superaddantur
1600 5410 1613 5458 ;
1647 5399 1702 5447 et
1733 5408 1798 5446 ex
1836 5392 1958 5461 ipso
1990 5405 2152 5461 reges

528 5495 584 5541 et
613 5485 977 5554 imperatores
1028 5485 1353 5554 procedant,
1413 5485 1505 5556 qui
1552 5485 1608 5538 in
1661 5483 1942 5554 presenti,
1999 5489 2055 5535 et
2093 5480 2151 5533 in

531 5574 739 5641 futuro,
784 5572 938 5642 juxta
985 5573 1320 5630 voluntatem
1374 5573 1612 5637 Domini,
1678 5572 1747 5626 ad
1793 5575 2150 5644 augmentum

529 5672 734 5724 sanctae
760 5678 874 5720 suae
896 5661 1172 5728 Ecclesiae,
1226 5663 1429 5721 virtute
1467 5661 1716 5730 ejusdem
1756 5661 1813 5716 in
1856 5660 2068 5728 judicio
2096 5666 2152 5714 et

2165 4439 2223 4509 D

2219 1867 2273 1912 et
2319 1857 2406 1911 cui
2475 1855 2814 1917 benedixit,
2876 1852 3139 1907 benedixi
3201 1870 3214 1905 :
3283 1849 3513 1905 interfui
3570 1862 3796 1920 quoque,

2216 1957 2382 2019 atque
2438 1946 2764 2017 subscripsi.
2838 1948 2876 2012 τι
2931 1945 3115 2013 Lupus
3183 1945 3491 2013 epiSCOpus
3543 1940 3623 1996 cui
3676 1945 3798 2008 pater

2218 2056 2372 2094 meus
2402 2038 2688 2112 Remigius
2742 2035 3052 2099 maledixit,
3099 2034 3391 2099 maledixi,
3453 2040 3507 2087 et
3535 2031 3614 2086 cui
3658 2030 3795 2082 benc-

2218 2128 2375 2193 dixit,
2417 2123 2704 2190 benedixi,
2768 2123 2990 2179 interfui
3020 2139 3266 2195 quoque,
3340 2129 3505 2192 atque
3549 2115 3796 2184 subcripsi.

2218 2220 2254 2285 ἡ·
2281 2217 2610 2271 Benedictus
2662 2213 2958 2283 episcOpus
3007 2213 3092 2266 cui
3154 2220 3320 2282 pater
3365 2225 3518 2264 meus
3563 2205 3797 2278 Remigius

2219 2304 2525 2370 maledixit,
2556 2301 2835 2365 maledixi,
2869 2309 2923 2355 et
2976 2300 3064 2354 cui
3095 2299 3411 2365 benedixit,
3445 2296 3682 2351 benedixi
3716 2293 3798 2345 :in‘

2221 2395 2379 2449 terfui
2397 2409 2640 2465 quoque,
2665 2401 2832 2463 atque
2854 2391 3180 2461 subscripsi.
3218 2392 3258 2458 -j-
3275 2387 3537 2462 Eulogius
3556 2385 3796 2455 episcopus

2222 2487 2316 2541 Cui
2376 2496 2532 2557 pater
2564 2502 2722 2540 meus
2779 2484 3061 2558 Remigius
3115 2480 3434 2545 maledixit,
3493 2473 3736 2534 maledixi,
3757 2479 3796 2523 et

2222 2575 2308 2629 cui
2332 2575 2632 2640 benedixit,
2664 2574 2926 2628 benedixi
2951 2592 2967 2626 :
2997 2571 3223 2626 interfui
3255 2584 3502 2642 quoque,
3520 2575 3668 2636 atque
3692 2560 3796 2614 sub-

2222 2664 2439 2733 scripsi.
2472 2666 2510 2730 +
2548 2662 2800 2735 Agricola
2850 2660 3137 2732 presbyter
3189 2660 3282 2715 cui
3329 2667 3486 2729 pater
3527 2668 3666 2707 meus
3709 2650 3793 2702 lle-

2224 2753 2425 2827 migius
2458 2751 2762 2817 maledixit,
2795 2749 3073 2815 maledixi,
3135 2756 3190 2803 et
3214 2748 3305 2804 cui
3347 2742 3636 2803 benedixit,
3654 2741 3793 2792 benc-

2225 2845 2336 2899 dixi
2373 2861 2385 2896 :
2419 2842 2640 2896 interfui
2666 2857 2911 2912 quoque.
2972 2848 3138 2912 atque
3169 2837 3504 2908 subscripsi.
3536 2838 3570 2902 -j~
3592 2829 3797 2886 Theodo-

2228 2938 2355 2991 nius
2386 2936 2673 3006 presbyter
2703 2935 2788 2988 cui
2849 2941 3005 3005 pater
3035 2948 3194 2987 meus
3236 2930 3522 3003 Remigius
3545 2920 3795 2979 maledixit.

2230 3026 2484 3080 maledixi
2524 3042 2535 3078 :
2571 3032 2625 3079 et
2658 3024 2746 3079 cui
2782 3022 3089 3086 benedixit,
3123 3020 3413 3085 benedixi,
3450 3013 3654 3071 interfui
3684 3023 3794 3081 quo-

2231 3135 2361 3189 que,
2413 3125 2576 3188 atque
2639 3116 2965 3187 subscripsi.
3023 3118 3061 3183 -j-
3121 3113 3381 3169 Celsinus
3440 3109 3701 3181 presbyter
3733 3098 3794 3154 cui

2232 3215 2562 3278 patermeus
2591 3205 2876 3276 Remigius
2898 3203 3206 3269 maledixit,
3239 3199 3516 3263 maledixi,
3549 3205 3598 3251 et
3615 3193 3688 3248 cui
3721 3190 3796 3242 be-

2234 3296 2460 3358 nedixit,
2497 3295 2758 3348 benedixi
2800 3312 2811 3346 :
2846 3293 3070 3347 interfui
3121 3309 3372 3364 quoque,
3422 3296 3576 3358 atque
3604 3278 3797 3337 subscri-

2234 3386 2337 3456 psi.
2370 3388 2408 3452 -ί-
2438 3385 2496 3438 V.
2524 3384 2579 3437 C.
2605 3384 2879 3452 Pappolus
2927 3381 3177 3447 interfui,
3217 3391 3274 3436 et
3310 3375 3620 3445 subscripsi.
3659 3370 3706 3423 ν.
3753 3364 3793 3418 C.

2236 3477 2499 3533 Eulodius
2548 3475 2791 3540 interfui,
2845 3481 2898 3527 ct
2926 3473 3258 3544 subscripsi.
3291 3475 3350 3526 V.
3382 3471 3436 3526 C.
3472 3464 3712 3523 Eusebius
3736 3459 3798 3511 in-

2235 3569 2422 3633 terfui,
2456 3576 2510 3623 et
2549 3567 2879 3638 subscripsi.
2933 3567 2991 3620 V.
3045 3566 3101 3621 C.
3166 3564 3478 3622 Rusticolus
3522 3553 3733 3618 interfui,
3759 3556 3794 3638 el

2234 3659 2468 3734 signavi.
2511 3659 2570 3712 V.
2607 3656 2660 3711 C.
2703 3636 2997 3729 Eutropius
3050 3656 3304 3723 interfui,
3357 3663 3411 3711 et
3443 3636 3794 3727 signavi.V.C.

2244 3751 2472 3804 Daweus
2493 3748 2740 3812 interfui,
2775 3756 2829 3802 et
2854 3748 3091 3821 signavi.

2322 3860 2343 3889 ι
2376 3840 2502 3894 Post
2545 3839 2828 3894 conditum
2858 3845 3271 3902 testamentum,
3304 3837 3414 3890 imo
3435 3831 3793 3904 signatum.00'

2240 3928 2410 3982 currit
2434 3926 2695 3982 sensibus
2725 3927 2884 3991 meis,
2906 3936 2968 3981 ut
2997 3926 3244 3981 basilica}
3275 3926 3607 3992 ,rdomnorum
3629 3915 3790 3973 marty-

2243 4037 2360 4075 rum
2398 4021 2668 4075 Timothei
2711 4027 2765 4074 et
2805 4020 3136 4090 Apollinaris
3165 4018 3478 4073 missorium
3530 4010 3792 4080 argenteum

2241 4130 2334 4168 sex
2357 4113 2620 4167 librarum
2675 4112 2753 4166 ibi
2800 4114 3086 4182 deputem,
3151 4119 3210 4166 ut
3266 4128 3332 4166 ex
3363 4123 3428 4164 eo
3483 4103 3630 4159 sedes
3657 4095 3791 4150 futura

2246 4217 2493 4258 meorum
2531 4201 2737 4256 ossium
2765 4209 3149 4271 componatur.
3185 4225 3209 4246 ιο

2543 4281 2549 4286 ”
2867 4291 3076 4347 CAPUT
3103 4293 3233 4347 XIX.

2245 4389 2319 4441 De
2347 4385 2578 4440 medio
2612 4387 2782 4455 pestis
2838 4388 3186 4454 inguinariaz,
3235 4389 3287 4439 et
3314 4379 3510 4437 caeteris
3547 4385 3636 4443 per
3651 4369 3790 4436 ipsum

2940 4481 3168 4535 collatis.

2314 4569 2440 4623 Post
2464 4567 2630 4636 huius
2677 4567 2981 4622 beatissimi
3025 4569 3203 4622 Patris
3245 4566 3474 4627 obitum,
3511 4578 3530 4607 ι
3566 4565 3670 4609 cum
3705 4543 3790 4595 lues

2245 4659 2578 4733 inguinaria,
2617 4684 2641 4705 ι»
2696 4659 2869 4714 veluti
2909 4661 3207 4734 Gregorius
3256 4648 3575 4712 Turonensis
3623 4636 3788 4694 enarra!

2248 4755 2339 4823 (De
2363 4754 2549 4810 Gloria
2568 4754 2792 4820 confess.
2843 4770 2891 4807 c.
2941 4733 3052 4822 79),
3081 4775 3100 4801 ι
3133 4752 3396 4824 populum
3419 4745 3594 4817 prima:
3619 4733 3789 4824 (ierim:

2247 4840 2356 4894 nite
2386 4841 2717 4906 devastaret,
2779 4847 2836 4895 et
2873 4818 3066 4896 omnes
3110 4818 3275 4910 hujus
3310 4833 3478 4892 cladis
3523 4818 3792 4910 terrerentur

2249 4932 2456 4996 auditu.
2486 4934 2765 4988 concurrit
2793 4934 3081 4989 Remensis
3114 4933 3350 5005 p0pulus
3369 4928 3433 4983 ad
3455 4915 3609 4979 sancti
3645 4897 3787 5005 ἥρω’

2249 5037 2424 5088 αὐτην
2458 5037 2764 5094 congruum
2817 5023 2982 5091 hujus
3036 4995 3216 5078 causae
3246 5018 3484 5093 ﬂagitare
3524 4995 3784 5086 remedium.

2249 5113 2509 5168 Accensis
2550 5115 2747 5181 cereis,
2797 5115 3124 5187 lychnisque
3182 5091 3426 5170 accensis
3490 5113 3586 5155 non
3626 5091 3783 5187 Paucl'f:

2250 5202 2489 5274 hymnis,
2534 5173 2880 5274 psalmisque
2929 5167 3251 5260 coelestibus
3312 5214 3404 5271 per
3434 5197 3584 5248 totam

2251 5295 2488 5347 noctem.
2522 5291 2678 5346 Mane
2710 5257 2895 5347 aufem
2924 5293 3068 5348 facto
3096 5293 3231 5364 quid
3254 5257 3427 5346 adhuc
3448 5264 3658 5351 ιποοδίυί

2255 5381 2310 5434 in
2359 5386 2589 5435 tractatu
2634 5381 2884 5436 rimatur.
2945 5348 3250 5453 Reperiunt
3309 5371 3518 5432 etenim,
3569 5348 3784 5453 revelannle

2253 5473 2385 5538 Deo,
2407 5472 2647 5541 qualiter
2663 5475 2918 5530 oratione
2969 5475 3274 5546 praemissa,
3309 5460 3488 5534 maiori
3511 5453 3661 5546 adhuc
3684 5444 3780 5546 Em;

2252 5564 2567 5638 pugnaculo
2594 5565 2751 5620 urbis
2768 5568 3187 5641 prOpugnacula
3212 5560 3556 5620 munirentur.
3582 5532 3783 5641 Assurgit:

2392 5659 2563 5730 igitur
2617 5619 2817 5728 pallain
2845 5619 3404 5729 ide—abeatisepulcro
3432 5621 3714 5705 componunt
3738 5619 3778 5660 ιη
