3970 6212
196 309 253 364 69
819 303 1140 359 HISTORl/E
1180 302 1513 359 ECCLESUE
1551 302 1877 358 REMENSIS
1919 303 2093 359 LIBRI
2132 303 2457 370 QUATUOR.
2492 337 2555 345 —-
2599 306 2723 361 LIB.
2770 308 2812 362 Ι.
3421 310 3492 364 70

196 438 401 493 modum
418 434 620 499 feretri,
653 434 1013 505 accensisque
1055 450 1225 505 super
1254 449 1447 488 cruces
1467 434 1660 500 cereis,
1691 440 1777 488 at-
1806 438 1853 504 Α
1878 432 2213 499 balbutiens,
2265 443 2319 489 et
2348 435 2435 489 vix
2456 449 2768 489 sermonem
2822 435 3097 505 explicare
3142 437 3347 504 valens,
3381 439 3454 493 ait
3482 458 3494 492 :

200 545 292 600 que
311 525 661 591 ceroferariis,
704 526 835 580 dant
860 541 1024 581 voces
1049 526 1104 579 in
1128 526 1361 580 canticis
1392 542 1405 589 ;
1438 524 1781 580 circumeunt
1882 526 2101 580 Deferte
2129 542 2215 580 me
2245 527 2313 580 ad
2346 526 2629 582 basilicam
2670 527 2844 581 sancti
2873 544 2885 581 :
2917 536 2970 582 et
3001 536 3496 601 quantumcunque

200 618 369 671 urbem
392 631 511 669 cum
535 615 689 679 vicis,
724 630 828 669 nec
864 623 1201 685 praetereunt
1248 614 1423 669 ullum
1456 615 1779 685 hospitium,
1882 634 2048 689 super
2079 634 2164 672 me
2187 618 2245 689 [i,
2278 619 2427 689 apud
2478 618 2582 689 me]
2625 620 2743 674 auri
2785 627 2868 674 est
2911 620 2978 673 ad
3036 623 3349 691 sepulcrum
3380 623 3500 690 ejus

201 708 333 780 quod
362 722 466 762 non
521 707 624 761 hac
680 705 1063 761 circumitione
1117 707 1464 762 concludant.
1510 708 1619 761 Nec
1658 717 1783 779 post
1884 706 2169 776 projicite:
2205 707 2426 776 peccavi
2467 708 2616 761 enim
2671 708 2975 763 auferendo
3027 725 3115 764 res
3174 712 3314 779 ejus.
3345 713 3502 781 Aspi-

202 800 379 855 multos
403 799 521 853 dies
542 798 680 853 fines
710 799 875 868 hujus
901 799 1136 853 civitatis
1182 800 1300 853 lues
1330 800 1780 872 aggrediturme-
1883 795 2036 849 ciens
2063 803 2246 850 autem
2287 796 2447 851 dator
2472 797 2650 867 campi
2688 798 2837 851 hunc
2874 814 2999 853 cum
3054 800 3376 854 muneribus
3403 801 3502 855 de-

203 900 402 947 morata.
434 892 817 946 Verumtamen
839 908 1013 963 usque
1032 892 1099 945 ad
1125 906 1250 945 eum
1278 891 1458 946 locum
1487 891 1777 954 accedens,
1881 885 2031 951 ferri,
2063 886 2140 941 ait
2172 904 2184 940 ε
2217 887 2326 941 Nec
2347 888 2584 958 aCCipiaS
2637 904 2847 958 (Ιυωεο,
2906 897 3092 945 sancte
3124 890 3239 957 Dci,
3275 908 3501 947 munera

202 999 295 1055 quo
320 983 459 1037 beati
490 983 692 1056 pignus
721 983 975 1045 accessit,
1007 999 1070 1037 ac
1112 983 1157 1037 si
1192 983 1551 1039 constitutum
1582 998 1782 1038 cerne-
1882 976 2003 1044 ejus
2032 992 2155 1046 qua:
2177 992 2455 1047 nunquam
2516 977 2720 1047 cupide
2751 976 3003 1047 accipere
3034 980 3391 1035 consuevisti.
3427 981 3503 1035 Ne

203 1085 271 1132 ret
293 1077 601 1141 terminum,
635 1076 780 1131 intro
814 1076 1027 1149 ingredi
1062 1091 1171 1129 non
1194 1084 1279 1130 est
1307 1092 1456 1141 ausa,
1486 1077 1583 1130 sed
1618 1078 1781 1132 etiam
1882 1068 1976 1134 Sis,
2011 1070 2301 1140 ἀθρτθοοτ.
2341 1069 2561 1137 adiutor
2593 1070 2733 1137 ejus!
2785 1071 2879 1141 (Illi
2905 1070 3279 1126 inﬂammante
3301 1088 3506 1127 concu-

202 1181 308 1236 quaa
338 1166 389 1218 in
409 1165 682 1235 principio
730 1171 1065 1235 pervaserat,
1099 1165 1264 1232 hujus
1311 1166 1531 1219 virtutis
1562 1168 1787 1237 repulsu

203 1256 418 1327 reliquit.
453 1278 472 1306 ι
516 1256 681 1310 Multa
709 1256 952 1327 denique
1013 1258 1358 1327 postmodum
1387 1259 1455 1312 ad
1480 1260 1655 1330 ipsius
1689 1276 1785 1315 se-

204 1346 425 1415 pulcrum
475 1354 603 1400 sunt
659 1345 925 1399 divinitus
968 1352 1187 1401 ostensa
1227 1348 1511 1414 miracula,
1545 1364 1667 1420 quaz
1692 1366 1791 1421 per

203 1434 569 1507 negligentiam
599 1450 708 1490 non
748 1435 1022 1488 habentur
1050 1436 1271 1506 scripta.

810 1522 1028 1576 CAPUT
1055 1523 1164 1577 XX.

204 1617 265 1667 De
298 1615 645 1667 translatione
671 1614 909 1682 corporis
948 1614 1143 1681 ipsius,
1188 1617 1237 1665 et
1267 1614 1593 1682 quibusdam
1622 1614 1796 1669 denuo

692 1704 932 1771 patratis
968 1702 1272 1755 miraculis.

1888 1159 2158 1229 piscentia
2195 1176 2373 1213 rerum
2435 1169 2651 1213 tuarum
2684 1176 2921 1231 nequam
2965 1178 3251 1231 possessor
3278 1164 3503 1219 exstitit.

1888 1250 1995 1303 Nec
2025 1251 2237 1305 distulit
2264 1258 2488 1305 sanctus
2512 1251 2704 1305 audire
2722 1267 2913 1306 vocem
2945 1254 3204 1322 pauperis
3226 1255 3309 1308 sui
3337 1273 3349 1308 :
3382 1273 3505 1309 nam

1889 1342 2055 1396 homo
2082 1342 2177 1396 ille
2205 1342 2331 1396 licet
2382 1342 2627 1397 dedisset
2691 1359 2940 1407 munera,
2998 1345 3241 1399 ostendit
3286 1353 3510 1401 sanctus

1895 1430 2111 1485 Domini
2138 1447 2197 1485 se
2227 1432 2337 1493 illa,
2374 1447 2484 1485 non
2516 1438 2852 1501 acceptasse,
2894 1432 3025 1485 dum
3056 1433 3275 1487 rediens
3306 1451 3507 1504 perva-

1895 1534 1986 1574 sor
2026 1520 2249 1574 domum
2282 1519 2463 1574 amisit
2509 1519 2786 1589 spiritum,
2841 1526 2895 1574 et
2922 1521 3131 1591 recepit
3160 1522 3398 1577 ecclesia
3424 1540 3512 1577 res

1896 1628 2042 1666 suas.

1965 1699 2327 1771 Temporibus
2357 1700 2646 1771 Chilperici
2692 1702 3021 1756 Francorum
3055 1703 3199 1773 regis
3239 1704 3513 1759 exstitisse

262 1794 471 1863 Sepulto
496 1792 665 1866 igitur
710 1794 763 1846 in
810 1798 1228 1862 praamemorata
1258 1791 1505 1854 basilica,
1541 1792 2069 1871 beatissi-Bfertur
2122 1791 2527 1856 Moderamnus,
2598 1792 3203 1862 Redonensis(Renncs)
3266 1795 3515 1849 ecclesiae

204 1882 265 1935 mi
294 1882 523 1956 Remigii
547 1897 800 1951 corpore,
842 1897 967 1936 cum
999 1881 1165 1936 multa
1204 1881 1589 1951 stupendaque
1621 1882 1674 1935 in
1702 1897 1797 1935 ea-

203 1971 310 2024 dem
340 1988 433 2041 per
457 1971 680 2025 Domini
736 1970 967 2045 gratiam
1017 1971 1212 2025 ﬁerent
1267 1971 1547 2033 miracula,
1573 1970 1797 2026 dilatata

204 2061 485 2114 etexaltata
541 2068 624 2113 est
680 2061 796 2129 ipsa
847 2060 1099 2126 ecclesia,
1131 2060 1382 2130 factaque
1433 2067 1622 2130 crypta
1673 2070 1799 2129 post

200 2147 347 2202 altare
376 2149 429 2202 in
459 2164 576 2219 qua
609 2147 999 2202 transferretur
1024 2147 1227 2221 pignus
1255 2147 1591 2202 venerabile.
1629 2148 1795 2202 Dete-

200 2246 319 2308 gunt
342 2238 510 2292 humo
551 2237 811 2298 loculum,
860 2253 969 2306 quo
1020 2244 1384 2306 praeparatum
1416 2238 1699 2307 deponant
1742 2238 1797 2291 in

198 2336 409 2395 antrum,
431 2329 540 2384 sed
571 2330 751 2399 ipsum
777 2328 995 2398 penitus
1024 2344 1246 2383 movere
1268 2344 1381 2383 non
1415 2338 1665 2398 possunt.
1692 2329 1796 2382 Su-

202 2419 541 2485 perveniente
581 2432 711 2471 vero
748 2424 907 2471 nocte
934 2417 1119 2470 multis
1138 2417 1386 2471 accensis
1413 2417 1796 2481 luminaribus,

201 2507 324 2562 circa
351 2508 533 2562 noctis
562 2506 803 2561 medium
844 2520 1013 2575 sopor
1061 2504 1398 2559 excubantes
1415 2512 1648 2575 occupat
1678 2521 1798 2560 om-

203 2610 301 2649 nes.
357 2597 577 2661 Quibus
634 2593 1071 2668 evigilantibus,
1132 2594 1413 2648 invenitur
1460 2600 1801 2647 transvectus

203 2700 336 2739 sacro
386 2702 524 2742 cum
579 2684 840 2739 thesauro
883 2682 1279 2757 sarcophagus,
1321 2682 1377 2735 in
1434 2689 1800 2753 praeparatum

204 2784 310 2837 (non
336 2775 436 2829 nisi
475 2773 748 2828 manibus
786 2772 1075 2849 angelicis)
1116 2770 1492 2827 habitaculum
1542 2772 1805 2840 deporta-

204 2871 292 2919 tus.
352 2866 639 2936 Tantaque
692 2865 876 2920 cuncti
930 2864 1215 2934 replentur
1269 2863 1457 2918 odoris
1509 2862 1801 2928 suavitate,

202 2960 651 3028 quantamlingua
673 2957 1189 3012 nonvalethumana
1221 2956 1530 3028 propalare.
1560 2955 1689 3019 Quae
1713 2956 1804 3009 de-

1897 1882 2116 1952 praesul,
2159 1881 2242 1934 vir
2268 1880 2441 1935 nobili
2472 1881 2731 1951 prosapia
2749 1881 3017 1936 oriundus
3040 1898 3051 1934 :
3078 1882 3171 1952 qui
3209 1899 3307 1951 per
3334 1882 3511 1937 licen-

1897 1974 2029 2027 tiam
2071 1971 2315 2044 przedicti
2347 1972 2493 2043 regis
2532 1972 2721 2025 limina
2748 1974 2926 2027 sancti
2954 1972 3094 2026 Petri
3128 1973 3281 2027 adire
3313 1972 3511 2044 dispo-

1898 2077 2059 2129 nens,
2083 2060 2302 2115 divertit
2357 2062 2410 2114 in
2460 2060 2857 2115 monasterium
2890 2060 3038 2116 beati
3071 2061 3305 2135 Remigii
3348 2062 3513 2117 situm

1900 2152 1953 2205 in
1985 2150 2253 2205 suburbio
2306 2149 2591 2203 Remensis
2636 2149 2807 2203 urbis.
2868 2150 2967 2203 Ubi
3026 2150 3327 2205 liberaliter
3357 2169 3386 2206 a
3416 2152 3518 2206 fra-

1898 2241 2075 2301 tribus
2095 2240 2344 2309 ejusdem
2376 2239 2483 2294 loci
2533 2248 2846 2309 susceptus,
2896 2241 3213 2311 impetravit
3253 2259 3283 2295 a
3315 2244 3517 2297 Berne-

1900 2334 2071 2387 hardo
2105 2347 2386 2386 sacrorum
2446 2332 2679 2387 custode
2727 2332 2989 2404 reliquias
3019 2334 3090 2387 de
3120 2334 3281 2399 stola,
3314 2335 3518 2402 cilicio,

1900 2431 2063 2493 atque
2113 2421 2334 2476 sudario
2401 2423 2577 2476 sancti
2636 2422 2891 2497 Remigii.
2980 2422 3189 2487 Quibus
3246 2430 3525 2497 gratanter

1900 2511 2164 2581 acceptis.
2216 2510 2321 2563 iter
2352 2510 2655 2580 incoeptum
2708 2512 2864 2565 laetus
2893 2526 3085 2583 agens,
3118 2512 3249 2565 dum
3280 2521 3525 2581 permeat

1903 2603 2132 2667 Italiam,
2158 2602 2214 2655 in
2240 2611 2428 2656 monte
2456 2602 2767 2656 Bardonum
2801 2603 3037 2673 quadam
3068 2611 3230 2657 nocte
3260 2612 3522 2658 metatum

1903 2693 2133 2758 habens,
2174 2699 2507 2747 memoratas
2564 2692 2619 2745 in
2676 2692 2818 2747 ilicis
2872 2707 3024 2746 ramo
3087 2693 3526 2762 suspenditreli-

1907 2783 2084 2854 quias.
2110 2782 2355 2853 Cumque
2396 2781 2640 2837 diluculo
2690 2796 2945 2853 surgens,
2977 2780 3079 2835 iter
3115 2790 3355 2852 coaptum
3388 2783 3528 2836 arri-

1906 2877 2082 2942 peret,
2114 2872 2405 2925 immemor
2445 2870 2641 2924 harum
2670 2871 2847 2938 (nutu,
2886 2884 2987 2923 ceu
3022 2870 3285 2936 creditur,
3320 2871 3528 2937 divino)

1906 2962 2025 3017 hac
2073 2959 2280 3014 ibidem
2323 2974 2639 3013 remansere
2698 2958 2949 3030 pignora.
3009 2958 3349 3014 Procedente
3398 2975 3531 3015 vero

200 3044 801 3103 lectationisammuitas
822 3047 880 3100 in
900 3046 1117 3112 eadem,
1149 3052 1433 3116 pertotam
1450 3044 1599 3099 diem
1629 3044 1801 3109 illam,
1830 3075 1878 3141 Ο
1905 3050 2188 3121 aliquanto
2220 3048 2440 3122 longius
2494 3047 2778 3117 episcopo,
2833 3046 2929 3100 ubi
2977 3048 3293 3103 relictarum
3322 3063 3533 3103 memor

207 3135 294 3189 sed
310 3145 362 3193 et
387 3137 441 3193 in
468 3136 737 3203 crastina,
771 3134 1141 3207 perseveravit
1184 3134 1444 3190 Ecclesia.
1507 3134 1615 3189 liae
1643 3133 1809 3207 igitur

212 3222 287 3278 die
334 3225 706 3283 translationis
759 3225 899 3293 ejus,
951 3223 1167 3278 scilicet
1227 3222 1485 3277 Kalendis
1538 3222 1805 3287 Octobris,

208 3330 316 3371 cum
339 3318 535 3373 divinis
547 3317 1051 3387 Iaudibussumptaa
1063 3324 1192 3371 sunt
1230 3314 1479 3386 reliquiae
1507 3314 1575 3368 de
1594 3313 1812 3384 capillis

211 3404 333 3472 ejus,
389 3407 598 3472 casula,
656 3405 946 3476 tunicaque
998 3405 1291 3475 ipsiuszet
1345 3404 1640 3475 integrum,
1681 3403 1812 3458 licet

214 3497 543 3566 exsiccatum,
581 3515 782 3568 corpus
841 3498 1087 3566 ejusdem
1124 3497 1294 3552 rubeo
1323 3502 1537 3552 constat
1566 3495 1811 3549 brandeo

219 3584 526 3642 involutum.

275 3678 363 3733 Iiic
388 3681 577 3751 itaque
636 3678 795 3732 Pater
840 3678 1197 3741 reverendus,
1228 3676 1361 3731 etin
1399 3675 1511 3731 vita
1540 3675 1813 3744 corporis,

216 3776 264 3823 et
316 3782 433 3841 post
485 3772 724 3837 obitum,
774 3771 915 3826 sicut
970 3769 1202 3825 inﬁrmis
1251 3769 1548 3824 sanitatum
1588 3765 1819 3840 gratiam

213 3866 452 3931 contulit,
482 3866 566 3919 sic
592 3871 647 3918 et
688 3864 743 3917 in
775 3879 1098 3933 pervasores
1127 3863 1212 3917 vel
1249 3867 1682 3933 praesumptores
1709 3873 1818 3913 saa-

214 3951 425 4019 pissime
456 3953 659 4007 vindex
686 3952 958 4023 apparuit.
989 3953 1063 4007 De
1092 3966 1203 4022 quo
1233 3950 1491 4021 praefatus
1520 3948 1819 4019 episcOpus

213 4041 494 4116 Gregorius
517 4042 726 4098 referre
774 4042 1005 4109 studuit,
1048 4043 1196 4114 quod
1219 4059 1286 4095 ex
1319 4041 1491 4111 ipsius
1523 4041 1612 4095 hic
1638 4039 1825 4095 verbis

216 4132 394 4189 indere
434 4135 642 4206 placuit
681 4136 936 4203 (Gaacoa.
985 4136 1139 4200 Tum,
1194 4135 1286 4188 ubi
1332 4138 1520 4201 supra)
1561 4151 1576 4185 :
1611 4154 1635 4179 α
1700 4131 1827 4185 Erat

216 4226 353 4280 enim
386 4227 532 4281 haud
546 4227 740 4297 procul
774 4244 804 4281 a
834 4226 1061 4281 basilica
1083 4227 1216 4295 (scil.
1252 4227 1309 4281 S.
1341 4225 1594 4291 Remigii)
1618 4222 1827 4277 fundus

215 4313 399 4369 tellure
432 4315 710 4370 fecundus
750 4316 904 4385 (tales
953 4316 1147 4370 incolae
1196 4314 1351 4369 Olcas
1409 4316 1618 4381 vocant)
1661 4320 1716 4365 et
1740 4312 1832 4366 hic

1910 3142 1973 3196 fit
1998 3140 2379 3212 reliquiarum,
2408 3155 2568 3194 suum
2626 3138 2808 3193 statim
2841 3138 2909 3191 ad
2944 3138 3038 3191 has
3070 3139 3414 3209 recipiendas
3447 3140 3535 3193 di-

1917 3231 2045 3306 rigit
2065 3230 2348 3293 clericum,
2385 3228 2607 3283 nomine
2674 3225 2962 3280 Vulfadum
3016 3228 3131 3290 Quo
3164 3229 3230 3279 ad
3278 3229 3372 3281 has
3410 3245 3537 3297 per-

1916 3320 2194 3384 veniente,
2231 3317 2383 3372 nullo
2426 3316 2573 3370 valet
2628 3330 2721 3368 eas
2752 3314 2978 3384 ingenio
3024 3315 3367 3388 contingere,
3400 3318 3531 3369 dum

1913 3410 2151 3467 mirabili
2199 3410 2380 3481 signo,
2412 3415 2471 3460 ut
2502 3422 2595 3461 eas
2635 3406 2906 3480 attingere
2951 3406 3137 3471 vellet,
3186 3407 3535 3463 elevarentur

1914 3503 1969 3556 in
1989 3500 2248 3556 sublime.
2285 3497 2394 3551 Hoc
2424 3494 2684 3566 praefatus
2700 3494 2996 3564 episcopus
3023 3495 3209 3549 audito
3246 3497 3535 3566 miraculo,

1914 3591 2256 3665 regrediens,
2279 3589 2335 3642 in
2366 3587 2562 3643 eodem
2592 3587 2715 3641 loco
2755 3585 2873 3639 ﬁxit
2914 3587 3212 3640 tentorium
3246 3605 3260 3652 ;
3294 3588 3391 3641 sed
3437 3605 3535 3643 re-

1920 3683 2046 3739 licta
2076 3680 2307 3756 pignora
2343 3677 2535 3731 eadem
2592 3682 2757 3731 nocte
2801 3675 3029 3729 minime
3056 3676 3227 3730 valuit
3266 3677 3535 3746 recipere,

1920 3778 2098 3831 donec
2124 3774 2265 3829 facto
2297 3788 2479 3839 mane,
2513 3774 2569 3825 in
2616 3770 2952 3826 monasterio
2982 3769 3131 3840 quod
3163 3778 3387 3824 vocatur
3404 3771 3538 3824 Ber-

1923 3876 2125 3929 cetum,
2160 3864 2217 3919 in
2260 3864 2471 3920 honore
2515 3862 2566 3916 S.
2629 3861 2869 3917 Abundii
2925 3858 3180 3931 martyris
3220 3858 3358 3914 inibi
3398 3875 3541 3914 con-

1923 3961 2217 4019 structum,
2270 3954 2490 4008 missam
2551 3952 2859 4015 celebrans,
2910 3951 3298 4022 praedictorum
3329 3956 3539 4019 partem

1925 4062 2218 4101 munerum
2257 4046 2553 4100 devoveret
2598 4044 2803 4099 ibidem
2857 4060 2916 4098 se
2976 4044 3317 4097 relicturum.
3345 4041 3544 4113 Sicque

1928 4142 2082 4205 rapta
2139 4134 2245 4188 sibi
2306 4134 2604 4205 recipiens,
2664 4133 2893 4203 impleto
2944 4131 3338 4187 venerabiliter
3394 4139 3542 4195 voto,

1933 4230 2172 4295 emptum
2200 4224 2401 4294 repetit
2429 4223 2551 4277 iter.
2599 4221 2695 4276 Cui
2741 4221 2939 4276 obvius
2971 4221 3144 4275 factus
3180 4220 3548 4276 Luitbrandus

1934 4315 2391 4388 ]Luidbrandus]
2442 4315 2699 4369 Italorum
2751 4329 2843 4367 rex
2900 4323 3179 4380 strenuus,
3247 4312 3340 4385 qui
3408 4313 3550 4368 hanc

214 4402 365 4459 datus
408 4406 656 4460 basilicae
709 4406 883 4461 sancti
932 4405 1149 4460 fuerat:
1184 4422 1349 4476 quem
1381 4425 1524 4463 unus
1556 4424 1585 4461 e
1616 4408 1828 4462 civibus
1856 4440 1908 4507 Ι)
1935 4406 2127 4461 auditu
2178 4406 2291 4473 jam
2332 4410 2679 4472 compererat
2716 4416 2995 4457 sacrorum
3028 4402 3306 4464 virtutem,
3362 4416 3548 4457 amore

217 4495 476 4559 pervadit,
511 4494 829 4564 despiciens
888 4496 1166 4550 hominem
1200 4496 1293 4565 qui
1326 4513 1450 4550 eum
1487 4496 1607 4550 loco
1637 4505 1827 4551 sancto

214 4587 539 4642 contulerat.
565 4587 667 4651 Qui
698 4604 821 4642 cum
839 4587 907 4642 ab
939 4588 1205 4658 episcopo
1236 4604 1301 4642 ac
1330 4587 1435 4643 loci
1476 4587 1677 4641 abbate
1708 4602 1830 4641 cre-

216 4675 309 4732 bro
340 4686 652 4733 conventus
692 4678 905 4744 fuisset,
952 4687 1013 4733 ut
1064 4694 1188 4750 quae
1246 4680 1446 4747 injuste
1516 4689 1835 4749 pervaserat

217 4766 507 4833 redderet:
540 4766 949 4837 parvipendens
987 4767 1158 4822 verba
1187 4784 1309 4839 quae
1348 4767 1629 4833 audiebat,
1658 4769 1833 4838 perti-

218 4854 574 4925 nacidirepta
628 4854 951 4910 defensabat
999 4856 1327 4911 intentione.
1379 4856 1638 4928 Denique
1672 4871 1837 4911 causa

215 4946 439 5014 exstitit,
472 4956 529 5002 et
561 4963 671 5003 non
717 4948 964 5015 devotio,
998 4957 1057 5005 ut
1084 4949 1277 5003 urbem
1311 4948 1525 5014 adiens,
1571 4963 1838 5019 prOpera-
1888 4948 1893 4953 ’

217 5048 297 5092 ret
321 5040 389 5093 ad
422 5041 602 5095 sancti
659 5040 961 5096 basilicam.
1019 5042 1279 5115 Arguitur
1307 5042 1509 5096 iterum
1532 5042 1604 5096 ab
1636 5043 1838 5097 abbate

219 5142 312 5195 pro
358 5127 910 5198 campipervasione.
981 5130 1088 5185 Sed
1144 5130 1283 5184 nihil
1332 5130 1560 5201 dignum
1624 5130 1837 5186 ratione

222 5220 543 5288 respondet.
581 5220 970 5292 Explicitisque
1020 5222 1257 5294 negotiis
1301 5238 1529 5278 ascenso
1560 5239 1705 5293 equo
1736 5223 1839 5277 do-

223 5322 367 5363 mum
395 5308 588 5363 redire
618 5308 881 5379 disponit.
918 5310 1026 5364 Sed
1048 5310 1230 5366 obstat
1260 5310 1405 5365 nisui
1437 5312 1558 5379 ejus
1579 5312 1839 5366 sacerdo—

220 5394 285 5447 tis
318 5396 542 5465 injuria.
580 5396 710 5451 Nam
734 5399 1011 5453 sauciatus
1039 5399 1182 5470 [ms.,
1223 5398 1470 5469 satiatus]
1495 5416 1527 5453 a
1547 5399 1837 5472 sanguine,

220 5484 385 5542 diruit
420 5489 477 5543 in
500 5495 701 5543 terram
734 5506 749 5553 ;
784 5489 1062 5564 obligatur
1090 5491 1282 5565 lingua
1308 5507 1431 5562 qua
1454 5491 1635 5546 locuta
1666 5490 1844 5545 fuerat

228 5592 485 5649 campum
516 5578 634 5634 tolli
668 5599 681 5647 ;
715 5582 1046 5637 clauduntur
1074 5582 1241 5647 oculi,
1276 5582 1371 5653 qui
1401 5583 1797 5653 concupierant
1829 5597 1842 5648 ;

220 5683 418 5727 manus
482 5672 903 5739 contrahuntur,
952 5690 1075 5745 quae
1136 5674 1634 5745 apprehenderant.
1693 5673 1846 5728 Tunc

1935 4496 1992 4549 Β.
2027 4494 2259 4566 Remigii
2300 4494 2515 4557 ductus,
2584 4491 2729 4545 idem
2787 4498 3205 4557 monasterium,
3262 4492 3545 4545 Bercetum

1935 4584 2166 4651 scilicet,
2198 4599 2322 4637 cum
2381 4581 2640 4637 omnibus
2670 4580 3010 4647 adjacentiis,
3065 4579 3326 4651 omnique
3371 4579 3549 4634 abba-

1936 4678 2033 4742 tia,
2061 4692 2286 4731 mansos
2310 4675 2659 4748 octingentos
2702 4673 2800 4743 [C.,
2828 4672 2992 4741 octo].
3018 4678 3078 4725 ut
3098 4672 3341 4740 tradunt,
3366 4672 3549 4726 conti-

1939 4770 2112 4835 nenti,
2146 4767 2367 4839 praefato
2399 4766 2618 4837 praesuli
2660 4764 3013 4820 Moderamno
3058 4762 3354 4833 delegavit,
3386 4763 3551 4833 eique

1938 4859 1993 4913 in
2018 4858 2311 4929 praesentia
2344 4856 2588 4910 fidelium
2606 4869 2856 4919 suorum,
2889 4852 3051 4925 legali
3081 4852 3150 4904 de
3180 4865 3350 4911 more,
3385 4849 3554 4903 vesti-

1936 4962 2111 5008 turam
2140 4969 2207 5007 ex
2248 4967 2332 5016 ea,
2389 4958 2443 5003 et
2495 4950 2737 5002 chartam
2791 4946 2938 5000 fecit.
2973 4946 3241 4999 Remeans
3270 4952 3454 4997 autem
3482 4942 3551 4995 ab

1938 5042 2075 5097 urbe
2114 5041 2283 5095 Roma
2303 5047 2636 5093 memoratus
2666 5036 2888 5107 prmsul,
2931 5033 3163 5089 accessit
3184 5032 3251 5086 ad
3285 5046 3555 5085 veneran-

1939 5135 2070 5187 dum
2102 5133 2159 5184 B.
2188 5130 2421 5203 Remigii
2451 5130 2763 5199 sepulcrum
2794 5146 2805 5181 :
2838 5135 3001 5198 atque
3033 5126 3174 5181 sicut
3196 5126 3274 5178 illi
3300 5125 3552 5195 prannis-

1939 5240 2137 5279 susrex
2199 5224 2339 5275 II'JIIC
2385 5231 2582 5275 terram
2639 5219 2881 5285 tradidit,
2934 5218 3007 5273 ita
3047 5216 3407 5272 nihilominus
3458 5216 3551 5269 ille

1938 5314 1992 5366 S.
2026 5309 2275 5383 Remigio
2326 5309 2576 5363 eamdem
2632 5308 2881 5364 contulit.
2932 5308 3131 5378 Sicque
3182 5321 3444 5376 prospere
3496 5305 3551 5359 in

1940 5420 2099 5458 suum
2124 5418 2377 5457 reversus
2405 5401 2769 5472 episcopium,
2792 5414 3169 5455 successorem
3189 5397 3554 5452 sibiordinari

1940 5493 2089 5555 fecit,
2115 5501 2169 5546 et
2197 5491 2316 5545 vale
2366 5490 2571 5544 faciens
2621 5488 2750 5542 ﬁliis
2798 5488 2935 5555 suis,
2966 5488 3251 5542 Bercetum
3281 5496 3556 5541 monaste-

1943 5581 2082 5635 rium
2115 5579 2353 5651 repetiit,
2388 5587 2443 5634 et
2489 5594 2663 5649 usque
2703 5578 2773 5632 ad
2806 5577 2993 5633 obitus
3042 5579 3123 5632 sui
3174 5577 3323 5631 diem
3352 5577 3404 5629 in
3438 5576 3559 5630 loco

1946 5672 2039 5728 illo
2069 5671 2353 5729 moderate
2368 5678 2423 5727 et
2450 5672 2706 5736 honeste,
2740 5676 2799 5725 ut
2842 5685 3034 5727 servus
3059 5668 3179 5736 Dei,
3208 5673 3561 5723 conversatus
