3970 6212
466 299 528 354 71
1541 297 1624 352 DE
1663 295 2050 353 FLODOARDO
2091 297 2414 353 CANONICO
2455 294 2802 351 REMENSIS.
3698 287 3751 342 72

471 427 624 482 vixit.
653 424 753 490 Qui
786 439 1006 496 quoque
1040 422 1322 480 nonnullis
1349 407 1783 494 deincepslocus
1808 425 2089 480 miraculis
2115 431 2162 496 Α
2193 425 2404 495 broque
2446 424 2620 494 ipsius
2657 423 2714 475 in
2768 431 2967 475 terram
3023 416 3327 482 defluente,
3391 423 3621 470 mortuus
3668 425 3751 469 est.

477 518 777 572 illustratus
805 517 1016 570 claruit.

544 609 807 663 Processu
842 607 1084 677 denique
1145 605 1410 675 temporis
1455 604 1725 675 Pippinus
1766 620 1878 670 rex,
1911 605 2090 660 Karoli

469 697 646 768 Magni
681 704 856 766 pater,
889 693 1156 764 episcopii
1192 693 1572 747 Laudunensis
1619 693 1824 760 villam,
1858 710 1980 764 qua:
2003 693 2091 748 di-

469 787 612 843 citur
661 786 963 847 Anisiacus,
1013 784 1267 854 accipere
1327 784 1482 838 nisus
1531 784 1686 855 quasi
1743 784 1846 838 sub
1897 800 2088 852 censu,

469 876 617 930 velut
637 875 772 928 alias
803 873 1066 945 quasdam
1110 872 1336 926 fecerat.
1379 873 1531 926 venit
1582 874 1635 927 in
1681 889 1824 940 eam,
1850 871 1941 926 ubi
1964 888 2089 927 cum

470 966 756 1030 dormiret,
780 964 1037 1036 apparuit
1069 965 1118 1018 ei
1140 965 1193 1018 S.
1228 963 1528 1039 Remigius,
1581 965 1774 1019 dicens
1807 981 1820 1017 :
1855 967 1933 1018 Tu
1958 965 2089 1034 quid

469 1061 556 1111 hic
577 1058 723 1126 jacis
748 1060 775 1111 ?
804 1057 980 1123 Quare
1009 1059 1065 1109 in
1098 1056 1236 1110 hanc
1264 1057 1454 1109 villam
1481 1059 1727 1119 intrasti,
1763 1071 1926 1125 quam
1955 1055 2091 1109 mihi

471 1149 622 1201 homo
652 1152 700 1199 te
728 1130 966 1198 dimotior
1002 1145 1171 1208 dedit,
1201 1149 1250 1198 et
1298 1160 1462 1213 quam
1492 1161 1584 1210 ego
1614 1145 1842 1197 ecclesiae
1862 1144 2090 1198 dominae

473 1254 597 1292 mea;
626 1241 722 1292 Dei
753 1239 1038 1292 Genitricis
1077 1237 1281 1290 donavi
1312 1238 1339 1289 ?
1368 1244 1422 1289 et
1465 1235 1759 1306 flagellavit
1787 1250 1914 1289 eum
1957 1234 2088 1289 satis

470 1328 686 1390 acriter,
715 1328 789 1380 ita
817 1334 877 1380 ut
914 1326 1114 1381 livores
1152 1326 1207 1378 in
1239 1325 1357 1393 ejus
1414 1332 1605 1395 postea
1647 1341 1880 1395 corpore
1923 1341 2086 1396 pare-

472 1423 609 1471 rent.
642 1419 706 1470 At
727 1415 822 1469 ubi
875 1414 1146 1484 disparuit
1187 1415 1244 1467 B.
1283 1413 1582 1488 Remigius,
1632 1414 1870 1468 surrexit
1899 1413 2087 1484 Pippi-

472 1520 596 1568 nus,
627 1511 988 1572 etcorruptus
1040 1502 1219 1556 valida
1261 1501 1434 1566 febre,
1493 1501 1823 1572 quantocius
1871 1501 1940 1556 ab
1971 1501 2090 1572 ipsa

470 1596 598 1650 villa
615 1595 863 1650 recessit.
897 1595 970 1649 De
1000 1611 1109 1666 qua
1132 1593 1283 1648 febre
1314 1608 1421 1648 non
1447 1608 1614 1662 parvo
1642 1602 1892 1664 tempore
1939 1591 2090 1648 labo-

2195 515 2380 568 Frater
2404 529 2534 570 vero
2558 512 2732 582 ipsius
2784 510 2840 563 in
2885 509 3109 564 alteram
3145 522 3380 578 pergens
3410 514 3624 576 partem,
3650 523 3753 575 per-

2193 605 2343 657 venit
2371 602 2438 656 ad
2479 601 2776 673 quamdam
2814 607 3050 670 petram.
3071 599 3262 652 dicens
3296 614 3308 649 :
3343 597 3582 652 Omnibus
3600 601 3748 648 notum

2193 696 2287 760 sit,
2307 695 2440 762 quia
2467 707 2633 760 usque
2662 691 2736 744 ad
2764 691 2902 743 hanc
2935 693 3147 757 petram
3159 691 3235 740 est
3264 689 3371 739 ista
3401 686 3530 738 silva
3555 688 3751 752 impera-

2194 786 2323 836 toris
2355 799 2368 834 :
2405 795 2583 852 eoque
2613 779 2694 834 sic
2739 777 2979 850 lapidem
3017 792 3139 832 cum
3171 775 3314 830 dicto
3354 774 3588 844 bipenni,
3615 790 3747 844 quam

2193 889 2358 927 manu
2385 871 2651 945 gestabat,
2695 868 3060 941 percutiente,
3111 867 3223 922 saxi
3257 865 3529 936 particula:
3575 865 3622 918 in
3656 866 3752 932 ejus

2191 964 2382 1020 oculos
2407 965 2474 1018 ab
2506 964 2627 1034 ipso
2660 962 2977 1033 prosiliunt,
3020 968 3075 1014 et
3105 975 3282 1015 caecus
3298 956 3530 1013 ofﬁcitur
3555 975 3568 1022 ;
3597 956 3750 1027 sicque

2191 1056 2640 1128 praesumptionis
2692 1062 2921 1125 uterque
2951 1052 3263 1108 mercedem
3302 1050 3523 1121 recepit,
3553 1055 3602 1102 et
3625 1064 3751 1102 men-

2191 1146 2332 1202 dacii
2363 1146 2469 1200 sui.

2262 1235 2491 1299 Quidam
2530 1235 2614 1288 vir
2654 1232 2858 1288 nobilis
2915 1247 2980 1286 ex
3041 1229 3317 1286 territorio
3351 1225 3668 1292 Nivernensi,
3705 1225 3748 1276 Β.

2190 1326 2420 1398 Remigii
2447 1324 2695 1396 reliquiis
2722 1323 2986 1387 obtentis,
3007 1321 3305 1377 oratorium
3338 1320 3393 1374 in
3413 1336 3508 1374 sua
3536 1315 3750 1389 proprie-

2191 1424 2299 1471 tate
2353 1417 2456 1471 sub
2514 1416 2688 1486 ipsius
2743 1413 3037 1469 2edificavit
3097 1415 3326 1468 honore.
3389 1410 3484 1465 Ubi
3534 1407 3749 1463 Dominus

2192 1505 2476 1571 nonnulla,
2536 1515 2762 1575 prOpter
2805 1504 2966 1570 hujus
3025 1501 3214 1557 dilecti
3275 1501 3357 1555 sui
3413 1497 3592 1554 merita
3651 1510 3747 1566 pro-

2190 1598 2446 1668 palanda,
2479 1598 2736 1671 dignatus
2762 1603 2846 1650 est
2870 1595 3162 1650 ostendere
3179 1594 3356 1669 signa.
3398 1591 3522 1646 Cum
3550 1589 3750 1658 denique

473 1685 627 1738 ravit.
675 1685 943 1755 Deinceps
988 1699 1120 1738 vero
1151 1682 1306 1755 regni
1349 1681 1606 1753 princeps
1656 1681 1793 1736 inibi
1817 1697 1993 1752 usque
2017 1682 2086 1736 ad
2115 1752 2159 1760 ﬁ
2190 1689 2464 1745 Ludovico
2513 1691 2847 1760 imperatore
2911 1688 3195 1754 defuncto,
3255 1684 3521 1759 Aquitanii
3579 1682 3749 1753 absque

473 1771 738 1826 moderna
768 1752 1011 1842 tempora
1044 1786 1153 1825 non
1208 1752 1426 1835 mansit,
1468 1752 1670 1825 utnec
1701 1769 1756 1824 in
1800 1769 2088 1825 Codiciaco
2114 1752 2166 1820 Β
2191 1780 2459 1851 principis
2493 1752 2627 1853 jugb
2687 1780 2834 1848 facti,
2901 1752 3292 1854 gentiumque
3317 1752 3626 1834 ’πιοδίιίωιθ
3652 1789 3752 1843 ρει-

469 1865 554 1918 vel
578 1863 811 1923 Juliaco.
832 1862 1262 1918 nisiLudovicus
1293 1878 1383 1917 rex
1403 1862 1726 1926 Germaniae,
1745 1861 1839 1933 qui
1869 1862 2090 1932 quando

2194 1873 2346 1940 moti,
2382 1878 2548 1942 prout
2590 1871 2826 1942 quisque
2875 1876 3111 1940 poterat,
3153 1867 3348 1922 efferre
3387 1882 3522 1931 sese,
3571 1873 3752 1918 mutuo-

471 1954 654 2011 fratris
685 1956 770 2010 sui
807 1956 983 2010 Karoli
1008 1972 1238 2028 regnum
1281 1955 1541 2026 pervasit,
1585 1955 1640 2007 in
1685 1953 1905 2009 Juliano
1936 1969 2092 2007 man-
2193 1978 2301 2033 quc
2325 1961 2672 2034 impugnare,
2701 1975 2765 2012 ac
2809 1974 2910 2029 per
2947 1957 3239 2032 contiguos
3271 1971 3437 2029 pagos
3472 1951 3749 2008 debacchari

468 2043 557 2109 sit,
581 2053 636 2098 et
662 2043 790 2098 inde
814 2043 1047 2114 turpiter
1075 2044 1129 2096 in
1167 2043 1467 2099 crastinum
1495 2042 1714 2116 fugiens
1743 2050 1871 2100 ante
1911 2041 2088 2112 ipsum

464 2135 692 2190 fratrem
710 2152 892 2202 suum,
925 2135 1012 2190 vix
1033 2135 1224 2190 evasit.

539 2227 754 2282 Partem
813 2244 1037 2299 quoque
1091 2243 1344 2302 magnam
1395 2227 1550 2281 silvae
1592 2226 1650 2280 in
1703 2226 1844 2280 saltu
1875 2226 2084 2300 Vosago

468 2317 663 2372 beatus
709 2317 796 2371 hic
847 2317 1024 2375 Pater.
1087 2315 1216 2370 dato
1268 2314 1576 2385 comparuit
1622 2314 1838 2384 pretio;
1869 2313 2085 2368 villulas

466 2409 634 2462 etiam
680 2408 942 2479 quasdam
981 2406 1115 2460 inibi
1145 2407 1497 2462 constituisse
1548 2406 1740 2473 fertur,
1786 2421 1906 2477 quae
1927 2404 2084 2461 Cosla

466 2508 522 2555 et
549 2499 702 2553 Gleni
722 2508 986 2554 vocantur
1024 2517 1038 2564 ;
1092 2499 1411 2569 incolasque
1468 2499 1537 2553 de
1591 2499 1774 2553 vicina
1814 2497 2084 2569 episcopii

465 2585 614 2653 villa,
645 2586 866 2640 nomine
903 2587 1100 2652 Berna,
1140 2586 1350 2641 dudum
1372 2586 1480 2640 sibi
1524 2603 1556 2640 a
1589 2585 1813 2641 Francis
1843 2587 1991 2655 data,
2027 2585 2083 2640 in

463 2694 556 2732 eas
612 2677 969 2742 transferens,
1031 2677 1236 2731 ibidem
1296 2693 1516 2732 manere
1575 2677 1872 2747 disposuit,
1920 2685 1975 2733 et
2023 2686 2085 2733 ut

470 2769 651 2838 picem
677 2769 950 2842 religiosis
978 2769 1261 2823 annuatim
1306 2769 1441 2823 locis
1490 2767 1741 2824 ecclesia:
1796 2768 2082 2823 Remensis

465 2860 932 2924 administrarent,
967 2860 1224 2914 instituit.
1267 2860 1477 2924 Quibus
1524 2868 1579 2916 et
1611 2877 1838 2931 pensam
1864 2860 2076 2927 tribuit,

468 2965 589 3019 qua:
611 2948 776 3002 hodie
803 2948 872 3002 ab
906 2950 1152 3020 ipsorum
1192 2949 1606 3004 successoribus
1631 2949 1919 3020 accipitur,
1952 2965 2077 3004 cum

2191 2050 2513 2120 cepissent,
2548 2062 2821 2118 pauperes
2857 2046 3065 2118 quique
3097 2061 3186 2100 res
3204 2061 3334 2100 suas
3360 2044 3414 2098 in
3445 2041 3667 2098 ecclesiis
3682 2057 3751 2094 re-

2186 2153 2394 2209 ponere
2435 2137 2785 2201 studuerunt,
2817 2136 2971 2190 Unde
3003 2133 3220 2201 conﬁsi,
3256 2134 3512 2188 virtutum
3539 2147 3644 2202 quae
3679 2130 3748 2183 in-

2184 2227 2261 2284 ibi
2286 2229 2514 2293 fiebant,
2546 2228 2829 2300 Opinione,
2866 2243 2966 2282 sua
3010 2226 3166 2282 multi
3222 2225 3487 2281 servanda
3517 2225 3564 2278 in
3590 2222 3748 2278 eodem

2185 2319 2434 2374 certatim
2461 2318 2772 2373 recondunt
2815 2315 3077 2372 oratorio.
3107 2315 3412 2370 Audientes
3439 2320 3606 2369 autem
3634 2325 3749 2382 pne-

2185 2412 2361 2467 dones
2399 2413 2503 2466 hoc
2531 2409 2733 2480 Opibus
2765 2409 3066 2465 oratorium
3109 2407 3363 2478 pluribus
3387 2405 3624 2461 refertum
3653 2403 3749 2472 plu-

2186 2500 2472 2566 rimorum,
2506 2516 2599 2554 eas
2628 2498 2680 2553 vi
2712 2498 2950 2568 diripere
2977 2497 3249 2553 nituntur.
3283 2497 3521 2562 Quorum
3549 2493 3747 2566 quodam

2185 2589 2425 2644 obserati
2472 2603 2650 2642 seram
2716 2593 2949 2640 conante
2981 2585 3238 2659 frangere
3296 2585 3439 2650 ostii,
3471 2599 3582 2639 mox
3610 2589 3660 2636 ut
3678 2582 3748 2649 ja—

2185 2699 2350 2738 nuam
2373 2683 2522 2738 calce
2554 2680 2844 2751 percussit,
2895 2679 3076 2733 eidem
3104 2679 3419 2734 cohaerente
3451 2677 3580 2749 pede
3609 2674 3750 2746 ipsius

2181 2771 2347 2836 ostio,
2409 2770 2706 2840 resupinus
2765 2769 2821 2822 in
2877 2774 3080 2822 terram
3145 2776 3505 2838 prazsumptor
3563 2761 3742 2819 cecidit.

2181 2860 2331 2926 Quod
2389 2859 2480 2915 alii
2519 2866 2829 2923 cernentes,
2888 2857 3200 2930 aufugiunt.
3248 2859 3371 2929 Ipse
3425 2871 3546 2911 vero
3593 2853 3749 2914 miser,

2180 2960 2415 3026 cogente
2443 2951 2709 3015 cruciatu,
2761 2966 2886 3005 cum
2931 2950 3169 3004 maximo
3225 2966 3358 3006 suos
3387 2949 3578 3018 ejulatu
3614 2941 3748 3011 capit

468 3057 577 3112 qua
594 3057 756 3095 suum
777 3056 1000 3112 quoque
1039 3041 1362 3111 persolvunt
1395 3040 1662 3095 debitum.
1714 3040 1882 3108 Hujus
1911 3041 2076 3095 etiam
2104 3069 2152 3136 Ο
2182 3041 2491 3111 exprimere
2522 3039 2762 3104 dolores,
2796 3047 2852 3094 et
2906 3037 3269 3093 amarissimis
3315 3037 3624 3110 praemittere
3648 3047 3748 3087 cum

466 3145 580 3185 sua;
600 3130 970 3200 coemptionis
989 3129 1130 3184 fines
1151 3131 1225 3184 ita
1256 3147 1356 3200 per
1385 3147 1577 3202 gyrum
1607 3129 2083 3195 determinavit,et

467 3231 527 3277 ut
555 3223 814 3277 omnibus
841 3223 1159 3278 videntibus
1199 3230 1381 3293 pateat
1410 3223 1527 3293 ipsa
1571 3222 1974 3286 determinatio,
2028 3230 2082 3276 et

471 3311 737 3365 hactenus
766 3311 868 3382 ipsi
903 3311 1042 3366 fines
1072 3311 1141 3366 ab
1169 3327 1236 3366 eo
1269 3311 1511 3366 denotati
1545 3312 1768 3367 nomine
1800 3321 1962 3366 tenus
1993 3327 2084 3366 vo-

467 3402 707 3456 citentur
722 3408 777 3455 et
795 3402 1168 3474 assignentur.
1209 3403 1267 3454 In
1291 3401 1499 3471 quibus
1521 3400 2082 3455 determinationibus

466 3489 897 3563 lignicujusdam
929 3506 1194 3545 concavo.
1221 3506 1388 3544 manu
1421 3506 1520 3545 sua
1544 3500 1754 3561 petram
1777 3489 2081 3559 conjecisse

466 3582 738 3636 traditur:
783 3599 945 3653 quam
1006 3582 1322 3654 quicunque
1376 3582 1657 3638 voluerint
1715 3589 2079 3647 contrectare,

465 3687 687 3724 manum
715 3671 770 3724 in
831 3672 1004 3741 ipsam
1037 3685 1326 3725 cavernam
1370 3671 1552 3725 valent
1584 3668 1808 3734 inferre,
1840 3669 2080 3741 lapidem

464 3760 780 3826 devolvere,
809 3760 908 3814 sed
961 3759 1031 3814 ab
1086 3760 1282 3814 eadem
1337 3760 1680 3816 concavitate
1732 3760 1882 3814 nullo
1916 3758 2080 3814 modo

465 3860 678 3922 queunt
716 3852 972 3906 educere.
1024 3851 1150 3906 Post
1178 3851 1363 3923 aliqua
1414 3866 1544 3906 vero
1584 3858 1833 3922 tempora
1853 3850 2080 3922 quidam

465 3943 612 3999 beati
639 3943 741 3998 viri
771 3943 1029 3999 laudibus
1056 3944 1328 4011 invidens,
1365 3944 1537 4014 ipsam
1578 3960 1743 3998 manu
1775 3950 1986 4014 petram
2009 3943 2078 3998 de

464 4033 612 4105 ligno
636 4033 790 4087 nisus
809 4042 891 4087 est
951 4033 1188 4088 evellere
1218 4051 1232 4099 ;
1265 4033 1414 4103 quod
1452 4033 1674 4103 explere
1723 4047 1833 4087 non
1865 4032 2076 4100 valens,

463 4122 642 4192 ipsum
660 4122 841 4177 securi
872 4122 1118 4178 foramen
1145 4122 1374 4177 tentavit
1400 4122 1689 4193 ampliare.
1721 4121 1830 4176 Sed
1860 4122 2077 4178 elevato

463 4210 608 4266 ferro
667 4221 726 4266 ut
790 4212 1045 4267 arborem
1104 4219 1436 4282 percuteret,
1503 4211 1743 4268 arefacta
1783 4227 1910 4268 mox
1962 4210 2076 4280 jam

459 4301 702 4370 dextera,
761 4319 924 4374 quam
985 4304 1296 4375 procaciter
1361 4304 1573 4366 extulit.
1643 4304 1822 4374 ipsum
1871 4303 1990 4375 [ms.
2031 4306 2073 4370 i,

461 4393 598 4464 ipse]
624 4410 846 4466 quoque
878 4395 1064 4450 lumen
1097 4396 1382 4452 oculorum
1414 4397 1617 4462 amisit,
1647 4404 1702 4451 et
1751 4396 1843 4468 qui
1873 4395 2074 4451 famam

457 4485 631 4540 sancti
661 4485 834 4542 Patris
864 4488 1028 4557 hujus
1047 4488 1402 4562 exstinguere
1433 4488 1629 4548 voluit,
1660 4488 2074 4544 venerationem

461 4575 640 4629 laudis
669 4576 893 4631 adauxit
923 4577 1144 4633 invitus.

532 4667 692 4722 Istius
713 4678 923 4738 partem
947 4669 1097 4723 silva:
1130 4669 1292 4736 hujus
1335 4668 1461 4722 almi
1513 4666 1728 4736 patroni
1760 4666 1929 4720 nostri
1960 4674 2078 4720 stu-

456 4757 566 4811 diis
595 4765 815 4828 emptaa,
849 4758 960 4814 duo
991 4758 1214 4830 quidam
1233 4757 1426 4810 fratres
1447 4755 1703 4809 custodes
1734 4755 1870 4826 regii
1907 4756 2076 4811 saltus

456 4849 806 4915 invadentes,
840 4848 1162 4904 asserebant
1190 4847 1338 4917 quod
1369 4845 1549 4915 potius
1578 4845 1644 4898 ad
1675 4843 1866 4900 fiscum
1908 4864 2072 4918 quam

457 4940 525 4994 ad
567 4940 659 5009 jus
699 4941 753 4996 S.
789 4940 1023 5013 Remigii
1084 4937 1406 5007 pertineret.
1466 4935 1676 4990 Accidit
1720 4944 1902 4992 autem
1943 4939 2073 4993 dum

457 5033 738 5103 quondam
767 5047 888 5087 cum
925 5028 1121 5083 incolis
1143 5027 1391 5082 ecclesiae
1421 5027 1706 5083 Remensis
1727 5029 1922 5085 ditioni
1947 5029 2074 5085 sub-

455 5123 604 5190 ditis,
637 5123 709 5180 ob
742 5123 798 5177 id
820 5123 1244 5186 altercarentur,
1277 5128 1338 5176 ut
1363 5136 1508 5176 unus
1534 5136 1723 5176 eorum
1757 5123 2069 5177 veniensad

452 5226 649 5282 porcos
662 5226 814 5277 suos,
835 5223 975 5278 quos
1015 5206 1067 5260 in
1087 5208 1337 5264 eamdem
1363 5209 1555 5265 silvam
1587 5217 1800 5281 pastum
1821 5211 2068 5280 miserat,

448 5303 639 5373 lupum
674 5302 818 5355 inter
847 5314 946 5354 eos
982 5297 1295 5356 inveniret:
1337 5318 1503 5374 quem
1532 5318 1764 5357 ascenso
1797 5319 1942 5374 equo
1973 5319 2068 5358 ce-

448 5391 639 5446 leriter
665 5389 973 5453 insecutus,
1003 5403 1243 5461 eumque
1290 5398 1578 5461 percutere
1641 5392 1886 5462 molitus,
1921 5407 2064 5463 equo

448 5476 734 5548 pavefacta
757 5484 922 5550 caput
964 5476 1032 5531 ad
1054 5478 1350 5550 quamdam
1377 5478 1577 5534 collisit
1598 5479 1879 5551 arborem,
1914 5495 2072 5541 cere,-

2183 3130 2456 3200 lacrymis,
2487 3129 2616 3201 quia
2641 3129 2686 3183 si
2713 3129 2858 3183 Deus
2889 3145 2989 3200 per
3012 3127 3210 3184 merita
3250 3130 3305 3182 S.
3341 3126 3559 3200 Remigii
3585 3122 3748 3196 pedem

2185 3222 2360 3293 ipsius
2397 3221 2466 3276 ab
2496 3222 2597 3276 hac
2626 3221 2896 3292 compede
2935 3220 3194 3287 solveret,
3230 3221 3458 3276 ulterius
3485 3229 3748 3288 nunquam,

2181 3310 2267 3365 vel
2293 3311 2361 3365 de
2388 3310 2500 3376 illa,
2532 3309 2617 3364 vel
2671 3310 2741 3363 de
2789 3310 3038 3380 qualibet
3063 3309 3274 3380 aliquid
3308 3309 3531 3364 ecclesia
3552 3305 3748 3367 tolleret,

2183 3410 2278 3457 aut
2306 3402 2446 3469 tolli,
2466 3407 2733 3473 quantum
2763 3417 2828 3455 ex
2861 3401 2982 3472 ipso
3013 3408 3180 3466 esset,
3234 3403 3346 3458 ullo
3372 3400 3526 3457 modo
3553 3409 3751 3453 consen-

2183 3495 2332 3549 tiret.
2367 3493 2650 3548 Caballum
2684 3508 2906 3564 quoque
2937 3509 3097 3548 suum
3124 3509 3251 3548 cum
3281 3494 3433 3561 sella,
3466 3501 3517 3546 et
3535 3489 3628 3544 alia
3653 3500 3749 3557 qua:

2182 3583 2361 3654 potuit
2404 3583 2473 3636 ad
2505 3581 2756 3636 eamdem
2807 3581 3032 3636 donavit
3062 3582 3379 3637 ecclesiam.
3439 3581 3623 3650 Sicque
3649 3579 3747 3645 post

2181 3671 2610 3741 confessionem,
2645 3675 2910 3745 lacrymas
2941 3678 2996 3727 et
3014 3680 3225 3739 votum,
3253 3689 3351 3745 pes
3381 3673 3496 3742 ejus
3523 3670 3584 3725 ab
3612 3665 3744 3727 ostio,

2181 3764 2268 3820 cui
2298 3759 2625 3832 adhaeserat,
2658 3772 2742 3819 est
2762 3763 2995 3819 solutus.
3031 3763 3417 3819 Verumtamen
3434 3776 3498 3817 eo
3530 3765 3742 3831 postmo-

2180 3854 2313 3908 dum
2351 3853 2493 3925 pede
2521 3853 2752 3908 claudus
2783 3852 3108 3924 permansit,
3132 3852 3265 3908 dum
3297 3867 3451 3908 crure
3467 3849 3743 3913 femoreque

2181 3953 2678 4018 computrescente,
2697 3953 2871 4002 morte
2894 3945 3151 4002 decessit.

2251 4034 2478 4100 Quando
2505 4040 2618 4089 tres
2647 4033 2846 4090 fratres
2886 4034 3196 4101 Lotharius,
3248 4033 3561 4096 Ludovicus,
3591 4033 3638 4083 et
3661 4024 3742 4079 Ka-

2181 4123 2331 4180 rolus
2356 4139 2588 4198 regnum
2619 4123 2727 4179 sibi
2753 4124 3086 4180 Francorum
3116 4131 3242 4195 post
3273 4123 3438 4196 patris
3466 4121 3652 4177 obitum
3671 4113 3742 4166 di-

2178 4213 2380 4281 visere,
2421 4215 2547 4270 villa
2575 4214 2847 4286 episcOpii
2880 4213 3190 4279 Remensis,
3224 4212 3369 4286 quod
3410 4210 3616 4268 tenebat
3638 4201 3738 4258 Ful-

2178 4318 2243 4359 co
2275 4303 2581 4375 presbyter,
2628 4303 2861 4360 Karolus
2891 4302 3009 4358 suis
3058 4301 3342 4357 distribuit
3386 4297 3634 4354 militibus
3681 4288 3739 4343 Ex

2177 4396 2378 4466 quibus
2415 4396 2601 4451 villam
2629 4395 2899 4451 Juliacum
2931 4394 3148 4451 cuidam
3179 4395 3404 4450 Ricuino
3417 4391 3574 4447 dedit.
3601 4383 3738 4450 Cujus

2177 4500 2314 4540 uxor
2369 4485 2593 4540 nomine
2651 4485 2810 4538 Berta
2844 4485 2907 4556 [c.
2966 4487 3005 4552 i,
3069 4484 3278 4556 Beuta],
3309 4483 3436 4538 dum
3494 4481 3544 4535 in
3595 4471 3736 4545 ipsius

2174 4573 2314 4629 villae
2346 4573 2603 4632 cubiculo
2651 4574 2882 4642 jaceret,
2937 4575 3089 4630 venit
3119 4575 3187 4630 ad
3243 4591 3361 4630 eam
3392 4573 3443 4627 S.
3502 4561 3736 4635 Remigius

2177 4663 2233 4717 in
2262 4663 2474 4719 somnis
2511 4663 2704 4718 dicens
2733 4682 2748 4717 :
2778 4665 2899 4721 Non
2927 4669 3005 4719 est
3033 4665 3133 4719 iste
3175 4664 3317 4720 locus
3355 4657 3562 4718 tuusad
3580 4654 3736 4724 jacen-

2175 4755 2320 4808 dum.
2357 4755 2586 4808 Alterius
2615 4757 2797 4808 meriti
2810 4759 2859 4809 et
2879 4755 3051 4824 ofﬁcii
3069 4755 3218 4810 debet
3229 4771 3354 4817 esse,
3388 4754 3480 4823 qui
3509 4750 3630 4804 hanc
3653 4739 3737 4795 vit-

2176 4847 2284 4900 tam
2315 4847 2526 4912 habere,
2559 4850 2608 4901 et
2653 4849 2715 4900 in
2762 4847 2858 4902 hoc
2887 4847 3129 4902 cubiculo
3184 4847 3337 4902 debet
3376 4845 3564 4914 jacere.
3597 4837 3736 4899 Surge

2129 4935 2151 4958 ‘
2175 4942 2514 5007 quantocius,
2575 4944 2624 4994 et
2657 4941 2785 4995 hinc
2833 4941 3072 4996 abscede.
3108 4939 3262 5004 Quod
3295 4937 3384 4992 illa
3414 4922 3731 5008 parvipendit,

2176 5031 2552 5102 putansinane
2583 5048 2643 5086 se
2672 5033 2849 5087 visum
2881 5033 3088 5089 videre.
3120 5034 3320 5088 lterum
3360 5041 3567 5102 quoque
3592 5032 3732 5091 3PP3‘

2174 5124 2282 5178 ruit
2321 5124 2370 5178 ei
2421 5131 2645 5179 sanctus
2675 5125 2919 5192 Domini,
2951 5125 3142 5181 dicens
3172 5126 3326 5190 τοῖιν
3366 5124 3484 5176 hinc
3510 5131 3605 5172 non
3629 5110 3730 5164 abs-

2169 5215 2395 5281 cessisti,
2429 5216 2568 5268 sicut
2597 5215 2699 5268 tibi
2720 5217 2957 5285 praecepi
2985 5216 3013 5269 ?
3045 5215 3176 5270 Vide
3224 5228 3288 5267 ne
3325 5213 3408 5266 hic
3435 5206 3641 5276 amplius
3662 5202 3730 5251 in—

2169 5309 2403 5360 veniam.
2439 5306 2592 5370 Quod
2625 5305 2746 5377 ipsa
2773 5323 2873 5362 ceu
2903 5307 3075 5377 prius,
3109 5306 3271 5361 etiam
3305 5319 3444 5359 nunc
3478 5312 3570 5371 pro
3588 5288 3729 5348 nihilo

2171 5395 2344 5451 duxit.
2379 5396 2563 5450 Tertio
2585 5396 2734 5452 venit
2763 5395 2832 5450 ad
2879 5396 3131 5451 eamdem
3178 5393 3518 5450 beatissimus
3546 5377 3726 5458 praemi»

2173 5488 2228 5536 et
2259 5481 2432 5539 dixit:
2468 5486 2656 5540 Nonne
2685 5485 2808 5555 jam
2844 5486 3000 5541 semel
3030 5490 3080 5542 et
3127 5485 3352 5542 secundo
3391 5481 3488 5537 tibi
3513 5472 3658 5547 jussi,
3682 5467 3728 5519 ια
