3970 6212
201 289 275 343 73
875 289 1200 344 HlSTORI/E
1243 291 1570 347 ECCLESIZE
1612 293 1938 349 REMENSIS
1981 295 2153 348 LIBRI
2197 294 2523 358 QUATUOR.
2557 326 2621 334 —
2669 293 2786 348 I.llt.
2835 298 2846 348 l
3470 301 3542 352 τί

200 420 336 472 hinc
360 418 663 472 abscederes
685 420 712 472 ζ)
739 418 845 472 Sed
875 421 1008 487 quia
1031 435 1251 488 pergere
1276 426 1660 491 contempsisti,
1684 425 1823 476 atio—
1847 428 1896 496 Α
1917 423 2172 491 fiscalini,
2202 434 2413 480 terrore
2432 425 2691 495 perculsi,
2717 426 2907 480 mortis
2937 425 3229 481 imminere
3257 428 3365 483 sibi
3393 429 3544 499 peri-

201 526 330 563 rum
360 511 732 578 deportatione
782 511 1041 564 discedes.
1080 513 1143 566 Et
1174 515 1442 583 percussit
1475 515 1624 569 illam
1671 515 1821 586 virga

202 618 375 672 quam
418 602 643 656 tenebat
674 603 729 656 in
761 618 925 656 manu
982 620 1104 674 qua:
1137 620 1259 659 mox
1292 607 1348 660 in
1381 607 1677 661 maximum
1708 614 1821 662 toto

199 706 441 762 corpore
469 707 736 747 conversa
768 699 1059 757 tumorem,
1102 694 1220 749 viro
1250 711 1370 758 suo,
1405 697 1550 767 quod
1591 697 1820 764 viderat,

200 782 444 852 aliisque
465 781 749 836 nonnullis
765 781 924 846 dixit,
946 791 1000 836 et
1030 799 1128 853 per
1151 783 1362 854 aliquot
1391 785 1512 840 dies
1533 787 1824 841 severissi—

201 889 295 926 me
339 871 785 937 cruciata,vitam
827 867 1022 924 ﬁnivit.
1058 871 1222 939 Cujus
1275 888 1477 943 corpus
1505 875 1587 928 vir
1617 875 1736 942 ejus
1767 875 1821 929 in

201 963 444 1017 ecclesia
471 961 523 1014 S.
560 959 791 1028 Remigii
824 960 1124 1028 deportari,
1156 969 1210 1014 et
1239 960 1442 1015 ibidem
1475 963 1701 1032 sepeliri
1744 964 1824 1017 t‘e-

201 1056 302 1110 cit.
334 1053 487 1118 Quod
545 1060 728 1107 autem
761 1051 924 1106 funus
964 1051 1134 1120 ipsius
1179 1051 1232 1105 in
1265 1053 1497 1108 ecclesia
1533 1071 1632 1108 sua
1666 1055 1824 1110 Pater

203 1147 300 1203 hic
339 1147 518 1200 almus
565 1143 857 1214 receperit,
919 1159 1026 1198 non
1081 1144 1218 1199 adeo
1254 1145 1562 1208 mirabitur,
1595 1146 1639 1200 si
1695 1147 1822 1218 quis

201 1239 378 1312 digne
410 1236 767 1308 perpenderit
793 1252 900 1306 qua
915 1236 1087 1289 sancti
1107 1235 1377 1291 vindictas
1408 1237 1461 1291 in
1485 1237 1822 1310 delinquen-

205 1336 295 1382 tes
316 1343 574 1381 exercere
605 1325 819 1380 soleant
859 1324 1198 1379 intentione:
1231 1325 1486 1380 videlicet
1515 1333 1592 1390 ut,
1627 1328 1672 1380 si
1705 1343 1823 1398 pte-

203 1419 500 1483 nituerint,
547 1418 637 1472 hic
703 1417 970 1486 recipiant
1019 1417 1166 1487 quod
1222 1428 1522 1486 merentur,
1565 1435 1632 1475 ne
1701 1429 1824 1493 post

200 1511 433 1566 aeternis
461 1509 750 1580 suppliciis
787 1508 1130 1570 addicantur,
1174 1517 1232 1564 ut
1265 1510 1317 1564 in
1355 1511 1560 1584 Regum
1594 1511 1736 1568 libro
1761 1514 1830 1569 de

203 1602 721 1674 prephetalegitur,
746 1602 837 1673 qui
868 1602 948 1656 ori
981 1602 1192 1656 Domini
1247 1603 1577 1658 inobediens
1603 1607 1828 1669 exstitit,

202 1703 262 1748 et
284 1710 316 1746 a
334 1694 495 1746 leone
523 1691 1060 1761 percussusinteriit,
1083 1699 1246 1761 atque
1265 1700 1388 1761 post
1406 1691 1676 1746 ultionem
1703 1711 1830 1763 per-

1922 515 2042 600 cula
2072 515 2254 578 veriti,
2315 515 2649 584 tandemque
2683 514 2941 584 correpti,
2977 526 3265 572 cessarunt
3295 517 3360 571 ab
3395 517 3541 572 attli-

1922 608 2105 662 ctione
2130 607 2386 677 pauperis
2425 607 2476 659 8.
2517 606 2770 677 Remigii.
2806 607 2911 660 Sed
2945 607 3073 677 quia
3129 624 3289 663 secus
3324 626 3540 664 amnem

1923 699 2106 753 Saram
2139 701 2332 766 (Serret
2366 700 2485 753 loco
2520 699 2696 753 lutoso
2736 697 3016 764 manebat,
3051 715 3109 754 et
3167 700 3222 754 in
3245 701 3362 755 suis
3387 701 3543 755 habi-

1926 793 2117 847 taculis
2145 809 2174 846 a
2205 791 2564 862 serpentibus
2593 791 2902 845 molestiam
2939 807 3188 863 magnam
3209 793 3541 857 sustinebat,

1926 882 2204 952 accipiens
2234 881 2535 950 pulverem,
2571 896 2737 950 quem
2784 896 2970 934 secum
3003 879 3070 933 ab
3103 880 3352 936 ecclesia:
3387 880 3542 951 pavi-

1925 978 2112 1024 mento
2137 969 2428 1024 collectum
2467 968 2760 1032 detulerat,
2799 985 2896 1038 per
2954 968 3267 1023 habitacula
3322 985 3419 1023 sua
3453 985 3543 1022 re-

1923 1059 2160 1129 spersit;
2191 1075 2255 1112 ac
2269 1066 2460 1128 postea
2492 1074 2722 1127 serpens
2752 1059 2803 1112 in
2824 1059 3032 1112 eisdem
3067 1058 3201 1112 locis
3227 1074 3343 1113 non
3369 1075 3540 1128 appa-

1924 1147 2051 1200 ruit.
2088 1146 2438 1216 Compertum
2471 1160 2689 1216 quoque
2723 1146 2953 1200 traditur
2983 1147 3131 1216 quod
3179 1146 3232 1199 in
3285 1145 3544 1201 omnibus

1924 1239 2174 1292 ecclesiae
2205 1236 2352 1291 beati
2411 1236 2643 1306 Remigii
2693 1236 3220 1304 circumjacentibus
3250 1237 3423 1301 atriis,
3459 1238 3540 1290 vel

1923 1325 2274 1391 caemeteriis,
2301 1325 2532 1379 coluber
2563 1325 3288 1396 nunquamsoleatinveniri
3320 1342 3332 1377 :
3365 1325 3460 1378 sed
3491 1332 3545 1378 et

1922 1417 1968 1471 si
2031 1418 2245 1472 delatus
2294 1417 2401 1470 huc
2439 1416 2793 1488 aliquomodo
2853 1416 3036 1479 fuerit,
3088 1415 3403 1471 nullatenus
3459 1415 3549 1469 hic

1932 1509 2116 1564 vivere
2151 1508 2342 1579 possit.

2005 1601 2274 1670 Tempore
2305 1599 2491 1653 domni
2508 1598 2778 1654 llincmari
2800 1598 3067 1669 praesulis,
3085 1599 3308 1670 quidam
3347 1599 3550 1671 Blitga-

1934 1687 2047 1742 rius
2077 1687 2325 1742 ecclesize
2367 1704 2615 1742 mansum
2661 1688 2715 1740 in
2747 1687 2876 1741 villa
2923 1686 3172 1752 Tcnoilo,
3197 1687 3342 1757 apud
3377 1687 3550 1758 ipsius

203 1779 829 1852 ceptamcorpusipsius
861 1779 1121 1833 intactum
1156 1796 1184 1832 a
1208 1779 1323 1833 fera
1347 1781 1607 1834 remansit
1631 1783 1678 1846 (Ι
1696 1785 1820 1851 Reg.
1859 1793 1908 1859 Β
1935 1781 2186 1835 ecclesiae
2219 1781 2504 1835 custodem
2539 1779 2850 1850 impetravit
2902 1779 3103 1850 pretio,
3136 1779 3284 1833 unde
3316 1779 3550 1834 famulos

203 1873 330 1934 xm)
361 1868 514 1933 Quod
527 1884 658 1922 vero
677 1869 1013 1938 praemissam
1027 1868 1311 1923 mulierem
1329 1878 1412 1923 ter
1425 1871 1723 1925 admonere
1737 1888 1827 1925 cu-

203 1964 432 2027 raverit,
458 1978 560 2016 nec
590 1977 709 2016 eam
753 1963 929 2032 primo
961 1962 1044 2017 vel
1071 1965 1317 2018 secundo
1343 1965 1594 2031 visitans,
1623 1982 1823 2036 percu-

203 2061 327 2108 tere
356 2051 528 2106 voluit
575 2055 758 2122 (quam
801 2061 984 2106 tamen
1017 2051 1228 2106 ultione
1258 2053 1605 2122 plectendam
1636 2062 1825 2125 utpote

203 2145 319 2200 Deo
352 2144 682 2211 conjunctus
715 2159 824 2198 non
859 2143 1144 2217 ignoravit)
1179 2146 1312 2216 quid
1342 2146 1490 2200 aliud
1521 2164 1682 2218 quam
1721 2165 1824 2219 pa-

201 2233 419 2290 tientize
449 2233 610 2288 nobis
630 2233 878 2301 exempla
906 2234 1239 2304 proposuit?
1270 2251 1337 2288 ne
1363 2236 1573 2290 scilicet
1605 2237 1670 2290 ad
1697 2254 1828 2308 pro-

200 2322 499 2376 ferendam
531 2322 586 2375 in
626 2337 901 2392 quemque
945 2322 1230 2376 scientiam
1283 2323 1472 2378 faciles
1503 2325 1697 2391 simus,
1731 2326 1824 2396 qui

200 2412 318 2466 Deo
352 2426 452 2481 per
476 2411 690 2465 diversa
721 2410 1111 2484 disjungimur,
1143 2427 1266 2465 cum
1311 2421 1365 2466 et
1396 2429 1521 2466 eum
1555 2414 1826 2483 patienter

197 2511 525 2574 exspectare
557 2503 874 2572 probemus,
933 2518 1097 2573 quem
1160 2504 1270 2558 Deo
1325 2506 1625 2571 coluerere,
1659 2514 1823 2578 atque

201 2611 332 2649 cum
367 2594 488 2664 ipso
523 2593 776 2662 judicare
797 2592 1150 2648 confidimus.

273 2687 539 2741 Moderno
572 2685 1062 2756 temporecolonus
1093 2681 1319 2757 quidam
1350 2687 1497 2742 villa:
1532 2687 1822 2744 Remensis

199 2775 478 2846 episcopi,
535 2790 658 2845 qua:
691 2775 949 2844 plumbea
1009 2775 1249 2830 Fontana
1309 2777 1528 2842 dicitur,
1592 2795 1824 2833 manens

194 2867 358 2934 juxta
387 2865 523 2939 regii
572 2865 756 2920 villam
790 2864 929 2930 ﬁsci,
964 2883 1127 2937 quam
1163 2867 1418 2922 Rosetum
1465 2876 1683 2934 vocant,
1715 2885 1819 2922 ne-

199 2971 313 3028 que
347 2970 604 3016 messem,
638 2971 820 3025 neque
875 2963 1112 3025 pratum.
1165 2963 1490 3010 caeterumvc
1523 2957 1816 3024 peculium.

199 3053 436 3115 promer
468 3041 835 3097 tisealinorum
897 3042 1326 3110 infestationem,
1384 3043 1588 3099 habere
1637 3048 1823 3118 quiete

1930 1875 2104 1928 sancti
2141 1875 2372 1946 Remigii
2408 1875 2573 1941 ejeeit
2601 1891 2723 1929 cum
2775 1874 3029 1946 ﬂagellis,
3067 1873 3547 1930 conclamantibus

1927 1965 2006 2020 eis
2036 1966 2087 2019 S.
2125 1966 2430 2038 Remigium
2461 1967 2567 2020 sibi
2610 1967 2752 2021 terre
2790 1966 3123 2021 subsidium.
3171 1966 3381 2031 Quibus
3401 1966 3546 2020 idem

1928 2058 2220 2132 Blitgarius
2251 2074 2373 2112 cum
2408 2058 2665 2113 irrisione
2692 2058 2862 2112 dixit:
2896 2058 3280 2126 Modoparebit
3309 2059 3552 2128 qualiter

1926 2163 2017 2202 vos
2057 2152 2276 2202 sanctus
2318 2151 2590 2214 Remigius
2628 2149 2935 2216 adjuvabit.
2985 2149 3172 2202 Videte
3200 2148 3462 2217 quomodo
3491 2149 3549 2200 in

1928 2239 2270 2307 adjutorium
2300 2244 2534 2292 vestrum
2561 2242 2726 2294 venit.
2777 2240 3007 2310 Moxque
3039 2239 3185 2294 inter
3207 2240 3324 2294 haae
3354 2238 3546 2300 verba,

1930 2329 2169 2382 maximo
2227 2328 2466 2382 clamore
2535 2328 2949 2402 ingemiscens,
3019 2329 3256 2384 mirabili
3327 2338 3548 2402 turgere

1928 2421 2200 2475 distentus
2233 2421 2508 2481 intumuit,
2545 2428 2599 2474 et
2626 2421 2885 2491 expirans
2917 2421 3133 2491 crepuit
3159 2421 3398 2476 medius.
3436 2423 3548 2486 Qua

1926 2509 2169 2564 vindicta
2200 2526 2620 2564 commonemur
2650 2510 2917 2565 ultionem
2976 2509 3218 2564 divinam
3277 2509 3542 2580 pertime-

1927 2615 2103 2665 scere,
2132 2599 2430 2653 crudeliter
2476 2598 2902 2653 ecclesiasticam
2949 2614 3058 2652 non
3113 2605 3343 2652 tractare
3381 2597 3546 2652 fami-

1885 2675 1890 2682 ’
1927 2686 2075 2751 liam,
2104 2695 2157 2741 et
2189 2687 2245 2740 in
2277 2688 2444 2742 Deum
2478 2704 2541 2742 ac
2580 2697 2799 2742 sanctos
2819 2687 2938 2754 ejus
2964 2702 3317 2758 summopere
3349 2702 3546 2741 cavere

1927 2774 2348 2846 blasphemiam.

1997 2865 2203 2920 Nostris
2237 2865 2368 2920 olim
2402 2864 2600 2921 diebus
2632 2865 2857 2936 quidam
2889 2864 3210 2918 Warnerius
3243 2864 3367 2936 pagi
3413 2865 3551 2920 Vor-

1928 2955 2201 3009 maeensis
2244 2970 2445 3009 comes.
2483 2971 2570 3008 res
2601 2956 2774 3010 sancti
2830 2955 3065 3027 Remigii
3128 2957 3460 3027 przemissas,
3493 2956 3548 3009 in

1926 3045 2137 3118 Vosego
2168 3044 2318 3110 sitas,
2351 3042 2640 3105 invadens,
2676 3044 2996 3099 hominibus
3024 3047 3544 3100 suisdistribuerat.

199 3130 425 3186 valebat
458 3148 470 3184 :
506 3131 654 3185 unde
706 3146 854 3202 sape
907 3132 1174 3200 justitiam
1237 3133 1384 3203 apud
1431 3115 1822 3190 ministe‘riales
1852 3115 1899 3182 Ο
1923 3115 2160 3189 Veniens
2187 3143 2370 3189 autem
2404 3134 2438 3186 Β
2515 3133 2797 3206 Remigius
2825 3134 2893 3188 ad
2932 3135 3279 3209 Herigarium
3316 3135 3549 3207 Mogun-

198 3225 390 3300 regios
420 3225 527 3278 sibi
582 3223 698 3279 fieri
727 3225 903 3295 petiit,
955 3241 1057 3280 nec
1086 3225 1342 3281 obtinere
1383 3228 1578 3298 potuit.
1611 3229 1824 3284 Invenit

197 3327 391 3374 autem
448 3319 669 3372 tandem
729 3319 834 3373 sibi
879 3320 1101 3374 salubre
1147 3321 1459 3375 consilium.
1520 3322 1648 3375 Nam
1680 3321 1825 3376 coxit

200 3426 382 3483 panes
423 3419 478 3465 et
505 3427 719 3477 carnes,
780 3420 834 3467 et
859 3407 1091 3483 accepta
1116 3414 1403 3476 cerevisia,
1460 3414 1822 3484 proutviisum

197 3502 330 3568 fuit,
361 3501 417 3554 in
459 3501 712 3568 vasculis,
773 3501 888 3555 hinc
941 3502 1126 3556 omnia
1176 3502 1454 3558 vehiculo.
1493 3520 1618 3572 quae
1659 3504 1822 3576 vulgo

199 3592 392 3646 benna
423 3591 643 3656 dicitur,
665 3591 944 3660 imposuit,
977 3597 1031 3644 et
1073 3590 1281 3657 junctis
1329 3591 1508 3646 bobus
1539 3592 1607 3646 ad
1633 3592 1815 3647 basili-

197 3701 323 3739 cam
355 3684 531 3738 sancti
565 3683 821 3757 Remigii,
855 3681 1139 3738 candelam
1175 3700 1339 3738 manu
1381 3683 1583 3750 ferens,
1617 3701 1822 3756 prope-

198 3777 362 3832 ravit.
399 3777 514 3841 Quo
571 3776 918 3846 perveniens,
973 3774 1198 3830 cibariis
1243 3793 1368 3848 qua)
1395 3777 1593 3832 detulit
1628 3777 1818 3832 matri-

198 3867 448 3922 cularios
491 3865 657 3936 pavit,
711 3865 778 3919 ad
816 3864 1131 3935 sepulcrum
1181 3866 1358 3920 sancti
1402 3866 1689 3922 candelam
1723 3881 1823 3938 po-

197 3959 334 4022 suit,
371 3965 426 4011 et
449 3957 569 4025 ejus
617 3954 884 4009 auxilium
915 3961 1102 4008 contra
1137 3970 1267 4009 suos
1324 3971 1691 4026 Oppressuros
1713 3973 1812 4010 ex-

201 4046 388 4120 petiit.
413 4045 698 4100 Pulverem
730 4058 948 4115 quoque
979 4043 1046 4097 de
1076 4043 1389 4114 pavimento
1421 4046 1668 4100 ecclesia
1691 4046 1812 4101 col-

200 4142 408 4214 ligens,
441 4152 625 4208 panno
646 4136 944 4208 colligavit,
997 4141 1052 4190 et
1098 4135 1152 4188 in
1203 4136 1462 4206 praedicta
1490 4137 1674 4192 benna
1707 4155 1810 4208 po-

202 4244 366 4293 nens,
423 4226 655 4281 linteum
720 4225 959 4297 desuper
999 4226 1079 4296 (ut
1133 4242 1300 4296 supra
1353 4243 1554 4298 corpus
1612 4227 1812 4282 mortui

197 4322 346 4376 solet
373 4317 852 4388 ﬁerilcomposuit,
903 4326 956 4372 et
1009 4317 1076 4370 ad
1108 4318 1332 4388 propria
1365 4335 1606 4374 remeare
1627 4322 1813 4392 erepit.

1927 3229 2016 3284 tiae
2049 3229 2365 3299 praesulem,
2398 3228 2453 3281 in
2487 3227 2697 3282 somnis
2723 3227 2773 3281 ei
2819 3229 2972 3282 visus
2999 3226 3457 3299 est,przecipiens
3485 3237 3546 3284 ut

1929 3320 2032 3374 iret
2063 3321 2130 3373 ad
2162 3319 2469 3374 Conradum
2532 3335 2738 3390 regem,
2773 3334 3133 3372 commonens
3188 3335 3312 3373 eum
3345 3319 3546 3386 jubere

1925 3409 2032 3464 sibi
2063 3409 2328 3477 subjectis
2371 3416 2643 3478 quatenus
2675 3406 3021 3461 dimitterent
3077 3418 3274 3462 terram
3304 3423 3416 3462 suae
3457 3410 3545 3462 di-

1927 3503 2094 3557 tionis
2156 3501 2255 3566 Qui
2282 3515 2622 3572 consurgens
2666 3515 2697 3552 a
2750 3512 2966 3562 somno,
3018 3497 3144 3552 licet
3194 3497 3430 3553 miratus
3479 3499 3549 3555 de

1923 3595 2157 3657 visione,
2190 3593 2304 3667 regi
2363 3598 2544 3645 tamen
2595 3589 2783 3645 omisit
2841 3588 3108 3642 indicare.
3172 3588 3382 3643 Rursus
3423 3599 3549 3659 post

1924 3685 2133 3755 aliquot
2163 3683 2284 3736 dies
2313 3696 2586 3752 apparens
2609 3679 2659 3733 ei
2692 3679 2746 3734 S.
2771 3677 3056 3752 Remigius
3081 3677 3364 3750 redarguit
3393 3694 3543 3747 eum,

1923 3793 2093 3848 quare
2147 3774 2406 3829 mandata
2462 3788 2572 3828 non
2632 3771 2994 3842 adimplesset
3036 3769 3206 3835 illius,
3240 3771 3549 3826 admonens

1924 3869 2118 3924 iterum
2150 3885 2218 3922 ne
2245 3865 2463 3921 diﬂ‘erat
2502 3865 2637 3937 quin
2672 3865 2786 3935 regi
2830 3865 2985 3933 jussa
3033 3863 3344 3918 denuntiet.
3383 3863 3540 3928 ltem,

1922 3975 2026 4015 ceu
2059 3957 2230 4028 prius,
2258 3955 2346 4010 ille
2379 3954 2558 4010 visum
2588 3961 2849 4025 reputans
2873 3953 3058 4015 inane,
3096 3949 3337 4022 neglexit
3376 3951 3546 4021 perti-

1917 4068 2040 4110 cere
2066 4051 2393 4121 jussionem.
2426 4047 2607 4102 Tertio
2666 4049 2813 4101 hunc
2845 4047 2959 4114 jam
3001 4062 3125 4101 cum
3148 4044 3366 4116 ﬂagello
3399 4062 3540 4100 san—

1917 4152 2036 4199 ctus
2065 4141 2279 4205 adiens,
2314 4137 2490 4209 ipsius
2520 4136 2828 4206 increpavit
2866 4133 3291 4198 contumaciam,
3328 4152 3538 4206 quem-

1916 4251 2024 4306 que
2084 4248 2181 4302 per
2234 4219 2520 4284 brachium
2554 4224 3057 4294 comprehenderis,
3094 4224 3236 4278 lecto
3280 4225 3427 4278 visus
3453 4237 3543 4282 est.

1916 4320 2233 4378 extraxisse.
2274 4318 2475 4387 Sicque
2520 4314 2759 4387 ﬂagello,
2794 4314 2942 4386 quod
2977 4313 3220 4379 tenebat,
3259 4331 3383 4368 eum
3414 4333 3544 4371 ver-

197 4411 254 4464 Si
315 4409 413 4484 qui
464 4424 596 4488 vero
663 4407 733 4462 de
789 4406 1143 4462 obviantibus
1205 4423 1330 4461 eum
1398 4408 2143 4503 interrogabantDbcrans,
2177 4409 2374 4465 acriter
2432 4424 2632 4465 caesum
2666 4408 2876 4463 dimisit
2903 4415 2956 4462 et
3012 4407 3383 4462 humiliatum.
3421 4409 3540 4466 Non

199 4500 342 4572 quid
375 4500 428 4553 in
459 4484 553 4553 illo
583 4513 740 4553 carro
780 4497 1024 4565 duceret,
1052 4497 1424 4568 reSpondebat
1451 4514 1511 4552 se
1541 4499 1593 4552 S.
1633 4499 1819 4554 Remi-

199 4594 355 4667 gium
381 4592 605 4646 dueere.
645 4589 978 4644 Mirabantur
1040 4598 1223 4644 autem
1259 4605 1454 4645 omnes
1485 4589 1539 4643 in
1572 4589 1735 4644 dictis
1767 4601 1821 4647 et

199 4684 366 4740 factis
388 4683 559 4748 illius,
591 4691 868 4738 amentem
900 4683 1045 4737 hunc
1075 4698 1198 4737 esse
1217 4682 1474 4739 ferentes.
1515 4685 1572 4738 ln
1606 4693 1819 4753 pratum

197 4789 336 4829 vero
367 4789 528 4828 suum
563 4772 915 4843 perveniens,
960 4779 1206 4842 pastores
1233 4771 1372 4825 inibi
1398 4772 1469 4827 de
1511 4772 1710 4828 Roseto
1731 4773 1820 4827 di-

197 4866 346 4922 versi
397 4865 622 4941 generis
673 4863 931 4919 animalia
961 4872 1248 4935 pascentes
1297 4864 1524 4920 invenit.
1578 4865 1671 4919 Ast
1725 4865 1818 4921 ubi

197 4960 254 5014 S.
291 4956 604 5029 Remigium
638 4955 778 5010 ferre
808 4955 916 5009 sibi
961 4955 1218 5032 suffragia
1258 4958 1566 5027 postulans,
1599 4955 1824 5011 invoca-

198 5049 299 5114 vit,
334 5062 556 5118 ccepere
581 5046 770 5113 boves,
824 5046 981 5111 hirci,
1015 5062 1307 5118 capraeque
1341 5046 1578 5103 invicem
1611 5063 1672 5101 se
1694 5063 1821 5103 cor-

203 5141 370 5194 nibus
390 5140 686 5210 impetere,
713 5136 863 5208 porei
895 5153 1024 5192 cum
1051 5137 1232 5209 porcis
1270 5136 1594 5211 conﬂigere,
1629 5153 1822 5193 verve-

197 5247 294 5286 ces
323 5248 447 5286 cum
479 5227 807 5285 vervecibus
828 5243 886 5282 se
907 5228 1194 5294 collidere,
1218 5235 1466 5299 pastores
1491 5244 1552 5284 se
1581 5228 1826 5284 fustibus

199 5333 256 5378 et
316 5323 522 5396 pugnis
562 5327 754 5375 mutuo
809 5329 1117 5390 percutere.
1163 5319 1508 5391 Maximoque
1564 5328 1826 5392 surgente

199 5414 421 5469 turbine
452 5417 707 5484 pastores
753 5409 1046 5477 ejulantes,
1091 5409 1350 5464 animalia
1389 5425 1646 5480 qumque,
1674 5409 1826 5475 juxta

188 5521 371 5579 genus
397 5517 586 5564 suum,
619 5515 820 5573 magno
859 5499 1042 5554 sonitu
1066 5499 1496 5569 perstrependo,
1531 5500 1605 5555 ita
1635 5515 1824 5569 caepe-

189 5604 314 5651 runt
340 5595 618 5649 Rosetum
650 5603 840 5642 versus
867 5588 1081 5662 fugere,
1116 5604 1179 5643 ac
1221 5589 1267 5643 si
1299 5589 1594 5644 multitudo
1623 5605 1820 5660 perse-

181 5684 488 5759 quentium
525 5675 1306 5750 ﬂagrisvidereturinsistere.
1350 5677 1502 5740 Quod
1526 5686 1824 5732 cernentes

507 5780 794 5839 PATROL
845 5775 1178 5840 CXXXV.
1221 5839 1238 5847 ,

1923 4501 2161 4573 amplius
2183 4500 2330 4555 enim
2357 4499 2470 4568 jam
2499 4505 2740 4554 temnere
2763 4499 2917 4567 jussa
2947 4513 3307 4568 prmsumens,
3352 4514 3538 4572 regem

1921 4611 2045 4650 mox
2075 4593 2207 4659 adit,
2240 4601 2510 4648 secretum
2546 4590 2702 4661 petit,
2764 4597 2974 4645 vestem
3014 4590 3266 4661 deponit,
3314 4591 3539 4646 lividum
3613 4589 3618 4594 '

1921 4703 2121 4758 corpus
2148 4686 2408 4750 ostendit,
2443 4692 2497 4740 et
2526 4684 2670 4738 dicta
2697 4685 2780 4738 vel
2813 4691 2931 4738 acta
2959 4682 3198 4739 ﬁdeliter
3241 4701 3304 4738 ex
3346 4684 3540 4739 ordine

1924 4777 2132 4848 pandit.
2167 4775 2375 4832 Accidit
2415 4780 2621 4840 autem,
2655 4778 2714 4826 ut
2755 4771 2947 4826 eadem
2982 4772 3071 4825 die
3106 4773 3319 4846 legatus
3347 4772 3534 4827 domni

1923 4866 2176 4937 praesulis
2207 4866 2374 4921 nostri
2399 4864 2620 4926 llirivei,
2641 4863 2861 4918 nomine
2884 4862 3224 4923 Tendoinus,
3254 4862 3321 4916 ab
3343 4863 3538 4918 eodem

1921 4959 2142 5014 seniore
2173 4975 2275 5013 suo
2329 4975 2430 5029 pro
2487 4958 2622 5027 ipsis
2675 4957 2842 5012 rebus
2901 4955 3223 5026 repetendis
3252 4956 3320 5010 ad
3353 4972 3536 5028 regem

1923 5063 2047 5102 cum
2087 5047 2414 5101 muneribus
2466 5046 2774 5114 deveniret,
2833 5053 2997 5118 atque
3029 5047 3243 5110 horam,
3275 5061 3383 5116 qua
3423 5047 3538 5119 regi

1925 5137 2245 5207 praesentari
2279 5136 2470 5207 possit,
2504 5141 2656 5191 extra
2711 5146 2864 5192 stans
2893 5144 3255 5207 exspectaret.
3294 5134 3540 5206 Cumque

1930 5244 2043 5284 rem
2079 5239 2287 5304 gestam
2321 5244 2413 5282 rex
2467 5228 2790 5296 admiratus,
2848 5230 3058 5304 requiri
3107 5228 3464 5300 praecepisset
3494 5231 3537 5281 si

1928 5321 2050 5390 quis
2085 5319 2198 5374 illic
2227 5319 2372 5372 inter
2402 5334 2532 5374 suos
2565 5319 2703 5374 forte
2736 5323 2940 5377 nostris
2970 5338 2999 5376 e
3040 5320 3295 5393 partibus
3326 5319 3541 5374 inveni-

1929 5419 2093 5476 retur,
2129 5408 2222 5462 ille
2251 5423 2350 5478 pro
2384 5409 2486 5463 hac
2518 5409 2710 5464 eadem
2732 5429 2789 5466 re
2823 5413 2957 5469 foris
2987 5414 3270 5468 sustinens
3328 5410 3543 5480 reperi-

1927 5507 2013 5554 tur
2043 5499 2256 5565 adesse,
2306 5497 2421 5568 regi
2458 5496 2759 5563 nuntiatur,
2794 5516 2860 5554 eo
2887 5501 3116 5570 jubente
3145 5516 3328 5556 coram
3365 5497 3544 5553 dedu-

1924 5591 2086 5656 citur,
2111 5598 2166 5644 et
2187 5590 2236 5643 ei
2276 5604 2362 5643 res
2418 5605 2541 5660 quae
2589 5592 2871 5660 prepalata
2915 5594 3086 5649 fuerat
3143 5594 3410 5665 aperitur.
3450 5594 3546 5648 llic

1923 5682 2129 5754 gratias
2149 5696 2339 5752 agens,
2373 5696 2472 5752 pro
2493 5681 2661 5735 rebus
2679 5681 2815 5752 ipsis
2838 5699 2898 5737 se
2932 5687 3156 5740 missum
3182 5685 3404 5758 retegit,
3435 5700 3543 5748 res,

3213 5787 3252 5844 3
