3970 6212
435 309 505 361 75
1554 278 1920 338 FLODOARDI
1964 271 2267 328 CANONICI
2309 272 2637 327 REMENSIS
3697 273 3759 326 76

437 470 568 529 rege
606 449 896 510 reddente,
951 439 1168 510 recipit,
1216 445 1271 490 et
1328 433 1524 489 eodem
1566 428 1782 482 favente
1816 420 2042 493 praefato
2072 418 2496 488 Areconditum
2538 418 2807 482 eburneo,
2865 415 3052 470 Remis
3091 415 3297 469 abinde
3348 424 3684 479 reservatur,
3715 415 3761 468 in

1244 527 1253 529 _
1412 523 1425 529 -
1498 521 1521 529 ..
1552 523 1561 529 .
1607 520 1637 529 ,ο
1710 527 1716 529 .
1847 513 1874 529 n
1937 510 2006 529 I\-
2249 513 2258 529 I
2337 513 2345 521 '
2412 511 2578 529 ι,-ι--
2643 509 2733 529 “-2
2791 508 3065 529 _-_21-1_2-
3122 507 3300 529 "‘_2“
3359 509 3608 529 n-_:__--
3652 523 3760 529 ----

438 507 685 618 phinum
745 507 1028 604 Herigario
1069 507 1323 582 tutandas
1361 523 1429 578 ad
1492 520 1814 600 tigelitatem
1846 513 1898 565 S.
1937 510 2043 608 Re-
2149 513 2386 566 ecclesia
2412 511 2585 564 beatae
2643 509 2736 562 Dei
2781 508 3069 580 genitricis
3122 507 3326 562 Mariae.
3359 509 3613 578 Denique
3646 523 3764 560 cum

441 600 591 710 inigii
637 600 944 688 committit.
1005 621 1311 688 Posteaque
1363 616 1598 669 domnus
1653 606 1850 679 praesul
1899 600 2048 710 Heri-

440 694 593 795 veus,
625 728 755 781 dum
787 719 1014 782 advixit,
1049 733 1115 770 ex
1143 714 1338 768 iisdem
1373 709 1540 764 rebus
1573 700 1857 758 annuatim
1889 694 2052 748 dehi-

442 831 556 878 tum
585 821 707 874 sine
729 810 1165 871 contradictione
1197 820 1420 861 censum
1450 797 1675 867 recepit.

513 914 744 968 Easdem
764 924 851 962 res
865 906 1100 959 domnus
1125 899 1376 954 Artaldus
1389 895 1684 965 episcopus
1697 885 1905 940 dudum
1920 881 2054 935 Con-

446 1005 576 1058 rado
608 1001 734 1057 duci
767 987 1421 1060 commiserat:quasille
1454 977 1804 1055 Ragenbaldo
1835 973 2052 1028 cuidam

444 1112 666 1151 suorum
725 1093 1094 1164 delegaverat.
1145 1082 1244 1148 Qui
1302 1073 1692 1150 Ragenbaldus
1736 1065 2055 1122 earumdem

449 1206 626 1249 rerum
640 1157 1038 1240 colonosvvalde
1051 1175 1352 1247 affligebat.
1372 1169 1482 1240 lpsi
1499 1182 1627 1221 vero
1644 1177 1741 1234 pro
1757 1157 2056 1249 afflictione

446 1299 544 1338 sua
570 1292 716 1347 saepe
747 1274 814 1328 ad
845 1278 1090 1325 sanctum
1139 1261 1449 1333 Remigium
1483 1252 1816 1310 clamabant,
1877 1244 2059 1300 Remis

448 1374 754 1432 venientes,
776 1374 832 1420 et
862 1364 1035 1435 ipsius
1061 1357 1273 1431 patroni
1307 1353 1389 1408 sui
1424 1345 1731 1421 patrocinia
1767 1339 2060 1412 requiren-

451 1479 549 1525 tes.
581 1466 682 1520 Pro
729 1473 925 1532 quare
981 1470 1158 1524 nuper
1218 1462 1361 1503 anno
1421 1442 1717 1515 praeterito,
1774 1445 2060 1502 cumrege

451 1522 646 1613 Dttone
674 1560 727 1606 ct
749 1522 984 1621 prtefato
1015 1522 1154 1597 duce
1189 1537 1354 1595 locuti
1389 1550 1598 1596 sumus,
1633 1527 1854 1601 quando
1897 1522 2065 1621 Aqnuis

455 1645 521 1700 ad
548 1613 804 1697 eumdem
835 1651 1022 1710 regem
1054 1631 1207 1685 missi
1241 1627 1466 1682 fuimus.
1521 1622 1626 1676 Sed
1685 1625 1744 1672 ut
1777 1616 1922 1669 idem
1959 1613 2066 1666 Ra-

455 1731 763 1806 genbaldus
796 1726 863 1781 ab
900 1703 1166 1794 vipsarum
1197 1732 1380 1770 rerum
1433 1710 1745 1781 direptione
1773 1703 2063 1758 desisteret

2149 621 2348 675 corpus
2374 604 2548 674 ipsius
2597 601 3026 656 sacratissimum
3067 601 3136 654 de
3166 600 3390 670 lapideo
3421 600 3768 672 sarc0phago

2154 695 2206 748 in
2240 693 2521 764 prtemisso
2553 689 2927 759 transponitur
2955 689 3155 754 loculo,
3179 689 3329 742 Rado
3363 687 3594 758 quidam
3608 686 3774 740 Sues-

2153 782 2355 836 sonicae
2380 788 2508 834 tunc
2529 778 2784 833 Ecclesiae
2805 777 3200 839 subdiaconus,
3235 776 3330 846 qui
3361 791 3487 830 cum
3507 775 3775 844 episcopo

2155 890 2254 928 suo
2287 871 2535 928 Rothado
2569 870 2700 924 illuc
2754 869 3070 933 advenerat,
3129 868 3268 922 adeo
3302 867 3494 922 dolore
3524 865 3778 920 dentium

2158 980 2255 1034 per
2282 963 2553 1034 integrum
2584 966 2808 1014 vexatus
2869 974 3096 1022 annum,
3132 964 3212 1022 ut,
3244 955 3455 1010 doloris
3484 955 3779 1008 nimietate

2159 1055 2473 1126 perditurus
2490 1040 2832 1106 metueretur
2846 1065 3092 1114 sensum,
3112 1047 3385 1103 maxillam
3415 1053 3574 1117 peste
3587 1061 3785 1120 grava-

2160 1157 2267 1200 tam
2309 1145 2430 1199 loco
2460 1143 2556 1197 ubi
2589 1150 2839 1196 sanctum
2870 1141 3074 1213 pignus
3097 1141 3368 1208 jacuerat,
3401 1138 3706 1209 apposuit:
3733 1148 3788 1191 et

2163 1254 2285 1292 mox
2307 1237 2375 1290 ab
2408 1237 2509 1290 hac
2535 1234 2676 1289 liber
2691 1234 2938 1288 redditus
2955 1232 3318 1306 aegritudine,
3343 1233 3599 1287 dolorem
3619 1231 3791 1284 dein-

2162 1342 2293 1395 ceps
2323 1322 2702 1392 hujuscemodi
2724 1323 2927 1376 meruit
2950 1337 3060 1376 non
3081 1321 3305 1375 sentire.
3336 1319 3443 1374 Hac
3473 1319 3676 1373 eadem
3699 1318 3792 1372 die

2164 1419 2272 1472 duo
2298 1416 2524 1488 quidam
2568 1415 2818 1470 homines
2873 1413 3066 1469 morbo
3096 1412 3363 1468 contracti
3393 1410 3542 1482 apud
3580 1427 3791 1485 pagum

2169 1508 2488 1562 Ribuarium
2520 1503 3148 1576 (BruiéresinLannois),
3179 1502 3235 1556 in
3265 1502 3511 1556 oratorio
3543 1501 3794 1572 quodam

2169 1600 2448 1655 memoriae
2480 1600 2642 1668 hujus
2672 1597 2819 1652 beati
2881 1596 3052 1652 nostri
3095 1594 3311 1665 patroni
3342 1593 3603 1648 dedicato
3632 1592 3797 1646 sani-

2169 1697 2330 1744 tatem
2365 1689 2649 1743 nuntiatur
2677 1686 2973 1758 recepisse.
3001 1686 3059 1738 ln
3092 1683 3267 1755 ipsius
3307 1690 3494 1737 autem
3531 1697 3643 1753 qua
3669 1696 3802 1735 cor-

456 1773 750 1894 iinpetrare
805 1773 1178 1886 nequivimus.
1215 1805 1368 1862 Unde
1399 1801 1629 1872 contigit
1662 1800 1834 1851 horno
1866 1794 1924 1863 [i,
1964 1777 2140 1851 hocB
2166 1799 2296 1854 pore
2323 1782 2558 1853 quiescit
2578 1780 2825 1839 basilica.
2857 1779 3116 1833 continua
3143 1775 3264 1830 ﬁeri
3315 1789 3424 1830 non
3448 1773 3800 1828 omittuntur

1607 1893 1616 1894 ,
1816 1889 1825 1894 .
2052 1885 2062 1894 .
2171 1873 2403 1894 εμμεμ-ε-
2467 1870 2593 1894 Au...
2628 1867 2982 1894 ....I.m..:n..a,m
3023 1865 3212 1894 ..αι-..ηοξ
3252 1873 3522 1894 οηηηηιηι-
3578 1861 3794 1894 ποι-ξιινῖ

455 1885 593 1985 am],
644 1922 703 1967 ut
747 1911 875 1964 dum
904 1885 1144 1978 quodam
1203 1899 1440 1954 Sabbato
1491 1893 1713 1949 eosdem
1747 1889 1972 1943 colonos
1999 1885 2066 1939 ad

458 1977 598 2076 opus
627 1990 1336 2074 quoddamperagendum
1397 1989 1763 2054 congregatos
1820 1977 2065 2034 haberet,

461 2064 894 2166 prmcijieretqtte
953 2064 1275 2155 presbytero
1335 2092 1401 2129 ne
1461 2074 1618 2143 signa
1678 2064 2071 2136 vespertinalia

464 2156 642 2256 usque
691 2156 864 2253 prope
896 2183 1111 2232 noctem
1148 2171 1409 2242 pulsaret,
1461 2163 1727 2233 Operique
1788 2156 2071 2226 implendo

462 2245 764 2336 insisteret,
794 2269 1177 2339 percuteretur
1214 2269 1542 2329 percussore
1570 2250 1772 2303 inviso.
1805 2247 1902 2312 Qui
1937 2245 2070 2298 dum

463 2367 770 2438 requireret
799 2362 924 2432 quis
937 2373 1062 2412 eum
1077 2352 1456 2424 percussisset,
1477 2357 1780 2412 omnesque
1794 2356 1851 2393 se
1872 2338 2074 2393 vidisse

466 2464 750 2530 negarent,
783 2453 940 2509 furiis
992 2448 1320 2522 exagitatus,
1379 2453 1604 2493 sensum
1663 2433 1866 2498 amisit,
1895 2430 2074 2504 gravi-

465 2529 656 2623 terque
683 2555 927 2613 vexatus,
968 2541 1220 2612 spiritum
1280 2531 1572 2590 exhalavit.
1621 2529 1735 2592 Quo
1791 2529 2073 2592 comperto

467 2611 581 2695 dux
607 2635 887 2693 Conradus
916 2611 1158 2685 nimium
1203 2624 1426 2680 territus
1483 2619 1550 2672 ad
1611 2626 1861 2671 sanctum
1893 2611 2079 2666 Remi-

465 2734 615 2809 gium
639 2729 812 2795 venit,
833 2726 995 2796 eique
1028 2721 1277 2789 resipsas
1310 2712 1570 2775 reddidit,
1600 2725 1736 2780 quas
1764 2705 2079 2777 prtemissus

469 2799 664 2898 praesul
695 2818 948 2874 Artaldus
980 2813 1270 2866 llincmaro
1298 2804 1505 2863 abbati.
1537 2818 1600 2856 ac
1623 2799 1836 2855 caeteris
1885 2812 2077 2851 mona-

467 2891 587 2971 chis
613 2912 682 2967 ad
703 2907 1149 2978 supplementum
1175 2899 1356 2954 victus
1387 2891 1660 2948 attribuit.

540 3006 600 3059 ln
655 2976 961 3054 Vultiniaco
1020 2993 1178 3057 Rivo,
1238 3001 1378 3060 pago
1421 2978 1790 3040 Laudunensi,
1847 2976 2081 3031 habetur

468 3095 766 3153 oratorium
795 3089 849 3144 in
899 3089 1106 3142 honore
1150 3083 1204 3136 S.
1239 3075 1472 3152 Remigii
1507 3073 1845 3128 dedicatum.
1885 3071 1941 3124 ln
1974 3083 2083 3140 quo

470 3190 598 3243 dum
626 3179 896 3239 Rodulfus
926 3193 1017 3232 rex
1043 3172 1389 3228 Heribertum
1427 3165 1685 3221 comitem
1718 3173 2080 3230 persequere-

470 3288 578 3346 tur,
610 3275 704 3349 qui
735 3272 1115 3343 episcopatum
1135 3264 1460 3317 Remensem
1486 3273 1516 3309 a
1537 3269 1666 3326 rege
1682 3251 1786 3305 sibi
1807 3264 2088 3304 commen-

472 3346 659 3428 datum
692 3363 934 3425 tenebat,
969 3351 1414 3422 hominesipsius
1439 3346 1583 3400 villae
1609 3360 1694 3398 res
1711 3358 1842 3396 suas
1863 3347 2087 3411 propter

470 3459 700 3518 hostiles
730 3457 984 3509 incursus
1012 3445 1314 3502 recondere
1347 3437 1698 3494 studuerunt.
1739 3435 1802 3486 At
1833 3431 1962 3484 dum
1993 3445 2085 3483 rex

473 3553 728 3629 praefatus
756 3549 826 3603 ad
844 3540 1209 3601 obsidendam
1241 3537 1571 3590 Remensem
1593 3526 1836 3580 venisset
1866 3521 2080 3586 urbem,

471 3612 526 3702 et
552 3647 606 3700 in
638 3638 993 3697 Culmissiaco
1024 3639 1263 3687 metatus
1302 3633 1466 3688 esset,
1497 3620 1773 3677 exercitus
1801 3615 1922 3683 ejus
1949 3612 2085 3667 vici-

474 3755 572 3793 nas
602 3731 895 3803 occupavit
923 3727 1097 3782 villas.
1156 3721 1384 3788 Quidam
1437 3731 1566 3772 vero
1600 3713 1842 3772 illorum,
1901 3705 1996 3776 qui
2030 3704 2084 3757 in

475 3801 777 3900 praenotata
828 3818 977 3881 villa,
1012 3814 1225 3869 scilicet
1263 3806 1568 3864 Vulfiniaco
1629 3801 1762 3854 Rivo
1827 3801 2087 3849 metatum

477 3892 773 3979 habebant,
839 3909 1027 3964 vinum
1068 3905 1216 3976 quod
1269 3904 1324 3957 in
1374 3898 1608 3956 ecclesia
1662 3892 1877 3949 timoris
1924 3902 2090 3942 causa

474 4008 820 4067 reconditum
858 4000 1036 4056 fuerat
1060 3995 1272 4052 invadit
1304 4012 1318 4061 ;
1354 4004 1408 4048 et
1450 3990 1606 4062 quasi
1637 3986 1921 4042 tabernam
1956 3994 2091 4034 con-

473 4104 708 4160 stituens
732 4099 786 4152 in
808 4093 1002 4150 eadem
1024 4087 1278 4153 ecclesia,
1300 4084 1524 4158 paribus
1547 4081 1661 4136 suis
1683 4076 1818 4132 illud
1845 4071 2087 4128 vendere

473 4198 659 4268 coepit.
714 4193 838 4246 llaac
864 4189 996 4243 dum
1029 4188 1234 4260 ageret,
1277 4191 1571 4250 percussus
1612 4171 1826 4232 morbo,
1861 4170 2089 4235 repente

474 4262 698 4346 sensum
720 4281 926 4350 amisit,
946 4293 1038 4335 ore
1057 4274 1165 4331 sibi
1193 4272 1260 4328 ad
1274 4285 1460 4326 aurem
1493 4281 1666 4336 usque
1689 4275 1830 4333 pene
1862 4262 2088 4321 retorto,

475 4385 685 4454 diuque
715 4375 992 4434 cruciatus
1038 4373 1314 4426 tormento
1345 4365 1511 4419 vitam
1544 4360 1740 4415 finivit.
1787 4352 1940 4422 Quod
1970 4365 2091 4403 cer-

476 4445 671 4526 nentes
713 4464 916 4531 caeteri,
947 4461 1129 4518 eidem
1161 4459 1281 4512 loco
1319 4469 1474 4509 sacro
1527 4452 1768 4507 debitam
1827 4445 2092 4510 deinceps

475 4564 806 4619 exhibentes
819 4554 1206 4617 reverentiam,
1239 4550 1307 4605 ab
1323 4550 1638 4621 hujusmodi
1653 4563 1778 4602 sese
1792 4540 1954 4600 cohib

480 4650 932 4727 praesumptione.

1103 4734 1311 4791 CAPUT
1336 4732 1470 4786 XXI.

481 4843 553 4895 De
581 4839 755 4893 altera
781 4833 864 4888 vel
901 4834 1100 4886 iterata
1138 4827 1515 4883 translatione,
1550 4837 1642 4876 seu
1671 4820 1934 4875 relatione
1965 4832 2094 4872 cor-

987 4919 1140 4988 poris
1172 4914 1286 4983 ejus
1301 4913 1375 4967 ad
1393 4911 1597 4966 urbem.

552 5014 722 5084 Hujus
750 5005 1054 5066 beatissimi
1105 5001 1279 5056 Patris
1317 4999 1489 5056 nostri
1523 4998 1838 5055 venerabile
1871 4999 2091 5071 pignus,

480 5106 719 5161 domnus
750 5100 1073 5154 Hincmarus
1110 5090 1577 5162 archiepiscopus,
1613 5089 1793 5144 adhuc
1833 5087 2097 5158 ampliata

479 5198 656 5270 ipsius
689 5188 944 5253 ecclesia,
980 5195 1281 5257 cryptaque
1313 5200 1481 5256 opera
1510 5183 1717 5251 majore
1764 5190 1931 5253 atque
1975 5179 2097 5250 pul-

479 5288 697 5342 chriore
728 5285 1052 5352 praeparata,
1081 5275 1453 5348 praesentibus
1483 5282 1536 5329 et
1566 5273 1946 5328 annitentibus
1973 5270 2098 5339 epi-

480 5377 666 5448 scopis
693 5373 999 5428 dimceseos
1034 5369 1197 5439 hujus
1217 5365 1816 5432 Remensis,transtulit
1841 5365 1949 5435 [an.
1971 5361 2095 5427 852,

484 5467 712 5524 Kalend.
755 5463 965 5534 Octob.]
1000 5463 1424 5536 :integrumque
1475 5458 1610 5512 illud
1653 5473 1776 5512 cum
1829 5455 2095 5520 brandeo,

482 5577 592 5634 quo
623 5560 777 5632 prius
828 5564 1104 5628 repertum
1154 5555 1333 5609 fuerat
1363 5552 1689 5613 involutum,
1740 5551 1798 5604 in
1837 5556 2099 5621 argenteo

482 5652 680 5710 locello
706 5649 1062 5723 transposuit.
1083 5645 1375 5702 Sudarium
1393 5657 1524 5697 vero
1565 5639 1713 5712 quod
1738 5655 1908 5712 super
1933 5648 2100 5709 caput

480 5743 658 5818 ipsius
688 5750 826 5808 erat,
867 5755 991 5797 cum
1040 5743 1192 5808 parte
1248 5730 1499 5804 praedicti
1532 5728 1787 5788 brandei,
1829 5725 2094 5783 scriniolo

2171 1873 2430 1947 insignia,
2463 1870 2595 1923 dum
2627 1867 2986 1923 advenientes
3022 1865 3214 1939 mgroti
3252 1873 3543 1927 sanantur,
3578 1861 3796 1932 perjuri

2171 1967 2419 2020 dmmone
2460 1963 2856 2034 pervaduntur,
2906 1957 3268 2030 energumeni
3301 1957 3637 2018 liberantur,
3665 1954 3801 2008 illu-

2172 2055 2450 2109 minantur
2476 2052 2628 2118 caeci,
2657 2051 2942 2122 eriguntur
2971 2047 3174 2113 claudi,
3208 2046 3338 2100 utin
3363 2043 3520 2099 caelis
3547 2042 3803 2116 gloriose

2172 2163 2294 2201 cum
2328 2145 2539 2199 Christo
2593 2144 2776 2197 vivere
2833 2141 3242 2194 demonstretur
3271 2136 3364 2207 qui
3420 2142 3499 2189 tot
3552 2133 3806 2187 miracu-

2174 2238 2351 2292 lorum
2381 2235 2577 2309 signis,
2613 2234 2707 2289 ubi
2740 2248 2940 2302 corpus
2977 2230 3231 2285 examine
3261 2235 3530 2291 servatur,
3564 2226 3620 2278 in
3651 2233 3806 2278 terra

2174 2327 2357 2380 vivere
2387 2311 2798 2394 comprobatur.
2826 2322 2884 2374 ln
2908 2320 3088 2375 loculo
3114 2333 3246 2373 vero
3278 2316 3374 2371 ubi
3409 2323 3539 2370 tunc
3566 2313 3808 2383 deposi-

2177 2426 2290 2472 tum
2323 2431 2522 2486 corpus
2549 2414 2669 2482 ejus
2701 2421 2802 2479 est,
2858 2412 2914 2466 hi
2946 2425 3138 2466 versus
3177 2425 3208 2464 a
3246 2408 3453 2463 domno
3496 2405 3802 2460 Hincmaro

2178 2505 2334 2571 editi,
2368 2505 2624 2576 leguntur
2652 2501 2932 2571 insculpti.

2243 2656 2328 2703 Hic
2359 2655 2577 2702 famulus
2599 2653 2834 2700 llincmar
2864 2648 3060 2700 Domini
3095 2662 3233 2697 sacra
3254 2645 3477 2696 membra
3501 2643 3703 2698 locavit,

2304 2717 2467 2766 Dulcis
2498 2715 2723 2778 Remigii,
2759 2715 2937 2762 ductus
2968 2725 3133 2778 amore
3166 2710 3264 2773 pio.

2241 2780 2331 2839 Qui
2355 2779 2494 2842 prius
2515 2787 2587 2826 est
2616 2775 2830 2842 sanctus,
2853 2775 3041 2842 mundo
3065 2788 3216 2842 quam
3241 2778 3398 2820 matre
3424 2777 3638 2818 creatus.

2306 2835 2371 2904 Et
2393 2855 2600 2904 magnus
2622 2840 2782 2887 dictus
2803 2835 3121 2904 cmlitusore
3137 2835 3237 2884 Dei.

2245 2904 2326 2952 Bis
2340 2897 2508 2958 denos,
2535 2903 2775 2965 binosque
2799 2897 3201 2965 gerens‘feliciter
3224 2909 3399 2950 annos,

2306 2966 2445 3015 Sorte
2467 2965 2553 3014 Dei
2584 2959 3098 3026 sumpsit—pontiﬁcale
3127 2959 3293 3015 decus,

2246 3028 2509 3097 Sexaginta
2538 3018 3000 3097 simul'his‘septem
3025 3029 3284 3097 manserat
3317 3018 3463 3068 annis

2305 3083 2451 3139 Istius
2485 3090 2622 3137 urbis
2647 3089 2827 3150 honor,
2859 3083 3056 3150 praesul,
3089 3093 3137 3133 et
3165 3083 3304 3150 urbis
3327 3095 3484 3130 amor.

2109 3154 2159 3222 ί]
2249 3153 2416 3222 Vitam
2433 3151 2691 3222 defunctis,
2717 3143 2926 3222 reddens
2957 3161 3152 3218 quoque
3177 3146 3370 3217 lumina
3391 3143 3564 3200 caecis;

2313 3216 2487 3277 Egerat
2505 3223 2553 3262 et
2565 3214 2747 3277 rvivens
2774 3209 2992 3277 plurima
3003 3209 3132 3277 mira
3159 3209 3295 3277 satis.

2250 3267 2377 3326 Nam
2404 3276 2601 3325 domuit
2631 3276 2733 3323 fera
2756 3267 2905 3323 c'orda
2934 3273 3102 3321 animo
3130 3272 3258 3334 pius,
3281 3283 3365 3318 ore
3394 3267 3646 3331 profusus,

2312 3340 2578 3408 Sicambrae
2606 3337 2780 3408 gentis,
2808 3336 2941 3398 regia
2968 3342 3400 3408 sceptra‘sacrans.

2249 3395 2747 3466 Nopagintaquidem
2773 3395 2996 3466 sex—cum
3019 3395 3354 3466 compleverat
3374 3405 3552 3449 annos,

2311 3456 2582 3527 Spléndida
2605 3462 2691 3511 lux
2731 3469 2924 3527 nostras
2950 3456 3169 3508 deseruit
3194 3456 3436 3527 tenebras.

2250 3518 2366 3574 Idus
2396 3527 2499 3589 jam
2525 3524 2697 3589 plenas
2727 3538 2839 3572 cum
2864 3523 3221 3589 Janusmensis
3250 3518 3467 3589 haberet,

2310 3582 2559 3638 Em'eritu's
2590 3587 2734 3635 miles
2758 3585 2973 3649 praamia
2987 3582 3303 3649 dignaAcapit.

2248 3650 2407 3700 Isdem
2432 3650 2728 3699 Hincmarus
2749 3643 2940 3710 primus
2963 3643 3186 3710 hac'sede
3206 3643 3432 3693 sacerdos

2315 3714 2425 3762 Post
2446 3712 2662 3774 triginta,
2688 3708 2793 3759 loco
2827 3708 3047 3774 constitit
3067 3716 3344 3774 et__numero
3367 3720 3376 3752 2

2251 3775 2342 3835 Qui
2361 3768 2534 3825 sextus
2549 3774 2773 3822 decimus
2797 3772 2889 3822 sub
2907 3772 3021 3835 hac
3035 3770 3273 3835 radiante
3292 3768 3492 3818 lucerna

2317 3837 2550 3899 Remigio,
2577 3837 2746 3886 Remis
2777 3834 2950 3899 munia
2983 3830 3315 3899 chara__dedit.

2252 3901 2415 3949 Annis
2443 3892 2677 3962 septenis,
2709 3897 2878 3962 quinis
2908 3910 2965 3945 ac
2986 3894 3242 3962 mensibus
3266 3892 3363 3956 egit

2315 3957 2527 4012 Pastoris
2557 3957 2745 4015 curam,
2770 3961 2876 4008 haec
2901 3957 3162 4007 recolenda
3193 3969 3395 4018 parans.

2249 4025 2604 4088 Octingenteno
2633 4022 3081 4088 quinquagenoque
3106 4017 3323 4088 secundo

2314 4082 2419 4147 Quo
2443 4088 2570 4136 Deus
2591 4082 2664 4134 est
2685 4082 2817 4134 anno
2847 4082 3037 4147 virgine
3061 4089 3206 4131 natus
3235 4082 3376 4129 homo
3401 4093 3411 4125 :

2252 4146 2446 4198 Tertius
2474 4157 2523 4198 et
2552 4147 2760 4197 Karolus
2783 4146 2917 4209 regni
2935 4146 3265 4209 componeret
3293 4150 3450 4209 actus,

2313 4212 2562 4262 Octimber
2585 4211 2798 4274 primam
2821 4204 2935 4257 c'um
2965 4204 3108 4257 daret
3127 4213 3277 4270 atque
3309 4204 3464 4261 diem,

2251 4277 2681 4340 Ac__ter_centen_us
2708 4279 2912 4340 octavus
2939 4276 3348 4340 tangeretannus

2315 4337 2406 4387 Hic
2421 4338 2585 4401 justus
2605 4333 2806 4401 Domini
2833 4347 2932 4396 quo
2954 4329 3078 4401 petit
3102 4338 3235 4380 astra
3258 4329 3378 4401 poli.

2253 4401 2346 4450 Ter
2379 4389 2576 4450 ce'ntum
2605 4399 2815 4453 fuerant,
2845 4389 3021 4444 tres'et
3049 4393 3163 4443 dem
3193 4389 3369 4456 quater
3392 4389 3536 4449 anni,

2315 4464 2421 4528 Quo
2440 4462 2556 4528 vitae
2585 4459 2796 4528 Francos
2819 4457 3006 4528 gurgite
3036 4456 3351 4528 lavit‘ovans.

1961 4551 2090 4593 uere
2114 4533 2174 4602 D
2256 4517 2416 4602 Ipsius
2437 4525 2480 4575 is
2501 4522 2734 4602 precibus
2751 4517 2934 4602 caelesti
2951 4519 3004 4568 in
3035 4519 3151 4602 sede
3171 4517 3377 4602 loce‘tur,

2317 4589 2472 4648 Quem
2502 4579 2645 4636 terris
2664 4584 2816 4635 coluit
2836 4597 2983 4633 verus
3013 4588 3222 4630 amator.
3259 4579 3439 4628 Amen.

2268 4730 2476 4787 Accidit
2494 4736 2676 4784 autem
2703 4734 2917 4798 postea,
2962 4729 3312 4794 peccatorum
3345 4719 3563 4774 meritis
3584 4719 3815 4789 exigen-

2197 4823 2366 4882 tibus,
2395 4829 2452 4874 ut
2472 4817 2769 4874 Dominicm
2803 4811 3196 4869 incarnationis
3227 4825 3373 4864 anno
3421 4809 3530 4862 882
3562 4809 3667 4863 sub
3694 4823 3823 4882 rege

2197 4913 2584 4976 Karlomanno,
2615 4906 2874 4979 praedicto
2897 4904 3101 4958 domno
3127 4901 3416 4954 Rincmaro
3440 4897 3820 4968 archiepisco-

2199 5019 2269 5074 po
2299 5009 2602 5073 satagente,
2634 4996 3026 5052 transferretur
3070 4989 3393 5048 venerabile
3459 4989 3666 5060 pignus
3697 5002 3822 5042 cor-

2197 5091 2349 5163 poris
2379 5091 2544 5159 hujus
2584 5085 2942 5143 sacratissimi
2988 5082 3160 5155 patris
3191 5089 3246 5136 et
3276 5079 3466 5135 domni
3503 5077 3679 5134 nostri
3713 5077 3820 5130 Re-

2201 5183 2354 5256 migii
2386 5188 2634 5253 (prepter
2672 5177 3085 5233 infestationem
3139 5174 3509 5248 paganorum)
3533 5171 3604 5225 ad
3632 5170 3817 5224 villam

2201 5274 2376 5345 ipsius
2401 5273 2515 5341 jam
2545 5286 2714 5340 supra
2753 5275 3006 5334 taxatam,
3043 5265 3266 5320 nomine
3290 5263 3656 5333 Sparnacum,
3688 5258 3816 5330 quia

2200 5366 2391 5421 civitas
2437 5364 2733 5418 Remorum
2791 5368 2923 5416 tunc
2977 5357 3244 5428 temporis
3284 5370 3396 5409 non
3458 5353 3703 5408 habebat
3761 5351 3813 5405 in

2200 5456 2412 5510 ambitu
2440 5454 2523 5509 sui
2541 5470 2777 5508 murum.
2811 5451 2977 5520 Cujus
2993 5451 3222 5506 obtentu
3256 5446 3426 5501 totius
3456 5455 3588 5499 tunc
3617 5443 3738 5517 pagi
3755 5442 3824 5497 ad

2201 5561 2364 5617 quem
2397 5545 2639 5599 delatum
2678 5558 2880 5597 munus
2937 5542 3040 5596 hoc
3070 5537 3306 5592 habetur
3356 5533 3819 5596 amantissimum,

2201 5634 2420 5708 provisa
2447 5633 2712 5705 probatur
2755 5633 2904 5687 salus
2942 5647 2973 5684 a
3018 5627 3381 5700 persuasione
3433 5623 3820 5688 barbarorum,

2199 5725 2284 5780 vel
2313 5724 2538 5779 incursu
2567 5721 2912 5792 praedonum.
2939 5720 3066 5774 Post
3094 5714 3369 5772 Hincmari
3399 5712 3644 5783 denique
3678 5725 3825 5782 pon-
