3970 6212
187 315 270 367 7'7
882 308 1207 366 HISTORIA:
1246 309 1580 365 ECCLESUE
1619 310 1947 365 REMENSIS
1988 311 2163 366 LIBRI
2204 310 2533 377 QUATUOR.
2567 341 2635 350 —
2668 310 2792 365 LIB.
2839 312 2882 366 Ι.
3476 318 3547 372 78

187 446 371 502 titicis
417 445 632 500 obitum
693 444 849 509 (obiit
906 443 1048 497 dicto
1104 460 1195 497 an.
1232 442 1358 508 882,
1404 449 1465 498 ut
1520 448 1595 499 est
1624 446 1686 499 in
1722 446 1829 513 ﬁne
1854 451 1907 516 Α
1933 445 2257 499 Grimoldus
2290 444 2536 509 nomine,
2560 444 2656 497 diu
2686 443 2896 498 lumine
2938 443 3201 514 privatus,
3229 457 3292 496 os
3322 457 3545 515 quoque

188 538 297 590 liv-
329 535 432 603 ιιι),
464 531 850 588 deSiderabiliS
874 531 964 586 hic
997 547 1281 586 sacrorum
1313 532 1609 587 thesaurus
1641 548 1817 587 mem-
1920 537 2307 595 miserabiliter
2336 553 2366 590 a
2390 536 2741 591 rectitudinis
2790 536 2912 592 loco
2940 536 3219 598 distortus.
3258 535 3545 607 invisaque

189 625 453 688 brorum,
485 621 553 675 ad
585 621 898 675 Orbacense
929 621 1249 691 perducitur
1272 622 1692 675 monasterium.
1727 620 1821 675 llic
1921 627 2270 683 deformitate
2330 634 2581 696 turpatus
2610 642 2641 679 a
2694 624 3017 696 parentibus
3048 626 3269 680 obviam
3305 625 3543 689 delatus,

189 732 428 787 quoque
460 712 765 769 beatissimi
818 712 983 780 hujus
1036 712 1255 782 patroni
1327 712 1497 767 nostri
1548 710 1825 785 suffragiis
1925 716 2239 789 pristinum,
2273 732 2438 785 quem
2470 714 2679 769 dudum
2715 714 2997 781 amiserat,
3024 720 3109 769 est
3139 715 3316 769 visum
3347 729 3546 769 conse-

190 808 388 863 omnis
414 805 779 861 commoditas
836 803 979 858 aeris
1034 803 1468 875 circumquaque
1494 804 1827 878 degentibus

191 897 757 961 attribuiturincolis,
778 912 900 950 cum
932 895 1154 949 insolita
1176 894 1462 949 fertilitate
1484 895 1715 949 telluris.

276 991 406 1045 Post
428 990 722 1043 decessum
750 1003 879 1042 vero
920 987 1209 1057 saepedicti
1262 987 1518 1057 prtesulis
1552 984 1827 1041 Hincmari

192 1098 332 1137 cum
367 1080 720 1152 pontiﬁcatus
748 1078 1009 1133 subiisset
1032 1079 1298 1133 honorem
1329 1078 1619 1142 Fulco,sui
1652 1077 1829 1148 primo

198 1173 537 1244 praesulatus
568 1187 712 1225 anno
763 1169 973 1225 referre
1034 1170 1283 1225 decrevit
1330 1170 1471 1224 alma
1523 1167 1831 1223 beatissimi

198 1263 376 1330 hujus
408 1262 581 1316 nostri
620 1260 797 1313 Patris
836 1275 962 1313 ossa
986 1258 1095 1329 [an.
1130 1258 1273 1329 883].
1308 1258 1463 1323 Quod
1504 1257 1599 1311 ubi
1632 1271 1831 1329 aggre-

198 1352 384 1417 ditur,
418 1352 776 1423 perveniente
798 1349 911 1417 jam
940 1365 1026 1411 eo,
1059 1365 1184 1403 cum
1211 1348 1565 1420 coepisc0pis
1587 1355 1642 1402 et
1666 1346 1831 1401 cleris

201 1440 473 1510 plurimis
502 1439 568 1492 ad
589 1441 766 1494 locum
798 1438 896 1493 ubi
922 1438 1120 1513 pignus
1146 1438 1472 1492 servabatur
1506 1436 1830 1507 pretiosum,

201 1548 340 1587 cum
370 1539 515 1585 esset
540 1546 739 1603 magna
775 1530 899 1584 coeli
930 1530 1218 1593 serenitas,
1251 1529 1348 1583 sed
1395 1528 1613 1582 fervens
1643 1527 1835 1581 admo-

202 1621 348 1674 dum
399 1619 637 1681 siccitas,
696 1618 880 1672 subito
934 1634 991 1672 se
1033 1625 1214 1672 tantus
1271 1615 1463 1671 etfudit
1512 1615 1711 1681 imber,
1774 1623 1833 1668 ut

1925 816 2103 873 cutus,
2145 814 2199 861 et
2230 806 2286 861 in
2317 806 2600 877 prOpriam
2652 806 2984 862 sanctissimi
3020 806 3193 861 Patris
3223 806 3387 874 hujus
3410 805 3541 875 Opi-

1929 897 2195 953 tulatione
2228 894 2549 949 mirabiliter
2580 903 2662 949 est
2716 894 2959 967 efﬁgiem
3012 896 3314 949 restitutus.
3368 896 3546 948 Inter-

1924 988 2070 1055 jecto
2098 985 2244 1039 velut
2278 984 2441 1037 unius
2494 984 2642 1038 horae
2674 984 2875 1054 spatio,
2909 1000 3047 1055 puer
3083 984 3223 1039 alius
3251 1000 3283 1038 a
3313 991 3541 1040 contra-

1931 1075 2115 1130 ctione
2142 1073 2390 1144 corporis
2440 1072 2691 1140 ejusdem
2761 1073 2977 1143 patroni
3009 1071 3285 1147 suffragiis
3317 1073 3551 1128 feliciter

1932 1176 2017 1221 est
2046 1174 2261 1220 erectus
2311 1164 2519 1219 Cohors
2546 1164 2715 1236 igitur
2745 1165 2967 1231 devota,
3004 1166 3265 1221 melodiis
3294 1167 3551 1221 Davidica

1935 1270 2282 1326 nequaquam
2338 1251 2623 1307 sufficiens
2685 1252 2918 1309 reboare
2976 1254 3243 1320 carmina,
3316 1254 3553 1310 maximo

1930 1347 2114 1402 cordis
2136 1346 2334 1401 affectu
2364 1355 2630 1417 permota,
2656 1345 2799 1400 inter
2828 1346 3049 1400 laudum
3080 1363 3264 1413 voces,
3298 1348 3555 1403 eliciente

1933 1436 2134 1509 gaudio
2186 1434 2438 1506 lacrymis
2496 1451 2593 1490 ora
2651 1436 2829 1507 rigare
2886 1436 3147 1506 profusis,
3199 1444 3254 1490 et
3293 1436 3554 1507 suspiria,

1936 1529 2321 1601 singultusque
2366 1528 2603 1584 formare
2662 1544 2761 1600 pro
2815 1529 3066 1584 canticis.
3101 1528 3554 1584 Concurrentium

1935 1636 2154 1692 quoque
2189 1620 2359 1674 nimia
2384 1620 2606 1691 stipatio
2645 1620 2913 1693 plebium,
2952 1621 3093 1676 sacri
3124 1621 3370 1676 muneris
3394 1636 3559 1694 geru-

207 1709 386 1765 totius
416 1709 580 1777 hujus
632 1706 982 1777 superficiem
1027 1716 1186 1761 terra:
1241 1706 1524 1759 videretur
1592 1702 1833 1758 ubertim
1861 1711 2047 1787 Blum
2082 1709 2398 1764 deosculari
2455 1710 2802 1781 cupientium
2844 1710 3107 1777 loculum,
3142 1710 3558 1781 importunitate

210 1798 495 1871 irrigasse.
530 1799 587 1851 In
616 1797 919 1852 crastinum
951 1812 1082 1851 vero
1113 1796 1243 1850 dum
1276 1812 1433 1850 sacra
1478 1794 1680 1849 referre
1706 1809 1835 1863 pro-

212 1898 713 1955 moventmunera,
740 1896 938 1943 cuncta
955 1888 1120 1955 clara,
1148 1886 1838 1956 cunctajucunda,cuncta

213 1984 518 2038 mundanae
548 1982 754 2053 speciei
816 1981 1122 2035 redduntur
1170 1997 1423 2046 amoma;
1458 1992 1838 2052 prosperoque

218 2088 526 2147 progressu
548 2069 959 2126 confluentibus
999 2070 1245 2141 undique
1282 2069 1523 2141 populis,
1557 2068 1625 2123 ad
1656 2067 1838 2122 vicum

218 2163 534 2219 deveniunt
582 2163 992 2225 Calmiciacum,
1030 2162 1085 2215 in
1135 2178 1244 2234 quo
1268 2162 1535 2217 nonnulla
1564 2160 1722 2215 Pater
1750 2158 1841 2212 hic

216 2255 463 2310 eximius
491 2256 673 2309 adhuc
723 2272 886 2310 carne
942 2262 1129 2325 septus
1187 2254 1446 2308 virtutum
1499 2250 1843 2325 dignoscitur

216 2347 544 2402 exhibuisse
602 2348 891 2422 magnalia.
957 2348 1050 2402 Hic
1103 2346 1351 2401 membra
1414 2343 1730 2400 veneranda
1789 2341 1843 2395 in

218 2437 462 2492 ecclesia
500 2436 845 2507 deponentes
902 2436 1023 2505 ejus
1082 2434 1307 2490 nomine
1366 2433 1639 2493 dedicata,
1671 2430 1848 2486 noctis

222 2529 418 2601 quiete
476 2528 618 2583 fessa
667 2528 851 2582 levant
904 2542 1152 2597 corpora.
1217 2526 1342 2581 Post
1390 2523 1603 2595 requiei
1666 2521 1852 2576 subsi-

225 2622 409 2687 dium,
435 2621 547 2690 jam
602 2628 773 2675 terras
839 2620 974 2675 solis
1050 2620 1358 2673 illustrante
1409 2616 1631 2686 jubare,
1687 2629 1851 2669 voces

227 2713 482 2783 undique
512 2713 683 2767 Deum
718 2710 1167 2767 benedicentium
1190 2716 1711 2779 concrepantatque
1734 2706 1849 2758 lau—

227 2801 502 2867 dantium,
562 2800 711 2872 quod
770 2800 851 2855 eis
904 2808 1201 2870 pastorem,
1260 2805 1554 2869 patronum
1614 2811 1677 2850 ac
1708 2809 1845 2865 pro-

230 2898 500 2945 tectorem
558 2889 817 2943 redderet
870 2887 1231 2959 corporaliter
1289 2886 1609 2957 proprium,
1680 2899 1847 2955 quem

229 2997 457 3051 semper
506 2980 653 3051 apud
709 2980 949 3033 divinam
1000 2977 1349 3034 clementiam
1402 2976 1846 3040 intercessorem,

1939 1802 2117 1857 valida
2181 1802 2507 1857 vehentium
2540 1802 2710 1873 cmpit
2770 1800 2940 1875 ﬁgere
2996 1818 3266 1873 gressum.
3302 1802 3557 1856 Mirorum

1938 1893 2213 1964 siquidem
2266 1910 2390 1966 qum
2416 1894 2756 1967 gerebantur
2798 1894 3291 1965 percrebrescebat
3321 1894 3509 1964 opinio
3546 1908 3561 1960 ;

1939 1982 2301 2054 certatimque
2347 1991 2455 2037 tam
2505 1983 2623 2037 sani
2680 1999 2843 2054 quam
2896 1983 3125 2038 diversis
3153 1982 3564 2038 calamitatibus

1940 2074 2108 2129 attriti
2144 2092 2443 2147 properare
2503 2076 2825 2147 studebant,
2886 2077 3177 2148 cupientes
3217 2078 3417 2132 intueri
3446 2093 3563 2130 ma-

1943 2168 2126 2239 gnalia
2155 2185 2278 2240 quae
2306 2169 2567 2225 Dominus
2620 2170 2994 2241 omnipotens,
3038 2170 3091 2225 in
3133 2170 3303 2225 sancti
3329 2169 3412 2224 sui
3446 2170 3563 2224 cla-

1946 2255 2273 2322 riﬁcatione,
2330 2258 2697 2329 multiplicare
2756 2267 3141 2330 pr0posuerat.
3211 2259 3314 2313 Pro
3367 2274 3565 2331 magno

1948 2364 2185 2418 namque
2210 2348 2317 2401 sibi
2336 2348 2539 2403 damno
2558 2348 2793 2420 quisque
2820 2349 3133 2420 reputabat,
3160 2349 3269 2403 imo
3301 2348 3566 2403 delictum

1952 2437 2271 2508 deputabat,
2308 2452 2417 2491 non
2448 2437 2637 2504 modo,
2692 2437 2737 2491 si
2785 2452 2893 2492 non
2927 2437 3276 2508 procederet,
3304 2452 3493 2491 verum
3522 2436 3566 2489 si

1951 2535 2263 2595 postremus
2315 2526 2621 2580 accederet.
2678 2527 3125 2597 Approperantcs
3174 2531 3357 2580 autem
3416 2525 3567 2579 cives

1950 2618 2189 2681 obviam,
2223 2618 2353 2673 dum
2375 2626 2528 2693 grata
2572 2618 2777 2673 deferri
2809 2630 3043 2675 cernunt
3072 2635 3323 2682 munera,
3346 2634 3404 2673 se
3436 2633 3569 2689 pro-

1949 2718 2285 2777 sternentes,
2316 2711 2419 2766 soli
2443 2711 2838 2767 deosculantur
2856 2722 3009 2785 terga
3036 2711 3568 2784 :suspicientesque,

1948 2800 2045 2854 ubi
2076 2801 2522 2871 contemplantur
2551 2801 2756 2869 locum,
2785 2802 3043 2873 pretiosae
3079 2801 3252 2857 divini
3282 2802 3572 2857 diadema-

1950 2889 2019 2943 tis
2047 2884 2589 2961 gemmze'bajulum,
2622 2891 2821 2946 multas
2862 2891 3008 2946 inter
3040 2892 3241 2947 eximia
3260 2891 3463 2967 gaudia
3496 2892 3573 2945 la-

1950 2997 2167 3053 crymas
2214 2981 2475 3049 fundunt,
2532 2983 2893 3039 obsecrantes
2948 3001 3019 3039 ne
3046 2984 3285 3056 amplius
3317 2984 3571 3054 ejusdem

231 3078 287 3123 et
310 3068 594 3123 assiduum
627 3085 685 3122 se
740 3068 943 3122 habere
982 3065 1263 3123 confidant
1303 3065 1644 3121 advocatum.
1698 3064 1847 3117 PNB-
1881 3092 1930 3161 Ο
1953 3073 2126 3128 Patris
2148 3072 2292 3129 afﬁci
2325 3083 2656 3131 censeantur
2684 3076 2962 3141 absentia,
2991 3077 3124 3148 quin
3160 3086 3426 3149 perpetua
3457 3092 3581 3131 me-

234 3163 380 3217 fatus
411 3162 621 3216 interea
652 3162 872 3232 praesul,
904 3160 1213 3216 caelestium
1244 3158 1603 3214 sacramentis
1641 3164 1850 3227 myste-

234 3252 445 3306 riorum
488 3252 590 3305 rite
643 3250 954 3312 celebratis,
1009 3248 1348 3304 imminentis
1398 3248 1532 3322 juga
1561 3263 1683 3301 cum
1733 3246 1852 3300 lau-

236 3342 409 3396 dibus
447 3340 663 3395 scandit
709 3340 932 3406 montis,
980 3338 1377 3394 comitantibus
1416 3337 1664 3408 undique
1692 3352 1854 3390 secus

237 3434 572 3506 populorum
600 3434 832 3505 stipatus
888 3432 1142 3487 catervis.
1203 3431 1298 3487 Hic
1354 3429 1451 3485 ubi
1504 3444 1605 3501 pro
1662 3427 1851 3499 populi

238 3526 479 3593 delictis,
531 3534 585 3581 et
642 3527 737 3581 ira:
787 3526 1131 3599 mitigatione
1190 3524 1429 3580 caelestis
1461 3522 1529 3576 ad
1562 3522 1854 3576 Dominum

240 3618 477 3672 fudisset
506 3618 839 3683 orationem,
868 3616 1265 3689 paululumque
1296 3613 1725 3686 processissent,
1758 3611 1858 3665 ad-

244 3708 352 3760 huc
382 3705 681 3761 clariﬁcare
714 3706 982 3773 Christus,
1037 3704 1331 3759 miriﬁcare
1358 3710 1523 3773 atque
1551 3699 1861 3774 gloriﬁcare

242 3802 551 3870 disponens
601 3800 745 3855 hunc
801 3800 1183 3854 beatissimum
1241 3798 1454 3852 Patrem
1510 3802 1760 3851 nostrum
1808 3794 1861 3848 in

245 3890 431 3954 terris,
478 3905 642 3959 quem
702 3888 1052 3961 magniﬁcare
1109 3904 1234 3944 cum
1294 3887 1507 3963 angelis
1535 3886 1778 3956 elegerat
1810 3885 1864 3938 in

243 3982 424 4045 caelis,
457 3983 646 4053 quanti
685 3982 755 4036 sit
779 3982 923 4053 apud
955 3998 1017 4036 se
1064 3981 1245 4036 meriti
1275 3980 1627 4037 concurrenti
1658 3994 1867 4051 propa-

243 4072 359 4126 lare
381 4070 631 4125 decernit
657 4070 1014 4125 multitudini.

853 4183 1061 4239 CAPUT
1099 4183 1258 4237 XXII.

488 4276 563 4328 De
589 4274 841 4328 remediis
858 4273 1083 4327 subinde
1107 4272 1357 4341 pluribus
1372 4273 1649 4341 impensis.

320 4365 532 4421 Accidit
555 4365 743 4437 itaque
770 4366 971 4420 mulier
1007 4380 1173 4427 caeca,
1234 4364 1459 4419 nomine
1490 4364 1660 4430 Doda,
1701 4379 1867 4417 manu

248 4454 357 4509 sibi
394 4470 616 4529 gressus
648 4453 891 4529 regentis
949 4453 1154 4521 innixa,
1187 4469 1310 4524 quae
1340 4468 1488 4519 mox,
1521 4460 1582 4507 ut
1613 4453 1868 4507 cominus

1952 3175 2174 3221 reantur
2215 3168 2475 3243 gratulari
2525 3170 2839 3239 praesentia.
2875 3170 3037 3225 Pater
3068 3170 3282 3225 interea
3314 3170 3576 3225 beatissi-

1954 3272 2076 3309 mus
2103 3254 2338 3311 ﬁliorum
2390 3256 2671 3312 devotioni
2739 3258 3018 3328 prazclaris
3074 3258 3268 3313 favens
3325 3258 3575 3327 nutibus,

1955 3343 2108 3398 addit
2142 3344 2319 3398 adhuc
2353 3345 2558 3399 divinis
2590 3346 2811 3416 plebem
2840 3362 2995 3400 suam
3021 3347 3403 3417 multipliciter
3420 3348 3579 3401 exhi-

1957 3431 2131 3485 larare
2162 3431 2528 3488 mirabilibus.
2560 3433 2773 3487 Etenim
2802 3433 2931 3488 dum
2963 3435 3146 3489 clerus
3170 3450 3295 3489 cum
3317 3434 3579 3490 sacerdo-

1959 3523 2129 3589 tibus,
2160 3523 2406 3594 psalmis,
2440 3525 2680 3595 hymnis,
2714 3535 2769 3578 et
2806 3526 3036 3581 canticis
3076 3526 3329 3583 intonant
3352 3529 3580 3599 spirita-

1960 3611 2128 3681 libus,
2180 3612 2419 3682 populus
2470 3612 2634 3666 etiam
2669 3612 3335 3681 jubilationisimmenste
3389 3620 3581 3674 reboat

1962 3707 2214 3772 vocibus,
2257 3714 2317 3762 ut
2347 3706 2655 3761 mirabilem
2686 3708 2857 3763 Deum
2892 3709 2947 3763 in
2979 3711 3185 3766 sanctis
3234 3714 3351 3768 suis
3377 3715 3581 3783 jucun-

1965 3797 2216 3853 dioribus
2256 3797 2439 3851 adhuc
2490 3805 2943 3868 przeconarentur
2991 3799 3228 3866 animis,
3293 3799 3581 3871 pristinam

1966 3888 2259 3943 multitudo
2291 3887 2669 3961 languentium
2703 3887 3027 3959 sospitatem
3046 3889 3340 3944 manifeste
3359 3891 3586 3960 conspi-

1966 3980 2109 4035 citur
2137 3994 2489 4051 recuperare,
2537 3979 2731 4034 levatis
2788 3980 3043 4050 pluribus
3072 3981 3221 4035 varia
3278 3989 3434 4053 peste
3461 3996 3588 4037 cor-

1967 4072 2234 4143 poribus:
2266 4073 2519 4142 adeoque
2578 4089 2679 4142 per
2707 4072 2927 4144 singula
2967 4088 3109 4143 pene
3144 4082 3443 4141 momenta,
3472 4090 3590 4129 cae-

1969 4164 2125 4219 lestia
2154 4164 2545 4235 pandebantur
2575 4164 2863 4233 miracula,
2886 4174 2945 4220 ut
2971 4165 3037 4218 ad
3071 4165 3189 4220 haec
3217 4166 3466 4220 locorum
3502 4170 3591 4224 vel

1970 4264 2279 4327 temporum
2311 4258 2399 4311 vix
2453 4256 2834 4311 enumeranda
2880 4256 3095 4312 censeri
3144 4256 3393 4314 valerent
3424 4258 3597 4315 inter-

1969 4347 2139 4404 stitia.

2042 4436 2193 4491 Tunc
2224 4435 2389 4509 igitur
2420 4435 2675 4490 Hosanna
2702 4435 2956 4505 quaedam
2991 4436 3211 4495 mulier.
3255 4451 3379 4490 cum
3413 4434 3596 4489 admi-

249 4518 605 4615 δρρι-δρθιιδι,
632 4518 808 4597 νὶεῖιηι
848 4542 955 4596 sibi
1016 4542 1230 4597 restitui
1271 4558 1453 4597 coram
1485 4541 1745 4597 omnibus
1767 4542 1871 4595 im-
1895 4518 1952 4585 Ι)
1976 4528 2189 4583 ratione
2218 4526 2603 4601 gaudentium,
2626 4527 2794 4581 celeri
2828 4528 3027 4583 meruit
3052 4528 3417 4600 prosperitate
3456 4528 3600 4583 reci-

254 4641 453 4704 petrat.
486 4631 640 4696 Quod
698 4632 897 4702 praesul
955 4631 1208 4697 audiens,
1270 4631 1534 4701 hymnum
1567 4630 1746 4684 laudis
1776 4630 1870 4684 Dei

254 4737 381 4775 cum
429 4720 655 4791 p0pulo,
710 4735 911 4794 magno
971 4720 1214 4790 repletus
1262 4718 1612 4774 concelebrat
1642 4718 1867 4792 gaudio.

255 4810 502 4865 Necdum
542 4808 799 4864 ﬁnierant
836 4810 971 4864 odas
1008 4808 1372 4863 exsultatione
1403 4808 1603 4863 caelum
1640 4808 1870 4878 replen-

259 4908 365 4964 tes,
412 4907 468 4953 et
515 4914 643 4953 ecce
678 4897 970 4952 frustratus
1026 4897 1252 4968 quidam
1305 4896 1497 4950 multis
1526 4912 1719 4971 gressu
1750 4897 1873 4951 die-

259 4991 365 5045 bus
427 5006 553 5045 cum
612 4990 826 5061 integra
870 4989 1124 5060 procedit
1188 4988 1566 5043 incolumitate
1607 4988 1878 5043 laetabun-

264 5083 388 5139 dus.

331 5172 619 5226 Transiere
646 5186 771 5225 cum
799 5169 1057 5225 laudibus
1088 5168 1219 5224 inde
1250 5169 1531 5240 paulisper
1557 5186 1569 5222 :
1598 5176 1652 5223 et
1680 5169 1881 5223 mulier

263 5260 516 5333 quaedam
558 5274 823 5314 manuum
866 5258 1040 5329 potita
1091 5259 1324 5314 sanitate
1366 5258 1630 5313 succedit.
1688 5257 1881 5328 Dupli-

266 5358 390 5407 cant
466 5364 599 5424 ergo
635 5389 649 5415 ,
735 5348 1130 5419 triplicantque
1188 5346 1506 5403 comitantia
1581 5346 1879 5419 gratiarum

266 5444 511 5500 actiones
539 5439 780 5515 agmina.
811 5438 1137 5494 Tremefacti
1190 5438 1426 5511 proximi
1470 5439 1678 5511 quique
1715 5437 1881 5493 mira-

268 5534 461 5589 bilium
512 5527 923 5602 magnitudine,
978 5528 1249 5599 tantisper
1296 5544 1326 5581 a
1375 5535 1544 5583 tantae
1574 5527 1884 5582 deliberant

268 5626 529 5683 secedere
556 5619 868 5677 sanctitatis
897 5618 1256 5675 sublimitate.
1298 5618 1409 5675 Nec
1436 5633 1540 5673 vox
1602 5619 1885 5690 reciproca

269 5720 611 5777 laudantium
661 5711 941 5768 defecerat
986 5713 1054 5766 ab
1110 5728 1228 5768 ore.
1284 5711 1414 5765 dum
1468 5709 1693 5780 quidam
1721 5726 1881 5780 puer,

1976 4635 2107 4690 pere
2135 4620 2330 4675 visum.
2366 4620 2428 4676 Et
2449 4627 2573 4693 post
2627 4620 2884 4689 pusillum
2932 4621 3161 4676 claudus
3194 4620 3417 4693 quidam
3453 4619 3596 4676 felici

1977 4728 2208 4767 munere
2237 4712 2596 4784 consequitur
2624 4728 2893 4785 gressum.
2926 4713 3167 4768 Deodata
3199 4713 3474 4785 quaedam,
3496 4730 3599 4784 pa-

1978 4803 2194 4858 tefactis
2239 4804 2453 4859 aurium
2500 4804 2712 4873 januis,
2743 4804 3070 4874 adipiscitur
3128 4806 3401 4859 auditum.
3468 4805 3600 4869 Qui-

1977 4891 2127 4959 dam,
2156 4893 2382 4947 nomine
2426 4893 2620 4958 Teuto,
2679 4892 3037 4949 desiderabili
3090 4892 3299 4964 potitur
3327 4892 3601 4948 illumina-

1979 4981 2148 5036 tionis
2177 4982 2345 5037 dono.
2396 4983 2551 5047 ltem,
2610 4984 2866 5054 quaedam
2908 4982 3110 5038 mulier
3163 4982 3361 5036 eodem
3416 4983 3601 5053 gavisa

1980 5073 2193 5129 laetatur
2238 5072 2533 5129 beneﬁcio.
2610 5076 2877 5132 Similiter
2949 5074 3221 5131 Ausoldus
3267 5074 3334 5145 [j,
3391 5074 3598 5146 Ansol.]

1981 5178 2202 5233 quoque
2229 5162 2460 5225 lumine,
2493 5163 2643 5233 quod
2698 5164 2871 5219 nimio
2904 5164 3170 5239 flagrabat
3195 5164 3415 5235 assequi
3450 5164 3603 5218 desi-

1981 5253 2158 5320 derio,
2192 5252 2303 5307 ﬁdo
2348 5268 2450 5307 ceu
2483 5253 2723 5309 credidit
2781 5256 2991 5323 animo,
3041 5256 3214 5311 Patris
3270 5255 3434 5323 hujus
3466 5254 3605 5325 piis-

1981 5342 2121 5397 simo
2190 5340 2494 5412 perfruitur
2564 5339 2828 5415 suffragio
2966 5343 3197 5407 Quidam
3264 5342 3603 5410 Gerbertus,

1984 5436 2250 5508 paralysis
2271 5443 2399 5491 esta
2438 5435 2811 5495 dissolutione
2840 5446 3083 5492 sanatus.
3114 5438 3348 5504 Quidam
3380 5457 3607 5515 quoque

1982 5525 2125 5579 alius
2153 5524 2403 5593 ejusdem
2450 5524 2697 5579 muneris
2756 5528 2994 5583 exsultat
3053 5527 3139 5583 hic
3196 5528 3446 5605 largitate
3478 5548 3609 5603 per-

1986 5616 2236 5673 functus.

2055 5709 2298 5781 Cumque
2330 5709 2579 5765 certatim
2623 5709 2851 5782 quique,
2902 5713 3086 5768 studio
3135 5714 3241 5783 piae
3300 5714 3615 5769 devotionis
