3970 6212
471 306 540 357 79
1548 296 1627 347 DE
1669 291 2051 346 Ι””Ι,01)(’)Ᾱ1ἶ1)(ι
2094 289 2414 343 (IANONICO
2455 288 2800 342 REMENSIS.
3711 300 3764 352 δυ

478 433 694 488 obviam
728 431 1011 482 studerent
1049 442 1358 488 occurrere,
1418 441 1478 475 ac
1526 439 1631 474 non
1668 421 1830 474 modo
1860 420 2086 492 benigni

2212 418 2589 478 mmolatione,
2639 418 2838 473 mulier
2887 417 3139 488 quaedam
3187 417 3253 473 de
3313 436 3454 492 pago
3509 421 3764 480 Trecasino

478 521 658 576 cordis
682 519 1067 577 intentionem,
1098 514 1229 585 quin
1287 513 1449 565 etiam
1487 528 1665 564 rerum
1701 509 2085 578 temporalium

479 613 896 672 exhibitionem,
957 617 1117 678 prout
1188 607 1387 675 cuique
1449 604 1676 657 facultas
1734 601 2084 672 suppetebat.

452 706 769 759 afferrent:
803 703 999 754 mulier
1043 700 1292 770 quzedam
1342 696 1694 766 paupercula,
1755 696 1821 746 de
1870 694 2088 747 civitate

483 810 784 864 properans
820 793 870 844 in
901 807 1210 846 occursum,
1267 804 1427 839 manu
1479 801 1698 838 cereum
1735 785 1963 847 ferebat,
1995 784 2086 852 qui

479 901 742 939 accensus
801 898 1081 951 nuurptam
1133 880 1324 933 fuerat.
1371 877 1615 931 .llirabile
1661 876 1833 938 dictu,
1904 874 2088 926 subito

479 975 696 1029 euelitus
755 980 887 1026 nutu
939 970 1123 1023 divino
1173 985 1367 1022 cereus
1420 968 1470 1018 in
1525 983 1688 1019 manu
1732 963 1978 1036 gerentis
2009 970 2092 1014 est

483 1065 867 1119 illuminatus:
919 1063 1184 1131 illumque
1237 1061 1366 1113 dum
1430 1076 1523 1128 per
1565 1068 1730 1112 totam
1776 1057 1950 1108 defert
2004 1055 2094 1106 illa

481 1159 642 1218 viam,
703 1157 792 1208 Dei
841 1154 1156 1208 confitendo
1211 1152 1559 1210 miraculum,
1605 1164 1952 1218 nequaquam
1999 1163 2094 1199 su-

483 1247 636 1317 perni
673 1245 894 1297 luminis
925 1243 1125 1296 amittit
1159 1243 1247 1293 ille
1281 1240 1633 1298 beneticium,
1679 1239 1855 1292 donec
1881 1235 2095 1289 mirifici

486 1336 713 1406 pignora
755 1332 922 1401 patris
957 1333 1009 1383 in
1039 1330 1293 1382 stationis
1328 1329 1565 1398 prOpriu-
1601 1325 2096 1396 pi.‘r't‘t,-t‘t'etilttrdo-

484 1440 653 1486 mum,
712 1423 912 1491 hicque
964 1439 994 1472 a
1034 1419 1289 1488 pontifice
1362 1418 1632 1472 solemnia
1681 1416 2098 1469 celebrarentur

488 1515 795 1566 missarum.
827 1512 974 1564 Tunc
1016 1512 1218 1563 femina
1276 1528 1495 1564 cereum
1543 1509 1748 1562 lumine
1775 1509 2095 1578 tlz'igrantem

489 1602 724 1654 mirabili
762 1601 1000 1654 basilicm
1034 1599 1459 1653 traditcustodi:
1490 1597 1580 1667 qui
1603 1597 1672 1648 ob
1702 1612 1955 1665 superna"
1977 1611 2100 1663 gra-

488 1695 573 1748 tite
606 1695 752 1763 quod
793 1693 1098 1763 contigerat
1122 1691 1405 1759 gaudium,
1429 1690 1721 1742 luminaria
1754 1702 2099 1757 quaecunque

2194 511 2563 564 membrorum
2619 510 2866 563 omnium
2920 509 3221 580 agitatione
3264 512 3514 576 multata,
3573 515 3765 568 veniens

2194 618 2374 655 coram
2406 600 2559 653 altari
2596 601 2774 653 ruitiu
2810 600 3128 668 pavimento
3163 617 3175 660 ;
3211 600 3400 670 ibique
3417 601 3766 658 miserabiliter

2193 689 2283 741 diu
2319 699 2507 742 vexata
2547 689 2708 755 hujus
2768 688 2999 758 piissimi
3033 688 3398 743 consolatoris
3447 690 3764 746 miseratione

2192 781 2367 851 surgit
2401 780 2690 833 incolumis
2740 780 2952 833 etiecta.
3010 781 3140 844 Quae
3181 797 3352 851 super
3401 792 3596 836 eventu
3625 790 3764 836 tam!

2192 873 2440 926 consulta
2489 873 2831 934 calamitatis,
2885 888 3077 926 necem
3126 890 3184 926 se
3247 874 3485 944 prOpriw
3516 874 3768 930 conﬁtetur

2196 973 2542 1034 perpetrasse
2583 965 2793 1018 m-ttris.
2840 964 3122 1018 Missarum
3156 965 3406 1037 denique
3465 967 3770 1021 solemnibus

2197 1073 2258 1107 ex
2294 1071 2445 1108 more
2504 1055 2762 1122 peractis,
2832 1071 2930 1107 sua
2963 1055 3172 1124 quique
3205 1063 3488 1125 repetunt,
3538 1059 3769 1110 reversuri

2199 1153 2408 1196 mtture
2443 1143 2494 1195 in
2525 1143 2845 1205 crastinum,
2871 1142 2936 1195 ad
2971 1145 3074 1197 hoc
3108 1144 3292 1196 tutela?
3337 1160 3449 1198 suae
3499 1147 3769 1214 praesidium

2202 1233 2254 1286 in
2287 1233 2560 1285 civitatem
2599 1232 3008 1301 perferendum.
3070 1233 3224 1286 Mane
3251 1234 3363 1303 jam
3400 1235 3554 1299 facto,
3579 1236 3693 1289 dum
3719 1237 3769 1287 ad

2199 1324 2512 1378 condictum
2570 1324 2814 1377 studiose
2871 1324 3241 1388 contenditur,
3297 1326 3532 1380 Erluidis
3559 1327 3770 1397 quaedam

2200 1413 2414 1478 mulier,
2454 1413 2595 1466 haud
2631 1414 2818 1482 procul
2851 1415 2918 1466 ab
2953 1415 3090 1467 urbe
3132 1416 3369 1486 degens,
3402 1416 3467 1468 ad
3503 1426 3652 1471 tantae
3673 1431 3774 1486 pro-

2201 1505 2465 1558 cessionis
2525 1506 2901 1573 Spectaculum
2960 1506 3293 1575 disponebat
3332 1507 3503 1559 exire.
3547 1516 3773 1577 quatenus

2201 1604 2398 1665 Optatte
2431 1596 2713 1665 sospitatis
2748 1598 2825 1649 uti
2883 1607 3189 1651 mereretur
3248 1614 3494 1651 munere.
3531 1600 3646 1662 Quze
3672 1599 3772 1667 quia

2199 1689 2308 1753 jmi
2342 1705 2440 1756 per
2468 1689 3197 1761 quinquenniumlanguore
3221 1709 3435 1761 pressa,
3472 1699 3663 1762 partem
3679 1707 3775 1744 cor-

489 1800 584 1852 per
614 1782 900 1834 ecclesiam
954 1780 1284 1833 videbantur
1323 1779 1515 1831 ardere
1545 1777 1768 1830 mandat
1797 1775 2093 1842 exstingui,
2133 1782 2176 1845 ις
2207 1780 2352 1847 poris
2384 1780 2626 1832 dextram
2680 1789 3094 1848 prten'iorttuam,
3139 1799 3403 1853 peneque
3451 1782 3680 1856 gestabat
3707 1781 3773 1832 in-

488 1874 804 1942 lumineque
835 1871 1099 1923 divinitus
1135 1872 1235 1923 hoc
1267 1871 1391 1922 dato
1426 1887 1613 1922 rursus
1641 1868 1899 1921 τιουυιιιίίε
1935 1868 2099 1933 hujus

488 1978 616 2016 vero
668 1970 875 2030 partem
921 1960 1066 2014 cerei
1119 1961 1260 2013 ctelo
1311 1959 1421 2011 dati
1481 1957 1726 2010 miraculi
1763 1955 2013 2008 decernit
2046 1954 2099 2006 in

493 2050 865 2104 testimonium
911 2047 1196 2101 reservari.

564 2143 868 2214 ltotgardus
901 2141 1039 2210 [ms.,
1061 2139 1364 2211 Totgardisj
1386 2139 1634 2208 quaedam
1654 2137 1856 2188 femina
1881 2138 1947 2187 de
1967 2150 2104 2206 pago

490 2235 768 2297 Castricio,
811 2231 1098 2306 gradiendi
1155 2247 1349 2284 carens
1386 2229 1588 2294 ofticio,
1630 2229 1875 2298 pristinte
1907 2227 2107 2299 gaudet

489 2345 610 2381 cum
639 2325 1032 2379 incolumitatis
1057 2323 1202 2376 dono
1247 2340 1258 2374 :
1290 2330 1347 2375 ut
1379 2337 1500 2392 quae
1529 2321 1772 2390 plaustro
1797 2319 2104 2371 devehente

491 2419 664 2472 fuerat
688 2418 940 2478 adducta,
963 2415 1204 2484 prepriis
1239 2413 1589 2482 postmodum
1609 2411 1844 2482 pedibus
1861 2425 2106 2463 remeare

492 2511 695 2562 valeret
745 2508 808 2560 ad
870 2525 986 2560 sua.
1049 2507 1320 2558 l’ra-terea
1363 2503 1558 2556 mulier
1616 2505 1864 2572 quwdam
1921 2516 2104 2555 secum

493 2603 770 2672 parvulam
803 2617 898 2652 sex
931 2615 1198 2651 annorum
1259 2598 1370 2650 fere
1412 2595 1590 2648 defert
1659 2595 1848 2654 tiliam,
1885 2592 2106 2645 neruine

494 2690 756 2744 anlidem
792 2707 802 2740 :
847 2704 967 2757 quae
1008 2687 1135 2739 dum
1178 2685 1413 2755 quadam
1442 2685 1531 2738 die
1561 2700 1685 2737 cum
1721 2682 1916 2736 cetevis
1947 2681 2100 2732 lude-

492 2791 591 2846 ret,
624 2781 690 2834 ab
744 2781 927 2850 aliqua
976 2784 1294 2832 transeunte
1365 2778 1499 2830 forte
1557 2774 1783 2828 muliere
1849 2787 2107 2842 percussa

492 2870 667 2922 fuerat
699 2868 752 2920 in
812 2866 1007 2936 capite.
1041 2868 1154 2930 Quo
1213 2866 1322 2918 ictu
1371 2865 1516 2927 laesa,
1574 2862 1650 2914 ita
1699 2873 1755 2914 ut
1796 2862 1915 2928 ejus
1965 2868 2106 2914 retro

489 2961 750 3013 reflexum
787 2959 1056 3010 inluercre
1112 2957 1256 3010 cervi
1291 2955 1568 3008 videretur
1631 2953 1972 3023 occipitium,
2009 2967 2108 3005 nec

491 3051 545 3102 in
577 3050 739 3101 aliam
781 3055 944 3116 caput
977 3045 1246 3098 reclinare.
1289 3052 1498 3114 partem
1540 3043 1744 3096 valeret
1782 3061 1792 3105 ;
1829 3040 1935 3094 cibi
1978 3055 2106 3093 vero

492 3138 717 3198 nullam,
746 3137 846 3189 nisi
872 3135 1136 3206 liquidam
1166 3150 1386 3187 sumere
1406 3140 1588 3202 posset
1622 3131 2105 3194 sustentationem,
2131 3108 2178 3175 Ο

493 3244 614 3298 quin
649 3227 922 3296 integrum
981 3224 1082 3276 sub
1111 3224 1198 3277 tali
1245 3225 1413 3278 ferme
1481 3222 1670 3274 labore
1724 3219 2104 3273 duxtiratanni

490 3321 844 3374 curriculum.
906 3320 1075 3382 Quam
1141 3327 1313 3372 mater
1371 3315 1568 3370 aﬂ'ectu
1610 3315 1850 3386 diligens
1891 3322 2102 3376 tenero,

491 3414 670 3483 deque
715 3413 907 3465 salutis
939 3412 1116 3482 ipsius
1146 3410 1382 3464 sollicita
1429 3408 1871 3478 recuperatione,
1897 3405 2106 3458 studuit

491 3506 706 3558 obviam
729 3505 1022 3557 deiiducere.
1072 3504 1318 3574 Dumque
1383 3502 1635 3556 cominus
1674 3501 1744 3553 ob
1779 3498 2105 3552 densitatem

491 3592 858 3647 multitudinis
904 3609 1010 3646 non
1044 3593 1188 3645 valet
1243 3589 1528 3655 accedere,
1576 3595 1828 3658 procurat
1859 3586 2108 3655 aliquan-

492 3683 659 3735 tulum
693 3682 886 3752 vulgus
937 3681 1288 3734 antecedere.
1324 3679 1442 3732 Mox
1471 3678 1525 3731 in
1561 3678 1648 3730 via
1697 3694 1792 3746 per
1819 3691 1980 3745 quam
2010 3675 2110 3728 iter

489 3779 606 3823 erat
637 3770 934 3843 agr-udum,
967 3786 1091 3822 sese
1124 3778 1480 3839 prosternens
1535 3766 1697 3819 simul
1739 3781 1860 3818 cum
1893 3762 2103 3824 sobole,

493 3862 628 3916 fulti
653 3862 832 3915 valide
876 3858 1006 3927 fide,
1041 3877 1236 3930 preces
1267 3860 1334 3912 ad
1378 3859 1667 3913 Dominmn
1692 3857 1893 3911 devota
1924 3855 2110 3928 dirigit

493 3959 696 4004 mente.
734 3950 972 4003 Necdum
1026 3948 1095 4002 ab
1124 3948 1375 4003 oratione
1403 3957 1662 4009 cessarat,
1707 3955 1760 4001 et
1791 3944 2108 4015 ecceipsius

491 4044 659 4112 erepit
693 4041 981 4095 vociferari
1044 4039 1173 4094 filia.
1208 4040 1376 4104 Quam
1417 4040 1680 4112 genitrix,
1733 4050 1790 4092 ut
1843 4036 2109 4090 maternis

491 4136 809 4189 constgdetur
840 4132 1147 4201 blanditiis,
1194 4148 1446 4205 surgens,
1501 4131 1722 4194 intuita,
1765 4139 1930 4198 caput
1992 4128 2110 4195 ejus

492 4228 558 4280 ab
595 4227 889 4281 inﬂexione
922 4226 1070 4280 videt
1101 4227 1168 4279 ad
1210 4226 1489 4296 prepriam
1524 4221 1871 4277 rectitudinis
1904 4220 2107 4274 lineam

493 4337 787 4374 remeasse.
824 4320 973 4373 Tunc
1021 4320 1188 4374 nimia
1230 4319 1503 4372 hilaritate
1556 4317 1787 4387 repleta,
1830 4313 1927 4368 sed
1953 4313 2107 4367 etde

491 4410 660 4479 prolis
692 4410 926 4462 sanitate
958 4409 1190 4472 conlisa,
1243 4409 1583 4479 perlustrans
1612 4405 1858 4461 vulneris
1903 4404 2105 4467 locum,

2204 1870 2412 1932 utilem,
2440 1870 2560 1922 nisu
2605 1884 2712 1938 quo
2758 1877 2967 1938 poterat.
3001 1872 3289 1936 accedere,
3345 1879 3399 1925 et
3427 1872 3491 1924 ad
3524 1871 3770 1925 visendum

2202 1959 2339 2011 sacri
2377 1960 2540 2027 hujus
2574 1961 2820 2013 muneris
2872 1961 3131 2028 loculum,
3166 1978 3292 2016 sese
3340 1963 3557 2018 molitur
3585 1978 3772 2032 promo-

2205 2066 2349 2101 vere.
2379 2051 2623 2119 Cumque
2650 2051 2743 2103 tali
2766 2053 3058 2104 conamine
3098 2053 3212 2120 jam
3245 2054 3362 2108 fere
3408 2053 3632 2107 medium
3669 2068 3772 2123 per-

2208 2147 2452 2211 agrasset
2504 2139 2719 2193 itineris
2773 2141 2935 2207 hujus
2991 2141 3258 2211 spatium,
3305 2159 3414 2198 non
3455 2144 3629 2197 valens
3663 2141 3776 2194 ultra

2210 2232 2532 2300 procedere,
2566 2232 2718 2302 gravi
2755 2233 2962 2286 corruit
3006 2235 3260 2289 confecta
3293 2235 3499 2290 labore.
3530 2233 3776 2288 Mcditatur

2209 2325 2428 2377 doumm
2465 2325 2663 2389 redire,
2699 2325 2792 2377 sed
2829 2327 3020 2396 nequit
3046 2327 3149 2380 hoc
3189 2328 3468 2383 ullatenus
3498 2326 3771 2396 adimplere.

2209 2417 2333 2477 Quin
2368 2422 2652 2483 postquam
2685 2417 2784 2467 hac
2815 2416 3136 2486 aliquandiu
3171 2427 3377 2471 nutans
3400 2418 3562 2487 jacuit
3593 2415 3775 2469 haesita-

2212 2504 2377 2563 tione,
2407 2505 2624 2556 demum
2681 2514 2961 2574 resumpto
3019 2507 3328 2561 moliminis
3359 2525 3515 2570 ausu,
3547 2511 3696 2559 tenta!
3721 2518 3771 2554 an

2209 2597 2386 2648 valeat
2445 2596 2623 2648 adhuc
2678 2596 3083 2666 aliquantulum
3139 2599 3530 2670 prOpinquare.
3587 2596 3775 2663 Moxque

2209 2683 2394 2736 divina
2435 2684 2731 2736 miserante
2773 2685 3085 2749 clementia,
3109 2687 3266 2761 vigor
3301 2689 3462 2759 aigris
3488 2685 3685 2740 additur
3709 2680 3771 2733 ni-
3838 2749 3840 2754 ,

2209 2773 2360 2826 sibus
2395 2774 2756 2844 ;viribusque
2789 2792 2912 2828 cum
2957 2776 3296 2832 “salubritate
3351 2776 3596 2846 receptis,
3636 2772 3774 2826 libera

2213 2866 2481 2918 festinans
2510 2867 2808 2928 celeritate,
2871 2868 3148 2940 nimiaque
3193 2871 3500 2941 tripudians
3524 2866 3774 2926 hilaritate,

2211 2973 2321 3026 quo
2345 2957 2662 3012 decreverat
2685 2969 2893 3033 :egrota
2916 2976 2976 3013 se
3010 2962 3226 3016 trahere
3247 2963 3378 3036 agili
3413 2961 3569 3031 erepit
3598 2959 3775 3012 incessu

2210 3047 2462 3114 gaudens
2479 3065 2875 3118 approperare.
2899 3049 3237 3104 inﬁrmitatis
3253 3052 3418 3106 etiam
3446 3065 3555 3104 sua
3567 3047 3773 3102 solamen

2206 3155 2369 3192 manu
2403 3139 2587 3193 ferens
2607 3141 2886 3208 baculum,
2929 3143 3034 3195 iter
3066 3143 3281 3214 peragit
3312 3143 3650 3201 destinatum,
3691 3149 3776 3187 non

2206 3238 2263 3281 ut
2291 3229 2666 3299 ejusamplius
2696 3238 2881 3301 egeret
2912 3231 3134 3296 auxilio,
3189 3232 3290 3286 sed
3323 3239 3380 3287 ut
3416 3233 3465 3285 in
3487 3230 3636 3297 hujus
3662 3225 3774 3277 datw

2206 3321 2311 3372 sibi
2335 3320 2590 3373 sanitatis
2619 3319 2936 3374 ostenderet
2976 3320 3316 3378 testimonio.
3371 3318 3770 3384 Perveniensque

2207 3429 2315 3483 quo
2346 3412 2771 3479 desideraverat,
2821 3413 3178 3467 laudabunda
3202 3414 3431 3469 devotas
3458 3400 3774 3466 interventori

2208 3519 2308 3556 suo
2368 3502 2622 3573 rependit
2652 3503 2855 3575 gratias
2901 3503 3146 3574 :hicque
3209 3505 3480 3572 perlatum
3537 3495 3776 3552 dimittens

2210 3591 2490 3654 bacillum,
2523 3590 2716 3660 prisca:
2757 3592 3086 3646 calamitatis
3143 3609 3257 3647 suae
3311 3592 3578 3651 solatium,
3619 3581 3775 3638 alacris

2205 3681 2340 3748 jam,
2369 3695 2470 3734 nec
2495 3679 2616 3750 opis
2660 3680 2824 3748 hujus
2857 3681 3109 3753 indigna,
3151 3682 3352 3752 repetit
3385 3681 3485 3735 iter
3511 3684 3772 3732 emensum,

2212 3776 2461 3828 referens
2486 3774 2608 3827 beta
2649 3775 2943 3844 quaesitum
2977 3776 3180 3831 divinae
3201 3770 3588 3831 consolationis
3606 3762 3771 3822 suifra-

2211 3866 2384 3940 gium.

2280 3955 2590 4011 Adveniens
2625 3955 2892 4026 pontifex,
2945 3957 3076 4011 cleri
3129 3964 3554 4031 magnatumque
3581 3947 3773 4015 stipatus

2211 4046 2452 4119 agmine,
2501 4047 2719 4101 victima
2749 4049 2943 4103 salutis
2964 4049 3169 4115 oblata,
3219 4048 3462 4104 vestibus
3495 4040 3622 4098 albis
3645 4033 3774 4090 indu-

2212 4149 2322 4206 tus,
2356 4157 2480 4194 cum
2509 4140 2693 4194 choris
2722 4141 3075 4211 psallentium
3107 4141 3477 4214 gratissimum
3504 4119 3772 4188 deducitad

2211 4233 2410 4288 mtenia
2447 4233 2683 4287 civitatis
2741 4235 3078 4288 thesaurum.
3124 4233 3234 4287 Illis
3281 4241 3463 4287 autem
3494 4223 3699 4280 feliciter
3724 4226 3773 4266 00

2212 4323 2715 4392 progredientibus,
2751 4329 2806 4376 et
2853 4329 3138 4396 gratanter
3164 4321 3230 4376 ad
3273 4320 3590 4376 destinatum
3629 4309 3771 4396 locant

2212 4411 2585 4477 tendentibus,
2619 4411 2974 4482 omnipotens
3025 4411 3167 4465 Deus
3221 4411 3277 4464 in
3313 4409 3472 4477 hujus
3513 4391 3772 4457 charissimi

489 4502 668 4554 cernit
698 4501 967 4573 sanguine
991 4503 1293 4566 madidum,
1311 4518 1621 4571 nervosque
1657 4501 1752 4553 diu
1771 4505 2102 4562 contractos,
2132 4484 2186 4550 D
2210 4505 2294 4558 sui
2325 4503 2726 4580 gloriﬁcatione
2758 4505 2964 4560 fontem
2988 4521 3099 4560 suae
3125 4501 3480 4576 benignitatis
3506 4510 3564 4551 ac
3589 4485 3770 4556 largita-

491 4610 553 4646 ac
584 4594 627 4645 si
663 4593 822 4645 funes
853 4595 1092 4658 extendi,
1157 4594 1473 4664 productos.
1510 4591 1598 4644 Sic
1637 4597 1864 4659 accepta
1891 4589 2108 4643 miseri-

489 4685 692 4739 cordi::e
722 4701 886 4755 quam
936 4687 1230 4757 quaesierat
1261 4684 1678 4744 benedictione,
1712 4683 1936 4736 domum
1989 4682 2109 4736 laeta

492 4793 614 4830 cum
641 4777 942 4846 gratiarum
976 4779 1271 4834 revertitur
1300 4777 1535 4831 actione.

566 4868 671 4922 liae
701 4868 869 4937 igitur
895 4869 1164 4940 dignitate
1184 4865 1613 4931 clarificationis,
1641 4872 1694 4918 et
1719 4880 1898 4920 rerum
1923 4874 2110 4939 gesta-

492 4976 610 5014 rum
645 4959 1011 5014 admiratione
1069 4961 1268 5015 cohors
1298 4958 1522 5028 stipata,
1573 4965 1814 5026 votoque
1861 4956 2108 5027 gratula-

492 5048 658 5103 tionis
688 5055 967 5115 arreptum
999 5057 1112 5101 toto
1163 5046 1396 5100 fervoris
1437 5046 1541 5100 iter
1571 5047 1791 5106 annisu.
1823 5062 1946 5101 cum
1973 5063 2108 5101 can-

493 5139 989 5209 ticis,hymnisque
1033 5155 1358 5208 percurrere
1398 5139 1706 5211 satagebat.
1744 5140 2107 5195 Praecesserat

491 5229 753 5297 equidem
814 5227 1034 5294 praesul,
1091 5228 1186 5283 sed
1248 5243 1499 5284 reversus
1525 5227 1657 5284 clcri
1711 5228 2108 5284 comitantibus

491 5316 676 5369 choris
710 5312 1171 5385 pretiosissimum
1199 5319 1434 5388 propriis
1455 5319 1776 5374 thesaurum
1802 5318 1971 5373 sumit
2005 5319 2108 5373 hu-

495 5404 659 5456 meris
694 5421 705 5456 :
747 5408 800 5456 et
821 5400 898 5457 sic
924 5405 989 5458 ad
1023 5406 1199 5479 ipsius
1230 5408 1508 5478 propriam
1540 5407 1849 5464 beatissimi
1878 5407 2101 5462 domum

495 5491 686 5558 patris,
720 5508 843 5547 cum
891 5510 1088 5570 magna
1125 5497 1331 5570 perfert
1387 5497 1561 5573 gloria
1595 5495 1968 5566 jubilationis.
2014 5498 2103 5551 Ast

491 5576 920 5650 ubipervenitur
969 5585 1020 5640 in
1085 5585 1398 5653 ecclesiam,
1453 5603 1575 5659 quae
1623 5593 1939 5655 competere
1990 5586 2110 5640 visa

489 5681 621 5724 sunt.
649 5676 748 5732 rite
779 5675 1083 5748 dispositis,
1132 5679 1390 5735 inchoata
1437 5679 1549 5748 jam
1582 5677 1818 5731 victima:
1842 5677 2108 5747 spiritalis

2213 4597 2280 4650 tis
2299 4597 2521 4651 abunde
2552 4604 2634 4652 est
2665 4597 2922 4669 dignatus
2945 4596 3328 4660 effunderent
3357 4594 3438 4646 vix
3469 4590 3640 4657 linguil
3656 4585 3771 4647 qua"

2213 4688 2515 4744 Iibeteﬂ‘ari
2538 4689 2732 4754 valeat,
2765 4705 2889 4760 quze
2905 4690 3012 4744 hoc
3044 4688 3385 4744 tuncitinere
3414 4697 3507 4753 per
3535 4679 3638 4747 ipsa
3660 4678 3770 4763 ρθξιθ

2211 4787 2597 4832 momentanea
2641 4757 2798 4848 gesta
2845 4777 3150 4847 probantur
3205 4778 3452 4832 horarum
3505 4757 3768 4847 interstitia.

2213 4868 2340 4922 Nam
2376 4875 2584 4921 tantam
2616 4867 2877 4921 Dominus
2930 4867 3017 4922 hic
3065 4875 3324 4937 operatus
3377 4849 3664 4939 esthacdie
3687 4856 3769 4939 ξηι-

2213 4957 2527 5010 raculorum
2578 4954 3034 5030 magnitudinem,
3094 4964 3152 5010 ut
3181 4955 3281 5009 viri
3322 4957 3566 5022 quatuor,
3590 4937 3767 5023 femi'lag

2209 5060 2337 5099 vero
2370 5062 2591 5112 novem,
2624 5047 2803 5098 visum
2835 5063 2848 5108 ;
2883 5045 2982 5099 viri
3012 5059 3234 5116 quoque
3265 5043 3615 5111 duogressum
3653 5032 3766 5074 recr-

2211 5153 2340 5207 pere
2373 5148 2739 5192 mererentur.
2778 5137 2910 5191 Cum
2960 5137 3123 5205 hujus
3177 5137 3359 5204 itaque
3389 5122 3635 5207 prteclartf!
3661 5122 3761 5207 gl”?

2214 5227 2494 5281 tulatiouis
2547 5226 2937 5295 admiratione,
2986 5225 3041 5279 in
3082 5224 3354 5280 civitatem
3412 5215 3474 5270 ad
3523 5205 3762 5295 ecclesmm

2211 5318 2306 5371 Dei
2333 5317 2640 5382 Genitricis,
2677 5318 3043 5388 prosperrima
3076 5313 3388 5387 pervenitur
3425 5292 3760 5388 exsultatione

2207 5407 2401 5476 δίοψιεέ
2431 5407 2654 5462 lucerna
2689 5384 3023 5462 haec-lucens
3069 5384 3125 5460 et
3155 5405 3351 5459 ardens
3380 5385 3694 5476 reternaliter,
3718 5384 3759 5423 ιη

2205 5499 2395 5554 altaris
2422 5499 2632 5553 sistitur
2669 5481 2979 5570 crepidine.
3017 5500 3150 5553 Dum
3199 5492 3393 5568 praesul
3433 5486 3583 5559 igitur

2208 5586 2476 5641 crandum
2505 5586 2703 5643 vivifici
2748 5604 2952 5643 munus
2997 5587 3212 5642 accedit
3248 5576 3498 5654 mysterii,
3545 5562 3757 5654 quis!“

2213 5680 2448 5733 ferreum
2490 5690 2703 5750 pectus,
2730 5689 2838 5735 tam
2898 5681 3177 5750 lapideum
3205 5693 3298 5735 cor
3333 5668 3515 5746 gessit,
3552 5652 3632 5727 (Ιυί
3671 5653 3755 5699 non
