  <div class='ocr_page' id='page_1' title='image "/cluster/home/n/w/nwhite01/storage/ocr_20150623/134-135/uva.x000829784/618.png"; bbox 0 0 3970 6212; ppageno 0'>
   <div class='ocr_carea' id='block_1_1' title="bbox 171 308 3522 383">
    <p class='ocr_par' dir='ltr' id='par_1_1' title="bbox 171 308 3522 383">
     <span class='ocr_line' id='line_1_1' title="bbox 171 308 3522 383; baseline -0.006 0"><span class='ocrx_word' id='word_1_1' title='bbox 171 330 234 383; x_wconf 81' lang='grc'>81</span> <span class='ocrx_word' id='word_1_2' title='bbox 851 318 1174 374; x_wconf 56' lang='lat' dir='ltr'>HISTORIA}</span> <span class='ocrx_word' id='word_1_3' title='bbox 1214 315 1555 372; x_wconf 69' lang='grc' dir='ltr'>13001..ΕὸΙῶ</span> <span class='ocrx_word' id='word_1_4' title='bbox 1594 315 1923 371; x_wconf 78' lang='lat' dir='ltr'>REMENSIS</span> <span class='ocrx_word' id='word_1_5' title='bbox 1962 314 2137 370; x_wconf 80' lang='lat' dir='ltr'>LIBRI</span> <span class='ocrx_word' id='word_1_6' title='bbox 2180 315 2504 379; x_wconf 78' lang='lat' dir='ltr'>QUATUOR.</span> <span class='ocrx_word' id='word_1_7' title='bbox 2532 348 2601 356; x_wconf 92' lang='lat'>——</span> <span class='ocrx_word' id='word_1_8' title='bbox 2643 308 2779 371; x_wconf 28' lang='lat' dir='ltr'>LIB.‘</span> <span class='ocrx_word' id='word_1_9' title='bbox 2809 318 2847 370; x_wconf 92' lang='lat' dir='ltr'>l.</span> <span class='ocrx_word' id='word_1_10' title='bbox 3452 322 3522 375; x_wconf 72' lang='lat'>82</span> 
     </span>
    </p>
   </div>
   <div class='ocr_carea' id='block_1_2' title="bbox 172 440 3523 525">
    <p class='ocr_par' dir='ltr' id='par_1_2' title="bbox 172 440 3523 525">
     <span class='ocr_line' id='line_1_2' title="bbox 172 440 3523 525; baseline -0.003 -18"><span class='ocrx_word' id='word_1_11' title='bbox 172 452 428 525; x_wconf 78' lang='lat' dir='ltr'>gemitus</span> <span class='ocrx_word' id='word_1_12' title='bbox 450 449 659 513; x_wconf 82' lang='lat' dir='ltr'>ederet,</span> <span class='ocrx_word' id='word_1_13' title='bbox 687 454 882 519; x_wconf 90' lang='lat' dir='ltr'>pectus</span> <span class='ocrx_word' id='word_1_14' title='bbox 911 444 1192 509; x_wconf 90' lang='lat' dir='ltr'>tunderet,</span> <span class='ocrx_word' id='word_1_15' title='bbox 1223 441 1492 513; x_wconf 89' lang='lat' dir='ltr'>lacrymas</span> <span class='ocrx_word' id='word_1_16' title='bbox 1519 440 1797 504; x_wconf 90' lang='lat' dir='ltr'>funderet,</span> <span class='ocrx_word' id='word_1_17' title='bbox 1833 446 1880 511; x_wconf 85' lang='grc' dir='ltr'>Α</span> <span class='ocrx_word' id='word_1_18' title='bbox 1908 446 2104 511; x_wconf 90' lang='lat' dir='ltr'>petunt</span> <span class='ocrx_word' id='word_1_19' title='bbox 2129 440 2397 502; x_wconf 65' lang='lat' dir='ltr'>ecclesiae,</span> <span class='ocrx_word' id='word_1_20' title='bbox 2430 441 2620 496; x_wconf 88' lang='lat' dir='ltr'>videre</span> <span class='ocrx_word' id='word_1_21' title='bbox 2641 441 2931 512; x_wconf 87' lang='lat' dir='ltr'>cupientes</span> <span class='ocrx_word' id='word_1_22' title='bbox 2963 443 3235 516; x_wconf 86' lang='lat' dir='ltr'>magnalia</span> <span class='ocrx_word' id='word_1_23' title='bbox 3258 443 3381 497; x_wconf 81' lang='lat' dir='ltr'>Dei.</span> <span class='ocrx_word' id='word_1_24' title='bbox 3424 444 3523 497; x_wconf 86' lang='lat' dir='ltr'>Vi-</span> 
     </span>
    </p>
   </div>
   <div class='ocr_carea' id='block_1_3' title="bbox 175 530 1798 608">
    <p class='ocr_par' dir='ltr' id='par_1_3' title="bbox 175 530 1798 608">
     <span class='ocr_line' id='line_1_3' title="bbox 175 530 1798 608; baseline -0.009 -11"><span class='ocrx_word' id='word_1_25' title='bbox 175 543 308 597; x_wconf 90' lang='lat' dir='ltr'>dum</span> <span class='ocrx_word' id='word_1_26' title='bbox 351 551 464 595; x_wconf 89' lang='lat' dir='ltr'>tam</span> <span class='ocrx_word' id='word_1_27' title='bbox 512 537 788 608; x_wconf 90' lang='lat' dir='ltr'>stupenda</span> <span class='ocrx_word' id='word_1_28' title='bbox 837 534 1151 590; x_wconf 88' lang='lat' dir='ltr'>divinorum</span> <span class='ocrx_word' id='word_1_29' title='bbox 1207 532 1352 589; x_wconf 85' lang='lat' dir='ltr'>dona</span> <span class='ocrx_word' id='word_1_30' title='bbox 1408 530 1798 586; x_wconf 75' lang='lat' dir='ltr'>charismatum</span> 
     </span>
    </p>
   </div>
   <div class='ocr_carea' id='block_1_4' title="bbox 174 622 1799 703">
    <p class='ocr_par' dir='ltr' id='par_1_4' title="bbox 174 622 1799 703">
     <span class='ocr_line' id='line_1_4' title="bbox 174 622 1799 703; baseline -0.009 -14"><span class='ocrx_word' id='word_1_31' title='bbox 174 633 535 703; x_wconf 78' lang='lat' dir='ltr'>conSpiceret</span> <span class='ocrx_word' id='word_1_32' title='bbox 556 629 583 681; x_wconf 63' lang='grc' dir='ltr'>ἱ)</span> <span class='ocrx_word' id='word_1_33' title='bbox 603 629 733 695; x_wconf 97' lang='lat' dir='ltr'>Quis</span> <span class='ocrx_word' id='word_1_34' title='bbox 752 626 960 682; x_wconf 89' lang='lat' dir='ltr'>etenim</span> <span class='ocrx_word' id='word_1_35' title='bbox 987 631 1154 697; x_wconf 81' lang='lat' dir='ltr'>queat</span> <span class='ocrx_word' id='word_1_36' title='bbox 1176 639 1507 679; x_wconf 84' lang='lat' dir='ltr'>enumerare</span> <span class='ocrx_word' id='word_1_37' title='bbox 1534 622 1799 677; x_wconf 91' lang='lat' dir='ltr'>mirorum</span> 
     </span>
    </p>
   </div>
   <div class='ocr_carea' id='block_1_5' title="bbox 175 714 1798 795">
    <p class='ocr_par' dir='ltr' id='par_1_5' title="bbox 175 714 1798 795">
     <span class='ocr_line' id='line_1_5' title="bbox 175 714 1798 795; baseline -0.008 -15"><span class='ocrx_word' id='word_1_38' title='bbox 175 724 396 795; x_wconf 89' lang='lat' dir='ltr'>c0piam</span> <span class='ocrx_word' id='word_1_39' title='bbox 419 722 638 778; x_wconf 61' lang='lat' dir='ltr'>caelitus</span> <span class='ocrx_word' id='word_1_40' title='bbox 667 720 759 774; x_wconf 90' lang='lat' dir='ltr'>hic</span> <span class='ocrx_word' id='word_1_41' title='bbox 781 735 845 773; x_wconf 89' lang='lat' dir='ltr'>ea</span> <span class='ocrx_word' id='word_1_42' title='bbox 884 717 973 772; x_wconf 90' lang='lat' dir='ltr'>die</span> <span class='ocrx_word' id='word_1_43' title='bbox 1006 716 1287 787; x_wconf 85' lang='lat' dir='ltr'>profusam</span> <span class='ocrx_word' id='word_1_44' title='bbox 1323 714 1351 766; x_wconf 85' lang='lat'><strong>?</strong></span> <span class='ocrx_word' id='word_1_45' title='bbox 1382 715 1554 768; x_wconf 83' lang='lat' dir='ltr'>Nemo</span> <span class='ocrx_word' id='word_1_46' title='bbox 1587 730 1798 778; x_wconf 83' lang='lat' dir='ltr'>revera,</span> 
     </span>
    </p>
   </div>
   <div class='ocr_carea' id='block_1_6' title="bbox 177 808 1801 884">
    <p class='ocr_par' dir='ltr' id='par_1_6' title="bbox 177 808 1801 884">
     <span class='ocr_line' id='line_1_6' title="bbox 177 808 1801 884; baseline -0.007 -17"><span class='ocrx_word' id='word_1_47' title='bbox 177 813 271 884; x_wconf 88' lang='lat' dir='ltr'>qui</span> <span class='ocrx_word' id='word_1_48' title='bbox 307 812 605 882; x_wconf 57' lang='lat' dir='ltr'>praevaleat</span> <span class='ocrx_word' id='word_1_49' title='bbox 645 808 907 879; x_wconf 82' lang='lat' dir='ltr'>expedire</span> <span class='ocrx_word' id='word_1_50' title='bbox 964 821 1222 860; x_wconf 88' lang='lat' dir='ltr'>sermone</span> <span class='ocrx_word' id='word_1_51' title='bbox 1278 812 1412 876; x_wconf 92' lang='lat' dir='ltr'>quot</span> <span class='ocrx_word' id='word_1_52' title='bbox 1465 812 1801 878; x_wconf 61' lang='lat' dir='ltr'>aegrotantes</span> 
     </span>
    </p>
   </div>
   <div class='ocr_carea' id='block_1_7' title="bbox 176 891 1803 971">
    <p class='ocr_par' dir='ltr' id='par_1_7' title="bbox 176 891 1803 971">
     <span class='ocr_line' id='line_1_7' title="bbox 176 891 1803 971; baseline -0.006 -16"><span class='ocrx_word' id='word_1_53' title='bbox 176 901 379 963; x_wconf 88' lang='lat' dir='ltr'>sanati,</span> <span class='ocrx_word' id='word_1_54' title='bbox 416 907 551 971; x_wconf 89' lang='lat' dir='ltr'>quot</span> <span class='ocrx_word' id='word_1_55' title='bbox 581 897 885 952; x_wconf 89' lang='lat' dir='ltr'>titubantes</span> <span class='ocrx_word' id='word_1_56' title='bbox 925 894 1117 961; x_wconf 84' lang='lat' dir='ltr'>erecti,</span> <span class='ocrx_word' id='word_1_57' title='bbox 1143 900 1280 965; x_wconf 88' lang='lat' dir='ltr'>quot</span> <span class='ocrx_word' id='word_1_58' title='bbox 1308 893 1428 964; x_wconf 89' lang='lat' dir='ltr'>ipsa</span> <span class='ocrx_word' id='word_1_59' title='bbox 1453 892 1542 947; x_wconf 90' lang='lat' dir='ltr'>die</span> <span class='ocrx_word' id='word_1_60' title='bbox 1569 891 1803 946; x_wconf 82' lang='lat' dir='ltr'>diversis</span> 
     </span>
    </p>
   </div>
   <div class='ocr_carea' id='block_1_8' title="bbox 179 987 998 1061">
    <p class='ocr_par' dir='ltr' id='par_1_8' title="bbox 179 987 998 1061">
     <span class='ocr_line' id='line_1_8' title="bbox 179 987 998 1061; baseline -0.005 -15"><span class='ocrx_word' id='word_1_61' title='bbox 179 994 265 1048; x_wconf 91' lang='lat' dir='ltr'>hic</span> <span class='ocrx_word' id='word_1_62' title='bbox 285 1001 419 1047; x_wconf 88' lang='lat' dir='ltr'>sunt</span> <span class='ocrx_word' id='word_1_63' title='bbox 450 989 704 1046; x_wconf 83' lang='lat' dir='ltr'>cladibus</span> <span class='ocrx_word' id='word_1_64' title='bbox 734 987 998 1061; x_wconf 71' lang='lat' dir='ltr'>absoLuti.</span> 
     </span>
    </p>
   </div>
   <div class='ocr_carea' id='block_1_9' title="bbox 249 1072 1805 1151">
    <p class='ocr_par' dir='ltr' id='par_1_9' title="bbox 249 1072 1805 1151">
     <span class='ocr_line' id='line_1_9' title="bbox 249 1072 1805 1151; baseline -0.006 -14"><span class='ocrx_word' id='word_1_65' title='bbox 249 1083 381 1137; x_wconf 88' lang='lat' dir='ltr'>Post</span> <span class='ocrx_word' id='word_1_66' title='bbox 414 1082 633 1151; x_wconf 87' lang='lat' dir='ltr'>expleta</span> <span class='ocrx_word' id='word_1_67' title='bbox 685 1077 1045 1149; x_wconf 83' lang='lat' dir='ltr'>mysticorum</span> <span class='ocrx_word' id='word_1_68' title='bbox 1097 1072 1449 1130; x_wconf 86' lang='lat' dir='ltr'>discedentes</span> <span class='ocrx_word' id='word_1_69' title='bbox 1478 1088 1651 1136; x_wconf 91' lang='lat' dir='ltr'>sacra,</span> <span class='ocrx_word' id='word_1_70' title='bbox 1688 1088 1805 1127; x_wconf 91' lang='lat' dir='ltr'>ma-</span> 
     </span>
    </p>
   </div>
   <div class='ocr_carea' id='block_1_10' title="bbox 182 1156 1806 1245">
    <p class='ocr_par' dir='ltr' id='par_1_10' title="bbox 182 1156 1806 1245">
     <span class='ocr_line' id='line_1_10' title="bbox 182 1156 1806 1245; baseline -0.009 -14"><span class='ocrx_word' id='word_1_71' title='bbox 182 1176 443 1231; x_wconf 90' lang='lat' dir='ltr'>turabant</span> <span class='ocrx_word' id='word_1_72' title='bbox 474 1174 682 1245; x_wconf 90' lang='lat' dir='ltr'>quique</span> <span class='ocrx_word' id='word_1_73' title='bbox 734 1156 985 1241; x_wconf 87' lang='lat' dir='ltr'>repetere</span> <span class='ocrx_word' id='word_1_74' title='bbox 1015 1184 1134 1223; x_wconf 90' lang='lat' dir='ltr'>sua.</span> <span class='ocrx_word' id='word_1_75' title='bbox 1169 1166 1276 1221; x_wconf 89' lang='lat' dir='ltr'>Sed</span> <span class='ocrx_word' id='word_1_76' title='bbox 1323 1166 1468 1219; x_wconf 91' lang='lat' dir='ltr'>inter</span> <span class='ocrx_word' id='word_1_77' title='bbox 1497 1163 1806 1219; x_wconf 88' lang='lat' dir='ltr'>absceden-</span> 
     </span>
    </p>
   </div>
   <div class='ocr_carea' id='block_1_11' title="bbox 178 1255 1804 1323">
    <p class='ocr_par' dir='ltr' id='par_1_11' title="bbox 178 1255 1804 1323">
     <span class='ocr_line' id='line_1_11' title="bbox 178 1255 1804 1323; baseline -0.007 -4"><span class='ocrx_word' id='word_1_78' title='bbox 178 1266 308 1319; x_wconf 91' lang='lat' dir='ltr'>dum</span> <span class='ocrx_word' id='word_1_79' title='bbox 350 1265 539 1318; x_wconf 78' lang='lat' dir='ltr'>minax</span> <span class='ocrx_word' id='word_1_80' title='bbox 580 1261 711 1317; x_wconf 91' lang='lat' dir='ltr'>oriri</span> <span class='ocrx_word' id='word_1_81' title='bbox 772 1258 1061 1323; x_wconf 89' lang='lat' dir='ltr'>territatio,</span> <span class='ocrx_word' id='word_1_82' title='bbox 1110 1257 1289 1313; x_wconf 90' lang='lat' dir='ltr'>nubes</span> <span class='ocrx_word' id='word_1_83' title='bbox 1328 1255 1620 1310; x_wconf 71' lang='lat' dir='ltr'>teterrima:</span> <span class='ocrx_word' id='word_1_84' title='bbox 1645 1256 1804 1308; x_wconf 86' lang='lat' dir='ltr'>terri-</span> 
     </span>
    </p>
   </div>
   <div class='ocr_carea' id='block_1_12' title="bbox 180 1346 1798 1428">
    <p class='ocr_par' dir='ltr' id='par_1_12' title="bbox 180 1346 1798 1428">
     <span class='ocr_line' id='line_1_12' title="bbox 180 1346 1798 1428; baseline -0.007 -17"><span class='ocrx_word' id='word_1_85' title='bbox 180 1358 435 1428; x_wconf 89' lang='lat' dir='ltr'>bilesque</span> <span class='ocrx_word' id='word_1_86' title='bbox 464 1368 822 1426; x_wconf 84' lang='lat' dir='ltr'>consurgere,</span> <span class='ocrx_word' id='word_1_87' title='bbox 841 1350 1155 1406; x_wconf 89' lang='lat' dir='ltr'>truculenta</span> <span class='ocrx_word' id='word_1_88' title='bbox 1178 1349 1361 1419; x_wconf 91' lang='lat' dir='ltr'>polum</span> <span class='ocrx_word' id='word_1_89' title='bbox 1390 1346 1627 1419; x_wconf 84' lang='lat' dir='ltr'>caligine</span> <span class='ocrx_word' id='word_1_90' title='bbox 1649 1347 1798 1400; x_wconf 86' lang='lat' dir='ltr'>clau-</span> 
     </span>
    </p>
   </div>
   <div class='ocr_carea' id='block_1_13' title="bbox 179 1436 1800 1514">
    <p class='ocr_par' dir='ltr' id='par_1_13' title="bbox 179 1436 1800 1514">
     <span class='ocr_line' id='line_1_13' title="bbox 179 1436 1800 1514; baseline -0.005 -17"><span class='ocrx_word' id='word_1_91' title='bbox 179 1447 332 1510; x_wconf 88' lang='lat' dir='ltr'>dere,</span> <span class='ocrx_word' id='word_1_92' title='bbox 348 1444 557 1499; x_wconf 87' lang='lat' dir='ltr'>micare</span> <span class='ocrx_word' id='word_1_93' title='bbox 582 1442 818 1514; x_wconf 75' lang='lat' dir='ltr'>fulgura,</span> <span class='ocrx_word' id='word_1_94' title='bbox 838 1454 1173 1509; x_wconf 85' lang='lat' dir='ltr'>concrepare</span> <span class='ocrx_word' id='word_1_95' title='bbox 1190 1436 1451 1501; x_wconf 87' lang='lat' dir='ltr'>tonitrua,</span> <span class='ocrx_word' id='word_1_96' title='bbox 1474 1436 1800 1509; x_wconf 85' lang='lat' dir='ltr'>grandoque</span> 
     </span>
    </p>
   </div>
   <div class='ocr_carea' id='block_1_14' title="bbox 179 1526 1803 1600">
    <p class='ocr_par' dir='ltr' id='par_1_14' title="bbox 179 1526 1803 1600">
     <span class='ocr_line' id='line_1_14' title="bbox 179 1526 1803 1600; baseline -0.007 -11"><span class='ocrx_word' id='word_1_97' title='bbox 179 1534 357 1589; x_wconf 91' lang='lat' dir='ltr'>solum</span> <span class='ocrx_word' id='word_1_98' title='bbox 392 1532 690 1587; x_wconf 89' lang='lat' dir='ltr'>verberare</span> <span class='ocrx_word' id='word_1_99' title='bbox 751 1530 920 1600; x_wconf 70' lang='lat' dir='ltr'>coepit</span> <span class='ocrx_word' id='word_1_100' title='bbox 973 1544 1088 1583; x_wconf 92' lang='lat' dir='ltr'>non</span> <span class='ocrx_word' id='word_1_101' title='bbox 1141 1526 1389 1582; x_wconf 89' lang='lat' dir='ltr'>minima.</span> <span class='ocrx_word' id='word_1_102' title='bbox 1446 1527 1562 1589; x_wconf 85' lang='lat' dir='ltr'>Quo</span> <span class='ocrx_word' id='word_1_103' title='bbox 1594 1532 1803 1580; x_wconf 92' lang='lat' dir='ltr'>terrore</span> 
     </span>
    </p>
   </div>
   <div class='ocr_carea' id='block_1_15' title="bbox 183 1618 1806 1697">
    <p class='ocr_par' dir='ltr' id='par_1_15' title="bbox 183 1618 1806 1697">
     <span class='ocr_line' id='line_1_15' title="bbox 183 1618 1806 1697; baseline -0.006 -18"><span class='ocrx_word' id='word_1_104' title='bbox 183 1624 420 1697; x_wconf 87' lang='lat' dir='ltr'>perculsi</span> <span class='ocrx_word' id='word_1_105' title='bbox 482 1624 703 1677; x_wconf 85' lang='lat' dir='ltr'>rediere</span> <span class='ocrx_word' id='word_1_106' title='bbox 741 1620 986 1693; x_wconf 87' lang='lat' dir='ltr'>plurimi,</span> <span class='ocrx_word' id='word_1_107' title='bbox 1046 1618 1393 1675; x_wconf 88' lang='lat' dir='ltr'>clementiam</span> <span class='ocrx_word' id='word_1_108' title='bbox 1443 1618 1806 1688; x_wconf 79' lang='lat' dir='ltr'>deprecantes</span> 
     </span>
    </p>
   </div>
   <div class='ocr_carea' id='block_1_16' title="bbox 184 1709 1805 1786">
    <p class='ocr_par' dir='ltr' id='par_1_16' title="bbox 184 1709 1805 1786">
     <span class='ocr_line' id='line_1_16' title="bbox 184 1709 1805 1786; baseline -0.005 -16"><span class='ocrx_word' id='word_1_109' title='bbox 184 1717 471 1784; x_wconf 66' lang='lat' dir='ltr'>Altissimi,</span> <span class='ocrx_word' id='word_1_110' title='bbox 508 1724 781 1786; x_wconf 85' lang='lat' dir='ltr'>quatenus</span> <span class='ocrx_word' id='word_1_111' title='bbox 810 1711 1386 1781; x_wconf 87' lang='lat' dir='ltr'>bujusinterccssione</span> <span class='ocrx_word' id='word_1_112' title='bbox 1401 1709 1574 1781; x_wconf 89' lang='lat' dir='ltr'>patris</span> <span class='ocrx_word' id='word_1_113' title='bbox 1594 1710 1805 1764; x_wconf 86' lang='lat' dir='ltr'>beatis-</span> 
     </span>
    </p>
   </div>
   <div class='ocr_carea' id='block_1_17' title="bbox 1899 533 3517 604">
    <p class='ocr_par' dir='ltr' id='par_1_17' title="bbox 1899 533 3517 604">
     <span class='ocr_line' id='line_1_17' title="bbox 1899 533 3517 604; baseline 0.001 -15"><span class='ocrx_word' id='word_1_114' title='bbox 1899 537 2117 599; x_wconf 89' lang='lat' dir='ltr'>dentes,</span> <span class='ocrx_word' id='word_1_115' title='bbox 2178 540 2237 586; x_wconf 92' lang='lat' dir='ltr'>ut</span> <span class='ocrx_word' id='word_1_116' title='bbox 2280 533 2591 595; x_wconf 87' lang='lat' dir='ltr'>audierant,</span> <span class='ocrx_word' id='word_1_117' title='bbox 2649 534 2961 588; x_wconf 90' lang='lat' dir='ltr'>divinarum</span> <span class='ocrx_word' id='word_1_118' title='bbox 3016 535 3173 604; x_wconf 81' lang='lat' dir='ltr'>signa</span> <span class='ocrx_word' id='word_1_119' title='bbox 3234 536 3517 602; x_wconf 88' lang='lat' dir='ltr'>virtutum,</span> 
     </span>
    </p>
   </div>
   <div class='ocr_carea' id='block_1_18' title="bbox 1900 626 3522 696">
    <p class='ocr_par' dir='ltr' id='par_1_18' title="bbox 1900 626 3522 696">
     <span class='ocr_line' id='line_1_18' title="bbox 1900 626 3522 696; baseline 0 -14"><span class='ocrx_word' id='word_1_120' title='bbox 1900 626 2162 682; x_wconf 89' lang='lat' dir='ltr'>manibus</span> <span class='ocrx_word' id='word_1_121' title='bbox 2190 632 2470 695; x_wconf 81' lang='lat' dir='ltr'>gratanter</span> <span class='ocrx_word' id='word_1_122' title='bbox 2517 626 2571 678; x_wconf 93' lang='lat' dir='ltr'>in</span> <span class='ocrx_word' id='word_1_123' title='bbox 2605 627 2803 679; x_wconf 66' lang='lat' dir='ltr'>emtum</span> <span class='ocrx_word' id='word_1_124' title='bbox 2856 628 3145 696; x_wconf 85' lang='lat' dir='ltr'>porrectis,</span> <span class='ocrx_word' id='word_1_125' title='bbox 3180 628 3522 682; x_wconf 86' lang='lat' dir='ltr'>benedicunt</span> 
     </span>
    </p>
   </div>
   <div class='ocr_carea' id='block_1_19' title="bbox 1902 714 3519 787">
    <p class='ocr_par' dir='ltr' id='par_1_19' title="bbox 1902 714 3519 787">
     <span class='ocr_line' id='line_1_19' title="bbox 1902 714 3519 787; baseline -0.001 -15"><span class='ocrx_word' id='word_1_126' title='bbox 1902 717 2215 772; x_wconf 90' lang='lat' dir='ltr'>Dominum.</span> <span class='ocrx_word' id='word_1_127' title='bbox 2245 714 2397 779; x_wconf 89' lang='lat' dir='ltr'>Quod</span> <span class='ocrx_word' id='word_1_128' title='bbox 2413 714 2614 767; x_wconf 64' lang='lat' dir='ltr'>divinaa</span> <span class='ocrx_word' id='word_1_129' title='bbox 2633 714 2995 787; x_wconf 75' lang='lat' dir='ltr'>benignitatis</span> <span class='ocrx_word' id='word_1_130' title='bbox 3020 716 3341 769; x_wconf 89' lang='lat' dir='ltr'>miraculum</span> <span class='ocrx_word' id='word_1_131' title='bbox 3364 717 3519 770; x_wconf 88' lang='lat' dir='ltr'>valde</span> 
     </span>
    </p>
   </div>
   <div class='ocr_carea' id='block_1_20' title="bbox 1905 804 3517 875">
    <p class='ocr_par' dir='ltr' id='par_1_20' title="bbox 1905 804 3517 875">
     <span class='ocr_line' id='line_1_20' title="bbox 1905 804 3517 875; baseline -0.001 -14"><span class='ocrx_word' id='word_1_132' title='bbox 1905 817 2034 861; x_wconf 91' lang='lat' dir='ltr'>tunc</span> <span class='ocrx_word' id='word_1_133' title='bbox 2057 804 2329 875; x_wconf 85' lang='lat' dir='ltr'>profuisse</span> <span class='ocrx_word' id='word_1_134' title='bbox 2387 804 2731 875; x_wconf 78' lang='lat' dir='ltr'>dignoscitur</span> <span class='ocrx_word' id='word_1_135' title='bbox 2778 804 2845 857; x_wconf 90' lang='lat' dir='ltr'>ad</span> <span class='ocrx_word' id='word_1_136' title='bbox 2878 820 3068 857; x_wconf 89' lang='lat' dir='ltr'>eorum</span> <span class='ocrx_word' id='word_1_137' title='bbox 3101 807 3381 867; x_wconf 82' lang='lat' dir='ltr'>solatium,</span> <span class='ocrx_word' id='word_1_138' title='bbox 3425 807 3517 875; x_wconf 89' lang='lat' dir='ltr'>qui</span> 
     </span>
    </p>
   </div>
   <div class='ocr_carea' id='block_1_21' title="bbox 1904 894 3513 964">
    <p class='ocr_par' dir='ltr' id='par_1_21' title="bbox 1904 894 3513 964">
     <span class='ocr_line' id='line_1_21' title="bbox 1904 894 3513 964; baseline -0.003 -14"><span class='ocrx_word' id='word_1_139' title='bbox 1904 913 1963 949; x_wconf 91' lang='lat' dir='ltr'>se</span> <span class='ocrx_word' id='word_1_140' title='bbox 1994 894 2358 964; x_wconf 88' lang='lat' dir='ltr'>corporaliter</span> <span class='ocrx_word' id='word_1_141' title='bbox 2388 894 2570 947; x_wconf 85' lang='lat' dir='ltr'>deseri</span> <span class='ocrx_word' id='word_1_142' title='bbox 2614 901 2765 948; x_wconf 91' lang='lat' dir='ltr'>tanto</span> <span class='ocrx_word' id='word_1_143' title='bbox 2816 895 3199 963; x_wconf 83' lang='lat' dir='ltr'>querebantur</span> <span class='ocrx_word' id='word_1_144' title='bbox 3259 905 3513 963; x_wconf 83' lang='lat' dir='ltr'>patrono.</span> 
     </span>
    </p>
   </div>
   <div class='ocr_carea' id='block_1_22' title="bbox 1906 982 3519 1054">
    <p class='ocr_par' dir='ltr' id='par_1_22' title="bbox 1906 982 3519 1054">
     <span class='ocr_line' id='line_1_22' title="bbox 1906 982 3519 1054; baseline 0.001 -17"><span class='ocrx_word' id='word_1_145' title='bbox 1906 983 2116 1049; x_wconf 80' lang='lat' dir='ltr'>Quibus</span> <span class='ocrx_word' id='word_1_146' title='bbox 2150 993 2331 1036; x_wconf 79' lang='lat' dir='ltr'>tamen</span> <span class='ocrx_word' id='word_1_147' title='bbox 2363 982 2690 1052; x_wconf 84' lang='lat' dir='ltr'>spiritaliter</span> <span class='ocrx_word' id='word_1_148' title='bbox 2717 998 2775 1037; x_wconf 91' lang='lat' dir='ltr'>se</span> <span class='ocrx_word' id='word_1_149' title='bbox 2805 998 2913 1037; x_wconf 92' lang='lat' dir='ltr'>non</span> <span class='ocrx_word' id='word_1_150' title='bbox 2944 983 3141 1037; x_wconf 88' lang='lat' dir='ltr'>deesse</span> <span class='ocrx_word' id='word_1_151' title='bbox 3166 985 3255 1037; x_wconf 87' lang='lat' dir='ltr'>tali</span> <span class='ocrx_word' id='word_1_152' title='bbox 3293 992 3519 1054; x_wconf 64' lang='lat' dir='ltr'>patratae</span> 
     </span>
    </p>
   </div>
   <div class='ocr_carea' id='block_1_23' title="bbox 1909 1073 2701 1146">
    <p class='ocr_par' dir='ltr' id='par_1_23' title="bbox 1909 1073 2701 1146">
     <span class='ocr_line' id='line_1_23' title="bbox 1909 1073 2701 1146; baseline -0.005 -16"><span class='ocrx_word' id='word_1_153' title='bbox 1909 1075 2132 1146; x_wconf 87' lang='lat' dir='ltr'>pietatis</span> <span class='ocrx_word' id='word_1_154' title='bbox 2146 1074 2447 1128; x_wconf 88' lang='lat' dir='ltr'>declaravit</span> <span class='ocrx_word' id='word_1_155' title='bbox 2476 1073 2701 1128; x_wconf 89' lang='lat' dir='ltr'>indicio.</span> 
     </span>
    </p>
   </div>
   <div class='ocr_carea' id='block_1_24' title="bbox 1980 1165 3524 1245">
    <p class='ocr_par' dir='ltr' id='par_1_24' title="bbox 1980 1165 3524 1245">
     <span class='ocr_line' id='line_1_24' title="bbox 1980 1165 3524 1245; baseline 0.001 -25"><span class='ocrx_word' id='word_1_156' title='bbox 1980 1167 2038 1220; x_wconf 94' lang='lat' dir='ltr'>ln</span> <span class='ocrx_word' id='word_1_157' title='bbox 2072 1166 2307 1220; x_wconf 86' lang='lat' dir='ltr'>ecclesia</span> <span class='ocrx_word' id='word_1_158' title='bbox 2339 1180 2563 1236; x_wconf 90' lang='lat' dir='ltr'>quoque</span> <span class='ocrx_word' id='word_1_159' title='bbox 2594 1165 2771 1245; x_wconf 69' lang='lat' dir='ltr'>beatae</span> <span class='ocrx_word' id='word_1_160' title='bbox 2798 1165 2892 1219; x_wconf 89' lang='lat' dir='ltr'>Dei</span> <span class='ocrx_word' id='word_1_161' title='bbox 2914 1165 3524 1231; x_wconf 87' lang='lat' dir='ltr'>Genitricis,ubivene-</span> 
     </span>
    </p>
   </div>
   <div class='ocr_carea' id='block_1_25' title="bbox 1906 1259 3523 1332">
    <p class='ocr_par' dir='ltr' id='par_1_25' title="bbox 1906 1259 3523 1332">
     <span class='ocr_line' id='line_1_25' title="bbox 1906 1259 3523 1332; baseline -0.001 -18"><span class='ocrx_word' id='word_1_162' title='bbox 1906 1260 2081 1315; x_wconf 89' lang='lat' dir='ltr'>rabile</span> <span class='ocrx_word' id='word_1_163' title='bbox 2114 1260 2285 1331; x_wconf 84' lang='lat' dir='ltr'>patris</span> <span class='ocrx_word' id='word_1_164' title='bbox 2346 1260 2510 1327; x_wconf 90' lang='lat' dir='ltr'>hujus</span> <span class='ocrx_word' id='word_1_165' title='bbox 2553 1259 2879 1314; x_wconf 80' lang='lat' dir='ltr'>servabatur</span> <span class='ocrx_word' id='word_1_166' title='bbox 2902 1259 3119 1332; x_wconf 87' lang='lat' dir='ltr'>pignus,</span> <span class='ocrx_word' id='word_1_167' title='bbox 3161 1259 3523 1313; x_wconf 87' lang='lat' dir='ltr'>nonnullidi-</span> 
     </span>
    </p>
   </div>
   <div class='ocr_carea' id='block_1_26' title="bbox 1903 1349 3520 1425">
    <p class='ocr_par' dir='ltr' id='par_1_26' title="bbox 1903 1349 3520 1425">
     <span class='ocr_line' id='line_1_26' title="bbox 1903 1349 3520 1425; baseline -0.002 -19"><span class='ocrx_word' id='word_1_168' title='bbox 1903 1353 2076 1407; x_wconf 81' lang='lat' dir='ltr'>versis</span> <span class='ocrx_word' id='word_1_169' title='bbox 2105 1351 2296 1425; x_wconf 84' lang='lat' dir='ltr'>a-groti</span> <span class='ocrx_word' id='word_1_170' title='bbox 2330 1360 2457 1404; x_wconf 92' lang='lat' dir='ltr'>sunt</span> <span class='ocrx_word' id='word_1_171' title='bbox 2498 1350 2718 1404; x_wconf 89' lang='lat' dir='ltr'>interim</span> <span class='ocrx_word' id='word_1_172' title='bbox 2759 1350 2933 1404; x_wconf 89' lang='lat' dir='ltr'>curati</span> <span class='ocrx_word' id='word_1_173' title='bbox 2974 1349 3353 1421; x_wconf 79' lang='lat' dir='ltr'>languoribus.</span> <span class='ocrx_word' id='word_1_174' title='bbox 3390 1350 3520 1403; x_wconf 85' lang='lat' dir='ltr'>Nam</span> 
     </span>
    </p>
   </div>
   <div class='ocr_carea' id='block_1_27' title="bbox 1903 1441 3521 1515">
    <p class='ocr_par' dir='ltr' id='par_1_27' title="bbox 1903 1441 3521 1515">
     <span class='ocr_line' id='line_1_27' title="bbox 1903 1441 3521 1515; baseline -0.002 -18"><span class='ocrx_word' id='word_1_175' title='bbox 1903 1445 2124 1515; x_wconf 90' lang='lat' dir='ltr'>quidam</span> <span class='ocrx_word' id='word_1_176' title='bbox 2158 1444 2382 1497; x_wconf 89' lang='lat' dir='ltr'>nomine</span> <span class='ocrx_word' id='word_1_177' title='bbox 2431 1443 2635 1497; x_wconf 88' lang='lat' dir='ltr'>Natalis</span> <span class='ocrx_word' id='word_1_178' title='bbox 2666 1444 2734 1497; x_wconf 92' lang='lat' dir='ltr'>de</span> <span class='ocrx_word' id='word_1_179' title='bbox 2768 1441 3329 1510; x_wconf 84' lang='lat' dir='ltr'>Burdenaco,mulier</span> <span class='ocrx_word' id='word_1_180' title='bbox 3359 1443 3521 1495; x_wconf 88' lang='lat' dir='ltr'>etiam</span> 
     </span>
    </p>
   </div>
   <div class='ocr_carea' id='block_1_28' title="bbox 1904 1535 3524 1609">
    <p class='ocr_par' dir='ltr' id='par_1_28' title="bbox 1904 1535 3524 1609">
     <span class='ocr_line' id='line_1_28' title="bbox 1904 1535 3524 1609; baseline -0.002 -18"><span class='ocrx_word' id='word_1_181' title='bbox 1904 1538 2155 1607; x_wconf 77' lang='lat' dir='ltr'>quaedam</span> <span class='ocrx_word' id='word_1_182' title='bbox 2180 1537 2327 1591; x_wconf 86' lang='lat' dir='ltr'>dicta</span> <span class='ocrx_word' id='word_1_183' title='bbox 2359 1537 2688 1609; x_wconf 83' lang='lat' dir='ltr'>Teutbcrga,</span> <span class='ocrx_word' id='word_1_184' title='bbox 2707 1536 2838 1589; x_wconf 88' lang='lat' dir='ltr'>item</span> <span class='ocrx_word' id='word_1_185' title='bbox 2866 1536 3071 1589; x_wconf 90' lang='lat' dir='ltr'>mulier</span> <span class='ocrx_word' id='word_1_186' title='bbox 3099 1535 3270 1589; x_wconf 90' lang='lat' dir='ltr'>altera</span> <span class='ocrx_word' id='word_1_187' title='bbox 3300 1536 3524 1589; x_wconf 88' lang='lat' dir='ltr'>nomine</span> 
     </span>
    </p>
   </div>
   <div class='ocr_carea' id='block_1_29' title="bbox 1909 1624 3520 1695">
    <p class='ocr_par' dir='ltr' id='par_1_29' title="bbox 1909 1624 3520 1695">
     <span class='ocr_line' id='line_1_29' title="bbox 1909 1624 3520 1695; baseline 0 -17"><span class='ocrx_word' id='word_1_188' title='bbox 1909 1626 2239 1687; x_wconf 87' lang='lat' dir='ltr'>Gonthildis,</span> <span class='ocrx_word' id='word_1_189' title='bbox 2284 1626 2449 1695; x_wconf 87' lang='lat' dir='ltr'>hujus</span> <span class='ocrx_word' id='word_1_190' title='bbox 2508 1625 2817 1695; x_wconf 90' lang='lat' dir='ltr'>patrocinio</span> <span class='ocrx_word' id='word_1_191' title='bbox 2849 1625 3021 1694; x_wconf 90' lang='lat' dir='ltr'>patris</span> <span class='ocrx_word' id='word_1_192' title='bbox 3058 1625 3238 1679; x_wconf 91' lang='lat' dir='ltr'>visum</span> <span class='ocrx_word' id='word_1_193' title='bbox 3269 1624 3520 1693; x_wconf 88' lang='lat' dir='ltr'>recipere</span> 
     </span>
    </p>
   </div>
   <div class='ocr_carea' id='block_1_30' title="bbox 1912 1712 3520 1784">
    <p class='ocr_par' dir='ltr' id='par_1_30' title="bbox 1912 1712 3520 1784">
     <span class='ocr_line' id='line_1_30' title="bbox 1912 1712 3520 1784; baseline -0.002 -16"><span class='ocrx_word' id='word_1_194' title='bbox 1912 1724 2253 1768; x_wconf 86' lang='lat' dir='ltr'>meruerunt.</span> <span class='ocrx_word' id='word_1_195' title='bbox 2287 1714 2403 1767; x_wconf 88' lang='lat' dir='ltr'>Alia</span> <span class='ocrx_word' id='word_1_196' title='bbox 2427 1714 2678 1784; x_wconf 60' lang='lat' dir='ltr'>quaedam</span> <span class='ocrx_word' id='word_1_197' title='bbox 2712 1729 2933 1784; x_wconf 90' lang='lat' dir='ltr'>quoque</span> <span class='ocrx_word' id='word_1_198' title='bbox 2964 1713 3163 1766; x_wconf 82' lang='lat' dir='ltr'>mulier</span> <span class='ocrx_word' id='word_1_199' title='bbox 3184 1713 3351 1766; x_wconf 88' lang='lat' dir='ltr'>unius</span> <span class='ocrx_word' id='word_1_200' title='bbox 3378 1712 3520 1766; x_wconf 90' lang='lat' dir='ltr'>oculi</span> 
     </span>
    </p>
   </div>
   <div class='ocr_carea' id='block_1_31' title="bbox 181 1801 3524 1875">
    <p class='ocr_par' dir='ltr' id='par_1_31' title="bbox 181 1801 3524 1875">
     <span class='ocr_line' id='line_1_31' title="bbox 181 1801 3524 1875; baseline -0.001 -11"><span class='ocrx_word' id='word_1_201' title='bbox 181 1811 301 1864; x_wconf 89' lang='lat' dir='ltr'>simi</span> <span class='ocrx_word' id='word_1_202' title='bbox 334 1815 688 1864; x_wconf 84' lang='lat' dir='ltr'>mererentur</span> <span class='ocrx_word' id='word_1_203' title='bbox 718 1805 786 1860; x_wconf 88' lang='lat' dir='ltr'>ab</span> <span class='ocrx_word' id='word_1_204' title='bbox 824 1805 910 1859; x_wconf 86' lang='lat' dir='ltr'>his</span> <span class='ocrx_word' id='word_1_205' title='bbox 932 1802 1354 1858; x_wconf 74' lang='lat' dir='ltr'>imminentibus</span> <span class='ocrx_word' id='word_1_206' title='bbox 1384 1801 1646 1873; x_wconf 78' lang='lat' dir='ltr'>periculis</span> <span class='ocrx_word' id='word_1_207' title='bbox 1663 1802 1778 1856; x_wconf 79' lang='lat' dir='ltr'>erui</span> <span class='ocrx_word' id='word_1_208' title='bbox 1835 1808 1881 1875; x_wconf 83' lang='grc' dir='ltr'>Β</span> <span class='ocrx_word' id='word_1_209' title='bbox 1904 1809 2079 1862; x_wconf 88' lang='lat' dir='ltr'>visum</span> <span class='ocrx_word' id='word_1_210' title='bbox 2102 1807 2157 1861; x_wconf 91' lang='lat' dir='ltr'>in</span> <span class='ocrx_word' id='word_1_211' title='bbox 2171 1807 2363 1861; x_wconf 87' lang='lat' dir='ltr'>eadem</span> <span class='ocrx_word' id='word_1_212' title='bbox 2387 1808 2552 1861; x_wconf 90' lang='lat' dir='ltr'>domo</span> <span class='ocrx_word' id='word_1_213' title='bbox 2587 1805 2936 1875; x_wconf 82' lang='lat' dir='ltr'>recuperavit.</span> <span class='ocrx_word' id='word_1_214' title='bbox 2960 1806 3242 1859; x_wconf 85' lang='lat' dir='ltr'>amissum.</span> <span class='ocrx_word' id='word_1_215' title='bbox 3269 1807 3524 1868; x_wconf 64' lang='lat' dir='ltr'>Quaedam</span> 
     </span>
    </p>
   </div>
   <div class='ocr_carea' id='block_1_32' title="bbox 184 1892 1805 1965">
    <p class='ocr_par' dir='ltr' id='par_1_32' title="bbox 184 1892 1805 1965">
     <span class='ocr_line' id='line_1_32' title="bbox 184 1892 1805 1965; baseline -0.005 -13"><span class='ocrx_word' id='word_1_216' title='bbox 184 1899 378 1953; x_wconf 78' lang='lat' dir='ltr'>Mirum</span> <span class='ocrx_word' id='word_1_217' title='bbox 421 1897 477 1951; x_wconf 90' lang='lat' dir='ltr'>in</span> <span class='ocrx_word' id='word_1_218' title='bbox 523 1897 747 1951; x_wconf 93' lang='lat' dir='ltr'>modum</span> <span class='ocrx_word' id='word_1_219' title='bbox 784 1894 1158 1965; x_wconf 83' lang='lat' dir='ltr'>perturbatio,</span> <span class='ocrx_word' id='word_1_220' title='bbox 1190 1908 1312 1964; x_wconf 74' lang='lat' dir='ltr'>quae</span> <span class='ocrx_word' id='word_1_221' title='bbox 1334 1901 1596 1947; x_wconf 89' lang='lat' dir='ltr'>terrorem</span> <span class='ocrx_word' id='word_1_222' title='bbox 1622 1892 1805 1945; x_wconf 86' lang='lat' dir='ltr'>incus-</span> 
     </span>
    </p>
   </div>
   <div class='ocr_carea' id='block_1_33' title="bbox 183 1980 1798 2052">
    <p class='ocr_par' dir='ltr' id='par_1_33' title="bbox 183 1980 1798 2052">
     <span class='ocr_line' id='line_1_33' title="bbox 183 1980 1798 2052; baseline -0.005 -11"><span class='ocrx_word' id='word_1_223' title='bbox 183 1996 342 2052; x_wconf 81' lang='lat' dir='ltr'>serat,</span> <span class='ocrx_word' id='word_1_224' title='bbox 378 1984 682 2049; x_wconf 90' lang='lat' dir='ltr'>immutari,</span> <span class='ocrx_word' id='word_1_225' title='bbox 718 1982 947 2037; x_wconf 90' lang='lat' dir='ltr'>nubium</span> <span class='ocrx_word' id='word_1_226' title='bbox 978 1995 1256 2036; x_wconf 89' lang='lat' dir='ltr'>rarescere</span> <span class='ocrx_word' id='word_1_227' title='bbox 1304 1981 1363 2052; x_wconf 78' lang='grc' dir='ltr'>[ε.</span> <span class='ocrx_word' id='word_1_228' title='bbox 1403 1982 1441 2035; x_wconf 81' lang='lat' dir='ltr'>i.</span> <span class='ocrx_word' id='word_1_229' title='bbox 1476 1980 1798 2050; x_wconf 78' lang='lat' dir='ltr'>clarescere]</span> 
     </span>
    </p>
   </div>
   <div class='ocr_carea' id='block_1_34' title="bbox 185 2069 1799 2146">
    <p class='ocr_par' dir='ltr' id='par_1_34' title="bbox 185 2069 1799 2146">
     <span class='ocr_line' id='line_1_34' title="bbox 185 2069 1799 2146; baseline -0.006 -15"><span class='ocrx_word' id='word_1_230' title='bbox 185 2076 574 2136; x_wconf 88' lang='lat' dir='ltr'>tenebrositas,</span> <span class='ocrx_word' id='word_1_231' title='bbox 647 2088 864 2127; x_wconf 89' lang='lat' dir='ltr'>cessare</span> <span class='ocrx_word' id='word_1_232' title='bbox 939 2070 1177 2146; x_wconf 80' lang='lat' dir='ltr'>fulgura,</span> <span class='ocrx_word' id='word_1_233' title='bbox 1236 2070 1478 2144; x_wconf 90' lang='lat' dir='ltr'>mitigari</span> <span class='ocrx_word' id='word_1_234' title='bbox 1540 2069 1799 2134; x_wconf 91' lang='lat' dir='ltr'>tonitrua,</span> 
     </span>
    </p>
   </div>
   <div class='ocr_carea' id='block_1_35' title="bbox 187 2161 1800 2236">
    <p class='ocr_par' dir='ltr' id='par_1_35' title="bbox 187 2161 1800 2236">
     <span class='ocr_line' id='line_1_35' title="bbox 187 2161 1800 2236; baseline -0.006 -16"><span class='ocrx_word' id='word_1_235' title='bbox 187 2174 494 2236; x_wconf 87' lang='lat' dir='ltr'>cunctaque</span> <span class='ocrx_word' id='word_1_236' title='bbox 522 2164 702 2220; x_wconf 89' lang='lat' dir='ltr'>sedari</span> <span class='ocrx_word' id='word_1_237' title='bbox 726 2163 894 2235; x_wconf 87' lang='lat' dir='ltr'>coepit</span> <span class='ocrx_word' id='word_1_238' title='bbox 913 2178 977 2217; x_wconf 90' lang='lat' dir='ltr'>ac</span> <span class='ocrx_word' id='word_1_239' title='bbox 1016 2161 1269 2232; x_wconf 88' lang='lat' dir='ltr'>dissipari</span> <span class='ocrx_word' id='word_1_240' title='bbox 1296 2166 1613 2229; x_wconf 85' lang='lat' dir='ltr'>tempestas,</span> <span class='ocrx_word' id='word_1_241' title='bbox 1649 2170 1707 2212; x_wconf 91' lang='lat' dir='ltr'>et</span> <span class='ocrx_word' id='word_1_242' title='bbox 1735 2174 1800 2212; x_wconf 87' lang='lat' dir='ltr'>ex</span> 
     </span>
    </p>
   </div>
   <div class='ocr_carea' id='block_1_36' title="bbox 187 2251 1797 2325">
    <p class='ocr_par' dir='ltr' id='par_1_36' title="bbox 187 2251 1797 2325">
     <span class='ocr_line' id='line_1_36' title="bbox 187 2251 1797 2325; baseline -0.001 -15"><span class='ocrx_word' id='word_1_243' title='bbox 187 2258 316 2312; x_wconf 85' lang='lat' dir='ltr'>truci</span> <span class='ocrx_word' id='word_1_244' title='bbox 367 2273 640 2312; x_wconf 86' lang='lat' dir='ltr'>conversa</span> <span class='ocrx_word' id='word_1_245' title='bbox 693 2257 750 2309; x_wconf 91' lang='lat' dir='ltr'>in</span> <span class='ocrx_word' id='word_1_246' title='bbox 790 2254 1164 2325; x_wconf 87' lang='lat' dir='ltr'>exoptabilem</span> <span class='ocrx_word' id='word_1_247' title='bbox 1214 2253 1455 2324; x_wconf 85' lang='lat' dir='ltr'>pluviam</span> <span class='ocrx_word' id='word_1_248' title='bbox 1503 2251 1797 2323; x_wconf 83' lang='lat' dir='ltr'>grandine.</span> 
     </span>
    </p>
   </div>
   <div class='ocr_carea' id='block_1_37' title="bbox 189 2341 1802 2415">
    <p class='ocr_par' dir='ltr' id='par_1_37' title="bbox 189 2341 1802 2415">
     <span class='ocr_line' id='line_1_37' title="bbox 189 2341 1802 2415; baseline -0.003 -17"><span class='ocrx_word' id='word_1_249' title='bbox 189 2345 391 2399; x_wconf 88' lang='lat' dir='ltr'>telluris</span> <span class='ocrx_word' id='word_1_250' title='bbox 435 2344 681 2398; x_wconf 91' lang='lat' dir='ltr'>ubertim</span> <span class='ocrx_word' id='word_1_251' title='bbox 712 2341 1056 2415; x_wconf 84' lang='lat' dir='ltr'>superficies,</span> <span class='ocrx_word' id='word_1_252' title='bbox 1090 2359 1213 2414; x_wconf 66' lang='lat' dir='ltr'>quae</span> <span class='ocrx_word' id='word_1_253' title='bbox 1260 2341 1431 2396; x_wconf 92' lang='lat' dir='ltr'>nimio</span> <span class='ocrx_word' id='word_1_254' title='bbox 1462 2341 1594 2395; x_wconf 89' lang='lat' dir='ltr'>solis</span> <span class='ocrx_word' id='word_1_255' title='bbox 1610 2350 1802 2395; x_wconf 79' lang='lat' dir='ltr'>exusta</span> 
     </span>
    </p>
   </div>
   <div class='ocr_carea' id='block_1_38' title="bbox 188 2432 1805 2505">
    <p class='ocr_par' dir='ltr' id='par_1_38' title="bbox 188 2432 1805 2505">
     <span class='ocr_line' id='line_1_38' title="bbox 188 2432 1805 2505; baseline -0.001 -17"><span class='ocrx_word' id='word_1_256' title='bbox 188 2436 425 2490; x_wconf 83' lang='lat' dir='ltr'>fervebat</span> <span class='ocrx_word' id='word_1_257' title='bbox 454 2435 681 2502; x_wconf 89' lang='lat' dir='ltr'>ardore,</span> <span class='ocrx_word' id='word_1_258' title='bbox 714 2435 937 2505; x_wconf 83' lang='lat' dir='ltr'>perfusa</span> <span class='ocrx_word' id='word_1_259' title='bbox 962 2434 1211 2489; x_wconf 90' lang='lat' dir='ltr'>secundo</span> <span class='ocrx_word' id='word_1_260' title='bbox 1242 2432 1543 2488; x_wconf 85' lang='lat' dir='ltr'>salubriter</span> <span class='ocrx_word' id='word_1_261' title='bbox 1590 2433 1805 2487; x_wconf 82' lang='lat' dir='ltr'>refove-</span> 
     </span>
    </p>
   </div>
   <div class='ocr_carea' id='block_1_39' title="bbox 194 2521 1806 2597">
    <p class='ocr_par' dir='ltr' id='par_1_39' title="bbox 194 2521 1806 2597">
     <span class='ocr_line' id='line_1_39' title="bbox 194 2521 1806 2597; baseline -0.002 -20"><span class='ocrx_word' id='word_1_262' title='bbox 194 2526 539 2580; x_wconf 89' lang='lat' dir='ltr'>turhumore.</span> <span class='ocrx_word' id='word_1_263' title='bbox 589 2524 791 2595; x_wconf 90' lang='lat' dir='ltr'>Sicque</span> <span class='ocrx_word' id='word_1_264' title='bbox 832 2522 1122 2579; x_wconf 83' lang='lat' dir='ltr'>manifeste</span> <span class='ocrx_word' id='word_1_265' title='bbox 1186 2523 1438 2597; x_wconf 89' lang='lat' dir='ltr'>dignosci</span> <span class='ocrx_word' id='word_1_266' title='bbox 1468 2522 1628 2576; x_wconf 90' lang='lat' dir='ltr'>datur</span> <span class='ocrx_word' id='word_1_267' title='bbox 1662 2521 1806 2575; x_wconf 87' lang='lat' dir='ltr'>indi-</span> 
     </span>
    </p>
   </div>
   <div class='ocr_carea' id='block_1_40' title="bbox 192 2613 1805 2687">
    <p class='ocr_par' dir='ltr' id='par_1_40' title="bbox 192 2613 1805 2687">
     <span class='ocr_line' id='line_1_40' title="bbox 192 2613 1805 2687; baseline -0.001 -18"><span class='ocrx_word' id='word_1_268' title='bbox 192 2616 459 2687; x_wconf 83' lang='lat' dir='ltr'>gnationis</span> <span class='ocrx_word' id='word_1_269' title='bbox 505 2616 576 2669; x_wconf 90' lang='lat' dir='ltr'>ad</span> <span class='ocrx_word' id='word_1_270' title='bbox 604 2616 794 2671; x_wconf 91' lang='lat' dir='ltr'>horam</span> <span class='ocrx_word' id='word_1_271' title='bbox 847 2616 1125 2670; x_wconf 86' lang='lat' dir='ltr'>concitata</span> <span class='ocrx_word' id='word_1_272' title='bbox 1154 2613 1444 2684; x_wconf 87' lang='lat' dir='ltr'>permotio,</span> <span class='ocrx_word' id='word_1_273' title='bbox 1478 2614 1670 2669; x_wconf 89' lang='lat' dir='ltr'>salutis</span> <span class='ocrx_word' id='word_1_274' title='bbox 1700 2615 1805 2668; x_wconf 88' lang='lat' dir='ltr'>im-</span> 
     </span>
    </p>
   </div>
   <div class='ocr_carea' id='block_1_41' title="bbox 195 2702 1803 2777">
    <p class='ocr_par' dir='ltr' id='par_1_41' title="bbox 195 2702 1803 2777">
     <span class='ocr_line' id='line_1_41' title="bbox 195 2702 1803 2777; baseline 0 -20"><span class='ocrx_word' id='word_1_275' title='bbox 195 2712 387 2760; x_wconf 90' lang='lat' dir='ltr'>mutata</span> <span class='ocrx_word' id='word_1_276' title='bbox 430 2705 711 2760; x_wconf 89' lang='lat' dir='ltr'>subsidio.</span> <span class='ocrx_word' id='word_1_277' title='bbox 747 2705 993 2777; x_wconf 90' lang='lat' dir='ltr'>Denique</span> <span class='ocrx_word' id='word_1_278' title='bbox 1022 2702 1410 2775; x_wconf 87' lang='lat' dir='ltr'>benignissimi</span> <span class='ocrx_word' id='word_1_279' title='bbox 1440 2703 1609 2774; x_wconf 89' lang='lat' dir='ltr'>patris</span> <span class='ocrx_word' id='word_1_280' title='bbox 1640 2703 1803 2772; x_wconf 85' lang='lat' dir='ltr'>hujus</span> 
     </span>
    </p>
   </div>
   <div class='ocr_carea' id='block_1_42' title="bbox 193 2795 1802 2866">
    <p class='ocr_par' dir='ltr' id='par_1_42' title="bbox 193 2795 1802 2866">
     <span class='ocr_line' id='line_1_42' title="bbox 193 2795 1802 2866; baseline 0.002 -18"><span class='ocrx_word' id='word_1_281' title='bbox 193 2796 376 2852; x_wconf 75' lang='lat' dir='ltr'>solatio</span> <span class='ocrx_word' id='word_1_282' title='bbox 425 2796 602 2852; x_wconf 88' lang='lat' dir='ltr'>totius</span> <span class='ocrx_word' id='word_1_283' title='bbox 663 2796 796 2851; x_wconf 66' lang='lat' dir='ltr'>dirze</span> <span class='ocrx_word' id='word_1_284' title='bbox 846 2796 1020 2866; x_wconf 89' lang='lat' dir='ltr'>pestis</span> <span class='ocrx_word' id='word_1_285' title='bbox 1075 2796 1277 2851; x_wconf 90' lang='lat' dir='ltr'>nostris</span> <span class='ocrx_word' id='word_1_286' title='bbox 1330 2795 1551 2850; x_wconf 90' lang='lat' dir='ltr'>videtur</span> <span class='ocrx_word' id='word_1_287' title='bbox 1596 2796 1802 2852; x_wconf 83' lang='lat' dir='ltr'>finibus</span> 
     </span>
    </p>
   </div>
   <div class='ocr_carea' id='block_1_43' title="bbox 194 2887 1801 2960">
    <p class='ocr_par' dir='ltr' id='par_1_43' title="bbox 194 2887 1801 2960">
     <span class='ocr_line' id='line_1_43' title="bbox 194 2887 1801 2960; baseline 0.002 -19"><span class='ocrx_word' id='word_1_288' title='bbox 194 2888 461 2944; x_wconf 87' lang='lat' dir='ltr'>eliminata</span> <span class='ocrx_word' id='word_1_289' title='bbox 493 2889 800 2960; x_wconf 87' lang='lat' dir='ltr'>corruptio.</span> <span class='ocrx_word' id='word_1_290' title='bbox 848 2888 1094 2943; x_wconf 89' lang='lat' dir='ltr'>Salubris</span> <span class='ocrx_word' id='word_1_291' title='bbox 1131 2904 1244 2953; x_wconf 87' lang='lat' dir='ltr'>aer,</span> <span class='ocrx_word' id='word_1_292' title='bbox 1274 2887 1459 2959; x_wconf 89' lang='lat' dir='ltr'>pluvia</span> <span class='ocrx_word' id='word_1_293' title='bbox 1504 2889 1630 2943; x_wconf 77' lang='lat' dir='ltr'>data</span> <span class='ocrx_word' id='word_1_294' title='bbox 1665 2905 1801 2944; x_wconf 86' lang='lat' dir='ltr'>con-</span> 
     </span>
    </p>
   </div>
   <div class='ocr_carea' id='block_1_44' title="bbox 193 2978 1798 3053">
    <p class='ocr_par' dir='ltr' id='par_1_44' title="bbox 193 2978 1798 3053">
     <span class='ocr_line' id='line_1_44' title="bbox 193 2978 1798 3053; baseline 0.002 -23"><span class='ocrx_word' id='word_1_295' title='bbox 193 2994 404 3049; x_wconf 89' lang='lat' dir='ltr'>gruens,</span> <span class='ocrx_word' id='word_1_296' title='bbox 426 2980 601 3034; x_wconf 90' lang='lat' dir='ltr'>timor</span> <span class='ocrx_word' id='word_1_297' title='bbox 629 2979 794 3034; x_wconf 91' lang='lat' dir='ltr'>etiam</span> <span class='ocrx_word' id='word_1_298' title='bbox 825 2978 919 3051; x_wconf 91' lang='lat' dir='ltr'>qui</span> <span class='ocrx_word' id='word_1_299' title='bbox 952 2995 1184 3053; x_wconf 90' lang='lat' dir='ltr'>regnum</span> <span class='ocrx_word' id='word_1_300' title='bbox 1218 2985 1532 3049; x_wconf 88' lang='lat' dir='ltr'>pervaserat</span> <span class='ocrx_word' id='word_1_301' title='bbox 1562 2978 1798 3047; x_wconf 87' lang='lat' dir='ltr'>hostilis,</span> 
     </span>
    </p>
   </div>
   <div class='ocr_carea' id='block_1_45' title="bbox 198 3070 1805 3144">
    <p class='ocr_par' dir='ltr' id='par_1_45' title="bbox 198 3070 1805 3144">
     <span class='ocr_line' id='line_1_45' title="bbox 198 3070 1805 3144; baseline 0.002 -22"><span class='ocrx_word' id='word_1_302' title='bbox 198 3070 243 3123; x_wconf 91' lang='lat' dir='ltr'>in</span> <span class='ocrx_word' id='word_1_303' title='bbox 264 3087 411 3141; x_wconf 78' lang='lat' dir='ltr'>spem</span> <span class='ocrx_word' id='word_1_304' title='bbox 455 3070 725 3142; x_wconf 90' lang='lat' dir='ltr'>paulatim</span> <span class='ocrx_word' id='word_1_305' title='bbox 764 3072 1077 3127; x_wconf 70' lang='lat' dir='ltr'>Securitatis</span> <span class='ocrx_word' id='word_1_306' title='bbox 1119 3071 1514 3144; x_wconf 88' lang='lat' dir='ltr'>tranquillitate</span> <span class='ocrx_word' id='word_1_307' title='bbox 1571 3072 1805 3127; x_wconf 85' lang='lat' dir='ltr'>vertitur</span> 
     </span>
    </p>
   </div>
   <div class='ocr_carea' id='block_1_46' title="bbox 197 3162 353 3230">
    <p class='ocr_par' dir='ltr' id='par_1_46' title="bbox 197 3162 353 3230">
     <span class='ocr_line' id='line_1_46' title="bbox 197 3162 353 3230; baseline 0 -16"><span class='ocrx_word' id='word_1_308' title='bbox 197 3162 353 3230; x_wconf 87' lang='lat' dir='ltr'>pacis.</span> 
     </span>
    </p>
   </div>
   <div class='ocr_carea' id='block_1_47' title="bbox 262 3253 1805 3327">
    <p class='ocr_par' dir='ltr' id='par_1_47' title="bbox 262 3253 1805 3327">
     <span class='ocr_line' id='line_1_47' title="bbox 262 3253 1805 3327; baseline 0.003 -21"><span class='ocrx_word' id='word_1_309' title='bbox 262 3253 362 3308; x_wconf 88' lang='lat' dir='ltr'>Hac</span> <span class='ocrx_word' id='word_1_310' title='bbox 382 3254 584 3308; x_wconf 84' lang='lat' dir='ltr'>eadem</span> <span class='ocrx_word' id='word_1_311' title='bbox 634 3253 859 3325; x_wconf 75' lang='lat' dir='ltr'>praefata</span> <span class='ocrx_word' id='word_1_312' title='bbox 903 3254 1116 3311; x_wconf 82' lang='lat' dir='ltr'>scilicet</span> <span class='ocrx_word' id='word_1_313' title='bbox 1144 3255 1407 3311; x_wconf 90' lang='lat' dir='ltr'>illationis</span> <span class='ocrx_word' id='word_1_314' title='bbox 1427 3256 1568 3311; x_wconf 90' lang='lat' dir='ltr'>sacri</span> <span class='ocrx_word' id='word_1_315' title='bbox 1604 3272 1805 3327; x_wconf 89' lang='lat' dir='ltr'>corpo-</span> 
     </span>
    </p>
   </div>
   <div class='ocr_carea' id='block_1_48' title="bbox 197 3341 1803 3419">
    <p class='ocr_par' dir='ltr' id='par_1_48' title="bbox 197 3341 1803 3419">
     <span class='ocr_line' id='line_1_48' title="bbox 197 3341 1803 3419; baseline 0.004 -26"><span class='ocrx_word' id='word_1_316' title='bbox 197 3342 331 3395; x_wconf 89' lang='lat' dir='ltr'>rein</span> <span class='ocrx_word' id='word_1_317' title='bbox 361 3342 559 3397; x_wconf 88' lang='lat' dir='ltr'>urbem</span> <span class='ocrx_word' id='word_1_318' title='bbox 611 3341 723 3408; x_wconf 90' lang='lat' dir='ltr'>die,</span> <span class='ocrx_word' id='word_1_319' title='bbox 776 3343 953 3419; x_wconf 86' lang='lat' dir='ltr'>tingui</span> <span class='ocrx_word' id='word_1_320' title='bbox 1012 3344 1362 3411; x_wconf 85' lang='lat' dir='ltr'>fervidajam</span> <span class='ocrx_word' id='word_1_321' title='bbox 1396 3345 1530 3399; x_wconf 90' lang='lat' dir='ltr'>solis</span> <span class='ocrx_word' id='word_1_322' title='bbox 1588 3346 1803 3399; x_wconf 90' lang='lat' dir='ltr'>Oceano</span> 
     </span>
    </p>
   </div>
   <div class='ocr_carea' id='block_1_49' title="bbox 197 3430 1803 3505">
    <p class='ocr_par' dir='ltr' id='par_1_49' title="bbox 197 3430 1803 3505">
     <span class='ocr_line' id='line_1_49' title="bbox 197 3430 1803 3505; baseline 0.003 -24"><span class='ocrx_word' id='word_1_323' title='bbox 197 3437 304 3482; x_wconf 88' lang='lat' dir='ltr'>rota</span> <span class='ocrx_word' id='word_1_324' title='bbox 333 3438 576 3499; x_wconf 88' lang='lat' dir='ltr'>petente,</span> <span class='ocrx_word' id='word_1_325' title='bbox 611 3430 856 3502; x_wconf 88' lang='lat' dir='ltr'>quidam,</span> <span class='ocrx_word' id='word_1_326' title='bbox 889 3432 1113 3486; x_wconf 85' lang='lat' dir='ltr'>Nivolus</span> <span class='ocrx_word' id='word_1_327' title='bbox 1155 3433 1398 3499; x_wconf 91' lang='lat' dir='ltr'>nomine,</span> <span class='ocrx_word' id='word_1_328' title='bbox 1423 3433 1491 3488; x_wconf 88' lang='lat' dir='ltr'>de</span> <span class='ocrx_word' id='word_1_329' title='bbox 1524 3433 1654 3487; x_wconf 85' lang='lat' dir='ltr'>villa</span> <span class='ocrx_word' id='word_1_330' title='bbox 1682 3450 1803 3505; x_wconf 62' lang='lat' dir='ltr'>quae</span> 
     </span>
    </p>
   </div>
   <div class='ocr_carea' id='block_1_50' title="bbox 199 3521 1801 3589">
    <p class='ocr_par' dir='ltr' id='par_1_50' title="bbox 199 3521 1801 3589">
     <span class='ocr_line' id='line_1_50' title="bbox 199 3521 1801 3589; baseline 0.003 -17"><span class='ocrx_word' id='word_1_331' title='bbox 199 3531 408 3575; x_wconf 81' lang='lat' dir='ltr'>vocatur</span> <span class='ocrx_word' id='word_1_332' title='bbox 439 3521 751 3587; x_wconf 89' lang='lat' dir='ltr'>Dominica,</span> <span class='ocrx_word' id='word_1_333' title='bbox 812 3521 1104 3578; x_wconf 83' lang='lat' dir='ltr'>Remorum</span> <span class='ocrx_word' id='word_1_334' title='bbox 1146 3526 1348 3579; x_wconf 90' lang='lat' dir='ltr'>montis</span> <span class='ocrx_word' id='word_1_335' title='bbox 1376 3524 1430 3578; x_wconf 94' lang='lat' dir='ltr'>in</span> <span class='ocrx_word' id='word_1_336' title='bbox 1483 3526 1651 3577; x_wconf 81' lang='lat' dir='ltr'>latere</span> <span class='ocrx_word' id='word_1_337' title='bbox 1678 3523 1801 3589; x_wconf 89' lang='lat' dir='ltr'>sita,</span> 
     </span>
    </p>
   </div>
   <div class='ocr_carea' id='block_1_51' title="bbox 199 3610 1802 3684">
    <p class='ocr_par' dir='ltr' id='par_1_51' title="bbox 199 3610 1802 3684">
     <span class='ocr_line' id='line_1_51' title="bbox 199 3610 1802 3684; baseline 0.004 -24"><span class='ocrx_word' id='word_1_338' title='bbox 199 3610 386 3663; x_wconf 81' lang='lat' dir='ltr'>surdus</span> <span class='ocrx_word' id='word_1_339' title='bbox 412 3618 466 3664; x_wconf 89' lang='lat' dir='ltr'>et</span> <span class='ocrx_word' id='word_1_340' title='bbox 487 3618 700 3678; x_wconf 90' lang='lat' dir='ltr'>mutus,</span> <span class='ocrx_word' id='word_1_341' title='bbox 719 3611 981 3666; x_wconf 87' lang='lat' dir='ltr'>manibus</span> <span class='ocrx_word' id='word_1_342' title='bbox 1037 3629 1258 3684; x_wconf 91' lang='lat' dir='ltr'>quoque</span> <span class='ocrx_word' id='word_1_343' title='bbox 1287 3631 1384 3683; x_wconf 93' lang='lat' dir='ltr'>per</span> <span class='ocrx_word' id='word_1_344' title='bbox 1412 3629 1587 3669; x_wconf 89' lang='lat' dir='ltr'>annos</span> <span class='ocrx_word' id='word_1_345' title='bbox 1606 3628 1802 3667; x_wconf 90' lang='lat' dir='ltr'>novem</span> 
     </span>
    </p>
   </div>
   <div class='ocr_carea' id='block_1_52' title="bbox 200 3695 1803 3773">
    <p class='ocr_par' dir='ltr' id='par_1_52' title="bbox 200 3695 1803 3773">
     <span class='ocr_line' id='line_1_52' title="bbox 200 3695 1803 3773; baseline 0.004 -25"><span class='ocrx_word' id='word_1_346' title='bbox 200 3695 388 3751; x_wconf 87' lang='lat' dir='ltr'>debilis</span> <span class='ocrx_word' id='word_1_347' title='bbox 419 3715 480 3753; x_wconf 88' lang='lat' dir='ltr'>ac</span> <span class='ocrx_word' id='word_1_348' title='bbox 545 3699 802 3768; x_wconf 90' lang='lat' dir='ltr'>pedibus,</span> <span class='ocrx_word' id='word_1_349' title='bbox 856 3701 1233 3772; x_wconf 88' lang='lat' dir='ltr'>qualicunque</span> <span class='ocrx_word' id='word_1_350' title='bbox 1280 3701 1449 3756; x_wconf 89' lang='lat' dir='ltr'>valuit</span> <span class='ocrx_word' id='word_1_351' title='bbox 1500 3719 1595 3773; x_wconf 87' lang='lat' dir='ltr'>per</span> <span class='ocrx_word' id='word_1_352' title='bbox 1636 3709 1803 3756; x_wconf 90' lang='lat' dir='ltr'>totam</span> 
     </span>
    </p>
   </div>
   <div class='ocr_carea' id='block_1_53' title="bbox 200 3784 1804 3865">
    <p class='ocr_par' dir='ltr' id='par_1_53' title="bbox 200 3784 1804 3865">
     <span class='ocr_line' id='line_1_53' title="bbox 200 3784 1804 3865; baseline 0.006 -28"><span class='ocrx_word' id='word_1_353' title='bbox 200 3784 335 3839; x_wconf 86' lang='lat' dir='ltr'>diem</span> <span class='ocrx_word' id='word_1_354' title='bbox 364 3790 678 3855; x_wconf 88' lang='lat' dir='ltr'>conamine,</span> <span class='ocrx_word' id='word_1_355' title='bbox 711 3790 779 3845; x_wconf 91' lang='lat' dir='ltr'>ab</span> <span class='ocrx_word' id='word_1_356' title='bbox 813 3791 990 3863; x_wconf 84' lang='lat' dir='ltr'>ipsius</span> <span class='ocrx_word' id='word_1_357' title='bbox 1018 3793 1297 3865; x_wconf 84' lang='lat' dir='ltr'>surgentis</span> <span class='ocrx_word' id='word_1_358' title='bbox 1340 3810 1550 3848; x_wconf 70' lang='lat' dir='ltr'>aurorae</span> <span class='ocrx_word' id='word_1_359' title='bbox 1576 3791 1804 3854; x_wconf 86' lang='lat' dir='ltr'>lumine,</span> 
     </span>
    </p>
   </div>
   <div class='ocr_carea' id='block_1_54' title="bbox 205 3881 1807 3956">
    <p class='ocr_par' dir='ltr' id='par_1_54' title="bbox 205 3881 1807 3956">
     <span class='ocr_line' id='line_1_54' title="bbox 205 3881 1807 3956; baseline 0.006 -27"><span class='ocrx_word' id='word_1_360' title='bbox 205 3892 294 3945; x_wconf 90' lang='lat' dir='ltr'>per</span> <span class='ocrx_word' id='word_1_361' title='bbox 322 3881 569 3952; x_wconf 90' lang='lat' dir='ltr'>quinque</span> <span class='ocrx_word' id='word_1_362' title='bbox 619 3881 789 3938; x_wconf 88' lang='lat' dir='ltr'>ferme</span> <span class='ocrx_word' id='word_1_363' title='bbox 846 3901 1103 3955; x_wconf 87' lang='lat' dir='ltr'>passuum</span> <span class='ocrx_word' id='word_1_364' title='bbox 1139 3902 1339 3956; x_wconf 84' lang='lat' dir='ltr'>repens</span> <span class='ocrx_word' id='word_1_365' title='bbox 1398 3885 1587 3951; x_wconf 89' lang='lat' dir='ltr'>millia,</span> <span class='ocrx_word' id='word_1_366' title='bbox 1621 3885 1708 3939; x_wconf 86' lang='lat' dir='ltr'>vix</span> <span class='ocrx_word' id='word_1_367' title='bbox 1739 3884 1807 3938; x_wconf 90' lang='lat' dir='ltr'>ad</span> 
     </span>
    </p>
   </div>
   <div class='ocr_carea' id='block_1_55' title="bbox 207 3964 1808 4045">
    <p class='ocr_par' dir='ltr' id='par_1_55' title="bbox 207 3964 1808 4045">
     <span class='ocr_line' id='line_1_55' title="bbox 207 3964 1808 4045; baseline 0.006 -28"><span class='ocrx_word' id='word_1_368' title='bbox 207 3964 367 4034; x_wconf 85' lang='lat' dir='ltr'>ipsius</span> <span class='ocrx_word' id='word_1_369' title='bbox 387 3970 522 4024; x_wconf 72' lang='lat' dir='ltr'>tedis</span> <span class='ocrx_word' id='word_1_370' title='bbox 543 3971 781 4042; x_wconf 89' lang='lat' dir='ltr'>sepulcri</span> <span class='ocrx_word' id='word_1_371' title='bbox 804 3973 1011 4037; x_wconf 87' lang='lat' dir='ltr'>limina,</span> <span class='ocrx_word' id='word_1_372' title='bbox 1046 3991 1154 4045; x_wconf 89' lang='lat' dir='ltr'>qua</span> <span class='ocrx_word' id='word_1_373' title='bbox 1186 3975 1401 4029; x_wconf 89' lang='lat' dir='ltr'>decima</span> <span class='ocrx_word' id='word_1_374' title='bbox 1425 3975 1644 4029; x_wconf 87' lang='lat' dir='ltr'>tandem</span> <span class='ocrx_word' id='word_1_375' title='bbox 1680 3990 1808 4045; x_wconf 89' lang='lat' dir='ltr'>per-</span> 
     </span>
    </p>
   </div>
   <div class='ocr_carea' id='block_1_56' title="bbox 206 4060 1807 4137">
    <p class='ocr_par' dir='ltr' id='par_1_56' title="bbox 206 4060 1807 4137">
     <span class='ocr_line' id='line_1_56' title="bbox 206 4060 1807 4137; baseline 0.007 -28"><span class='ocrx_word' id='word_1_376' title='bbox 206 4060 344 4114; x_wconf 88' lang='lat' dir='ltr'>venit</span> <span class='ocrx_word' id='word_1_377' title='bbox 371 4062 523 4116; x_wconf 84' lang='lat' dir='ltr'>hora.</span> <span class='ocrx_word' id='word_1_378' title='bbox 570 4063 669 4128; x_wconf 86' lang='lat' dir='ltr'>Qui</span> <span class='ocrx_word' id='word_1_379' title='bbox 697 4064 826 4118; x_wconf 91' lang='lat' dir='ltr'>dum</span> <span class='ocrx_word' id='word_1_380' title='bbox 851 4065 1100 4126; x_wconf 87' lang='lat' dir='ltr'>veniens.</span> <span class='ocrx_word' id='word_1_381' title='bbox 1129 4083 1342 4122; x_wconf 89' lang='lat' dir='ltr'>sacrum</span> <span class='ocrx_word' id='word_1_382' title='bbox 1368 4084 1567 4137; x_wconf 90' lang='lat' dir='ltr'>corpus</span> <span class='ocrx_word' id='word_1_383' title='bbox 1600 4066 1807 4120; x_wconf 90' lang='lat' dir='ltr'>ibidem</span> 
     </span>
    </p>
   </div>
   <div class='ocr_carea' id='block_1_57' title="bbox 210 4154 1805 4231">
    <p class='ocr_par' dir='ltr' id='par_1_57' title="bbox 210 4154 1805 4231">
     <span class='ocr_line' id='line_1_57' title="bbox 210 4154 1805 4231; baseline 0.004 -30"><span class='ocrx_word' id='word_1_384' title='bbox 210 4165 307 4203; x_wconf 93' lang='lat' dir='ltr'>non</span> <span class='ocrx_word' id='word_1_385' title='bbox 338 4154 531 4211; x_wconf 87' lang='lat' dir='ltr'>adesse</span> <span class='ocrx_word' id='word_1_386' title='bbox 561 4157 943 4228; x_wconf 87' lang='lat' dir='ltr'>comperisset,</span> <span class='ocrx_word' id='word_1_387' title='bbox 1005 4159 1306 4231; x_wconf 88' lang='lat' dir='ltr'>templique</span> <span class='ocrx_word' id='word_1_388' title='bbox 1340 4159 1484 4213; x_wconf 91' lang='lat' dir='ltr'>fores</span> <span class='ocrx_word' id='word_1_389' title='bbox 1509 4157 1649 4213; x_wconf 88' lang='lat' dir='ltr'>seris</span> <span class='ocrx_word' id='word_1_390' title='bbox 1672 4156 1805 4209; x_wconf 91' lang='lat' dir='ltr'>dili-</span> 
     </span>
    </p>
   </div>
   <div class='ocr_carea' id='block_1_58' title="bbox 210 4245 1804 4319">
    <p class='ocr_par' dir='ltr' id='par_1_58' title="bbox 210 4245 1804 4319">
     <span class='ocr_line' id='line_1_58' title="bbox 210 4245 1804 4319; baseline 0.005 -26"><span class='ocrx_word' id='word_1_391' title='bbox 210 4252 395 4308; x_wconf 67' lang='lat' dir='ltr'>genter</span> <span class='ocrx_word' id='word_1_392' title='bbox 423 4245 731 4301; x_wconf 80' lang='lat' dir='ltr'>obfirmatis</span> <span class='ocrx_word' id='word_1_393' title='bbox 752 4247 966 4302; x_wconf 90' lang='lat' dir='ltr'>clausas</span> <span class='ocrx_word' id='word_1_394' title='bbox 989 4249 1341 4319; x_wconf 88' lang='lat' dir='ltr'>perspiceret,</span> <span class='ocrx_word' id='word_1_395' title='bbox 1373 4249 1579 4303; x_wconf 89' lang='lat' dir='ltr'>cadens</span> <span class='ocrx_word' id='word_1_396' title='bbox 1622 4248 1677 4301; x_wconf 92' lang='lat' dir='ltr'>in</span> <span class='ocrx_word' id='word_1_397' title='bbox 1719 4248 1804 4301; x_wconf 90' lang='lat' dir='ltr'>fa-</span> 
     </span>
    </p>
   </div>
   <div class='ocr_carea' id='block_1_59' title="bbox 212 4330 1809 4410">
    <p class='ocr_par' dir='ltr' id='par_1_59' title="bbox 212 4330 1809 4410">
     <span class='ocr_line' id='line_1_59' title="bbox 212 4330 1809 4410; baseline 0.006 -27"><span class='ocrx_word' id='word_1_398' title='bbox 212 4330 342 4386; x_wconf 90' lang='lat' dir='ltr'>ciem</span> <span class='ocrx_word' id='word_1_399' title='bbox 364 4352 533 4406; x_wconf 86' lang='lat' dir='ltr'>super</span> <span class='ocrx_word' id='word_1_400' title='bbox 586 4344 809 4403; x_wconf 85' lang='lat' dir='ltr'>terram,</span> <span class='ocrx_word' id='word_1_401' title='bbox 840 4338 1077 4409; x_wconf 88' lang='lat' dir='ltr'>quadam</span> <span class='ocrx_word' id='word_1_402' title='bbox 1130 4338 1809 4410; x_wconf 61' lang='lat' dir='ltr'>praesumptionisimpor-</span> 
     </span>
    </p>
   </div>
   <div class='ocr_carea' id='block_1_60' title="bbox 214 4427 1811 4503">
    <p class='ocr_par' dir='ltr' id='par_1_60' title="bbox 214 4427 1811 4503">
     <span class='ocr_line' id='line_1_60' title="bbox 214 4427 1811 4503; baseline 0.006 -25"><span class='ocrx_word' id='word_1_403' title='bbox 214 4427 449 4495; x_wconf 89' lang='lat' dir='ltr'>tunitate,</span> <span class='ocrx_word' id='word_1_404' title='bbox 478 4432 785 4488; x_wconf 85' lang='lat' dir='ltr'>sanctitatis</span> <span class='ocrx_word' id='word_1_405' title='bbox 799 4448 964 4487; x_wconf 88' lang='lat' dir='ltr'>aures</span> <span class='ocrx_word' id='word_1_406' title='bbox 1003 4431 1348 4487; x_wconf 88' lang='lat' dir='ltr'>clandestino</span> <span class='ocrx_word' id='word_1_407' title='bbox 1379 4432 1548 4503; x_wconf 62' lang='lat' dir='ltr'>coepit</span> <span class='ocrx_word' id='word_1_408' title='bbox 1573 4433 1811 4488; x_wconf 84' lang='lat' dir='ltr'>clamore</span> 
     </span>
    </p>
   </div>
   <div class='ocr_carea' id='block_1_61' title="bbox 1826 3134 1874 3200">
    <p class='ocr_par' dir='ltr' id='par_1_61' title="bbox 1826 3134 1874 3200">
     <span class='ocr_line' id='line_1_61' title="bbox 1826 3134 1874 3200; baseline 0 0"><span class='ocrx_word' id='word_1_409' title='bbox 1826 3134 1874 3200; x_wconf 86' lang='lat' dir='ltr'>C</span> 
     </span>
    </p>
   </div>
   <div class='ocr_carea' id='block_1_62' title="bbox 1906 1894 3524 1967">
    <p class='ocr_par' dir='ltr' id='par_1_62' title="bbox 1906 1894 3524 1967">
     <span class='ocr_line' id='line_1_62' title="bbox 1906 1894 3524 1967; baseline -0.001 -18"><span class='ocrx_word' id='word_1_410' title='bbox 1906 1904 2173 1967; x_wconf 66' lang='lat' dir='ltr'>praeterea</span> <span class='ocrx_word' id='word_1_411' title='bbox 2215 1895 2416 1964; x_wconf 88' lang='lat' dir='ltr'>puella,</span> <span class='ocrx_word' id='word_1_412' title='bbox 2449 1894 2781 1965; x_wconf 84' lang='lat' dir='ltr'>cognomine</span> <span class='ocrx_word' id='word_1_413' title='bbox 2814 1894 3118 1967; x_wconf 82' lang='lat' dir='ltr'>Flotgildis,</span> <span class='ocrx_word' id='word_1_414' title='bbox 3150 1912 3213 1948; x_wconf 85' lang='lat' dir='ltr'>ex</span> <span class='ocrx_word' id='word_1_415' title='bbox 3246 1895 3370 1947; x_wconf 83' lang='lat' dir='ltr'>villa</span> <span class='ocrx_word' id='word_1_416' title='bbox 3401 1911 3524 1964; x_wconf 71' lang='lat' dir='ltr'>quze</span> 
     </span>
    </p>
   </div>
   <div class='ocr_carea' id='block_1_63' title="bbox 1906 1982 3529 2052">
    <p class='ocr_par' dir='ltr' id='par_1_63' title="bbox 1906 1982 3529 2052">
     <span class='ocr_line' id='line_1_63' title="bbox 1906 1982 3529 2052; baseline -0.002 -13"><span class='ocrx_word' id='word_1_417' title='bbox 1906 1996 2130 2039; x_wconf 77' lang='lat' dir='ltr'>vocatur</span> <span class='ocrx_word' id='word_1_418' title='bbox 2157 1984 2408 2037; x_wconf 84' lang='lat' dir='ltr'>Cancella</span> <span class='ocrx_word' id='word_1_419' title='bbox 2434 1999 2594 2037; x_wconf 90' lang='lat' dir='ltr'>secus</span> <span class='ocrx_word' id='word_1_420' title='bbox 2617 1982 2832 2037; x_wconf 87' lang='lat' dir='ltr'>Libram</span> <span class='ocrx_word' id='word_1_421' title='bbox 2859 1984 3095 2037; x_wconf 88' lang='lat' dir='ltr'>rivulum</span> <span class='ocrx_word' id='word_1_422' title='bbox 3124 1983 3248 2045; x_wconf 85' lang='lat' dir='ltr'>sita,</span> <span class='ocrx_word' id='word_1_423' title='bbox 3292 1993 3529 2052; x_wconf 90' lang='lat' dir='ltr'>quatuor</span> 
     </span>
    </p>
   </div>
   <div class='ocr_carea' id='block_1_64' title="bbox 1905 2072 3524 2145">
    <p class='ocr_par' dir='ltr' id='par_1_64' title="bbox 1905 2072 3524 2145">
     <span class='ocr_line' id='line_1_64' title="bbox 1905 2072 3524 2145; baseline 0.001 -20"><span class='ocrx_word' id='word_1_424' title='bbox 1905 2072 2126 2126; x_wconf 89' lang='lat' dir='ltr'>circiter</span> <span class='ocrx_word' id='word_1_425' title='bbox 2168 2073 2346 2126; x_wconf 61' lang='lat' dir='ltr'>{etatis</span> <span class='ocrx_word' id='word_1_426' title='bbox 2395 2089 2569 2127; x_wconf 91' lang='lat' dir='ltr'>annos</span> <span class='ocrx_word' id='word_1_427' title='bbox 2632 2088 2853 2145; x_wconf 89' lang='lat' dir='ltr'>gerens,</span> <span class='ocrx_word' id='word_1_428' title='bbox 2891 2072 3215 2126; x_wconf 88' lang='lat' dir='ltr'>lubricando</span> <span class='ocrx_word' id='word_1_429' title='bbox 3249 2074 3524 2142; x_wconf 86' lang='lat' dir='ltr'>prolapsa,</span> 
     </span>
    </p>
   </div>
   <div class='ocr_carea' id='block_1_65' title="bbox 1904 2161 3519 2235">
    <p class='ocr_par' dir='ltr' id='par_1_65' title="bbox 1904 2161 3519 2235">
     <span class='ocr_line' id='line_1_65' title="bbox 1904 2161 3519 2235; baseline 0 -20"><span class='ocrx_word' id='word_1_430' title='bbox 1904 2168 2196 2231; x_wconf 84' lang='lat' dir='ltr'>utrumque</span> <span class='ocrx_word' id='word_1_431' title='bbox 2238 2162 2345 2215; x_wconf 90' lang='lat' dir='ltr'>sibi</span> <span class='ocrx_word' id='word_1_432' title='bbox 2387 2178 2531 2235; x_wconf 90' lang='lat' dir='ltr'>genu</span> <span class='ocrx_word' id='word_1_433' title='bbox 2560 2162 2945 2216; x_wconf 89' lang='lat' dir='ltr'>debilitaverat</span> <span class='ocrx_word' id='word_1_434' title='bbox 2980 2180 2992 2215; x_wconf 88' lang='lat'><strong>:</strong></span> <span class='ocrx_word' id='word_1_435' title='bbox 3030 2162 3103 2215; x_wconf 85' lang='lat' dir='ltr'>ita</span> <span class='ocrx_word' id='word_1_436' title='bbox 3134 2161 3329 2215; x_wconf 90' lang='lat' dir='ltr'>clauda</span> <span class='ocrx_word' id='word_1_437' title='bbox 3360 2161 3519 2227; x_wconf 87' lang='lat' dir='ltr'>facta,</span> 
     </span>
    </p>
   </div>
   <div class='ocr_carea' id='block_1_66' title="bbox 1904 2248 3524 2325">
    <p class='ocr_par' dir='ltr' id='par_1_66' title="bbox 1904 2248 3524 2325">
     <span class='ocr_line' id='line_1_66' title="bbox 1904 2248 3524 2325; baseline 0.001 -23"><span class='ocrx_word' id='word_1_438' title='bbox 1904 2257 1962 2303; x_wconf 93' lang='lat' dir='ltr'>ut</span> <span class='ocrx_word' id='word_1_439' title='bbox 1988 2250 2216 2304; x_wconf 90' lang='lat' dir='ltr'>omnino</span> <span class='ocrx_word' id='word_1_440' title='bbox 2247 2266 2349 2304; x_wconf 87' lang='lat' dir='ltr'>nec</span> <span class='ocrx_word' id='word_1_441' title='bbox 2406 2267 2657 2323; x_wconf 83' lang='lat' dir='ltr'>gressum</span> <span class='ocrx_word' id='word_1_442' title='bbox 2686 2248 2875 2325; x_wconf 81' lang='lat' dir='ltr'>ﬁgere,</span> <span class='ocrx_word' id='word_1_443' title='bbox 2921 2266 3023 2304; x_wconf 91' lang='lat' dir='ltr'>nec</span> <span class='ocrx_word' id='word_1_444' title='bbox 3052 2250 3289 2321; x_wconf 85' lang='lat' dir='ltr'>pedibus</span> <span class='ocrx_word' id='word_1_445' title='bbox 3321 2253 3524 2304; x_wconf 83' lang='lat' dir='ltr'>valeret</span> 
     </span>
    </p>
   </div>
   <div class='ocr_carea' id='block_1_67' title="bbox 1904 2341 3521 2414">
    <p class='ocr_par' dir='ltr' id='par_1_67' title="bbox 1904 2341 3521 2414">
     <span class='ocr_line' id='line_1_67' title="bbox 1904 2341 3521 2414; baseline 0.001 -20"><span class='ocrx_word' id='word_1_446' title='bbox 1904 2341 2180 2397; x_wconf 91' lang='lat' dir='ltr'>insistere.</span> <span class='ocrx_word' id='word_1_447' title='bbox 2214 2346 2382 2407; x_wconf 88' lang='lat' dir='ltr'>Quam</span> <span class='ocrx_word' id='word_1_448' title='bbox 2405 2352 2661 2413; x_wconf 87' lang='lat' dir='ltr'>parentes</span> <span class='ocrx_word' id='word_1_449' title='bbox 2684 2343 2827 2410; x_wconf 88' lang='lat' dir='ltr'>ejus,</span> <span class='ocrx_word' id='word_1_450' title='bbox 2853 2343 3103 2414; x_wconf 87' lang='lat' dir='ltr'>quamvis</span> <span class='ocrx_word' id='word_1_451' title='bbox 3126 2359 3421 2413; x_wconf 83' lang='lat' dir='ltr'>pauperes,</span> <span class='ocrx_word' id='word_1_452' title='bbox 3452 2342 3521 2395; x_wconf 90' lang='lat' dir='ltr'>de</span> 
     </span>
    </p>
   </div>
   <div class='ocr_carea' id='block_1_68' title="bbox 1905 2435 3523 2505">
    <p class='ocr_par' dir='ltr' id='par_1_68' title="bbox 1905 2435 3523 2505">
     <span class='ocr_line' id='line_1_68' title="bbox 1905 2435 3523 2505; baseline 0 -17"><span class='ocrx_word' id='word_1_453' title='bbox 1905 2435 2170 2504; x_wconf 88' lang='lat' dir='ltr'>sospitate</span> <span class='ocrx_word' id='word_1_454' title='bbox 2197 2443 2379 2491; x_wconf 89' lang='lat' dir='ltr'>tamen</span> <span class='ocrx_word' id='word_1_455' title='bbox 2414 2436 2591 2505; x_wconf 89' lang='lat' dir='ltr'>ipsius</span> <span class='ocrx_word' id='word_1_456' title='bbox 2620 2436 2861 2501; x_wconf 89' lang='lat' dir='ltr'>solliciti,</span> <span class='ocrx_word' id='word_1_457' title='bbox 2909 2451 3005 2505; x_wconf 90' lang='lat' dir='ltr'>per</span> <span class='ocrx_word' id='word_1_458' title='bbox 3027 2436 3274 2490; x_wconf 87' lang='lat' dir='ltr'>diversas</span> <span class='ocrx_word' id='word_1_459' title='bbox 3304 2436 3523 2489; x_wconf 82' lang='lat' dir='ltr'>deferre</span> 
     </span>
    </p>
   </div>
   <div class='ocr_carea' id='block_1_69' title="bbox 1907 2528 3525 2598">
    <p class='ocr_par' dir='ltr' id='par_1_69' title="bbox 1907 2528 3525 2598">
     <span class='ocr_line' id='line_1_69' title="bbox 1907 2528 3525 2598; baseline 0.001 -18"><span class='ocrx_word' id='word_1_460' title='bbox 1907 2536 2220 2583; x_wconf 89' lang='lat' dir='ltr'>sanctorum</span> <span class='ocrx_word' id='word_1_461' title='bbox 2253 2537 2581 2584; x_wconf 90' lang='lat' dir='ltr'>curaverunt</span> <span class='ocrx_word' id='word_1_462' title='bbox 2637 2529 2918 2582; x_wconf 88' lang='lat' dir='ltr'>ecclesias.</span> <span class='ocrx_word' id='word_1_463' title='bbox 2971 2530 3063 2582; x_wconf 76' lang='lat' dir='ltr'>Ast</span> <span class='ocrx_word' id='word_1_464' title='bbox 3116 2528 3211 2581; x_wconf 91' lang='lat' dir='ltr'>ubi</span> <span class='ocrx_word' id='word_1_465' title='bbox 3268 2531 3377 2598; x_wconf 82' lang='lat' dir='ltr'>jam</span> <span class='ocrx_word' id='word_1_466' title='bbox 3425 2544 3525 2597; x_wconf 86' lang='lat' dir='ltr'>per</span> 
     </span>
    </p>
   </div>
   <div class='ocr_carea' id='block_1_70' title="bbox 1906 2622 3525 2692">
    <p class='ocr_par' dir='ltr' id='par_1_70' title="bbox 1906 2622 3525 2692">
     <span class='ocr_line' id='line_1_70' title="bbox 1906 2622 3525 2692; baseline -0.004 -12"><span class='ocrx_word' id='word_1_467' title='bbox 1906 2626 2223 2681; x_wconf 90' lang='lat' dir='ltr'>duodenum</span> <span class='ocrx_word' id='word_1_468' title='bbox 2282 2622 2396 2678; x_wconf 89' lang='lat' dir='ltr'>fere</span> <span class='ocrx_word' id='word_1_469' title='bbox 2458 2638 2728 2677; x_wconf 91' lang='lat' dir='ltr'>annorum</span> <span class='ocrx_word' id='word_1_470' title='bbox 2782 2623 3018 2692; x_wconf 87' lang='lat' dir='ltr'>spatium</span> <span class='ocrx_word' id='word_1_471' title='bbox 3079 2623 3169 2676; x_wconf 88' lang='lat' dir='ltr'>tali</span> <span class='ocrx_word' id='word_1_472' title='bbox 3236 2631 3525 2675; x_wconf 75' lang='lat' dir='ltr'>vexaretur</span> 
     </span>
    </p>
   </div>
   <div class='ocr_carea' id='block_1_71' title="bbox 1904 2710 3529 2787">
    <p class='ocr_par' dir='ltr' id='par_1_71' title="bbox 1904 2710 3529 2787">
     <span class='ocr_line' id='line_1_71' title="bbox 1904 2710 3529 2787; baseline -0.004 -19"><span class='ocrx_word' id='word_1_473' title='bbox 1904 2714 2186 2787; x_wconf 88' lang='lat' dir='ltr'>languoris</span> <span class='ocrx_word' id='word_1_474' title='bbox 2212 2711 2530 2771; x_wconf 88' lang='lat' dir='ltr'>acerbitate.</span> <span class='ocrx_word' id='word_1_475' title='bbox 2592 2726 2695 2765; x_wconf 89' lang='lat' dir='ltr'>nec</span> <span class='ocrx_word' id='word_1_476' title='bbox 2754 2711 3059 2765; x_wconf 88' lang='lat' dir='ltr'>remedium</span> <span class='ocrx_word' id='word_1_477' title='bbox 3106 2719 3285 2781; x_wconf 79' lang='lat' dir='ltr'>posset</span> <span class='ocrx_word' id='word_1_478' title='bbox 3323 2710 3529 2764; x_wconf 81' lang='lat' dir='ltr'>doloris</span> 
     </span>
    </p>
   </div>
   <div class='ocr_carea' id='block_1_72' title="bbox 1904 2799 3521 2871">
    <p class='ocr_par' dir='ltr' id='par_1_72' title="bbox 1904 2799 3521 2871">
     <span class='ocr_line' id='line_1_72' title="bbox 1904 2799 3521 2871; baseline -0.004 -15"><span class='ocrx_word' id='word_1_479' title='bbox 1904 2803 2153 2857; x_wconf 89' lang='lat' dir='ltr'>invenire</span> <span class='ocrx_word' id='word_1_480' title='bbox 2185 2821 2201 2865; x_wconf 90' lang='lat'><strong><em>;</em></strong></span> <span class='ocrx_word' id='word_1_481' title='bbox 2243 2800 2592 2871; x_wconf 85' lang='lat' dir='ltr'>comperiens</span> <span class='ocrx_word' id='word_1_482' title='bbox 2658 2801 2727 2854; x_wconf 92' lang='lat' dir='ltr'>de</span> <span class='ocrx_word' id='word_1_483' title='bbox 2784 2800 3052 2855; x_wconf 80' lang='lat' dir='ltr'>relatiOnc</span> <span class='ocrx_word' id='word_1_484' title='bbox 3081 2800 3219 2854; x_wconf 87' lang='lat' dir='ltr'>sacri</span> <span class='ocrx_word' id='word_1_485' title='bbox 3253 2799 3521 2868; x_wconf 83' lang='lat' dir='ltr'>corporis,</span> 
     </span>
    </p>
   </div>
   <div class='ocr_carea' id='block_1_73' title="bbox 1902 2892 3523 2966">
    <p class='ocr_par' dir='ltr' id='par_1_73' title="bbox 1902 2892 3523 2966">
     <span class='ocr_line' id='line_1_73' title="bbox 1902 2892 3523 2966; baseline -0.004 -16"><span class='ocrx_word' id='word_1_486' title='bbox 1902 2910 2244 2966; x_wconf 88' lang='lat' dir='ltr'>operumque</span> <span class='ocrx_word' id='word_1_487' title='bbox 2275 2894 2574 2959; x_wconf 90' lang='lat' dir='ltr'>miraculis,</span> <span class='ocrx_word' id='word_1_488' title='bbox 2604 2909 2713 2964; x_wconf 87' lang='lat' dir='ltr'>quo</span> <span class='ocrx_word' id='word_1_489' title='bbox 2731 2892 2903 2947; x_wconf 87' lang='lat' dir='ltr'>valuit</span> <span class='ocrx_word' id='word_1_490' title='bbox 2930 2893 3075 2957; x_wconf 92' lang='lat' dir='ltr'>nisu,</span> <span class='ocrx_word' id='word_1_491' title='bbox 3112 2908 3307 2963; x_wconf 89' lang='lat' dir='ltr'>repere</span> <span class='ocrx_word' id='word_1_492' title='bbox 3334 2892 3523 2961; x_wconf 75' lang='lat' dir='ltr'>C(Dpil,</span> 
     </span>
    </p>
   </div>
   <div class='ocr_carea' id='block_1_74' title="bbox 1904 2984 3527 3056">
    <p class='ocr_par' dir='ltr' id='par_1_74' title="bbox 1904 2984 3527 3056">
     <span class='ocr_line' id='line_1_74' title="bbox 1904 2984 3527 3056; baseline -0.002 -16"><span class='ocrx_word' id='word_1_493' title='bbox 1904 3003 2003 3043; x_wconf 90' lang='lat' dir='ltr'>nec</span> <span class='ocrx_word' id='word_1_494' title='bbox 2030 3004 2089 3041; x_wconf 91' lang='lat' dir='ltr'>se</span> <span class='ocrx_word' id='word_1_495' title='bbox 2118 2996 2381 3056; x_wconf 87' lang='lat' dir='ltr'>carpento</span> <span class='ocrx_word' id='word_1_496' title='bbox 2415 2985 2682 3055; x_wconf 88' lang='lat' dir='ltr'>permittit</span> <span class='ocrx_word' id='word_1_497' title='bbox 2715 2984 2944 3055; x_wconf 79' lang='lat' dir='ltr'>imponi.</span> <span class='ocrx_word' id='word_1_498' title='bbox 2981 2986 3079 3039; x_wconf 88' lang='lat' dir='ltr'>sed</span> <span class='ocrx_word' id='word_1_499' title='bbox 3137 2993 3336 3039; x_wconf 82' lang='lat' dir='ltr'>tractu.</span> <span class='ocrx_word' id='word_1_500' title='bbox 3363 2992 3527 3053; x_wconf 88' lang='lat' dir='ltr'>prout</span> 
     </span>
    </p>
   </div>
   <div class='ocr_carea' id='block_1_75' title="bbox 1903 3078 3529 3152">
    <p class='ocr_par' dir='ltr' id='par_1_75' title="bbox 1903 3078 3529 3152">
     <span class='ocr_line' id='line_1_75' title="bbox 1903 3078 3529 3152; baseline -0.003 -18"><span class='ocrx_word' id='word_1_501' title='bbox 1903 3082 2066 3145; x_wconf 88' lang='lat' dir='ltr'>valet,</span> <span class='ocrx_word' id='word_1_502' title='bbox 2102 3078 2235 3132; x_wconf 90' lang='lat' dir='ltr'>illud</span> <span class='ocrx_word' id='word_1_503' title='bbox 2267 3094 2430 3152; x_wconf 87' lang='lat' dir='ltr'>agere</span> <span class='ocrx_word' id='word_1_504' title='bbox 2464 3079 2627 3151; x_wconf 88' lang='lat' dir='ltr'>gestit</span> <span class='ocrx_word' id='word_1_505' title='bbox 2658 3079 2781 3131; x_wconf 88' lang='lat' dir='ltr'>iter.</span> <span class='ocrx_word' id='word_1_506' title='bbox 2838 3078 2916 3131; x_wconf 80' lang='lat' dir='ltr'>Ad</span> <span class='ocrx_word' id='word_1_507' title='bbox 2948 3079 3214 3147; x_wconf 90' lang='lat' dir='ltr'>templum</span> <span class='ocrx_word' id='word_1_508' title='bbox 3247 3092 3376 3130; x_wconf 86' lang='lat' dir='ltr'>vero</span> <span class='ocrx_word' id='word_1_509' title='bbox 3408 3093 3529 3145; x_wconf 88' lang='lat' dir='ltr'>per-</span> 
     </span>
    </p>
   </div>
   <div class='ocr_carea' id='block_1_76' title="bbox 1903 3167 3530 3238">
    <p class='ocr_par' dir='ltr' id='par_1_76' title="bbox 1903 3167 3530 3238">
     <span class='ocr_line' id='line_1_76' title="bbox 1903 3167 3530 3238; baseline -0.004 -13"><span class='ocrx_word' id='word_1_510' title='bbox 1903 3171 2154 3233; x_wconf 90' lang='lat' dir='ltr'>veniens,</span> <span class='ocrx_word' id='word_1_511' title='bbox 2209 3182 2319 3238; x_wconf 88' lang='lat' dir='ltr'>quo</span> <span class='ocrx_word' id='word_1_512' title='bbox 2398 3167 2706 3237; x_wconf 88' lang='lat' dir='ltr'>pretiosum</span> <span class='ocrx_word' id='word_1_513' title='bbox 2765 3168 2959 3220; x_wconf 89' lang='lat' dir='ltr'>salutis</span> <span class='ocrx_word' id='word_1_514' title='bbox 3012 3169 3263 3221; x_wconf 88' lang='lat' dir='ltr'>audierat</span> <span class='ocrx_word' id='word_1_515' title='bbox 3329 3182 3530 3220; x_wconf 89' lang='lat' dir='ltr'>munus</span> 
     </span>
    </p>
   </div>
   <div class='ocr_carea' id='block_1_77' title="bbox 1906 3254 3525 3325">
    <p class='ocr_par' dir='ltr' id='par_1_77' title="bbox 1906 3254 3525 3325">
     <span class='ocr_line' id='line_1_77' title="bbox 1906 3254 3525 3325; baseline -0.003 -12"><span class='ocrx_word' id='word_1_516' title='bbox 1906 3260 2111 3323; x_wconf 89' lang='lat' dir='ltr'>inesse,</span> <span class='ocrx_word' id='word_1_517' title='bbox 2142 3258 2279 3311; x_wconf 89' lang='lat' dir='ltr'>fusis</span> <span class='ocrx_word' id='word_1_518' title='bbox 2309 3254 2894 3312; x_wconf 87' lang='lat' dir='ltr'>Dominiclementiam</span> <span class='ocrx_word' id='word_1_519' title='bbox 2918 3256 3059 3309; x_wconf 90' lang='lat' dir='ltr'>votis</span> <span class='ocrx_word' id='word_1_520' title='bbox 3086 3273 3185 3325; x_wconf 90' lang='lat' dir='ltr'>pro</span> <span class='ocrx_word' id='word_1_521' title='bbox 3208 3256 3293 3307; x_wconf 88' lang='lat' dir='ltr'>sui</span> <span class='ocrx_word' id='word_1_522' title='bbox 3314 3255 3525 3325; x_wconf 82' lang='lat' dir='ltr'>ﬂagitat</span> 
     </span>
    </p>
   </div>
   <div class='ocr_carea' id='block_1_78' title="bbox 1906 3345 3525 3417">
    <p class='ocr_par' dir='ltr' id='par_1_78' title="bbox 1906 3345 3525 3417">
     <span class='ocr_line' id='line_1_78' title="bbox 1906 3345 3525 3417; baseline -0.003 -13"><span class='ocrx_word' id='word_1_523' title='bbox 1906 3350 2259 3404; x_wconf 89' lang='lat' dir='ltr'>liberatione.</span> <span class='ocrx_word' id='word_1_524' title='bbox 2295 3348 2400 3401; x_wconf 87' lang='lat' dir='ltr'>Sed</span> <span class='ocrx_word' id='word_1_525' title='bbox 2425 3356 2480 3401; x_wconf 88' lang='lat' dir='ltr'>et</span> <span class='ocrx_word' id='word_1_526' title='bbox 2508 3345 2749 3417; x_wconf 87' lang='lat' dir='ltr'>propriis</span> <span class='ocrx_word' id='word_1_527' title='bbox 2789 3345 2961 3399; x_wconf 89' lang='lat' dir='ltr'>fertur</span> <span class='ocrx_word' id='word_1_528' title='bbox 2993 3347 3307 3415; x_wconf 83' lang='lat' dir='ltr'>pavimenta</span> <span class='ocrx_word' id='word_1_529' title='bbox 3342 3346 3525 3415; x_wconf 77' lang='lat' dir='ltr'>lacrv—</span> 
     </span>
    </p>
   </div>
   <div class='ocr_carea' id='block_1_79' title="bbox 1907 3437 3530 3506">
    <p class='ocr_par' dir='ltr' id='par_1_79' title="bbox 1907 3437 3530 3506">
     <span class='ocr_line' id='line_1_79' title="bbox 1907 3437 3530 3506; baseline -0.002 -11"><span class='ocrx_word' id='word_1_530' title='bbox 1907 3441 2010 3495; x_wconf 88' lang='lat' dir='ltr'>mis</span> <span class='ocrx_word' id='word_1_531' title='bbox 2039 3442 2409 3498; x_wconf 87' lang='lat' dir='ltr'>humectasse,</span> <span class='ocrx_word' id='word_1_532' title='bbox 2462 3438 2592 3500; x_wconf 66' lang='lat' dir='ltr'>Quae</span> <span class='ocrx_word' id='word_1_533' title='bbox 2648 3446 2938 3505; x_wconf 86' lang='lat' dir='ltr'>postquam</span> <span class='ocrx_word' id='word_1_534' title='bbox 2999 3454 3098 3506; x_wconf 92' lang='lat' dir='ltr'>per</span> <span class='ocrx_word' id='word_1_535' title='bbox 3143 3445 3256 3492; x_wconf 88' lang='lat' dir='ltr'>tres</span> <span class='ocrx_word' id='word_1_536' title='bbox 3309 3437 3378 3489; x_wconf 87' lang='lat' dir='ltr'>ita</span> <span class='ocrx_word' id='word_1_537' title='bbox 3408 3438 3530 3491; x_wconf 87' lang='lat' dir='ltr'>dies</span> 
     </span>
    </p>
   </div>
   <div class='ocr_carea' id='block_1_80' title="bbox 1905 3523 3527 3605">
    <p class='ocr_par' dir='ltr' id='par_1_80' title="bbox 1905 3523 3527 3605">
     <span class='ocr_line' id='line_1_80' title="bbox 1905 3523 3527 3605; baseline -0.004 -20"><span class='ocrx_word' id='word_1_538' title='bbox 1905 3531 2131 3605; x_wconf 86' lang='lat' dir='ltr'>egisset,</span> <span class='ocrx_word' id='word_1_539' title='bbox 2193 3529 2321 3582; x_wconf 91' lang='lat' dir='ltr'>dum</span> <span class='ocrx_word' id='word_1_540' title='bbox 2383 3527 2567 3580; x_wconf 90' lang='lat' dir='ltr'>denuo</span> <span class='ocrx_word' id='word_1_541' title='bbox 2615 3523 2876 3594; x_wconf 89' lang='lat' dir='ltr'>precibus</span> <span class='ocrx_word' id='word_1_542' title='bbox 2919 3524 3285 3587; x_wconf 87' lang='lat' dir='ltr'>incumberet,</span> <span class='ocrx_word' id='word_1_543' title='bbox 3342 3526 3527 3579; x_wconf 84' lang='lat' dir='ltr'>divina</span> 
     </span>
    </p>
   </div>
   <div class='ocr_carea' id='block_1_81' title="bbox 1904 3612 3532 3690">
    <p class='ocr_par' dir='ltr' id='par_1_81' title="bbox 1904 3612 3532 3690">
     <span class='ocr_line' id='line_1_81' title="bbox 1904 3612 3532 3690; baseline -0.003 -17"><span class='ocrx_word' id='word_1_544' title='bbox 1904 3620 2011 3673; x_wconf 90' lang='lat' dir='ltr'>sibi</span> <span class='ocrx_word' id='word_1_545' title='bbox 2042 3618 2216 3690; x_wconf 90' lang='lat' dir='ltr'>gratia</span> <span class='ocrx_word' id='word_1_546' title='bbox 2246 3615 2696 3686; x_wconf 89' lang='lat' dir='ltr'>superveniente,</span> <span class='ocrx_word' id='word_1_547' title='bbox 2748 3614 2856 3666; x_wconf 88' lang='lat' dir='ltr'>vim</span> <span class='ocrx_word' id='word_1_548' title='bbox 2903 3612 3197 3667; x_wconf 52' lang='lat' dir='ltr'>medicinae</span> <span class='ocrx_word' id='word_1_549' title='bbox 3229 3616 3316 3668; x_wconf 70' lang='lat' dir='ltr'>vix</span> <span class='ocrx_word' id='word_1_550' title='bbox 3342 3615 3532 3668; x_wconf 87' lang='lat' dir='ltr'>valens</span> 
     </span>
    </p>
   </div>
   <div class='ocr_carea' id='block_1_82' title="bbox 1908 3705 3524 3781">
    <p class='ocr_par' dir='ltr' id='par_1_82' title="bbox 1908 3705 3524 3781">
     <span class='ocr_line' id='line_1_82' title="bbox 1908 3705 3524 3781; baseline -0.004 -16"><span class='ocrx_word' id='word_1_551' title='bbox 1908 3712 2050 3767; x_wconf 82' lang='lat' dir='ltr'>ferre</span> <span class='ocrx_word' id='word_1_552' title='bbox 2085 3709 2301 3781; x_wconf 86' lang='lat' dir='ltr'>magnis</span> <span class='ocrx_word' id='word_1_553' title='bbox 2358 3708 2527 3777; x_wconf 70' lang='lat' dir='ltr'>cmpit</span> <span class='ocrx_word' id='word_1_554' title='bbox 2580 3705 2810 3761; x_wconf 88' lang='lat' dir='ltr'>vocibus</span> <span class='ocrx_word' id='word_1_555' title='bbox 2864 3714 3132 3775; x_wconf 80' lang='lat' dir='ltr'>strepere,</span> <span class='ocrx_word' id='word_1_556' title='bbox 3178 3716 3231 3759; x_wconf 82' lang='lat' dir='ltr'>et</span> <span class='ocrx_word' id='word_1_557' title='bbox 3284 3705 3524 3771; x_wconf 81' lang='lat' dir='ltr'>ejulatus</span> 
     </span>
    </p>
   </div>
   <div class='ocr_carea' id='block_1_83' title="bbox 1908 3796 3527 3866">
    <p class='ocr_par' dir='ltr' id='par_1_83' title="bbox 1908 3796 3527 3866">
     <span class='ocr_line' id='line_1_83' title="bbox 1908 3796 3527 3866; baseline -0.006 -11"><span class='ocrx_word' id='word_1_558' title='bbox 1908 3800 2136 3855; x_wconf 84' lang='lat' dir='ltr'>acerbos</span> <span class='ocrx_word' id='word_1_559' title='bbox 2197 3798 2363 3852; x_wconf 86' lang='lat' dir='ltr'>edere</span> <span class='ocrx_word' id='word_1_560' title='bbox 2432 3796 2633 3866; x_wconf 89' lang='lat' dir='ltr'>Sicque</span> <span class='ocrx_word' id='word_1_561' title='bbox 2688 3796 2850 3850; x_wconf 88' lang='lat' dir='ltr'>nodis</span> <span class='ocrx_word' id='word_1_562' title='bbox 2897 3812 3188 3851; x_wconf 86' lang='lat' dir='ltr'>nervorum</span> <span class='ocrx_word' id='word_1_563' title='bbox 3250 3796 3527 3861; x_wconf 69' lang='lat' dir='ltr'>resolutis,</span> 
     </span>
    </p>
   </div>
   <div class='ocr_carea' id='block_1_84' title="bbox 1910 3885 3529 3961">
    <p class='ocr_par' dir='ltr' id='par_1_84' title="bbox 1910 3885 3529 3961">
     <span class='ocr_line' id='line_1_84' title="bbox 1910 3885 3529 3961; baseline -0.004 -16"><span class='ocrx_word' id='word_1_564' title='bbox 1910 3890 2174 3953; x_wconf 83' lang='lat' dir='ltr'>omnique</span> <span class='ocrx_word' id='word_1_565' title='bbox 2204 3890 2475 3961; x_wconf 89' lang='lat' dir='ltr'>poplitum</span> <span class='ocrx_word' id='word_1_566' title='bbox 2507 3888 2885 3944; x_wconf 91' lang='lat' dir='ltr'>contractione</span> <span class='ocrx_word' id='word_1_567' title='bbox 2904 3888 3163 3951; x_wconf 82' lang='lat' dir='ltr'>relaxata,</span> <span class='ocrx_word' id='word_1_568' title='bbox 3194 3885 3361 3939; x_wconf 83' lang='lat' dir='ltr'>unius</span> <span class='ocrx_word' id='word_1_569' title='bbox 3382 3885 3529 3939; x_wconf 69' lang='lat' dir='ltr'>hora:</span> 
     </span>
    </p>
   </div>
   <div class='ocr_carea' id='block_1_85' title="bbox 1909 3974 3528 4050">
    <p class='ocr_par' dir='ltr' id='par_1_85' title="bbox 1909 3974 3528 4050">
     <span class='ocr_line' id='line_1_85' title="bbox 1909 3974 3528 4050; baseline -0.004 -16"><span class='ocrx_word' id='word_1_570' title='bbox 1909 3981 2077 4035; x_wconf 87' lang='lat' dir='ltr'>ferme</span> <span class='ocrx_word' id='word_1_571' title='bbox 2107 3980 2308 4050; x_wconf 89' lang='lat' dir='ltr'>spatio,</span> <span class='ocrx_word' id='word_1_572' title='bbox 2342 3978 2554 4033; x_wconf 84' lang='lat' dir='ltr'>viribus</span> <span class='ocrx_word' id='word_1_573' title='bbox 2584 3978 2868 4041; x_wconf 85' lang='lat' dir='ltr'>exhausta,</span> <span class='ocrx_word' id='word_1_574' title='bbox 2894 3975 3068 4043; x_wconf 88' lang='lat' dir='ltr'>jacuit</span> <span class='ocrx_word' id='word_1_575' title='bbox 3094 3974 3251 4046; x_wconf 85' lang='lat' dir='ltr'>quasi</span> <span class='ocrx_word' id='word_1_576' title='bbox 3278 3983 3528 4028; x_wconf 84' lang='lat' dir='ltr'>mortua.</span> 
     </span>
    </p>
   </div>
   <div class='ocr_carea' id='block_1_86' title="bbox 1908 4062 3527 4140">
    <p class='ocr_par' dir='ltr' id='par_1_86' title="bbox 1908 4062 3527 4140">
     <span class='ocr_line' id='line_1_86' title="bbox 1908 4062 3527 4140; baseline -0.006 -16"><span class='ocrx_word' id='word_1_577' title='bbox 1908 4069 2011 4125; x_wconf 85' lang='lat' dir='ltr'>Sed</span> <span class='ocrx_word' id='word_1_578' title='bbox 2043 4069 2138 4140; x_wconf 91' lang='lat' dir='ltr'>qui</span> <span class='ocrx_word' id='word_1_579' title='bbox 2167 4067 2402 4123; x_wconf 90' lang='lat' dir='ltr'>contulit</span> <span class='ocrx_word' id='word_1_580' title='bbox 2441 4065 2808 4121; x_wconf 87' lang='lat' dir='ltr'>absolutionis</span> <span class='ocrx_word' id='word_1_581' title='bbox 2842 4080 3027 4133; x_wconf 89' lang='lat' dir='ltr'>opem,</span> <span class='ocrx_word' id='word_1_582' title='bbox 3066 4063 3281 4118; x_wconf 86' lang='lat' dir='ltr'>roboris</span> <span class='ocrx_word' id='word_1_583' title='bbox 3309 4062 3527 4115; x_wconf 83' lang='lat' dir='ltr'>addidit</span> 
     </span>
    </p>
   </div>
   <div class='ocr_carea' id='block_1_87' title="bbox 1909 4153 3527 4234">
    <p class='ocr_par' dir='ltr' id='par_1_87' title="bbox 1909 4153 3527 4234">
     <span class='ocr_line' id='line_1_87' title="bbox 1909 4153 3527 4234; baseline -0.006 -18"><span class='ocrx_word' id='word_1_584' title='bbox 1909 4178 2133 4234; x_wconf 89' lang='lat' dir='ltr'>quoque</span> <span class='ocrx_word' id='word_1_585' title='bbox 2186 4160 2449 4230; x_wconf 88' lang='lat' dir='ltr'>vigorem.</span> <span class='ocrx_word' id='word_1_586' title='bbox 2493 4158 2722 4228; x_wconf 82' lang='lat' dir='ltr'>Moxque</span> <span class='ocrx_word' id='word_1_587' title='bbox 2787 4172 2884 4211; x_wconf 91' lang='lat' dir='ltr'>ceu</span> <span class='ocrx_word' id='word_1_588' title='bbox 2929 4156 2999 4209; x_wconf 88' lang='lat' dir='ltr'>de</span> <span class='ocrx_word' id='word_1_589' title='bbox 3049 4155 3197 4227; x_wconf 82' lang='lat' dir='ltr'>gravi</span> <span class='ocrx_word' id='word_1_590' title='bbox 3247 4153 3527 4223; x_wconf 82' lang='lat' dir='ltr'>evigilans</span> 
     </span>
    </p>
   </div>
   <div class='ocr_carea' id='block_1_88' title="bbox 1912 4246 3529 4321">
    <p class='ocr_par' dir='ltr' id='par_1_88' title="bbox 1912 4246 3529 4321">
     <span class='ocr_line' id='line_1_88' title="bbox 1912 4246 3529 4321; baseline -0.005 -14"><span class='ocrx_word' id='word_1_591' title='bbox 1912 4269 2128 4320; x_wconf 90' lang='lat' dir='ltr'>somno,</span> <span class='ocrx_word' id='word_1_592' title='bbox 2158 4252 2255 4306; x_wconf 91' lang='lat' dir='ltr'>ubi</span> <span class='ocrx_word' id='word_1_593' title='bbox 2306 4267 2607 4321; x_wconf 88' lang='lat' dir='ltr'>supernum</span> <span class='ocrx_word' id='word_1_594' title='bbox 2636 4249 2743 4303; x_wconf 91' lang='lat' dir='ltr'>sibi</span> <span class='ocrx_word' id='word_1_595' title='bbox 2777 4248 2946 4302; x_wconf 86' lang='lat' dir='ltr'>sentit</span> <span class='ocrx_word' id='word_1_596' title='bbox 2985 4246 3280 4302; x_wconf 78' lang='lat' dir='ltr'>obvenisse</span> <span class='ocrx_word' id='word_1_597' title='bbox 3310 4246 3529 4299; x_wconf 80' lang='lat' dir='ltr'>benefi-</span> 
     </span>
    </p>
   </div>
   <div class='ocr_carea' id='block_1_89' title="bbox 1912 4339 3530 4417">
    <p class='ocr_par' dir='ltr' id='par_1_89' title="bbox 1912 4339 3530 4417">
     <span class='ocr_line' id='line_1_89' title="bbox 1912 4339 3530 4417; baseline -0.005 -17"><span class='ocrx_word' id='word_1_598' title='bbox 1912 4346 2081 4405; x_wconf 86' lang='lat' dir='ltr'>cium,</span> <span class='ocrx_word' id='word_1_599' title='bbox 2116 4343 2365 4417; x_wconf 84' lang='lat' dir='ltr'>pignoris</span> <span class='ocrx_word' id='word_1_600' title='bbox 2396 4342 2522 4395; x_wconf 89' lang='lat' dir='ltr'>almi</span> <span class='ocrx_word' id='word_1_601' title='bbox 2556 4341 2693 4411; x_wconf 87' lang='lat' dir='ltr'>petit</span> <span class='ocrx_word' id='word_1_602' title='bbox 2727 4341 2987 4402; x_wconf 86' lang='lat' dir='ltr'>loculum,</span> <span class='ocrx_word' id='word_1_603' title='bbox 3022 4340 3180 4406; x_wconf 81' lang='lat' dir='ltr'>cujus</span> <span class='ocrx_word' id='word_1_604' title='bbox 3206 4339 3381 4411; x_wconf 61' lang='lat' dir='ltr'>gratia</span> <span class='ocrx_word' id='word_1_605' title='bbox 3421 4339 3530 4392; x_wconf 84' lang='lat' dir='ltr'>sibi</span> 
     </span>
    </p>
   </div>
   <div class='ocr_carea' id='block_1_90' title="bbox 1910 4431 3530 4507">
    <p class='ocr_par' dir='ltr' id='par_1_90' title="bbox 1910 4431 3530 4507">
     <span class='ocr_line' id='line_1_90' title="bbox 1910 4431 3530 4507; baseline -0.005 -15"><span class='ocrx_word' id='word_1_606' title='bbox 1910 4436 2207 4507; x_wconf 86' lang='lat' dir='ltr'>contigisse</span> <span class='ocrx_word' id='word_1_607' title='bbox 2230 4450 2339 4489; x_wconf 92' lang='lat' dir='ltr'>non</span> <span class='ocrx_word' id='word_1_608' title='bbox 2390 4434 2681 4489; x_wconf 65' lang='lat' dir='ltr'>haesitabat</span> <span class='ocrx_word' id='word_1_609' title='bbox 2731 4431 3057 4485; x_wconf 89' lang='lat' dir='ltr'>remedium.</span> <span class='ocrx_word' id='word_1_610' title='bbox 3086 4431 3305 4485; x_wconf 83' lang='lat' dir='ltr'>Dehinc</span> <span class='ocrx_word' id='word_1_611' title='bbox 3325 4431 3530 4500; x_wconf 78' lang='lat' dir='ltr'>gratias</span> 
     </span>
    </p>
   </div>
   <div class='ocr_carea' id='block_1_91' title="bbox 137 4510 3533 4603">
    <p class='ocr_par' dir='ltr' id='par_1_91' title="bbox 137 4510 3533 4603">
     <span class='ocr_line' id='line_1_91' title="bbox 137 4510 3533 4603; baseline 0.002 -35"><span class='ocrx_word' id='word_1_612' title='bbox 137 4510 153 4527; x_wconf 75' lang='lat'>‘</span> <span class='ocrx_word' id='word_1_613' title='bbox 215 4519 444 4585; x_wconf 89' lang='lat' dir='ltr'>pulsare,</span> <span class='ocrx_word' id='word_1_614' title='bbox 471 4529 574 4575; x_wconf 85' lang='lat' dir='ltr'>tam</span> <span class='ocrx_word' id='word_1_615' title='bbox 599 4537 800 4595; x_wconf 84' lang='lat' dir='ltr'>magno</span> <span class='ocrx_word' id='word_1_616' title='bbox 831 4538 890 4577; x_wconf 89' lang='lat' dir='ltr'>se</span> <span class='ocrx_word' id='word_1_617' title='bbox 922 4538 1270 4594; x_wconf 86' lang='lat' dir='ltr'>conquerens</span> <span class='ocrx_word' id='word_1_618' title='bbox 1297 4522 1483 4577; x_wconf 90' lang='lat' dir='ltr'>labore</span> <span class='ocrx_word' id='word_1_619' title='bbox 1502 4522 1811 4595; x_wconf 83' lang='lat' dir='ltr'>fatigatum,</span> <span class='ocrx_word' id='word_1_620' title='bbox 1842 4512 1892 4576; x_wconf 73' lang='grc' dir='ltr'>Ξ)</span> <span class='ocrx_word' id='word_1_621' title='bbox 1921 4530 2010 4583; x_wconf 74' lang='lat' dir='ltr'>hic</span> <span class='ocrx_word' id='word_1_622' title='bbox 2036 4545 2227 4603; x_wconf 79' lang='lat' dir='ltr'>agens,</span> <span class='ocrx_word' id='word_1_623' title='bbox 2251 4527 2573 4596; x_wconf 90' lang='lat' dir='ltr'>ibidemque</span> <span class='ocrx_word' id='word_1_624' title='bbox 2600 4526 2801 4596; x_wconf 85' lang='lat' dir='ltr'>degere</span> <span class='ocrx_word' id='word_1_625' title='bbox 2828 4522 3076 4596; x_wconf 80' lang='lat' dir='ltr'>gratilica</span> <span class='ocrx_word' id='word_1_626' title='bbox 3109 4523 3443 4589; x_wconf 71' lang='lat' dir='ltr'>decernens,</span> <span class='ocrx_word' id='word_1_627' title='bbox 3478 4530 3533 4575; x_wconf 88' lang='lat' dir='ltr'>et</span> 
     </span>
    </p>
   </div>
   <div class='ocr_carea' id='block_1_92' title="bbox 216 4610 1815 4682">
    <p class='ocr_par' dir='ltr' id='par_1_92' title="bbox 216 4610 1815 4682">
     <span class='ocr_line' id='line_1_92' title="bbox 216 4610 1815 4682; baseline 0.006 -25"><span class='ocrx_word' id='word_1_628' title='bbox 216 4622 311 4661; x_wconf 87' lang='lat' dir='ltr'>nec</span> <span class='ocrx_word' id='word_1_629' title='bbox 337 4610 442 4663; x_wconf 90' lang='lat' dir='ltr'>sibi</span> <span class='ocrx_word' id='word_1_630' title='bbox 472 4610 587 4665; x_wconf 91' lang='lat' dir='ltr'>fore</span> <span class='ocrx_word' id='word_1_631' title='bbox 618 4610 953 4682; x_wconf 88' lang='lat' dir='ltr'>permissum</span> <span class='ocrx_word' id='word_1_632' title='bbox 976 4611 1165 4667; x_wconf 90' lang='lat' dir='ltr'>videre</span> <span class='ocrx_word' id='word_1_633' title='bbox 1192 4612 1387 4667; x_wconf 89' lang='lat' dir='ltr'>saltem</span> <span class='ocrx_word' id='word_1_634' title='bbox 1409 4612 1649 4666; x_wconf 89' lang='lat' dir='ltr'>loculum</span> <span class='ocrx_word' id='word_1_635' title='bbox 1674 4613 1815 4666; x_wconf 89' lang='lat' dir='ltr'>sacri</span> 
     </span>
    </p>
   </div>
   <div class='ocr_carea' id='block_1_93' title="bbox 219 4699 1815 4776">
    <p class='ocr_par' dir='ltr' id='par_1_93' title="bbox 219 4699 1815 4776">
     <span class='ocr_line' id='line_1_93' title="bbox 219 4699 1815 4776; baseline 0.006 -25"><span class='ocrx_word' id='word_1_636' title='bbox 219 4699 456 4774; x_wconf 88' lang='lat' dir='ltr'>pignoris</span> <span class='ocrx_word' id='word_1_637' title='bbox 485 4702 753 4772; x_wconf 87' lang='lat' dir='ltr'>bajulum,</span> <span class='ocrx_word' id='word_1_638' title='bbox 786 4704 879 4776; x_wconf 92' lang='lat' dir='ltr'>qui</span> <span class='ocrx_word' id='word_1_639' title='bbox 903 4716 1084 4760; x_wconf 92' lang='lat' dir='ltr'>tamen</span> <span class='ocrx_word' id='word_1_640' title='bbox 1135 4707 1254 4775; x_wconf 89' lang='lat' dir='ltr'>ejus</span> <span class='ocrx_word' id='word_1_641' title='bbox 1279 4705 1386 4760; x_wconf 89' lang='lat' dir='ltr'>sibi</span> <span class='ocrx_word' id='word_1_642' title='bbox 1422 4721 1581 4776; x_wconf 90' lang='lat' dir='ltr'>posse</span> <span class='ocrx_word' id='word_1_643' title='bbox 1612 4705 1815 4761; x_wconf 90' lang='lat' dir='ltr'>subve-</span> 
     </span>
    </p>
   </div>
   <div class='ocr_carea' id='block_1_94' title="bbox 218 4791 1817 4869">
    <p class='ocr_par' dir='ltr' id='par_1_94' title="bbox 218 4791 1817 4869">
     <span class='ocr_line' id='line_1_94' title="bbox 218 4791 1817 4869; baseline 0.008 -27"><span class='ocrx_word' id='word_1_644' title='bbox 218 4791 327 4847; x_wconf 90' lang='lat' dir='ltr'>nire</span> <span class='ocrx_word' id='word_1_645' title='bbox 347 4795 554 4849; x_wconf 90' lang='lat' dir='ltr'>celsum</span> <span class='ocrx_word' id='word_1_646' title='bbox 586 4813 935 4869; x_wconf 88' lang='lat' dir='ltr'>nequaquam</span> <span class='ocrx_word' id='word_1_647' title='bbox 982 4796 1257 4853; x_wconf 87' lang='lat' dir='ltr'>diffideret</span> <span class='ocrx_word' id='word_1_648' title='bbox 1299 4798 1639 4869; x_wconf 82' lang='lat' dir='ltr'>praesidium.</span> <span class='ocrx_word' id='word_1_649' title='bbox 1670 4798 1817 4855; x_wconf 85' lang='lat' dir='ltr'>Talia</span> 
     </span>
    </p>
   </div>
   <div class='ocr_carea' id='block_1_95' title="bbox 219 4876 1817 4953">
    <p class='ocr_par' dir='ltr' id='par_1_95' title="bbox 219 4876 1817 4953">
     <span class='ocr_line' id='line_1_95' title="bbox 219 4876 1817 4953; baseline 0.009 -22"><span class='ocrx_word' id='word_1_650' title='bbox 219 4876 451 4953; x_wconf 88' lang='lat' dir='ltr'>denique</span> <span class='ocrx_word' id='word_1_651' title='bbox 497 4883 626 4938; x_wconf 91' lang='lat' dir='ltr'>dum</span> <span class='ocrx_word' id='word_1_652' title='bbox 699 4887 860 4941; x_wconf 86' lang='lat' dir='ltr'>tacita</span> <span class='ocrx_word' id='word_1_653' title='bbox 904 4903 1093 4941; x_wconf 91' lang='lat' dir='ltr'>secum</span> <span class='ocrx_word' id='word_1_654' title='bbox 1146 4887 1354 4942; x_wconf 83' lang='lat' dir='ltr'>volutat</span> <span class='ocrx_word' id='word_1_655' title='bbox 1410 4898 1591 4943; x_wconf 89' lang='lat' dir='ltr'>mente</span> <span class='ocrx_word' id='word_1_656' title='bbox 1625 4890 1817 4945; x_wconf 76' lang='lat' dir='ltr'>salutis</span> 
     </span>
    </p>
   </div>
   <div class='ocr_carea' id='block_1_96' title="bbox 220 4967 1815 5048">
    <p class='ocr_par' dir='ltr' id='par_1_96' title="bbox 220 4967 1815 5048">
     <span class='ocr_line' id='line_1_96' title="bbox 220 4967 1815 5048; baseline 0.008 -28"><span class='ocrx_word' id='word_1_657' title='bbox 220 4967 366 5043; x_wconf 87' lang='lat' dir='ltr'>vigor</span> <span class='ocrx_word' id='word_1_658' title='bbox 396 4971 570 5042; x_wconf 86' lang='lat' dir='ltr'>ipsius</span> <span class='ocrx_word' id='word_1_659' title='bbox 602 4991 699 5044; x_wconf 90' lang='lat' dir='ltr'>per</span> <span class='ocrx_word' id='word_1_660' title='bbox 730 4976 975 5029; x_wconf 88' lang='lat' dir='ltr'>membra</span> <span class='ocrx_word' id='word_1_661' title='bbox 1002 4993 1235 5048; x_wconf 73' lang='lat' dir='ltr'>quaeque</span> <span class='ocrx_word' id='word_1_662' title='bbox 1260 4976 1464 5031; x_wconf 87' lang='lat' dir='ltr'>sensim</span> <span class='ocrx_word' id='word_1_663' title='bbox 1488 4978 1653 5048; x_wconf 66' lang='lat' dir='ltr'>coepit</span> <span class='ocrx_word' id='word_1_664' title='bbox 1675 4978 1815 5033; x_wconf 87' lang='lat' dir='ltr'>irrc-</span> 
     </span>
    </p>
   </div>
   <div class='ocr_carea' id='block_1_97' title="bbox 223 5064 1820 5141">
    <p class='ocr_par' dir='ltr' id='par_1_97' title="bbox 223 5064 1820 5141">
     <span class='ocr_line' id='line_1_97' title="bbox 223 5064 1820 5141; baseline 0.007 -27"><span class='ocrx_word' id='word_1_665' title='bbox 223 5076 364 5128; x_wconf 89' lang='lat' dir='ltr'>pere,</span> <span class='ocrx_word' id='word_1_666' title='bbox 405 5064 720 5138; x_wconf 89' lang='lat' dir='ltr'>priscasque</span> <span class='ocrx_word' id='word_1_667' title='bbox 739 5067 904 5123; x_wconf 90' lang='lat' dir='ltr'>simul</span> <span class='ocrx_word' id='word_1_668' title='bbox 935 5078 1120 5141; x_wconf 88' lang='lat' dir='ltr'>stupet</span> <span class='ocrx_word' id='word_1_669' title='bbox 1141 5071 1386 5125; x_wconf 89' lang='lat' dir='ltr'>omnium</span> <span class='ocrx_word' id='word_1_670' title='bbox 1426 5088 1483 5125; x_wconf 90' lang='lat' dir='ltr'>se</span> <span class='ocrx_word' id='word_1_671' title='bbox 1513 5073 1657 5127; x_wconf 88' lang='lat' dir='ltr'>vires</span> <span class='ocrx_word' id='word_1_672' title='bbox 1689 5088 1820 5125; x_wconf 88' lang='lat' dir='ltr'>seu-</span> 
     </span>
    </p>
   </div>
   <div class='ocr_carea' id='block_1_98' title="bbox 223 5158 1818 5234">
    <p class='ocr_par' dir='ltr' id='par_1_98' title="bbox 223 5158 1818 5234">
     <span class='ocr_line' id='line_1_98' title="bbox 223 5158 1818 5234; baseline 0.009 -32"><span class='ocrx_word' id='word_1_673' title='bbox 223 5164 370 5205; x_wconf 88' lang='lat' dir='ltr'>suum</span> <span class='ocrx_word' id='word_1_674' title='bbox 400 5169 746 5226; x_wconf 89' lang='lat' dir='ltr'>recuperare.</span> <span class='ocrx_word' id='word_1_675' title='bbox 783 5158 1027 5230; x_wconf 87' lang='lat' dir='ltr'>Cumque</span> <span class='ocrx_word' id='word_1_676' title='bbox 1057 5177 1244 5216; x_wconf 90' lang='lat' dir='ltr'>rumor</span> <span class='ocrx_word' id='word_1_677' title='bbox 1266 5162 1644 5230; x_wconf 85' lang='lat' dir='ltr'>hujuscemodi</span> <span class='ocrx_word' id='word_1_678' title='bbox 1676 5179 1818 5234; x_wconf 84' lang='lat' dir='ltr'>Ope-</span> 
     </span>
    </p>
   </div>
   <div class='ocr_carea' id='block_1_99' title="bbox 226 5241 1825 5321">
    <p class='ocr_par' dir='ltr' id='par_1_99' title="bbox 226 5241 1825 5321">
     <span class='ocr_line' id='line_1_99' title="bbox 226 5241 1825 5321; baseline 0.009 -28"><span class='ocrx_word' id='word_1_679' title='bbox 226 5241 462 5311; x_wconf 89' lang='lat' dir='ltr'>rationis,</span> <span class='ocrx_word' id='word_1_680' title='bbox 515 5246 847 5317; x_wconf 90' lang='lat' dir='ltr'>quibusdam</span> <span class='ocrx_word' id='word_1_681' title='bbox 878 5249 1283 5315; x_wconf 89' lang='lat' dir='ltr'>nuntiantibus,</span> <span class='ocrx_word' id='word_1_682' title='bbox 1316 5267 1477 5305; x_wconf 90' lang='lat' dir='ltr'>aures</span> <span class='ocrx_word' id='word_1_683' title='bbox 1501 5251 1825 5321; x_wconf 89' lang='lat' dir='ltr'>percelleret</span> 
     </span>
    </p>
   </div>
   <div class='ocr_carea' id='block_1_100' title="bbox 227 5330 1826 5410">
    <p class='ocr_par' dir='ltr' id='par_1_100' title="bbox 227 5330 1826 5410">
     <span class='ocr_line' id='line_1_100' title="bbox 227 5330 1826 5410; baseline 0.009 -27"><span class='ocrx_word' id='word_1_684' title='bbox 227 5330 597 5403; x_wconf 90' lang='lat' dir='ltr'>plurimorum,</span> <span class='ocrx_word' id='word_1_685' title='bbox 625 5339 871 5393; x_wconf 89' lang='lat' dir='ltr'>certatim</span> <span class='ocrx_word' id='word_1_686' title='bbox 885 5340 1094 5410; x_wconf 89' lang='lat' dir='ltr'>quique</span> <span class='ocrx_word' id='word_1_687' title='bbox 1128 5347 1475 5409; x_wconf 91' lang='lat' dir='ltr'>procurrunt,</span> <span class='ocrx_word' id='word_1_688' title='bbox 1502 5340 1826 5397; x_wconf 88' lang='lat' dir='ltr'>admiranda</span> 
     </span>
    </p>
   </div>
   <div class='ocr_carea' id='block_1_101' title="bbox 230 5418 1823 5499">
    <p class='ocr_par' dir='ltr' id='par_1_101' title="bbox 230 5418 1823 5499">
     <span class='ocr_line' id='line_1_101' title="bbox 230 5418 1823 5499; baseline 0.008 -27"><span class='ocrx_word' id='word_1_689' title='bbox 230 5418 316 5474; x_wconf 89' lang='lat' dir='ltr'>Dei</span> <span class='ocrx_word' id='word_1_690' title='bbox 345 5426 616 5499; x_wconf 88' lang='lat' dir='ltr'>magnalia</span> <span class='ocrx_word' id='word_1_691' title='bbox 639 5426 885 5483; x_wconf 62' lang='lat' dir='ltr'>laetantes</span> <span class='ocrx_word' id='word_1_692' title='bbox 916 5428 1192 5499; x_wconf 89' lang='lat' dir='ltr'>aspiciunt</span> <span class='ocrx_word' id='word_1_693' title='bbox 1239 5447 1252 5492; x_wconf 87' lang='lat'><strong>;</strong></span> <span class='ocrx_word' id='word_1_694' title='bbox 1284 5436 1513 5483; x_wconf 86' lang='lat' dir='ltr'>ovanter</span> <span class='ocrx_word' id='word_1_695' title='bbox 1544 5428 1823 5484; x_wconf 88' lang='lat' dir='ltr'>hominem</span> 
     </span>
    </p>
   </div>
   <div class='ocr_carea' id='block_1_102' title="bbox 230 5504 1824 5588">
    <p class='ocr_par' dir='ltr' id='par_1_102' title="bbox 230 5504 1824 5588">
     <span class='ocr_line' id='line_1_102' title="bbox 230 5504 1824 5588; baseline 0.009 -31"><span class='ocrx_word' id='word_1_696' title='bbox 230 5508 292 5559; x_wconf 89' lang='lat' dir='ltr'>ad</span> <span class='ocrx_word' id='word_1_697' title='bbox 313 5504 487 5567; x_wconf 89' lang='lat' dir='ltr'>locum</span> <span class='ocrx_word' id='word_1_698' title='bbox 534 5516 832 5570; x_wconf 87' lang='lat' dir='ltr'>venerandi</span> <span class='ocrx_word' id='word_1_699' title='bbox 879 5517 1118 5588; x_wconf 88' lang='lat' dir='ltr'>sepulcri</span> <span class='ocrx_word' id='word_1_700' title='bbox 1152 5516 1481 5587; x_wconf 89' lang='lat' dir='ltr'>perducunt,</span> <span class='ocrx_word' id='word_1_701' title='bbox 1529 5533 1824 5586; x_wconf 88' lang='lat' dir='ltr'>campanas</span> 
     </span>
    </p>
   </div>
   <div class='ocr_carea' id='block_1_103' title="bbox 235 5597 1818 5669">
    <p class='ocr_par' dir='ltr' id='par_1_103' title="bbox 235 5597 1818 5669">
     <span class='ocr_line' id='line_1_103' title="bbox 235 5597 1818 5669; baseline 0.005 -18"><span class='ocrx_word' id='word_1_702' title='bbox 235 5597 461 5669; x_wconf 87' lang='lat' dir='ltr'>pulsant,</span> <span class='ocrx_word' id='word_1_703' title='bbox 505 5603 836 5658; x_wconf 65' lang='lat' dir='ltr'>laetabundis</span> <span class='ocrx_word' id='word_1_704' title='bbox 892 5608 1003 5661; x_wconf 89' lang='lat' dir='ltr'>Deo</span> <span class='ocrx_word' id='word_1_705' title='bbox 1034 5607 1226 5661; x_wconf 89' lang='lat' dir='ltr'>laudes</span> <span class='ocrx_word' id='word_1_706' title='bbox 1259 5607 1485 5662; x_wconf 86' lang='lat' dir='ltr'>vocibus</span> <span class='ocrx_word' id='word_1_707' title='bbox 1546 5609 1818 5662; x_wconf 84' lang='lat' dir='ltr'>intonant.</span> 
     </span>
    </p>
   </div>
   <div class='ocr_carea' id='block_1_104' title="bbox 236 5685 1822 5769">
    <p class='ocr_par' dir='ltr' id='par_1_104' title="bbox 236 5685 1822 5769">
     <span class='ocr_line' id='line_1_104' title="bbox 236 5685 1822 5769; baseline 0.008 -28"><span class='ocrx_word' id='word_1_708' title='bbox 236 5685 394 5757; x_wconf 81' lang='lat' dir='ltr'>Hujus</span> <span class='ocrx_word' id='word_1_709' title='bbox 422 5694 671 5750; x_wconf 90' lang='lat' dir='ltr'>miraculi</span> <span class='ocrx_word' id='word_1_710' title='bbox 701 5698 930 5764; x_wconf 89' lang='lat' dir='ltr'>permoti</span> <span class='ocrx_word' id='word_1_711' title='bbox 985 5698 1124 5752; x_wconf 86' lang='lat' dir='ltr'>fama</span> <span class='ocrx_word' id='word_1_712' title='bbox 1154 5698 1566 5769; x_wconf 88' lang='lat' dir='ltr'>quamplurimi,</span> <span class='ocrx_word' id='word_1_713' title='bbox 1598 5700 1822 5753; x_wconf 91' lang='lat' dir='ltr'>domum</span> 
     </span>
    </p>
   </div>
   <div class='ocr_carea' id='block_1_105' title="bbox 1920 4611 3533 4689">
    <p class='ocr_par' dir='ltr' id='par_1_105' title="bbox 1920 4611 3533 4689">
     <span class='ocr_line' id='line_1_105' title="bbox 1920 4611 3533 4689; baseline -0.007 -17"><span class='ocrx_word' id='word_1_714' title='bbox 1920 4618 2175 4689; x_wconf 77' lang='lat' dir='ltr'>precibus</span> <span class='ocrx_word' id='word_1_715' title='bbox 2238 4616 2449 4671; x_wconf 83' lang='lat' dir='ltr'>crebris</span> <span class='ocrx_word' id='word_1_716' title='bbox 2490 4615 2774 4678; x_wconf 85' lang='lat' dir='ltr'>insistens,</span> <span class='ocrx_word' id='word_1_717' title='bbox 2835 4611 3053 4665; x_wconf 89' lang='lat' dir='ltr'>debitas</span> <span class='ocrx_word' id='word_1_718' title='bbox 3084 4611 3404 4665; x_wconf 76' lang='lat' dir='ltr'>medicatori</span> <span class='ocrx_word' id='word_1_719' title='bbox 3432 4628 3533 4663; x_wconf 77' lang='lat' dir='ltr'>suo</span> 
     </span>
    </p>
   </div>
   <div class='ocr_carea' id='block_1_106' title="bbox 1917 4704 3536 4775">
    <p class='ocr_par' dir='ltr' id='par_1_106' title="bbox 1917 4704 3536 4775">
     <span class='ocr_line' id='line_1_106' title="bbox 1917 4704 3536 4775; baseline -0.006 -8"><span class='ocrx_word' id='word_1_720' title='bbox 1917 4712 2162 4767; x_wconf 89' lang='lat' dir='ltr'>celebrat</span> <span class='ocrx_word' id='word_1_721' title='bbox 2193 4710 2476 4774; x_wconf 80' lang='lat' dir='ltr'>excubias,</span> <span class='ocrx_word' id='word_1_722' title='bbox 2536 4724 2596 4761; x_wconf 89' lang='lat' dir='ltr'>ac</span> <span class='ocrx_word' id='word_1_723' title='bbox 2644 4705 2900 4761; x_wconf 79' lang='lat' dir='ltr'>salutaris</span> <span class='ocrx_word' id='word_1_724' title='bbox 2949 4704 3196 4775; x_wconf 88' lang='lat' dir='ltr'>quotidie</span> <span class='ocrx_word' id='word_1_725' title='bbox 3255 4704 3536 4758; x_wconf 79' lang='lat' dir='ltr'>libaminis</span> 
     </span>
    </p>
   </div>
   <div class='ocr_carea' id='block_1_107' title="bbox 1918 4800 2414 4856">
    <p class='ocr_par' dir='ltr' id='par_1_107' title="bbox 1918 4800 2414 4856">
     <span class='ocr_line' id='line_1_107' title="bbox 1918 4800 2414 4856; baseline -0.01 0"><span class='ocrx_word' id='word_1_726' title='bbox 1918 4801 2076 4856; x_wconf 85' lang='lat' dir='ltr'>offert</span> <span class='ocrx_word' id='word_1_727' title='bbox 2102 4800 2414 4853; x_wconf 86' lang='lat' dir='ltr'>oblationes</span> 
     </span>
    </p>
   </div>
   <div class='ocr_carea' id='block_1_108' title="bbox 1988 4882 3536 4957">
    <p class='ocr_par' dir='ltr' id='par_1_108' title="bbox 1988 4882 3536 4957">
     <span class='ocr_line' id='line_1_108' title="bbox 1988 4882 3536 4957; baseline -0.005 -13"><span class='ocrx_word' id='word_1_728' title='bbox 1988 4890 2107 4944; x_wconf 88' lang='lat' dir='ltr'>Fuit</span> <span class='ocrx_word' id='word_1_729' title='bbox 2136 4898 2315 4943; x_wconf 90' lang='lat' dir='ltr'>autem</span> <span class='ocrx_word' id='word_1_730' title='bbox 2352 4888 2537 4942; x_wconf 79' lang='lat' dir='ltr'>llemis</span> <span class='ocrx_word' id='word_1_731' title='bbox 2567 4888 2622 4941; x_wconf 91' lang='lat' dir='ltr'>in</span> <span class='ocrx_word' id='word_1_732' title='bbox 2653 4886 2876 4957; x_wconf 75' lang='lat' dir='ltr'>praefata</span> <span class='ocrx_word' id='word_1_733' title='bbox 2902 4884 2991 4938; x_wconf 86' lang='lat' dir='ltr'>Dei</span> <span class='ocrx_word' id='word_1_734' title='bbox 3035 4882 3328 4937; x_wconf 74' lang='lat' dir='ltr'>(lcnitricis</span> <span class='ocrx_word' id='word_1_735' title='bbox 3356 4885 3536 4937; x_wconf 77' lang='lat' dir='ltr'>cet-le-</span> 
     </span>
    </p>
   </div>
   <div class='ocr_carea' id='block_1_109' title="bbox 1919 4974 3535 5052">
    <p class='ocr_par' dir='ltr' id='par_1_109' title="bbox 1919 4974 3535 5052">
     <span class='ocr_line' id='line_1_109' title="bbox 1919 4974 3535 5052; baseline -0.006 -13"><span class='ocrx_word' id='word_1_736' title='bbox 1919 4985 2000 5039; x_wconf 91' lang='lat' dir='ltr'>sia</span> <span class='ocrx_word' id='word_1_737' title='bbox 2030 4999 2231 5052; x_wconf 90' lang='lat' dir='ltr'>corpus</span> <span class='ocrx_word' id='word_1_738' title='bbox 2291 4982 2425 5034; x_wconf 91' lang='lat' dir='ltr'>illud</span> <span class='ocrx_word' id='word_1_739' title='bbox 2482 4979 2910 5034; x_wconf 88' lang='lat' dir='ltr'>sacratissimum</span> <span class='ocrx_word' id='word_1_740' title='bbox 2963 4974 3269 5030; x_wconf 84' lang='lat' dir='ltr'>beatissimi</span> <span class='ocrx_word' id='word_1_741' title='bbox 3322 4976 3535 5044; x_wconf 87' lang='lat' dir='ltr'>patroni</span> 
     </span>
    </p>
   </div>
   <div class='ocr_carea' id='block_1_110' title="bbox 1923 5064 3539 5140">
    <p class='ocr_par' dir='ltr' id='par_1_110' title="bbox 1923 5064 3539 5140">
     <span class='ocr_line' id='line_1_110' title="bbox 1923 5064 3539 5140; baseline -0.007 -11"><span class='ocrx_word' id='word_1_742' title='bbox 1923 5072 2094 5129; x_wconf 87' lang='lat' dir='ltr'>nostri</span> <span class='ocrx_word' id='word_1_743' title='bbox 2121 5070 2352 5139; x_wconf 74' lang='lat' dir='ltr'>Remigii</span> <span class='ocrx_word' id='word_1_744' title='bbox 2382 5071 2512 5123; x_wconf 91' lang='lat' dir='ltr'>dum</span> <span class='ocrx_word' id='word_1_745' title='bbox 2547 5075 3002 5140; x_wconf 66' lang='lat' dir='ltr'>przememoratus</span> <span class='ocrx_word' id='word_1_746' title='bbox 3031 5064 3261 5119; x_wconf 87' lang='lat' dir='ltr'>antistes</span> <span class='ocrx_word' id='word_1_747' title='bbox 3301 5065 3539 5119; x_wconf 87' lang='lat' dir='ltr'>domnus</span> 
     </span>
    </p>
   </div>
   <div class='ocr_carea' id='block_1_111' title="bbox 1923 5153 3534 5229">
    <p class='ocr_par' dir='ltr' id='par_1_111' title="bbox 1923 5153 3534 5229">
     <span class='ocr_line' id='line_1_111' title="bbox 1923 5153 3534 5229; baseline -0.006 -14"><span class='ocrx_word' id='word_1_748' title='bbox 1923 5161 2085 5216; x_wconf 84' lang='lat' dir='ltr'>Fulco</span> <span class='ocrx_word' id='word_1_749' title='bbox 2118 5158 2445 5229; x_wconf 62' lang='lat' dir='ltr'>praesulatus</span> <span class='ocrx_word' id='word_1_750' title='bbox 2487 5157 2733 5227; x_wconf 87' lang='lat' dir='ltr'>fungitur</span> <span class='ocrx_word' id='word_1_751' title='bbox 2772 5156 2980 5221; x_wconf 83' lang='lat' dir='ltr'>officio,</span> <span class='ocrx_word' id='word_1_752' title='bbox 3022 5153 3235 5208; x_wconf 89' lang='lat' dir='ltr'>scilicet</span> <span class='ocrx_word' id='word_1_753' title='bbox 3266 5169 3442 5222; x_wconf 90' lang='lat' dir='ltr'>usque</span> <span class='ocrx_word' id='word_1_754' title='bbox 3465 5154 3534 5207; x_wconf 88' lang='lat' dir='ltr'>ad</span> 
     </span>
    </p>
   </div>
   <div class='ocr_carea' id='block_1_112' title="bbox 1926 5244 3536 5321">
    <p class='ocr_par' dir='ltr' id='par_1_112' title="bbox 1926 5244 3536 5321">
     <span class='ocr_line' id='line_1_112' title="bbox 1926 5244 3536 5321; baseline -0.004 -15"><span class='ocrx_word' id='word_1_755' title='bbox 1926 5252 2306 5321; x_wconf 80' lang='lat' dir='ltr'>episc0patum</span> <span class='ocrx_word' id='word_1_756' title='bbox 2329 5248 2664 5301; x_wconf 87' lang='lat' dir='ltr'>venerabilis</span> <span class='ocrx_word' id='word_1_757' title='bbox 2714 5247 2928 5301; x_wconf 82' lang='lat' dir='ltr'>Herivei</span> <span class='ocrx_word' id='word_1_758' title='bbox 2983 5244 3408 5314; x_wconf 85' lang='lat' dir='ltr'>archiepisc0pi,</span> <span class='ocrx_word' id='word_1_759' title='bbox 3441 5247 3536 5316; x_wconf 87' lang='lat' dir='ltr'>qui</span> 
     </span>
    </p>
   </div>
   <div class='ocr_carea' id='block_1_113' title="bbox 1927 5337 3540 5408">
    <p class='ocr_par' dir='ltr' id='par_1_113' title="bbox 1927 5337 3540 5408">
     <span class='ocr_line' id='line_1_113' title="bbox 1927 5337 3540 5408; baseline -0.002 -11"><span class='ocrx_word' id='word_1_760' title='bbox 1927 5349 2172 5397; x_wconf 84' lang='lat' dir='ltr'>cessante</span> <span class='ocrx_word' id='word_1_761' title='bbox 2202 5339 2661 5393; x_wconf 74' lang='lat' dir='ltr'>Nortmannorum</span> <span class='ocrx_word' id='word_1_762' title='bbox 2692 5339 3077 5408; x_wconf 89' lang='lat' dir='ltr'>persecutione</span> <span class='ocrx_word' id='word_1_763' title='bbox 3112 5344 3226 5405; x_wconf 82' lang='lat' dir='ltr'>(an.</span> <span class='ocrx_word' id='word_1_764' title='bbox 3259 5337 3405 5402; x_wconf 78' lang='lat' dir='ltr'>90l),</span> <span class='ocrx_word' id='word_1_765' title='bbox 3440 5355 3540 5408; x_wconf 91' lang='lat' dir='ltr'>per</span> 
     </span>
    </p>
   </div>
   <div class='ocr_carea' id='block_1_114' title="bbox 1926 5429 3535 5501">
    <p class='ocr_par' dir='ltr' id='par_1_114' title="bbox 1926 5429 3535 5501">
     <span class='ocr_line' id='line_1_114' title="bbox 1926 5429 3535 5501; baseline -0.002 -12"><span class='ocrx_word' id='word_1_766' title='bbox 1926 5434 2097 5489; x_wconf 90' lang='lat' dir='ltr'>solam</span> <span class='ocrx_word' id='word_1_767' title='bbox 2122 5431 2213 5485; x_wconf 83' lang='lat' dir='ltr'>Dei</span> <span class='ocrx_word' id='word_1_768' title='bbox 2244 5429 2592 5484; x_wconf 88' lang='lat' dir='ltr'>clementiam</span> <span class='ocrx_word' id='word_1_769' title='bbox 2626 5447 2759 5499; x_wconf 89' lang='lat' dir='ltr'>pace</span> <span class='ocrx_word' id='word_1_770' title='bbox 2777 5438 3120 5501; x_wconf 83' lang='lat' dir='ltr'>recuperata,</span> <span class='ocrx_word' id='word_1_771' title='bbox 3156 5445 3356 5483; x_wconf 76' lang='lat' dir='ltr'>manus</span> <span class='ocrx_word' id='word_1_772' title='bbox 3387 5429 3535 5485; x_wconf 88' lang='lat' dir='ltr'>idem</span> 
     </span>
    </p>
   </div>
   <div class='ocr_carea' id='block_1_115' title="bbox 1925 5519 3540 5591">
    <p class='ocr_par' dir='ltr' id='par_1_115' title="bbox 1925 5519 3540 5591">
     <span class='ocr_line' id='line_1_115' title="bbox 1925 5519 3540 5591; baseline -0.001 -16"><span class='ocrx_word' id='word_1_773' title='bbox 1925 5536 2226 5591; x_wconf 81' lang='lat' dir='ltr'>supernum</span> <span class='ocrx_word' id='word_1_774' title='bbox 2260 5519 2480 5590; x_wconf 87' lang='lat' dir='ltr'>propria</span> <span class='ocrx_word' id='word_1_775' title='bbox 2511 5520 2809 5588; x_wconf 70' lang='lat' dir='ltr'>sepulturas</span> <span class='ocrx_word' id='word_1_776' title='bbox 2842 5520 3017 5591; x_wconf 89' lang='lat' dir='ltr'>ipsius</span> <span class='ocrx_word' id='word_1_777' title='bbox 3058 5519 3262 5573; x_wconf 78' lang='lat' dir='ltr'>referre</span> <span class='ocrx_word' id='word_1_778' title='bbox 3294 5520 3540 5574; x_wconf 86' lang='lat' dir='ltr'>decrevit</span> 
     </span>
    </p>
   </div>
   <div class='ocr_carea' id='block_1_116' title="bbox 1927 5608 3537 5681">
    <p class='ocr_par' dir='ltr' id='par_1_116' title="bbox 1927 5608 3537 5681">
     <span class='ocr_line' id='line_1_116' title="bbox 1927 5608 3537 5681; baseline -0.002 -16"><span class='ocrx_word' id='word_1_779' title='bbox 1927 5612 2068 5665; x_wconf 86' lang='lat' dir='ltr'>intra</span> <span class='ocrx_word' id='word_1_780' title='bbox 2094 5609 2316 5664; x_wconf 80' lang='lat' dir='ltr'>moenia.</span> <span class='ocrx_word' id='word_1_781' title='bbox 2352 5608 2504 5670; x_wconf 89' lang='lat' dir='ltr'>Quod</span> <span class='ocrx_word' id='word_1_782' title='bbox 2541 5608 2670 5663; x_wconf 91' lang='lat' dir='ltr'>dum</span> <span class='ocrx_word' id='word_1_783' title='bbox 2690 5612 3005 5665; x_wconf 87' lang='lat' dir='ltr'>convocatis</span> <span class='ocrx_word' id='word_1_784' title='bbox 3022 5610 3354 5681; x_wconf 87' lang='lat' dir='ltr'>quibusdam</span> <span class='ocrx_word' id='word_1_785' title='bbox 3385 5609 3537 5680; x_wconf 84' lang='lat' dir='ltr'>regni</span> 
     </span>
    </p>
   </div>
   <div class='ocr_carea' id='block_1_117' title="bbox 1928 5702 3539 5772">
    <p class='ocr_par' dir='ltr' id='par_1_117' title="bbox 1928 5702 3539 5772">
     <span class='ocr_line' id='line_1_117' title="bbox 1928 5702 3539 5772; baseline -0.001 -17"><span class='ocrx_word' id='word_1_786' title='bbox 1928 5702 2251 5772; x_wconf 85' lang='lat' dir='ltr'>proceribus</span> <span class='ocrx_word' id='word_1_787' title='bbox 2295 5716 2463 5771; x_wconf 83' lang='lat' dir='ltr'>agere</span> <span class='ocrx_word' id='word_1_788' title='bbox 2519 5712 2838 5768; x_wconf 88' lang='lat' dir='ltr'>maturaret,</span> <span class='ocrx_word' id='word_1_789' title='bbox 2889 5705 3236 5759; x_wconf 87' lang='lat' dir='ltr'>accumulare</span> <span class='ocrx_word' id='word_1_790' title='bbox 3278 5703 3539 5757; x_wconf 89' lang='lat' dir='ltr'>Dominus</span> 
     </span>
    </p>
   </div>
  </div>
