3970 6212
163 352 231 406 85
860 340 1189 397 HISTORIA}
1228 341 1559 397 ECCLESl/E
1600 342 1925 398 REMENSIS
1968 343 2142 397 LIBRI
2183 344 2509 408 QUATUOR.
2536 376 2605 385 —
2646 346 2771 405 LIB.
2817 349 2833 401 Ι
3443 354 3513 407 86

181 481 519 542 flammatus,
546 473 665 528 fieri
698 471 957 529 studebat
994 474 1089 528 Dei
1118 475 1297 529 cultor
1322 474 1588 529 occultus.
1626 475 1797 543 Hujus
1826 484 1875 545 Α
1902 476 2106 531 vertice
2150 478 2284 531 dum
2298 477 2753 533 circumferentes
2771 480 3058 535 oculorum
3086 483 3367 550 aciem,de
3396 500 3513 540 mo-

188 568 358 641 igitur
391 562 622 637 angelici
654 562 833 616 cultus
862 561 1058 616 habuit
1088 563 1143 616 in
1192 563 1463 633 proximo,
1497 578 1607 634 quo
1636 580 1798 619 sana-

187 664 338 709 retur
360 652 657 716 medicum,
700 666 810 720 quo
835 651 1121 718 juvaretur
1149 658 1461 721 patronum,
1495 667 1605 723 quo
1634 652 1801 707 doce-

188 757 341 801 retur
366 746 712 819 magistrum,
766 731 1149 797 beatissimum
1188 744 1449 797 videlicet
1478 752 1687 814 patrem
1708 762 1798 799 re-

184 835 544 907 ligionissuae
599 831 934 905 Remigium.
984 830 1149 901 Cujus
1180 831 1417 901 piissimi
1440 834 1799 903 prteceptoris

184 924 480 979 irradiatus
513 921 805 990 exemplis,
831 920 1032 973 ardens
1060 918 1339 973 desiderio
1366 919 1653 986 virtutum,
1679 936 1799 975 cer-

180 1017 332 1071 tatim
366 1013 652 1069 crescebat
676 1012 732 1065 in
761 1011 943 1066 virum
978 1010 1309 1081 perfectum.
1331 1010 1555 1081 Copulze
1576 1014 1799 1083 nuptia-

182 1106 245 1158 lis
276 1119 434 1158 amor
463 1100 773 1163 amarescit,
809 1110 864 1153 et
893 1099 1161 1153 castitatis
1187 1098 1409 1153 dilectio
1440 1100 1792 1168 indulcescit,

179 1196 521 1251 desiderium
552 1191 831 1247 desiderio
887 1190 1255 1261 restringitur,
1315 1200 1370 1245 et
1408 1191 1572 1246 ardor
1613 1193 1793 1246 carnis

176 1288 373 1341 ardore
394 1285 622 1356 spiritus
652 1289 965 1353 superatur.
999 1280 1366 1333 Abrenuntiat
1395 1290 1603 1336 amator
1630 1282 1792 1351 pudi-

176 1379 321 1433 citiae
353 1377 587 1443 mundo,
619 1374 799 1429 fmdus
830 1374 1074 1427 initcum
1101 1372 1229 1425 Deo.
1259 1372 1467 1425 Bellum
1500 1373 1791 1427 continen-

177 1477 263 1521 tiae
294 1466 565 1520 indicitur
602 1463 771 1527 hosti,
816 1462 1082 1533 singulari
1133 1462 1284 1515 locus
1314 1460 1579 1531 quaeritur
1616 1471 1794 1516 certa-

174 1560 328 1615 mini.
360 1557 674 1627 Alloquitur
702 1556 901 1609 beatus
928 1553 1304 1608 Theodericus
1326 1568 1608 1623 sponsam,
1644 1562 1699 1609 et
1723 1555 1789 1608 ad

172 1647 361 1718 sponsi
380 1646 628 1701 coelestis
667 1645 915 1697 hortatur
941 1658 1182 1697 amorem
1217 1648 1661 1714 perpetuumque
1692 1660 1789 1713 pro

172 1743 492 1813 virginitate
516 1741 810 1811 pollicetur
833 1740 1121 1793 honorem.
1152 1739 1257 1794 Sed
1275 1755 1479 1809 sponsa
1499 1741 1790 1795 tabescens

171 1852 353 1890 amore
385 1834 626 1889 carnalis
653 1833 941 1897 desiderii,
1001 1830 1215 1901 spernit
1262 1832 1524 1887 salutaria
1575 1834 1785 1889 monita

1903 562 2130 615 nasterii
2152 566 2317 618 corde
2348 564 2594 619 volutant
2622 566 2918 636 positione,
2938 570 3124 625 subito
3144 571 3369 625 sublimi
3398 590 3511 629 cce-

1902 650 2077 705 lorum
2106 654 2343 708 mittitur
2403 654 2579 725 aliger
2625 655 2790 710 index
2837 673 2867 710 a
2917 658 3183 723 culmine,
3226 676 3326 730 per
3345 677 3509 732 quem

1900 739 2072 795 coelos
2100 757 2362 798 scansuro
2406 741 2564 797 locus
2591 743 2645 796 in
2680 746 2841 799 terris
2886 746 3052 802 beato
3092 748 3512 817 depromeretur

1900 832 2264 891 Theoderico.
2295 837 2427 890 Nam
2461 837 2723 907 mysticus
2747 837 2859 893 ales
2889 836 3075 910 aquila
3103 838 3507 913 spatiandogy-

1900 944 2026 983 rans
2052 939 2110 984 et
2129 913 2375 1002 gvrando
2396 930 2819 997 circumvolans,
2847 943 3117 1003 quantum
3146 933 3202 986 in
3235 934 3357 1005 ipso
3384 935 3508 1001 fuit,

1900 1024 2080 1077 locum
2115 1024 2435 1078 monasterii
2492 1039 2749 1093 capacem
2800 1040 2993 1078 secans
3023 1041 3149 1079 aera
3176 1025 3503 1099 designavit.

1898 1112 1959 1165 Et
1985 1122 2044 1165 ut
2076 1113 2389 1183 expressius
2454 1112 2770 1166 ostenderet
2823 1112 2957 1182 quid
2998 1113 3263 1167 Dominus
3320 1114 3505 1180 vellet,

1896 1200 2063 1254 unius
2098 1200 2212 1255 fere
2245 1202 2391 1255 horae
2422 1201 2621 1271 spatio,
2664 1218 2830 1271 supra
2860 1202 2956 1255 ubi
2989 1201 3225 1255 ecclesia
3263 1203 3505 1256 construi

1894 1289 2107 1353 debuit,
2144 1289 2310 1343 lentis
2341 1290 2615 1343 volatibus
2642 1289 2811 1355 stetit,
2838 1296 2891 1342 et
2920 1306 2991 1343 ne
3016 1290 3117 1343 hoc
3133 1289 3201 1343 ab
3242 1290 3507 1345 incredu-

1897 1383 1964 1436 lis
1995 1398 2121 1435 casu
2141 1382 2440 1453 contigisse
2459 1389 2765 1451 putaretur,
2784 1381 2903 1452 ipso
2933 1380 3130 1435 natalis
3146 1381 3367 1435 Domini
3394 1380 3504 1446 die,

1895 1474 2265 1546 quadriennio
2314 1474 2582 1529 continuo
2631 1474 3062 1544 supervolando,
3108 1473 3506 1527 monasterium

1893 1572 2212 1633 circumire,
2230 1567 2561 1623 mirantibus
2581 1568 2860 1638 plurimis,
2881 1569 3079 1621 eadem
3108 1568 3293 1639 aquila
3311 1582 3510 1621 cerne-

1894 1668 2078 1723 batur.
2110 1669 2238 1732 Quze
2266 1678 2395 1718 vero
2427 1663 2699 1716 virtutum
2758 1678 2926 1732 opera
2962 1670 3167 1733 quanta
3202 1663 3505 1717 miraculo-

1892 1774 2009 1812 rum
2033 1756 2198 1808 miles
2232 1752 2429 1807 Christi
2448 1750 2822 1805 Theodericus
2851 1751 2993 1805 inibi
3036 1752 3209 1823 gessit
3240 1752 3503 1825 insignia,

1893 1865 2001 1904 non
2022 1848 2295 1899 humanus
2323 1855 2505 1894 sermo
2526 1841 2669 1894 valet
2695 1856 2951 1893 enarrare
2976 1856 3075 1910 per
3094 1840 3331 1913 singula.

172 1926 380 1997 sponsi,
401 1933 460 1979 et
482 1940 666 1979 amaro
691 1924 876 1977 animo
898 1922 1216 1992 respondet,
1233 1922 1362 1976 dum
1388 1938 1447 1977 se
1469 1923 1781 1993 despectam

1964 1935 2094 1989 Post
2114 1944 2433 1986 successum
2458 1928 2701 1999 denique
2722 1930 3012 1999 temporis,
3047 1930 3141 1983 ubi
3162 1929 3511 1999 presbytera-

172 2020 334 2073 videt.
371 2018 625 2088 Cumque
680 2017 774 2070 Dei
821 2032 1013 2070 servus
1070 2024 1323 2070 cerneret
1372 2016 1521 2085 quod
1581 2015 1700 2082 ejus
1733 2015 1788 2068 in

171 2108 348 2162 animo
377 2122 602 2177 sponsae
656 2105 963 2160 cohortatio
1010 2106 1193 2159 locum
1246 2119 1356 2159 non
1397 2103 1643 2170 haberet,
1673 2105 1788 2159 dis-

171 2200 499 2254 sentientem
523 2198 750 2261 deserit,
784 2205 840 2251 et
859 2198 1053 2251 urbem
1082 2198 1411 2251 Remensem
1430 2197 1653 2268 prOprie
1686 2214 1785 2267 pe-

173 2298 304 2353 tens,
347 2288 693 2343 abbatissam
732 2287 1023 2358 quamdam
1074 2285 1292 2340 cmlibis
1320 2285 1445 2339 vitae
1474 2285 1784 2351 cultricem,

171 2380 382 2434 nomine
414 2379 751 2441 Susannam,
792 2376 1042 2447 requirit.
1106 2375 1333 2429 Sobrius
1371 2376 1487 2429 adit
1515 2376 1777 2437 sobriam,

170 2472 394 2539 pudicus
425 2470 718 2541 pudicam,
774 2469 931 2537 virgo
964 2468 1233 2534 virginem
1270 2485 1280 2520 :
1323 2482 1445 2539 qum
1478 2467 1580 2521 sub
1612 2468 1782 2522 tutela

168 2561 301 2614 beati
337 2560 579 2634 Remigii
600 2558 832 2629 puellari
868 2564 1101 2628 praeerat
1117 2556 1550 2631 congregationi,
1574 2556 1777 2611 femina

167 2652 327 2707 virilis
356 2653 560 2717 animi,
605 2652 791 2725 virago
842 2649 1100 2720 profundi
1161 2648 1405 2712 consilii,
1440 2648 1777 2704 consiliatrix

167 2742 361 2797 altioris
420 2742 665 2812 ingenii.
726 2741 803 2794 Ad
853 2741 1010 2808 cujus
1067 2740 1331 2810 piissimae
1366 2741 1576 2805 matris,
1625 2742 1781 2795 sinus

169 2834 489 2889 mitissimos
553 2842 774 2888 sanctus
821 2849 881 2886 se
932 2832 1165 2887 contulit
1222 2833 1596 2887 Theodoricus
1661 2835 1779 2889 solo

167 2924 411 2978 sternitur
519 2930 644 2976 ante
727 2922 895 2991 pedes
973 2922 1242 2991 spiritalis
1343 2923 1554 2987 matris,
1614 2924 1778 2995 eique

169 3018 334 3085 prodit
363 3032 581 3072 arcana
640 3015 739 3069 soli
781 3015 890 3069 Deo
939 3014 1159 3086 cognita
1210 3016 1295 3069 sui
1325 3016 1507 3070 cordis
1545 3033 1777 3082 ;erum-

172 3108 413 3175 pentibus
481 3105 744 3175 lacrymis
807 3104 1016 3178 gemitu
1069 3104 1477 3169 conturbatur,
1535 3106 1777 3179 singultu

176 3198 472 3251 concutitur
511 3238 525 3257 ,
607 3203 772 3266 atque
853 3194 1075 3249 salubre
1135 3196 1430 3250 consilium
1490 3197 1596 3251 sibi
1657 3214 1779 3251 cum

177 3285 407 3341 subsidio
468 3300 708 3356 precum
742 3283 981 3338 subnixe
1037 3283 1161 3338 ferri
1197 3296 1469 3355 precatur.
1505 3286 1581 3341 Ad
1632 3290 1779 3343 hunc

178 3377 918 3449 compunctionismmrorem
937 3376 1518 3445 devotissimijuvenis
1533 3396 1781 3435 commo-

179 3472 224 3519 ta
253 3476 378 3521 sunt
400 3468 622 3521 viscera
645 3465 1066 3537 benignissimae
1099 3466 1313 3532 matris,
1361 3466 1513 3522 ﬂenti
1547 3484 1777 3537 compa-

181 3556 317 3621 titur,
350 3556 634 3630 lugentem
679 3555 1015 3618 consolatur,
1051 3563 1373 3609 mmrentem
1440 3557 1700 3623 laetificat,
1730 3569 1784 3614 et

180 3656 370 3705 uteum
400 3650 513 3707 voti
542 3661 850 3720 compotem
894 3652 1077 3718 faciat,
1109 3653 1399 3708 Dominum
1433 3652 1657 3723 pietatis
1689 3668 1781 3705 cx-

180 3738 837 3811 orat.‘Communisitaque
867 3748 1023 3810 pater
1058 3742 1348 3811 utriusque
1385 3739 1686 3809 piissimus,
1712 3739 1781 3793 ab

181 3834 396 3900 utroque
426 3830 592 3884 simul
626 3830 729 3883 hac
776 3830 845 3883 de
896 3846 1059 3885 causa
1090 3840 1315 3885 sanctus
1341 3828 1646 3884 consulitur
1676 3830 1780 3883 Re-

180 3917 401 3989 migius:
434 3921 594 3987 cujus
650 3920 999 3975 institutione
1048 3920 1368 3975 sublimiter
1419 3920 1531 3987 jam
1586 3920 1782 3974 beatus

180 4006 469 4072 profecerat
500 4008 897 4064 Theodericus.
955 4010 1058 4063 Pro
1089 4024 1293 4079 sponsa
1332 4008 1574 4079 denique
1606 4008 1781 4063 mitti-

182 4103 509 4162 tur,a9ternaa
527 4099 821 4169 praemium
838 4097 1224 4152 retributionis
1247 4097 1302 4151 in
1323 4097 1636 4169 virginitate
1661 4112 1780 4167 per-

182 4188 555 4245 severantibus
580 4198 787 4258 apatre
826 4188 1031 4243 servari
1077 4190 1494 4243 demonstratur
1537 4187 1778 4257 :etquia

182 4276 454 4350 virginitas
480 4278 745 4351 angelicae
774 4288 931 4352 grata
945 4277 1230 4332 munditiae
1261 4277 1332 4331 sit
1358 4276 1554 4340 amica,
1581 4291 1779 4346 propa-

185 4366 331 4421 latur.
380 4371 699 4441 Acquiescit
741 4388 944 4442 sponsa
971 4373 1199 4427 demum
1229 4372 1646 4443 prudentissimi
1682 4388 1780 4442 pa-

184 4457 290 4523 tris,
318 4459 426 4515 imo
449 4462 838 4531 complectitur
866 4461 1141 4526 aﬁ‘amina,
1174 4462 1297 4516 vitae
1319 4463 1560 4517 cmlestis
1587 4463 1778 4517 dulce-

183 4545 301 4600 dine
326 4548 553 4613 mellita,
577 4566 811 4620 seseque
845 4549 1158 4620 pollicetur,
1186 4550 1230 4604 si
1252 4550 1464 4606 Christo
1479 4561 1772 4616 mereatur,

184 4634 474 4703 adhaerere,
526 4638 900 4709 incorruptam
931 4640 1080 4694 salva
1127 4640 1398 4710 pudicitia
1431 4658 1773 4712 permanere.

188 4719 348 4777 Laetus
368 4726 590 4780 tandem
618 4726 886 4781 castitatis
919 4728 1119 4782 decore
1152 4744 1390 4798 sponsus
1436 4730 1780 4801 amplexatur

183 4828 448 4883 sponsam,
478 4833 646 4887 quam
692 4820 842 4873 videt
874 4836 905 4873 a
935 4820 1220 4875 voluntate
1253 4822 1567 4877 seductoris
1605 4831 1659 4875 et
1685 4839 1783 4875 vo-

185 4900 378 4971 luptate
407 4908 591 4961 carnis
637 4916 908 4978 ereptam,
942 4911 1328 4982 conditorique
1355 4912 1468 4979 jam
1499 4912 1601 4966 sub
1638 4912 1784 4967 inte-

187 4990 387 5059 gritatis
408 4995 619 5050 honore
644 4999 1034 5069 mancipatam.

249 5078 507 5156 Dirigitur
535 5085 600 5138 ad
632 5088 1038 5156 providendum
1070 5089 1176 5143 sibi
1197 5090 1378 5144 locum
1424 5089 1783 5144 habitationis

189 5182 304 5222 cum
334 5171 547 5244 virgine
588 5174 762 5245 virgo,
826 5178 1075 5231 Susanna
1117 5194 1239 5232 cum
1295 5177 1655 5233 Theoderico.
1693 5178 1783 5233 Est

186 5257 365 5316 silvula
392 5264 447 5317 in
474 5274 661 5321 monte
682 5268 805 5333 sita,
842 5269 1064 5324 tribusa
1094 5270 1313 5324 civitate
1344 5270 1595 5324 millibus
1616 5286 1781 5341 sepa-

188 5356 309 5417 rata,
340 5350 396 5404 in
426 5368 538 5422 quo
561 5356 738 5409 visum
782 5368 867 5411 est
920 5357 1223 5412 venerabili
1252 5375 1472 5430 semper
1503 5362 1557 5415 in
1578 5360 1780 5415 divinis

186 5435 421 5510 flagranti
445 5446 587 5513 patri
608 5446 855 5519 ltemigio
876 5450 1121 5503 construi
1147 5450 1471 5505 coenobium
1506 5470 1518 5504 :
1543 5468 1652 5522 quo
1675 5452 1777 5505 sub

190 5527 255 5594 pii
312 5535 580 5605 regimine
629 5538 903 5607 ductoris,
959 5556 1122 5611 quem
1190 5541 1459 5612 prolicere
1510 5543 1780 5614 probabat

190 5625 425 5694 exemplo
476 5628 759 5695 virtutum,
818 5640 1094 5687 catervam
1163 5633 1380 5687 Christo
1426 5634 1778 5689 militantium

195 5712 465 5786 colligeret
495 5718 740 5775 fratrum.
767 5723 1085 5779 Conscenso
1104 5725 1347 5794 denique
1364 5726 1551 5782 silvosi
1582 5727 1784 5781 montis

1891 2025 1957 2078 lis
1981 2020 2154 2076 subiit
2185 2034 2329 2073 onus
2356 2017 2603 2081 honoris,
2641 2016 2875 2086 implere
2916 2018 3105 2071 volens
3135 2016 3379 2071 officium
3411 2031 3507 2068 sa-

1890 2111 2150 2174 cerdotis,
2182 2106 2480 2180 praedicare
2510 2108 2683 2173 coepit
2710 2103 3260 2177 omnibusprzecepta
3290 2105 3504 2159 salutis.

1888 2199 2212 2271 Specialiter
2259 2205 2443 2249 autem
2500 2192 2674 2265 tangit
2720 2192 2963 2246 animum
3023 2194 3283 2264 piissimze
3336 2192 3505 2261 prolis

1888 2286 2196 2343 charissimi
2226 2300 2357 2340 cura
2376 2282 2665 2357 genitoris.
2705 2281 2877 2334 Filius
2900 2282 3123 2352 sapiens
3152 2279 3392 2335 laetificat
3410 2296 3509 2349 pa-

1888 2392 2026 2436 trem
2060 2382 2237 2450 (Prov.
2270 2394 2323 2441 χ,
2359 2378 2432 2440 1),
2464 2374 2714 2444 coeloque
2743 2382 3030 2445 regenerat
3055 2382 3213 2427 terra;
3244 2388 3303 2427 se
3329 2387 3502 2447 gene-

1884 2480 2115 2525 rantem.
2152 2469 2224 2521 De
2250 2466 2465 2520 lubrico
2496 2464 2851 2528 monachum,
2894 2463 2961 2516 de
3016 2464 3229 2516 latrone
3255 2462 3502 2515 datorem

1883 2559 2278 2634 largissimum,
2303 2556 2369 2608 de
2397 2570 2557 2608 servo
2606 2552 2813 2605 diaboli
2838 2551 3034 2605 Christi
3060 2551 3187 2605 facit
3215 2550 3501 2604 libertum.

1880 2652 1997 2705 Jam
2026 2651 2249 2719 jamque
2276 2646 2479 2700 viritim
2514 2645 2581 2698 de
2601 2660 2667 2699 eo
2699 2653 2889 2698 sancta
2920 2660 3017 2714 per
3048 2642 3285 2712 populos
3317 2642 3501 2696 divul-

1882 2739 2115 2812 gabatur
2144 2736 2353 2806 opinio.
2391 2734 2455 2786 Et
2486 2732 2735 2786 neveluti
2769 2731 2996 2785 lucerna
3035 2738 3286 2784 contecta
3308 2730 3504 2784 lateret

1883 2826 1986 2881 sub
2010 2824 2215 2887 modio,
2247 2822 2346 2875 sed
2382 2822 2641 2875 omnibus
2674 2821 2728 2872 in
2745 2820 3061 2874 Deiluceret
3100 2819 3287 2886 domo,
3321 2836 3499 2889 quan-

1883 2931 1996 2975 tum
2046 2916 2302 2975 sublimis
2343 2922 2459 2968 erat
2508 2912 2737 2979 meritis,
2790 2922 2999 2967 tantum
3059 2914 3304 2968 coruscis
3336 2914 3504 2983 coepit

1880 3011 2116 3086 insignis
2147 3008 2409 3081 effulgere
2436 3008 2737 3062 miraculis.
2761 3007 2890 3075 Ejus
2912 3025 3152 3080 namque
3183 3007 3503 3063 beatissima

1881 3104 2025 3158 fama
2055 3110 2385 3173 pervenerat
2424 3116 2597 3171 usque
2651 3099 2719 3152 ad
2778 3099 3110 3156 Francorum
3154 3102 3301 3174 regis
3344 3100 3502 3171 pala-

1809 3171 1856 3237 C
1881 3194 1969 3259 tia,
1995 3171 2229 3263 quorum
2272 3205 2365 3242 rex
2389 3198 2518 3242 tunc
2567 3198 2682 3241 erat
2711 3188 3108 3255 Theodoricus,
3142 3171 3399 3244 Clo'dovei
3436 3188 3502 3241 fi-

1881 3285 2009 3347 lius,
2042 3282 2199 3349 cujus
2228 3280 2421 3333 oculus
2450 3280 2658 3334 doloris
2688 3279 2859 3333 subiti
2893 3280 3058 3334 nimis
3072 3281 3504 3336 cruciatibusita

1883 3381 2061 3435 fuerat
2088 3390 2406 3448 oppressus,
2463 3380 2520 3424 ut
2561 3368 2728 3423 nullis
2760 3370 2964 3423 diversi
2999 3371 3224 3443 generis
3253 3371 3502 3426 medica-

1880 3471 2125 3526 minibus
2153 3471 2220 3523 ad
2278 3467 2569 3521 sanitatem
2613 3464 2901 3535 pristinam
2943 3472 3129 3535 posset
3195 3465 3339 3519 ullus
3372 3479 3500 3517 eum

1884 3566 2152 3620 reducere
2181 3562 2448 3616 medicus.
2475 3560 2645 3614 Unius
2673 3559 2819 3613 oculi
2844 3559 3213 3629 lacrymabilis
3229 3560 3501 3632 aegritudo

1884 3658 2175 3713 multorum
2210 3656 2476 3725 lacrymas
2508 3661 2897 3723 provocaverat
2927 3654 2981 3706 in
3012 3654 3236 3723 populo.
3265 3655 3501 3708 Mentem

1887 3749 2031 3822 regis
2050 3749 2186 3803 varii
2218 3744 2552 3802 conturbant
2581 3741 2760 3797 exitus
2789 3743 2981 3797 cladis.
3018 3742 3152 3795 Hinc
3187 3749 3367 3795 metus
3398 3740 3504 3794 sti-

1883 3843 2053 3897 mulat
2103 3839 2391 3896 amittendi
2435 3837 2707 3901 luminis;
2756 3836 2909 3891 illinc
2950 3834 3291 3889 imminentis
3324 3833 3503 3904 pudor

1883 3936 2263 3991 deformitatis.
2298 3936 2429 3988 Nam
2459 3933 2504 3986 si
2562 3948 2655 3985 rex
2689 3930 2903 3985 adforet
2954 3930 3165 3995 luscus,
3198 3927 3499 3981 maximum

1884 4027 2078 4082 fuisset
2113 4025 2167 4078 in
2197 4026 2401 4095 populo
2457 4024 2719 4077 dedecus.
2775 4028 2868 4075 aut
2922 4019 3071 4074 enim
3122 4018 3374 4089 turpiter,
3406 4031 3497 4068 re-

1881 4118 2125 4194 gnando,
2159 4112 2419 4167 foeditatis
2451 4117 2690 4184 gestaret
2721 4108 3106 4178 Opprobrium,
3134 4115 3227 4162 aut
3257 4122 3380 4161 cum
3414 4105 3501 4159 lu-

1883 4212 2046 4265 minis
2066 4207 2364 4263 amissione
2415 4204 2555 4258 forte
2583 4199 2918 4271 perdidisset
2948 4205 3003 4252 et
3032 4212 3283 4267 regnum.
3324 4194 3497 4249 Unum

1881 4318 2012 4374 ergo
2042 4298 2284 4353 restabat
2302 4295 2411 4366 regi
2446 4293 2760 4357 consilium,
2795 4298 3067 4361 quatenus
3084 4287 3498 4343 ubiremedium

1883 4391 2134 4447 cessabat
2164 4389 2487 4453 humanum,
2529 4384 2776 4437 divinum
2801 4383 3180 4452 requireretur
3210 4379 3495 4435 auxilium.

1884 4484 2042 4540 Mittit
2074 4481 2241 4556 igitur
2269 4478 2337 4533 ad
2395 4475 2775 4533 venerabilem
2814 4472 3240 4537 Theodericum,
3281 4473 3369 4527 cui
3400 4489 3499 4528 ve-

1884 4573 2058 4629 nienti
2089 4569 2282 4642 pandit
2313 4565 2643 4621 miserabilis
2672 4564 2816 4618 oculi
2860 4563 3132 4617 morbum.
3171 4562 3495 4633 Proditpm-

1882 4682 2006 4721 nam
2040 4679 2202 4735 quam
2237 4660 2441 4731 patitur
2475 4675 2488 4723 ;
2525 4656 2791 4728 praevenit
2820 4654 3080 4724 precibus
3105 4654 3345 4724 pericula
3378 4672 3499 4726 qua:

1881 4761 2122 4809 veretur.
2154 4751 2217 4805 At
2255 4750 2337 4803 vir
2366 4747 2457 4802 Dei
2498 4746 2755 4801 virtutem
2790 4743 2974 4797 sciens
3003 4744 3344 4812 operationis
3377 4762 3496 4800 esse

1884 4843 2107 4905 divinae,
2141 4855 2251 4895 non
2282 4835 2591 4912 fragilitatis
2620 4844 2893 4897 humanae,
2918 4847 3120 4901 corpus
3140 4832 3257 4887 solo
3283 4834 3497 4900 sternit,

1886 4930 2127 4984 animum
2162 4944 2327 5000 supra
2367 4927 2538 4982 caelos
2559 4923 2740 4997 erigit,
2766 4919 3001 4976 orationi
3054 4936 3114 4975 se
3144 4928 3317 4976 totum
3350 4938 3502 4977 com-

1885 5021 2069 5076 mittit.
2124 5020 2367 5074 Tandem
2416 5016 2586 5070 linitis
2639 5030 2872 5088 surgens
2900 5010 3176 5082 precibus,
3214 5015 3281 5067 ad
3317 5013 3502 5069 sidera

1885 5115 2032 5169 vultu
2063 5112 2302 5175 sublato,
2356 5116 2559 5163 sanctae
2620 5105 2904 5162 Trinitatis
2958 5119 3157 5160 nomen
3214 5103 3496 5168 invocans,

1883 5206 1992 5261 olei
2019 5202 2344 5260 sanctificati
2375 5200 2659 5272 paululum
2714 5198 3013 5254 summitati
3044 5196 3261 5268 pollicis
3314 5197 3501 5253 infun-

1884 5294 2231 5358 dit,etoculo
2258 5289 2399 5344 male
2453 5286 2677 5341 habenti
2734 5288 2953 5361 signum
2993 5284 3292 5341 salutifera:
3322 5288 3499 5343 crucis

1882 5385 2221 5457 imprimens,
2255 5380 2415 5436 simul
2448 5396 2572 5434 cum
2600 5382 2861 5450 sospitate
2914 5380 3100 5433 lumen
3134 5379 3189 5432 in
3220 5389 3497 5435 momento

1881 5473 2141 5528 restituit.
2196 5474 2400 5543 Regem
2446 5485 2635 5542 regum
2674 5468 2988 5543 magnilicat
3023 5484 3115 5522 rex
3144 5469 3318 5534 laetus,
3351 5468 3502 5523 cele-

1886 5567 1968 5621 bri
1996 5567 2241 5639 repletur
2269 5566 2460 5621 ltetitia
2501 5565 2759 5637 populus,
2793 5564 3026 5617 exsultat
3056 5561 3266 5639 ingenti
3295 5561 3498 5632 gaudio

1885 5663 2117 5711 cunctus
2155 5665 2380 5711 senatus
2414 5654 2705 5721 ,laudatur
2765 5652 3133 5708 Theodericus
3158 5652 3249 5706 Dei
3283 5667 3495 5716 servus,

1885 5754 1939 5801 et
1965 5748 2303 5821 glorificatur
2351 5749 2417 5802 ab
2447 5745 2705 5802 omnibus
2763 5745 3032 5800 mirabilis
3060 5745 3115 5797 in
3153 5741 3359 5798 sanctis
3380 5742 3496 5794 suis
