3970 6218
470 310 537 363 87

1526 310 1951 364 FLODOARDUS
1992 310 2356 367 CANONICUS
2397 313 2739 371 REMENSIS.
3696 328 3750 381 88

476 439 634 493 Deus.
670 439 1009 494 Convocatur
1046 457 1074 493 a
1125 454 1253 513 rege
1304 439 1566 508 primates
1622 439 1830 508 populi,
1866 439 1935 494 de
1968 456 2084 492 ma-
2112 445 2159 509 Α
2190 441 2341 514 regni
2379 441 2709 500 Francorum
2767 446 3138 521 gubernante,
3190 446 3547 522 Angilrannus
3576 451 3752 508 aulico-

476 530 765 601 gnitudine
813 531 1264 605 congratulantur
1314 530 1585 595 miraculi,
1642 532 1790 601 quod
1839 539 1947 585 tam
1975 530 2084 585 cito

478 640 568 677 rex
590 624 823 677 senserit
853 624 1110 678 virtutem
1152 623 1418 692 spiritalis
1445 623 1855 689 medicamenti,
1890 635 1945 679 et
1988 624 2082 695 [ut]

478 710 682 766 nullius
710 712 979 768 cicatricis
1002 712 1253 783 vestigia,
1278 712 1484 767 nullius
1521 713 1793 785 caliginis,
1826 717 1908 770 vel
1929 716 2090 788 glau-

475 816 645 855 coma:
681 801 946 856 resideret
975 801 1027 855 in
1042 800 1377 856 oculosaluti
1407 801 1623 857 reddito
1654 804 1881 859 macula.
1901 805 2087 870 Quan-

476 890 544 943 tis
572 889 876 943 honoribus
907 906 998 945 rex
1036 890 1364 945 sublimaret
1397 890 1660 945 famulum
1683 892 1880 947 Christi
1914 893 1958 947 si
1980 894 2090 948 vel'

479 981 571 1042 let,
604 998 665 1033 ac
697 981 919 1051 quantis
939 979 1283 1044 muneribus,
1308 980 1391 1033 vel
1425 978 1793 1052 dignitatibus
1827 995 2090 1035 remune-

479 1077 635 1127 raret,
675 1069 719 1121 si
788 1076 1133 1138 contemptor
1178 1066 1299 1137 ipse
1355 1068 1689 1143 dignitatum
1720 1068 2084 1137 permitteret.

476 1157 614 1221 Quid
638 1156 786 1210 enim
807 1156 969 1212 oculo
1017 1156 1072 1209 in
1100 1171 1330 1227 corpore
1379 1156 1603 1211 charius
1637 1154 1665 1208 ?
1695 1156 1802 1211 Sed
1834 1159 2087 1213 humanm

480 1248 660 1303 laudis
682 1256 736 1303 et
758 1248 1053 1303 mundana:
1075 1247 1462 1304 retributionis
1502 1248 1712 1320 refuga,
1745 1250 1916 1322 gratis
1955 1251 2086 1307 dare

478 1338 671 1395 maluit
695 1339 842 1411 quod
872 1340 1041 1413 gratis
1070 1338 1285 1411 accepit
1320 1356 1333 1392 :
1363 1349 1526 1416 atque
1558 1341 1641 1395 vir
1670 1356 1881 1416 magna)
1905 1342 2085 1397 humi-

478 1428 670 1495 litatis,
705 1412 977 1484 sollieitus
1004 1428 1204 1504 neregi
1236 1412 1684 1497 foretunivocus,
1720 1412 1854 1502 petit
1894 1442 1949 1487 ut
1976 1448 2083 1488 non

475 1521 847 1576 Theodericus
900 1521 969 1575 de
1022 1531 1242 1588 caetero,
1301 1522 1436 1594 quin
1479 1531 1704 1578 vocetur
1752 1524 2080 1581 Theodorio.

477 1615 627 1670 Tunc
656 1632 747 1669 rex
787 1615 1087 1670 admiratus
1118 1614 1426 1686 purissimae
1455 1614 1823 1686 simplicitatis
1862 1615 2087 1673 humili-

2188 546 2305 588 rum
2327 531 2574 601 quidam,
2606 534 2926 591 traditionis
2957 537 3121 603 hujus
3152 535 3390 606 ignarus,
3423 553 3452 590 a
3483 552 3601 611 rege
3627 538 3749 595 Ven-

2188 629 2375 683 deram
2409 625 2516 681 sibi
2544 627 2785 697 postulat
2838 628 2977 682 dari.
3028 627 3183 694 Quod
3239 628 3335 683 ubi
3368 645 3461 683 rex
3488 631 3750 697 annuisset,

2190 716 2420 771 audiens
2448 714 3029 770 domnusllincmarus
3047 715 3263 785 praesul.
3299 715 3392 788 qui
3410 716 3589 771 sedem
3628 726 3752 774 tene-

2190 807 2285 861 bat
2315 805 2571 861 Eeclesiaa
2596 804 2904 867 Remensis,
2940 805 3082 859 hanc
3114 802 3352 860 inﬁscari
3374 804 3570 873 villam,
3589 808 3752 878 regalis

2194 896 2448 965 praecepti
2488 896 2732 950 chartam
2765 894 2821 947 in
2859 893 3114 949 Ecclesiae
3154 894 3318 962 hujus
3338 894 3556 950 archivo
3584 912 3746 967 reper-

2192 994 2321 1050 tam,
2375 987 2614 1050 dationis
2654 986 2885 1053 hujusce
2923 986 3120 1039 seriem
3177 984 3545 1041 continentem
3589 987 3751 1043 Karolo

2191 1076 2377 1145 mittit,
2408 1083 2462 1130 et
2511 1091 2580 1129 ne
2608 1082 2799 1129 contra
2845 1073 3023 1147 legem
3079 1074 3400 1130 canonicam
3453 1091 3535 1129 res
3562 1086 3755 1147 usurpet

2192 1165 2463 1231 Ecclesiae,
2490 1163 2965 1220 commonefacere
2994 1164 3211 1236 satagit.
3266 1164 3325 1218 In
3370 1181 3476 1237 quo
3518 1173 3755 1237 praecepto

2190 1253 2484 1310 manifeste
2520 1253 2722 1325 legitur
2767 1252 3048 1324 quomodo
3098 1268 3194 1307 rex
3243 1252 3621 1320 Theodericus,
3676 1269 3755 1325 pro

2189 1343 2610 1399 resuscitatione
2644 1340 2770 1397 filiae
2813 1340 2867 1393 S.
2922 1340 3247 1397 Theoderici
3273 1341 3527 1413 precibus
3544 1343 3753 1406 obtenta,

2188 1450 2295 1490 non
2327 1434 2503 1490 solum
2530 1439 2889 1505 prcenotatam
2915 1432 3208 1487 conferens
3232 1433 3283 1487 ei
3324 1432 3525 1499 villam,
3554 1436 3637 1491 Dei
3662 1451 3755 1490 ser-

2188 1544 2310 1583 vum
2361 1528 2444 1583 sui
2477 1526 2722 1582 muneris
2772 1526 2983 1580 honore
3014 1524 3336 1595 praetulerit,
3376 1526 3507 1598 quin
3535 1536 3585 1582 et
3608 1528 3752 1601 magi-

2187 1627 2320 1683 stro,
2351 1614 2806 1688 praestantissimo
2854 1613 3064 1669 scilicet
3116 1613 3393 1688 Remigio.
3414 1615 3498 1669 cui
3530 1614 3751 1670 Dominus

481 1714 667 1769 tatem,
701 1707 1050 1762 venerabiles
1071 1723 1266 1761 manus
1286 1707 1636 1773 deosculans,
1660 1706 1961 1762 sacerdotis
1988 1708 2087 1765 be-
2114 1748 2159 1814 Β
2190 1718 2395 1766 tantam
2455 1708 2686 1784 gratiam
2739 1707 3067 1772 contulerat,
3118 1715 3177 1761 ut
3234 1707 3399 1762 talem
3455 1707 3745 1778 discipulum

478 1796 848 1851 nedictionem
877 1798 1073 1854 devote
1104 1800 1366 1870 postulat,
1430 1808 1485 1855 et
1512 1816 1637 1855 eum
1681 1800 1987 1858 honorifice
2017 1803 2085 1856 ad
2115 1796 2159 1814 υ
2190 1800 2438 1866 haberet,
2472 1798 2567 1871 qui
2615 1796 2852 1868 Spiritus
2900 1797 3073 1853 sancti
3138 1798 3309 1859 dono.
3356 1800 3498 1854 sicut
3522 1807 3575 1854 et
3600 1798 3749 1869 magi-

477 1903 633 1941 suum
667 1885 868 1940 deduci
922 1888 1324 1943 monasterium
1389 1891 1633 1945 mandat.
1685 1892 1924 1958 Quantas
1956 1902 2089 1947 tunc
2188 1900 2322 1955 ster,
2383 1897 2629 1942 mortuos
2699 1886 3074 1953 resuscitaret,
3145 1887 3525 1943 beneficentiae
3586 1887 3748 1961 gratia,

476 1997 734 2036 cerneres
782 1981 848 2035 ad
907 1997 1032 2037 eum
1065 1982 1344 2037 confluere
1376 1981 1646 2037 debilium
1681 1984 2085 2046 multitudines,
2189 1981 2372 2035 villam
2401 1979 2706 2033 Venderam
2735 1977 3018 2033 obtulerit.
3056 1979 3177 2034 Haec
3204 1986 3267 2033 ut
3298 1979 3369 2035 ita
3397 1996 3456 2034 se
3485 1980 3684 2043 habere,
3703 1995 3755 2033 ex

478 2090 600 2145 quae
625 2075 749 2129 sine
780 2090 931 2130 mora
962 2074 1220 2147 (lumnas
1242 2090 1504 2145 recepere
1531 2075 1794 2130 sanitates
1822 2074 1835 2129 ι
2191 2069 2327 2139 ipsis
2349 2068 2660 2123 chartarum
2712 2067 3069 2123 monimentis
3111 2068 3517 2136 animadvertit,
3554 2085 3583 2123 a
3599 2083 3758 2139 perva-

550 2161 845 2233 Reperitur
875 2162 1037 2217 etiam
1085 2162 1295 2234 praefati
1338 2163 1486 2237 regis
1528 2160 1696 2216 filiam
1737 2162 1848 2216 vita
1890 2160 2090 2216 delun—
2190 2158 2345 2214 sione
2367 2158 2508 2213 villae
2559 2157 2794 2225 destitit,
2837 2167 2891 2213 et
2931 2156 3186 2213 Ecclesiae
3243 2159 3481 2232 prapriis
3519 2158 3671 2214 libere
3694 2160 3755 2213 uti

476 2262 621 2312 ctam
654 2255 976 2330 magniﬁcus
1025 2256 1116 2312 hic
1154 2255 1369 2312 Domini
1403 2269 1582 2326 prteco
1609 2254 1732 2310 vita:
1764 2253 2090 2311 reformasse
2193 2247 2462 2317 permisit.

477 2345 774 2416 spiraculo,
818 2362 917 2417 pro
973 2362 1081 2418 qua
1113 2346 1412 2420 languente
1446 2361 1539 2401 rex
1568 2345 1637 2400 ad
1668 2350 1921 2399 sanctum
1938 2344 2091 2400 dire-

477 2443 627 2489 xerat
658 2434 986 2511 Remigium,
1011 2445 1205 2505 petens
1229 2442 1290 2490 ut
1326 2434 1394 2489 ad
1418 2451 1477 2490 se
1505 2434 1741 2501 veniret,
1774 2441 1937 2506 atque
1963 2450 2088 2489 cum

479 2526 738 2597 precibus
775 2524 1063 2599 aegrotanti
1093 2522 1219 2580 ﬁlia:
1250 2541 1471 2580 manum
1506 2525 1837 2595 imponeret.
1868 2526 1933 2580 At
1968 2525 2090 2596 pius

478 2618 681 2689 przesul
714 2616 967 2672 molestia
1011 2617 1246 2687 quadam
1265 2619 1536 2688 corporis,
1578 2626 1638 2674 ut
1672 2618 1866 2685 fertur,
1891 2619 2091 2674 deten-

479 2717 582 2773 tus,
618 2706 781 2760 beato
801 2704 1160 2772 Theoderico,
1194 2721 1358 2777 quem
1378 2707 1469 2777 pie
1506 2717 1768 2780 casteque
1800 2711 2087 2774 nutrierat.

477 2802 530 2849 et
550 2792 892 2864 spiritalibus
948 2793 1215 2848 doctrinis
1254 2794 1606 2861 instruxerat,
1647 2812 1927 2869 quemque
1964 2816 2091 2873 gra-

477 2888 550 2942 tia
599 2886 944 2941 curationum
1003 2883 1273 2953 repletum
1306 2883 1572 2951 videbat,
1623 2886 1904 2959 negotium
1938 2890 2087 2959 quod
2188 2884 2478 2940 viduarum
2499 2885 2771 2956 perpetim
2804 2900 3047 2949 manere,
3073 2894 3133 2940 ut
3148 2886 3336 2943 adhuc
3357 2904 3569 2960 quoque
3588 2892 3757 2950 manet,

477 2975 787 3048 petebatur,
811 2981 871 3029 ut
920 2980 1076 3044 pater
1135 2970 1271 3040 filio,
1304 2974 1672 3028 commendat.
1704 2976 1804 3039 Qui
1842 2979 2086 3050 magistri
2188 2974 2519 3029 decrevisse.
2542 2974 2674 3028 Nam
2694 2973 2824 3028 dum
2846 2980 3066 3028 sanctus
3090 2973 3377 3048 Remigius
3406 2972 3754 3031 monasterium

467 3068 624 3136 jussa
662 3066 890 3136 cupiens
914 3067 1146 3122 solerter
1176 3064 1420 3136 explere,
1462 3063 1592 3117 dum
1640 3061 1873 3118 festinus
1895 3065 1999 3121 iter
2016 3070 2085 3123 ad
2121 3112 2163 3136 η
2187 3066 2363 3121 sancti
2392 3065 2714 3121 Theoderici
2745 3065 2994 3133 visitans,
3035 3082 3198 3121 secus
3249 3067 3625 3131 meretricium,
3651 3063 3761 3134 psal-

475 3156 738 3227 palatium
779 3158 923 3231 regis
942 3167 1152 3233 ageret,
1186 3158 1498 3213 adfuturam
1530 3156 1638 3211 sibi
1670 3156 1910 3211 divinam
1949 3175 2086 3217 con—
2118 3155 2306 3212 “mos
2335 3173 2457 3212 cum
2471 3158 2667 3213 eodem
2688 3157 3010 3213 charissimo
3030 3157 3312 3229 discipulo
3330 3175 3427 3215 suo
3453 3155 3754 3215 concinendo

473 3248 651 3304 fidens
690 3246 1041 3303 clementiam
1092 3250 1303 3306 nuntiis
1322 3253 1523 3326 accipit
1551 3256 1758 3313 abiisse
1803 3261 2081 3330 puelhm;
2187 3249 2465 3318 transiret,
2495 3266 2559 3305 ac
2579 3259 2769 3305 sancto
2800 3249 3140 3305 Theoderico
3180 3267 3290 3306 vox
3341 3252 3581 3307 faucibus
3600 3247 3759 3304 haesis-

475 3353 533 3399 et
574 3358 644 3397 ne
687 3341 902 3415 fatigari
942 3342 1160 3409 debeat,
1212 3346 1479 3404 suadetur
1515 3351 1794 3421 propriam
1835 3361 2076 3425 repetere

2186 3347 2290 3403 set,
2306 3336 2639 3410 iterumque,
2661 3338 2718 3392 in
2738 3338 3021 3393 redeundo
3073 3339 3309 3407 scilicet,
3335 3341 3480 3395 idem
3502 3340 3555 3394 in
3572 3338 3755 3402 eodem,

472 3433 686 3488 cellam.
720 3432 816 3487 llle
848 3447 976 3488 vero
1007 3435 1366 3505 prteceptoris
1423 3452 1616 3507 parere
1649 3455 1759 3495 non
1808 3441 2076 3498 desistens

2187 3444 2285 3482 ceu
2310 3439 2663 3495 memoratur,
2693 3430 2813 3485 loco
2845 3438 2899 3484 et
2928 3430 3201 3487 versiculo
3255 3432 3587 3506 contigisset,
3616 3428 3760 3484 admi-

473 3527 726 3598 impcrio,
771 3527 1022 3598 pervenit
1076 3527 1143 3582 ad
1185 3528 1451 3600 palatium
1516 3550 1532 3585 ε
1573 3547 1807 3589 man-ore
1826 3545 2085 3605 pax-emes
2192 3530 2341 3575 ratus
2362 3530 2520 3592 pater
2539 3523 2936 3582 sanctissimus.
2970 3532 3025 3580 et
3053 3524 3347 3597 requirens
3382 3542 3478 3581 cur
3502 3521 3764 3593 discipulus

468 3614 636 3683 affici,
676 3617 826 3671 luctu
859 3616 1135 3688 palatinos
1178 3618 1391 3675 invenir
1419 3621 1709 3692 comprimi
1760 3622 1873 3695 [αι
1896 3624 1947 3693 j,
1978 3640 2086 3696 ορ,
2190 3610 2364 3666 solers
2409 3612 2466 3667 in
2510 3613 2605 3667 Dei
2659 3612 2919 3669 laudibus
2973 3620 3164 3670 contra
3212 3631 3425 3671 morem
3455 3615 3762 3673 titubaverat,

470 3712 674 3783 primi].
706 3712 946 3776 Quorum
979 3710 1235 3783 lacrymis
1262 3720 1317 3765 et
1341 3710 1459 3782 ipse
1489 3720 1711 3768 sanctus
1738 3714 1833 3769 Dei
1868 3732 2088 3786 permo.
2190 3704 2390 3776 accipit
2416 3705 2606 3761 dolere
2637 3703 2863 3759 beatum
2894 3704 3074 3760 virum
3097 3704 3167 3759 de
3186 3706 3493 3760 animarum
3513 3701 3762 3774 dispendio

469 3809 576 3868 tus,
608 3801 795 3872 plures
808 3800 1070 3856 secedere
1092 3801 1364 3872 praecipit,
1386 3817 1510 3857 cum
1541 3802 1730 3874 paucis
1742 3802 1811 3859 ad
1828 3803 2076 3861 funebria

2188 3792 2549 3862 perditarum,
2584 3803 2639 3852 et
2670 3796 2733 3852 in
2756 3804 2867 3852 tam
2896 3796 3073 3852 sancti
3105 3796 3280 3867 patris
3309 3796 3527 3861 vicinia,
3551 3806 3649 3851 tam
3681 3793 3758 3848 fm-

468 3892 691 3949 resedit.
744 3891 847 3947 Cor
867 3900 923 3947 et
950 3890 1140 3947 oculos
1156 3891 1225 3945 ad
1256 3890 1456 3946 caelum
1479 3907 1604 3947 cum
1619 3892 1873 3950 manibus
1893 3903 2076 3951 exten-

2184 3883 2269 3938 das
2298 3884 2660 3956 turpitudinis
2688 3893 2839 3941 tanta
2869 3887 3094 3943 diabolo
3125 3903 3377 3944 crescere
3402 3889 3546 3944 lucra
3589 3886 3754 3954 Sicque

466 3984 566 4047 dit,
589 3985 817 4040 devotas
847 3983 902 4037 in
939 3981 1200 4038 cubiculo
1219 3985 1424 4039 mentis
1453 3984 1565 4041 Deo
1593 4003 1786 4058 preces
1808 4004 2076 4062 compun-

2182 3988 2506 4042 persuasum
2529 3976 2670 4046 patri
2696 3976 2968 4048 piissimo,
3024 3976 3305 4049 discipulo
3336 3984 3650 4054 suggerente
3676 3987 3755 4027 ca-

465 4072 686 4137 ctionis,
744 4070 1001 4143 perfusus
1048 4070 1243 4127 faciem
1304 4072 1575 4145 lacrymis_
1633 4073 1842 4130 eﬂ'udjL
1876 4077 1940 4132 Αι
1978 4079 2074 4135 ubi
2177 4064 2440 4130 stissimo,
2469 4064 2793 4121 subvertere
2853 4066 3085 4123 latibula
3134 4068 3364 4138 diaboli,
3423 4079 3476 4126 et
3526 4070 3746 4135 deceptas

465 4168 785 4225 exauditum
810 4184 869 4224 se
899 4168 1101 4240 ερίιιίω
1131 4167 1323 4235 gemit,
1355 4167 1425 4223 ad
1465 4167 1718 4224 exanime
1757 4185 1960 4243 οοιρυε
1981 4189 2073 4230 ac.
2174 4163 2340 4227 atque
2361 4156 2710 4229 decipientes
2733 4160 3015 4217 animasin
3028 4162 3412 4220 castimoniam
3433 4158 3745 4217 transducere

463 4262 778 4325 cedit,oleo
817 4269 1010 4317 sancto
1052 4276 1315 4315 sensuum
1348 4260 1466 4315 vias
1496 4276 1621 4316 cum
1670 4269 1813 4318 tactu
1856 4263 2074 4335 pollicis

2182 4252 2392 4307 Christi.
2420 4252 2613 4309 Multas
2668 4263 2936 4325 praeterea
2963 4263 3177 4311 constat
3228 4256 3489 4312 virtutum
3514 4267 3605 4323 per
3625 4251 3745 4304 hunc

462 4353 626 4408 illinit
655 4371 668 4408 :
700 4354 1018 4425 mirumque
1050 4352 1106 4406 in
1136 4353 1360 4408 modum
1392 4351 1642 4407 membra
1670 4364 1887 4412 mortua
1909 4357 1965 4413 in
1984 4375 2072 4415 re-

2182 4341 2393 4399 ﬁdelem
2449 4344 2547 4400 Dei
2590 4346 2856 4402 famulum
2910 4354 3153 4419 patratas
3197 4348 3561 4416 operationes.
3604 4337 3744 4397 Cascis

462 4438 643 4494 diviva
666 4450 991 4512 reparantur
1014 4440 1216 4497 ofﬁcia.
1241 4440 1395 4496 Oculi
1432 4434 1618 4496 lumen
1651 4442 1935 4513 hauriunt,
1967 4463 2068 4504 vox
2171 4447 2373 4502 nempe
2403 4432 2605 4499 Visum,
2651 4435 2835 4490 surdis
2873 4435 3149 4499 δυάίῐυῐην
3182 4435 3398 4491 dandis
3416 4448 3645 4509 gressum
3668 4441 3740 4481 ω’

459 4533 687 4589 admoto
740 4535 981 4606 pectoris
1033 4533 1277 4605 impulsu
1326 4534 1653 4605 prorumpit,
1708 4546 1763 4590 et
1803 4538 1987 4607 puella
2010 4557 2071 4597 se

2182 4528 2445 4590 staurans,
2476 4524 2660 4593 aridas
2700 4531 3125 4597 contractasque
3155 4541 3353 4580 manus
3382 4524 3632 4584 relaxans,
3650 4513 3738 4571 0b-

2261 2336 2515 2391 Traditur
2540 2334 2706 2405 hujus
2735 2333 2882 2389 beati
2913 2334 3014 2389 viri
3043 2339 3406 2410 suggestione
3442 2347 3644 2395 sanctus
3668 2339 3755 2394 Re-

2192 2422 2391 2494 migius
2437 2421 2819 2477 collectionem
2860 2423 3239 2490 meretricum,
3290 2443 3412 2499 qua:
3432 2428 3497 2482 ad
3526 2428 3575 2482 id
3611 2444 3754 2499 usque

2194 2514 2457 2583 temporis
2486 2511 2791 2585 prostibula
2822 2513 3155 2572 ferturextra
3168 2518 3448 2575 civitatem
3479 2520 3753 2586 retinuisse,

2192 2604 2475 2660 subversis
2491 2604 2819 2673 fornicibus,
2861 2605 2918 2660 in
2944 2606 3239 2663 viduarum
3274 2609 3619 2682 quadraginta
3643 2625 3755 2664 con-

2189 2699 2575 2771 gregationem
2632 2705 2976 2769 permutasse
3004 2740 3019 2765 ,
3066 2708 3436 2774 sumptusque
3478 2700 3756 2774 quotidiano

2189 2793 2356 2847 victui
2412 2782 2756 2848 necessarios
2809 2792 3131 2859 instituisse,
3166 2794 3461 2867 ipsumque
3512 2809 3757 2849 numerum

460 4621 608 4678 beati
638 4624 963 4682 Theoderici
1006 4627 1148 4684 votis
1200 4628 1472 4683 redditam
1529 4629 1725 4700 pandit
1750 4629 1934 4684 saluti.
1967 4633 2072 4687 Ac-

457 4724 686 4770 currunt
715 4713 996 4788 genitores
1025 4731 1149 4771 cum
1179 4716 1385 4789 gaudio
1417 4717 1742 4772 miraculum
1762 4726 2067 4791 stupentes;

455 4801 640 4859 omnis
654 4804 889 4860 exsultat
924 4805 1073 4873 aula,
1097 4804 1412 4875 tripudians
1452 4806 1668 4861 laetatur
1708 4806 1931 4864 familia.
1965 4812 2069 4867 Ve-

456 4901 682 4950 neratur
737 4907 978 4963 sanctus,
1030 4903 1141 4952 tam
1193 4912 1224 4948 a
1254 4911 1381 4967 rege
1425 4913 1588 4969 quam
1640 4915 1672 4953 a
1720 4901 2066 4971 proceribus,

451 4981 795 5060 glorificatur
823 5001 854 5039 a
884 4984 1143 5054 palatinis
1174 4984 1452 5040 omnibus.
1488 4986 1768 5046 Laudibus
1784 4989 2008 5048 effertur
2036 5010 2069 5050 a

453 5073 652 5129 turmis
672 5074 1010 5141 vulgaribus.
1028 5074 1142 5130 Rex
1165 5075 1351 5147 itaque
1373 5092 1485 5133 non
1514 5078 1691 5134 solum
1707 5080 2062 5152 discipulum,

451 5169 703 5219 sanctum
733 5161 947 5216 scilicet
1000 5163 1423 5233 Theodericum,
1454 5168 1552 5223 sed
1583 5177 1639 5223 et
1664 5170 1725 5225 Β.
1751 5169 2064 5244 Remigium

450 5253 689 5326 cupiens
715 5251 1111 5312 muniﬁcentiae
1139 5256 1439 5316 sublimare
1468 5261 1639 5331 dono,
1679 5262 1861 5318 villam
1894 5277 2060 5335 quam

449 5350 644 5405 dicunt
680 5346 986 5404 Venderam
1045 5352 1345 5425 [Vendier],
1383 5353 1544 5410 sitam
1601 5370 1769 5427 super
1830 5353 2057 5410 ﬂuvium

448 5439 768 5504 Maternam,
826 5441 1129 5499 reverendo
1186 5444 1329 5515 patri
1391 5444 1641 5519 Remigio
1676 5465 1693 5514 ;
1724 5447 2057 5524 Gaugiacum

446 5545 581 5589 vero
603 5528 660 5586 in
690 5547 832 5608 pago
882 5532 1174 5603 Remensi,
1243 5546 1520 5609 praecepto
1543 5555 1658 5595 suae
1691 5542 2051 5607 auctoritatis,

446 5630 639 5680 sancto
668 5627 900 5685 contulit
942 5628 1303 5685 Theoderico.
1354 5631 1617 5686 Processu
1646 5633 1892 5706 denique
1913 5641 2058 5690 tem-

447 5712 618 5791 poris,
648 5718 869 5789 Karolo,
929 5716 1188 5775 Ludovici
1249 5718 1602 5791 imperatoris
1656 5718 1792 5788 tilio,
1838 5728 2055 5792 sceptra

2172 4630 2356 4670 sessos
2385 4632 2415 4670 a
2436 4616 2783 4673 daemonibus
2836 4619 3102 4685 liberans,
3133 4617 3283 4673 mille
3304 4615 3537 4682 nocendi
3562 4613 3741 4667 Satanae

2172 4700 2392 4757 fraudes
2421 4720 2522 4774 per
2550 4704 2751 4761 divinae
2807 4705 3100 4762 medicinae
3132 4705 3449 4762 destruebat
3476 4696 3741 4774 oppositio-

2172 4809 2289 4849 nes.
2325 4795 2388 4850 Et
2418 4811 2608 4851 revera
2637 4797 2852 4854 felicem
2882 4799 3068 4874 gregis
3107 4798 3306 4854 Christi
3351 4799 3640 4858 ductorem,
3666 4785 3738 4844 cui

2169 4883 2357 4939 datum
2377 4891 2459 4941 est
2484 4893 2593 4941 tam
2651 4886 2981 4960 corporibus
3019 4904 3182 4960 quam
3209 4887 3499 4942 animabus
3523 4879 3739 4941 conferre

2167 4978 2400 5034 salutem
2434 4980 2446 5033 l
2478 4980 2859 5037 Perseveravit
2890 4989 3077 5038 autem
3117 4981 3173 5035 in
3198 4981 3295 5036 Dei
3324 4979 3575 5036 famulatu
3591 4984 3737 5042 usque

2166 5065 2223 5120 in
2254 5064 2444 5135 finem,
2468 5077 2524 5124 et
2552 5070 2703 5140 quod
2730 5085 2825 5126 ore
2851 5070 3043 5126 docuit
3067 5069 3336 5140 exemplis
3350 5056 3738 5123 evidentissimis

2165 5156 2581 5217 demonstravit.
2639 5164 2740 5229 Qui
2770 5175 2893 5236 post
2950 5165 3242 5220 multarum
3289 5163 3546 5219 virtutum
3597 5162 3737 5223 ορετα

2162 5263 2290 5323 post
2316 5255 2706 5313 miraculorum
2738 5257 3000 5331 insignia,
3013 5258 3162 5314 bono
3185 5254 3487 5313 certamine
3506 5248 3569 5304 ad
3586 5244 3734 5336 vieto:

2161 5342 2298 5397 riam
2336 5345 2625 5414 perducto,
2662 5346 2807 5402 felici
2849 5363 3013 5403 cursu
3037 5351 3443 5409 consummato,
3490 5334 3675 5396 sanctis
3691 5334 3733 5382 ei

2159 5432 2515 5492 obviautibus
2553 5436 2864 5507 spiritibus,
2926 5444 2982 5493 et
3031 5436 3340 5509 gaudenter
3383 5449 3504 5490 eum
3551 5419 3731 5497 angelis

2157 5521 2618 5592 suscipientibus,
2652 5527 2746 5583 die
2773 5528 3143 5584 Kalendarum
3161 5523 3430 5582 Juliarum
3459 5509 3731 5590 cumgloria

2161 5609 2416 5683 migravit
2435 5613 2505 5668 ad
2532 5614 2831 5673 Christum.
2864 5618 3031 5687 Cujus
3072 5616 3262 5672 audito
3301 5610 3526 5668 transitu
3555 5599 3730 5676 pretio—

2157 5701 2400 5773 sissimo,
2432 5708 2696 5777 praefatus
2716 5726 2807 5767 rex
2857 5709 3231 5768 Theodericus
3278 5707 3349 5763 ad
3375 5694 3727 5761 monasterium
