3970 6218
155 313 232 364 89
845 306 1165 361 HISTORIA}
1210 307 1546 362 Ethl.ESI;E
1589 311 1917 364 I'IEMENSIS
1959 311 2134 364 LIBRI
2177 309 2591 373 QUATUOR.—
2631 309 2752 362 LIB.
2799 310 2835 362 I.
3437 314 3506 363 tit)

161 453 414 509 prOpere
452 453 575 491 cum
608 452 803 508 magna
825 435 1370 502 venitmultitudine,
1396 437 1793 509 przerogatique
1819 445 1871 512 Α
1895 440 2103 511 quique
2134 438 2436 494 nobilitatis
2469 452 2725 507 pompam
2749 451 2847 506 pro
2880 435 3053 490 nihilo
3079 436 3308 498 ducens,
3341 437 3508 508 elegit

159 531 272 584 sibi
309 529 568 584 beneficii
597 544 832 594 memor,
889 529 986 583 sed
1020 536 1073 582 et
1133 529 1331 584 debitae
1373 531 1651 584 servitutis
1683 547 1791 585 non

162 625 484 684 immemor,
515 621 582 675 ad
640 621 905 675 tumulum
972 621 1273 675 beatissimi
1329 638 1531 692 corpus
1575 623 1793 678 abbatis

162 711 416 781 propriis
441 711 678 764 evehere
705 709 914 764 studuit
945 709 1211 764 humeris.
1247 711 1354 764 Nec
1374 712 1594 777 mirum,
1628 713 1674 765 si
1701 728 1790 766 rex

163 804 459 858 hominum
511 803 659 856 illius
712 803 961 857 membra
987 803 1301 857 condiderit
1357 806 1585 870 tumulo,
1637 807 1792 874 cujus

163 893 418 946 animam
450 909 570 946 cum
587 892 791 965 gaudio
823 891 932 946 Rex
956 892 1276 966 angelorum
1291 894 1531 962 suscepit
1559 895 1788 949 incuelo.

162 983 240 1033 Ad
273 983 440 1049 cujus
469 981 790 1034 venerabile
839 982 1156 1051 sepulcrum
1209 982 1396 1036 divina
1418 984 1592 1037 virtus
1622 1001 1791 1054 usque

165 1073 218 1125 in
253 1073 590 1126 hodiernum
647 1072 794 1125 diem
827 1072 1210 1126 multimodum
1270 1074 1528 1146 dignatur
1573 1078 1787 1146 Oper-ari

161 1161 432 1215 salutem.

238 1249 472 1304 Desidia
510 1239 661 1315 v‘ero,
690 1251 773 1304 vel
808 1251 1028 1306 raritate
1076 1252 1425 1323 scriptorum,
1455 1254 1684 1323 plurima
1715 1256 1789 1310 si-

164 1341 340 1394 lentio
372 1348 589 1395 constat
621 1342 872 1412 neglecta
922 1341 1207 1395 mirorum.
1241 1342 1347 1395 Nos
1381 1350 1561 1397 tamen
1593 1360 1783 1409 unum,

162 1433 312 1503 quod
350 1433 916 1502 nupcrcomperimus
933 1440 1137 1496 actum,
1166 1433 1509 1488 decrevimus
1543 1434 1793 1489 inseren-

165 1524 316 1576 dum.
361 1523 608 1587 Quadam
633 1522 876 1592 denique
900 1522 1266 1576 Sabbatorum
1289 1522 1399 1586 die,
1419 1523 1530 1588 jam
1561 1539 1795 1592 vespera

165 1611 388 1665 Domini
425 1610 538 1663 diei
563 1611 880 1674 accedente,
915 1612 1168 1681 quardam
1191 1612 1541 1680 paupercula,
1570 1612 1791 1666 nomine

167 1699 425 1755 Gillaidis
482 1699 545 1770 [j,
579 1699 878 1769 Gistaidis],
920 1718 982 1753 ex
1042 1701 1252 1754 familia
1291 1701 1464 1754 sancti
1523 1700 1788 1771 Dionysii,

1896 528 1951 581 in
1984 527 2416 582 sanctificatione
2451 527 2559 579 Deo
2579 525 2807 591 servire,
2850 524 3281 594 relinquensque
3317 524 3509 578 devios

1893 617 2184 681 anfractus,
2213 617 2354 670 viam
2387 615 2519 668 recti
2553 613 2706 668 callis
2734 612 2980 682 expetiit,
3042 613 3134 666 illa
3165 623 3388 666 secutus
3413 629 3509 665 ve-

1893 708 2076 782 stigia,
2109 725 2207 777 per
2237 723 2358 778 qua:
2386 706 2633 780 turgidos
2664 704 2855 757 mundi
2881 705 3079 757 fluctus
3113 704 3504 773 pertransiens,

1897 808 2222 867 properaret
2281 796 2348 848 ad
2381 794 2650 848 ctelestia.
2688 793 2970 866 Ingressus
3011 794 3197 862 itaque
3228 801 3506 845 monaste-

1897 885 2032 938 rium
2088 886 2144 938 Β.
2206 881 2554 947 Theoderici,
2609 881 2835 956 gloriam
2873 881 3030 947 hujus
3070 880 3254 933 saeculi
3283 880 3508 934 tradidit

1894 976 2183 1030 oblivioni.
2211 975 2650 1047 dignitatemque
2672 973 2929 1026 natalium
2949 988 3169 1025 suorum
3197 972 3506 1025 humilitate

1894 1067 2164 1136 despexit,
2199 1077 2253 1120 et
2285 1065 2488 1118 ultima:
2529 1063 2808 1117 servitutis
2839 1064 3123 1116 famulatui
3153 1081 3208 1115 se
3239 1063 3504 1135 subjuga-

1890 1161 1984 1224 vit,
2021 1160 2245 1212 humum
2280 1166 2457 1211 rastro
2490 1156 2727 1221 fodiens,
2759 1163 2813 1208 et
2846 1154 3007 1207 aratri
3047 1171 3265 1207 vomere
3300 1153 3508 1208 telluris

1893 1258 2041 1320 terga
2099 1249 2380 1313 scindens,
2438 1248 2573 1300 illud
2617 1246 3027 1317 psalmographi
3079 1245 3235 1298 factis
3278 1244 3507 1314 implere

1888 1352 2141 1414 satagens
2175 1362 2184 1393 :
2220 1342 2949 1394 Laberismanuumtuarum
2973 1340 3101 1406 quia
3135 1337 3504 1399 nuuuluculn's,

1897 1433 2080 1487 beatus
2119 1449 2169 1485 es
2222 1438 2267 1484 et
2328 1434 2454 1484 bene
2499 1432 2599 1484 tibi
2655 1435 2753 1483 crit
2808 1432 2954 1494 (ΡΜιὶ
3031 1445 3226 1492 cxxvn,
3291 1429 3363 1488 2,.
3403 1428 3509 1480 Iloc

1894 1531 2077 1574 autem
2111 1521 2435 1591 quotidiano
2468 1537 2567 1590 per
2622 1519 2817 1592 viginti
2874 1519 3011 1571 duos
3041 1532 3216 1570 annos
3249 1515 3512 1568 insistens

1895 1612 2072 1680 operi,
2106 1627 2228 1664 cum
2260 1611 2478 1663 duobus
2500 1611 2753 1678 juvencis
2786 1609 2850 1661 ad
2907 1610 3007 1662 hoc
3039 1609 3144 1660 sibi
3179 1608 3508 1672 commissis,

1897 1703 2063 1756 duros
2093 1711 2147 1755 et
2187 1703 2368 1773 varios
2398 1711 2704 1771 temporum
2735 1702 2960 1770 pertulit
2991 1700 3227 1752 invictus
3273 1699 3507 1753 labores.

164 1793 310 1844 villae
342 1790 527 1845 Cortis
565 1791 887 1862 superioris,
911 1794 1040 1846 dum
1076 1794 1275 1847 molam
1323 1810 1486 1847 manu
1533 1804 1788 1860 verteret,
1823 1767 1868 1832 Β
1899 1793 2052 1857 Quod
2082 1809 2211 1847 vero
2270 1793 2626 1846 n'imnorahile
2661 1793 2907 1856 traditur,
2951 1791 3118 1844 iidem
3156 1793 3376 1860 juvenci
3409 1809 3508 1844 nec

168 1879 530 1934 manubrium
561 1880 717 1934 molae
749 1881 919 1951 ipsius
969 1882 1189 1938 inhaesit
1219 1883 1477 1948 dexterae,
1522 1893 1579 1937 ut
1607 1884 1791 1937 divelli

169 1975 355 2038 posset
378 1985 408 2020 a
457 1969 697 2022 nemine.
729 1969 966 2023 Tandem
1003 1971 1160 2025 molae
1184 1973 1534 2026 manubrium
1559 1990 1623 2025 ex
1654 1981 1796 2026 utra-

169 2078 274 2132 que
307 2069 476 2132 parte
507 2061 1043 2116 manusabscindere
1066 2063 1302 2134 cogitur,
1325 2063 1586 2117 indicium
1605 2065 1798 2118 nolens

167 2169 352 2207 secum
385 2152 614 2207 deferre
636 2153 1185 2224 miserabilisOperze.
1214 2158 1277 2209 At
1294 2156 1486 2210 salutis
1508 2173 1620 2210 suae
1639 2157 1795 2210 solli-

165 2245 288 2309 cita,
322 2245 599 2317 quoniam
631 2247 686 2298 Β.
725 2247 968 2316 Dionysii
1002 2256 1130 2302 tunc
1161 2249 1344 2303 Remis
1375 2251 1445 2304 ob
1482 2249 1794 2303 infestatio-

166 2354 284 2390 nem
307 2354 663 2410 paganorum
678 2339 1042 2394 servabantur
1061 2341 1328 2402 membra,
1348 2342 1518 2396 veloci
1539 2342 1792 2414 ingressu

163 2426 226 2480 ad
243 2427 434 2495 ejusde
459 2443 508 2480 m
533 2428 705 2482 sancti
723 2428 977 2499 martyris
999 2430 1204 2483 domini
1223 2429 1307 2483 sui
1333 2431 1794 2484 contenditacce-

170 2519 583 2594 derepiguora.
627 2519 961 2574 Perveniens
1007 2537 1159 2593 ergo,
1191 2538 1314 2575 cum
1360 2538 1556 2594 magno
1602 2522 1792 2576 timore

173 2623 230 2661 ac
261 2608 575 2663 reverentia
596 2608 714 2663 solo
747 2610 1023 2679 prolapsa,
1059 2609 1440 2664 liberationem
1465 2611 1793 2680 deprecatur

176 2712 202 2747 a
232 2705 390 2753 tantm
425 2697 781 2753 confusionis
813 2698 1055 2752 miseria.
1104 2700 1159 2752 Id
1216 2716 1338 2753 cum
1371 2699 1460 2752 die
1491 2700 1792 2770 peregisset

172 2802 228 2840 ac
266 2798 445 2855 nocte,
502 2787 811 2840 remedium
863 2788 990 2840 inde
1025 2803 1133 2841 non
1183 2788 1485 2858 desperans
1515 2789 1789 2858 accipere,

171 2876 417 2945 apparuit
433 2877 491 2929 in
515 2876 728 2928 somnis
746 2876 792 2929 ei
817 2875 1038 2946 quidam
1059 2875 1301 2930 clericali
1329 2875 1514 2929 habitu
1533 2884 1682 2930 veste
1706 2877 1792 2929 in-

172 2964 327 3018 dutus
353 2965 616 3030 candida,
649 2964 1064 3031 f'acisjucunda,
1091 2964 1292 3033 capillo
1309 2965 1607 3019 admodum
1639 2967 1788 3033 albo,

170 3056 308 3110 vultu
337 3055 1176 3128 paulispermacilento,dicens
1205 3056 1282 3108 illi
1309 3074 1320 3108 :
1356 3058 1525 3124 Surge
1557 3059 1701 3123 hinc,
1736 3065 1790 3111 et

1895 1893 2076 1949 mtatc,
2103 1901 2204 1939 nec
2233 1885 2560 1938 lassitudine
2584 1884 2937 1937 deficientes:
2961 1885 3107 1954 quod
3132 1884 3223 1936 alii
3260 1885 3508 1938 ruricola:

1895 1995 2018 2032 cum
2042 1985 2297 2047 quatuor,
2315 1977 2397 2030 vel
2420 1993 2532 2038 sex,
2568 1986 2660 2030 aut
2690 1987 2813 2030 octo
2835 1976 2920 2028 vix
2943 1984 3194 2045 poterant
3221 1977 3505 2046 perficere,

1900 2071 1987 2124 hic
2047 2087 2170 2124 cum
2228 2070 2444 2124 duobus
2498 2069 2916 2142 inf‘atigabiliter
2956 2070 3212 2138 explebat
3267 2069 3508 2139 Cumque

1901 2157 2183 2225 paululum
2218 2167 2458 2211 cessaret
2487 2158 2555 2210 ab
2589 2169 2787 2222 aratro,
2837 2175 3048 2211 rursum
3083 2159 3339 2211 studebat
3374 2157 3509 2210 insi-

1897 2255 2042 2300 stere
2067 2258 2258 2302 rastro.
2310 2250 2654 2318 Stupendum
2716 2265 2937 2319 quoque
2985 2251 3164 2314 valde,
3199 2251 3344 2319 quod
3387 2266 3509 2304 cum

1896 2345 2006 2389 tam
2039 2337 2175 2390 duro
2202 2336 2425 2390 servitio
2485 2338 2728 2391 intentus
2785 2347 2944 2399 esset,
2984 2355 3083 2391 nec
3114 2338 3397 2401 deficeret,
3441 2338 3509 2391 ab

1896 2439 2026 2497 agro
2059 2424 2279 2477 rediens
2311 2441 2470 2478 unam
2514 2442 2660 2494 saepe
2711 2434 2948 2490 noctem,
3000 2425 3320 2497 frequenter
3375 2428 3512 2481 duas

1896 2519 2128 2591 pervigil
2160 2520 2508 2590 hymnorum,
2553 2521 3001 2590 psalmoruinque
3060 2522 3316 2576 laudibus
3343 2521 3513 2575 tradi-

1898 2617 1986 2661 tur
2019 2609 2290 2663 excubare
2319 2610 2531 2664 solitus.

1969 2702 2210 2764 Quadam
2244 2703 2484 2774 denique
2541 2704 2652 2769 die,
2709 2705 2836 2757 dum
2873 2703 3076 2758 laboris
3107 2703 3510 2758 intermittendi
3547 2719 3550 2726 '

1898 2798 2143 2861 tempore
2185 2791 2407 2846 domum
2445 2795 2720 2848 rediturus
2751 2796 2818 2848 ab
2855 2793 3190 2866 agricultura
3222 2801 3510 2852 cessasset,

1896 2884 2287 2937 monasterium
2338 2887 2606 2955 repetenti
2639 2887 2950 2956 quodlibet,
2986 2903 3125 2955 Opus
3168 2884 3510 2938 emendandi

1894 2972 2056 3025 aratri
2092 2973 2652 3047 accidit,virgamque
2707 2975 2915 3028 stimuli
2960 2975 3134 3046 figens
3193 2977 3241 3030 in
3288 2983 3509 3037 terram,

1893 3072 2115 3125 domum
2149 3085 2257 3140 quo
2292 3070 2574 3132 tendebat,
2620 3069 2907 3122 immemor
2938 3070 3189 3135 ejusdem
3219 3070 3376 3132 forte,
3405 3067 3512 3120 imo

173 3151 645 3204 vadeadsanctum
671 3151 1790 3220 Theodericum;quiasemmdu/‘eria,qua:
1821 3136 1969 3213 Csic
2001 3136 2186 3213 (timui
2234 3159 2507 3228 disposuit,
2547 3158 2664 3211 ﬁeri
2725 3160 3052 3219 moderatio,
3099 3157 3367 3227 ρριηγρηίι,
3414 3156 3512 3208 Mi-

177 3246 244 3294 est
253 3247 369 3310 post
391 3258 515 3296 cras
527 3281 540 3306 ,
566 3243 738 3310 ipsius
751 3244 852 3294 erit
872 3243 973 3308 fest
984 3243 1144 3294 ivitus
1158 3242 1498 3307 celebranda,
1526 3247 1573 3295 et
1598 3260 1622 3294 ι’
1633 3244 1716 3294 [rte
1728 3259 1791 3296 ne

178 3333 382 3387 indomo
394 3335 444 3402 ej
449 3351 514 3388 us
531 3349 801 3402 appareas
821 3350 1008 3396 vacua;
1025 3335 1118 3387 sed
1129 3337 1677 3404 accipecerum,preut
1693 3336 1794 3388 tibi

179 3422 245 3472 ad
266 3438 500 3489 prcesens
528 3425 762 3491 suppetit
791 3423 1117 3488 fac-ultas,th
1146 3425 1222 3475 sic
1247 3425 1601 3476 uilcccbzsium
1621 3426 1795 3490 ipsius

177 3517 398 3576 perge,et
413 3514 566 3565 illius
581 3511 725 3580 quod
737 3511 991 3580 implorus
1005 3513 1264 3565 obtinebis
1286 3515 1690 3566 interventiene.
1705 3511 1797 3565 Illa

187 3616 299 3654 mox
328 3604 622 3678 cvigilans,
676 3605 777 3658 hac
831 3605 899 3658 de
963 3605 1176 3660 visione
1232 3603 1561 3675 stupefacta,
1592 3612 1710 3657 orat
1733 3619 1796 3655 ex

183 3691 450 3748 voluntate
484 3693 584 3746 Dei
635 3692 740 3746 sibi
798 3692 1109 3748 confirmari
1162 3694 1300 3759 visa,
1343 3701 1549 3747 etcum
1588 3691 1789 3765 gaudio

184 3775 389 3836 festinat
449 3799 720 3854 peragere
761 3784 931 3851 jussa.
991 3784 1147 3837 Venit
1207 3784 1372 3856 igitur
1399 3783 1466 3837 ad
1498 3781 1789 3836 ecclesiam

183 3868 363 3934 sancti,
409 3871 746 3925 venerandae
800 3871 1168 3928 solemnitatis
1220 3872 1331 3937 die,
1380 3871 1527 3925 beati
1578 3869 1791 3924 scilicet

183 3954 512 4025 Theoderici,
550 3969 658 4014 tres
688 3961 1065 4015 hebdomadas
1107 3961 1316 4014 habens
1345 3975 1409 4014 ex
1451 3975 1560 4030 quo
1585 3959 1637 4012 id
1667 3958 1787 4012 dis-

187 4044 419 4102 criminis
448 4049 730 4104 acciderat
759 4049 1025 4104 illi.Tunc
1055 4066 1114 4104 se
1143 4058 1268 4104 ante
1283 4051 1598 4121 sepulcrum
1620 4051 1793 4122 ipsius

187 4151 298 4189 cum
331 4139 584 4210 lacrymis
622 4150 895 4207 sternens,
923 4158 1021 4214 pro
1053 4142 1227 4197 salute
1265 4160 1362 4198 sua
1385 4160 1576 4214 preces
1605 4144 1790 4199 effun-

191 4223 263 4277 dit
293 4243 305 4289 ;
339 4228 530 4300 ibique
566 4237 676 4284 tota
711 4240 870 4286 nocte
907 4248 1268 4302 perseverans
1298 4231 1353 4286 in
1386 4233 1661 4300 oratione,
1695 4250 1794 4288 ve-

193 4316 328 4370 niam
360 4320 425 4372 dc
453 4321 684 4390 piaculis
713 4323 829 4376 suis
871 4324 1156 4378 humiliter
1189 4341 1251 4380 ac
1283 4325 1520 4382 fidenter
1559 4331 1654 4402 [ms
1687 4374 1700 4399 ,
1725 4333 1796 4385 fi-

1895 3247 2068 3300 rabile
2099 3247 2269 3310 dictu,
2303 3246 2496 3314 Spinea
2527 3245 2678 3315 virga
2726 3248 2829 3298 sub
2874 3255 3032 3299 nocte
3067 3245 3280 3297 radices
3310 3245 3362 3296 in
3405 3254 3514 3295 ter-

1904 3352 2018 3389 ram
2049 3335 2220 3399 dedit,
2253 3343 2303 3387 et
2340 3351 2520 3399 mane,
2580 3350 2702 3385 cum
2761 3335 2824 3386 ad
2857 3342 3181 3387 consuetum
3217 3335 3411 3386 beatus
3434 3335 3517 3387 vir

1899 3444 2041 3498 opus
2074 3427 2474 3496 rediret,atque
2507 3442 2790 3479 resumere
2809 3427 2994 3490 vellet,
3020 3436 3328 3499 turgentem
3365 3427 3517 3480 fron-

1899 3519 2062 3571 dibus
2090 3516 2317 3571 invenit.
2345 3521 2471 3580 Quae
2495 3515 2731 3585 plurimo
2767 3523 3032 3582 tempore,
3069 3516 3399 3568 cumulando
3427 3530 3518 3569 ro-

1900 3609 2022 3674 bur,
2051 3609 2102 3660 in
2137 3608 2412 3661 excelsum
2471 3605 2661 3669 crevit,
2709 3616 2761 3658 et
2821 3606 3020 3658 factum
3073 3608 3259 3659 multis
3292 3605 3514 3673 enituit,

1901 3698 2079 3752 donec
2108 3696 2208 3749 iter
2238 3711 2407 3768 agens
2434 3696 2656 3767 quidam
2688 3711 2849 3765 poena
2878 3696 3226 3764 plectendas,
3260 3695 3514 3751 eamdem

1903 3790 2200 3850 abscindit,
2236 3792 2631 3861 oculorumque
2651 3789 2755 3843 sibi
2791 3789 2996 3843 lumine
3025 3806 3147 3841 cum
3172 3787 3516 3843 abscissione

1906 3884 2108 3954 pariter
2134 3883 2414 3954 adempto,
2451 3884 2616 3957 juges
2649 3883 2874 3937 incurrit
2908 3882 3182 3936 tenebras.

1967 3977 2091 4043 Ejus
2121 3987 2242 4046 post
2276 3977 2391 4031 haec
2414 3986 2650 4030 aratrum
2682 3993 2712 4029 a
2744 3976 3000 4029 fidelibus
3034 3976 3086 4028 in
3111 3975 3344 4030 ecclesia
3373 3972 3518 4029 villa:

1894 4065 2208 4120 Colubrosm
2259 4082 2612 4135 suspensum,
2644 4065 2741 4130 ibi,
2792 4067 2968 4120 donec
2999 4067 3249 4118 eamdem
3289 4062 3518 4118 inimico

1903 4155 2225 4225 impellente
2276 4171 2440 4209 vorax
2497 4153 2715 4208 flamma
2755 4155 3017 4209 cremavit
3050 4156 3354 4219 basilicam,
3393 4170 3520 4223 per-

1902 4242 2122 4296 mansit.
2154 4243 2227 4296 De
2278 4258 2386 4312 quo
2418 4242 2672 4314 quisquis
2731 4244 2978 4298 dolorem
3006 4243 3252 4296 dentium
3296 4241 3515 4314 patiens

1901 4331 2172 4384 hastulam
2212 4332 2571 4402 praecidisset,
2630 4350 2691 4386 ac
2749 4334 2816 4386 de
2875 4335 2993 4388 loco
3055 4335 3262 4388 doloris
3321 4350 3514 4403 parum

191 4406 394 4481 deliter]
429 4415 695 4484 exposcit.
733 4416 981 4488 Dumque
1007 4418 1189 4472 adhuc
1215 4430 1342 4474 ante
1375 4423 1791 4492 tumbamjace-
1824 4425 2189 4524 Dsanguinis
2239 4425 2410 4479 ﬂuere
2467 4425 2708 4491 fecisset,
2750 4426 2929 4480 statim
2992 4427 3261 4481 medelam
3320 4429 3515 4483 salutis

193 4507 261 4524 ..ΑΙ
305 4502 442 4524 |-,-,..,'
533 4523 539 4524 ,
601 4511 610 4524 ι
779 4510 788 4518 -
857 4510 907 4524 nl
967 4513 976 4522 ο
1017 4512 1048 4524 ,ο
1138 4513 1169 4524 ,ι
1217 4513 1226 4522 ο
1339 4513 1348 4523 σ
1399 4515 1408 4524 .
1519 4523 1524 4524 ,
1723 4516 1731 4524 .
2277 4516 2285 4524 .
2409 4516 2417 4524 .
2449 4516 2501 4524 ...-
2619 4515 2629 4524 ι
2683 4514 2730 4524 ,ιι
2886 4515 2896 4524 ι
2931 4516 2939 4524 .
3143 4516 3151 4524 .

193 4507 266 4554 ret
304 4502 443 4560 beati
489 4510 824 4564 confessoris
854 4510 1072 4574 Christi,
1118 4513 1305 4567 divina
1330 4513 1566 4582 jubente
1598 4516 1790 4587 gratia,

194 4591 751 4653 perintercessionem
805 4601 982 4654 sancti
1038 4603 1206 4672 caapit
1261 4620 1452 4658 manus
1498 4604 1795 4675 ipsiusfe—

195 4677 346 4735 minae
374 4686 633 4752 paulatim
668 4705 698 4741 a
729 4688 878 4763 ligno
930 4690 1194 4764 disjungi,
1233 4702 1286 4745 et
1325 4693 1534 4764 absque
1568 4693 1795 4747 laesione

192 4767 477 4833 culuslibet
517 4777 724 4833 doloris
753 4781 982 4850 aperiri.
1038 4782 1238 4854 Sicque
1297 4783 1426 4837 dein
1463 4793 1573 4838 tota
1600 4800 1796 4839 manus

193 4864 532 4946 expanditur,
569 4879 621 4924 et
649 4872 859 4944 lignum
887 4873 1032 4929 dicto
1055 4874 1216 4929 citius
1247 4874 1299 4928 in
1335 4875 1649 4944 pavimento
1666 4891 1796 4946 pro-

195 4944 401 5045 labitur,
421 4975 482 5013 ac
495 4962 538 5014 si
555 4980 836 5036 nunquam
851 4968 1150 5022 adhaesisse
1164 4967 1456 5022 videretur.
1479 4969 1628 5023 Multi
1662 4984 1792 5023 vero

195 5043 278 5126 ξιΗί
309 5043 552 5115 aderant,
580 5052 682 5106 hoc
711 5070 966 5123 superna:
989 5056 1211 5126 pietatis
1242 5065 1532 5112 cernentes
1558 5057 1796 5112 miracu-

196 5121 318 5191 lum,
339 5134 1114 5213 glorificaverunt_mirabilem
1149 5149 1204 5202 in
1235 5150 1440 5204 sanctis
1468 5150 1581 5204 suis
1601 5150 1788 5203 Deum.

785 5237 991 5293 CAPUT
1041 5241 1191 5294 XXV.

680 5332 752 5382 De
781 5335 962 5385 sancto
989 5334 1304 5399 Tlieodulfo.

236 5400 466 5498 .Tcrtius
519 5428 643 5484 post
683 5419 904 5476 beatum
937 5423 1340 5478 Theodericum
1388 5426 1439 5478 S.
1466 5423 1804 5478 Theodull‘us

205 5499 438 5586 flusdem
498 5514 813 5567 monasterii
851 5523 1027 5570 rector
1083 5515 1308 5578 exstitit,
1351 5515 1445 5585 qui
1504 5515 1803 5585 conspicua

206 5578 414 5683 fulsisse
449 5597 620 5657 fertur
669 5606 970 5662 aulicorum
1006 5607 1438 5679 prapinquitate,
1477 5616 1534 5660 et
1564 5623 1799 5662 venera-

206 5666 385 5734 bthum
416 5697 830 5764 monachorum,
890 5709 1052 5770 atque
1109 5699 1457 5755 sacerdotum
1506 5697 1798 5771 dignitate,

1903 4524 2208 4586 excptatam
2277 4516 2419 4569 beati
2449 4514 2733 4569 Theodulfi
2765 4515 2974 4569 meritis
3008 4516 3290 4586 percipere
3326 4533 3510 4570 mere-

1898 4610 2076 4664 batur.
2113 4609 2234 4664 llaac
2262 4608 2532 4663 beneficia
2584 4624 2693 4662 non
2726 4609 2914 4662 audita
2946 4608 3146 4675 solum,
3196 4610 3292 4662 sed
3317 4627 3347 4663 a
3389 4611 3516 4680 plu-

1900 4702 2051 4757 rimis
2073 4703 2235 4758 etiam
2267 4704 2384 4756 visa
2415 4710 2737 4762 noscuntur.
2798 4709 2851 4755 et
2900 4701 3134 4755 sanitate
3168 4710 3512 4771 recuperata,

1896 4800 2024 4846 sunt
2047 4792 2355 4847 certissime
2382 4793 2688 4863 propalata.

1969 4883 2236 4939 Defuncto
2252 4885 2494 4955 denique
2517 4885 2736 4950 abbate,
2754 4883 2847 4954 qui
2875 4882 3036 4938 beato
3051 4883 3354 4938 Theodulfo
3377 4901 3518 4953 prae-

1896 4985 2012 5030 erat
2042 4978 2256 5042 tertius,
2287 4989 2344 5031 ut
2375 4977 2714 5048 przeinissun'i
2747 4985 2848 5042 est,
2885 4976 3030 5029 idem
3063 4975 3145 5028 vir
3177 4976 3521 5031 venerabilis

1897 5068 1952 5121 in
1986 5069 2104 5123 loco
2135 5077 2337 5123 sancta)
2371 5071 2768 5125 recordationis
2803 5071 2988 5125 domni
3044 5069 3370 5123 'I‘heodorici
3434 5081 3518 5126 est

1899 5157 2185 5211 ordinatus
2234 5158 2427 5221 abbas,
2496 5161 2726 5227 praesule
2779 5167 3080 5224 annuente,
3113 5166 3166 5213 et
3213 5160 3519 5214 monacho-

1905 5266 2026 5302 rum
2059 5257 2276 5303 caterva
2310 5258 2548 5319 petente.
2593 5253 2692 5316 Qui
2725 5233 2925 5321 adepto
2966 5251 3250 5325 regimims
3283 5251 3516 5320 honore,

1907 5339 2062 5410 quasi
2115 5339 2266 5393 rudis
2307 5339 2406 5392 tiro
2435 5342 2648 5394 noviter
2697 5343 2953 5396 addictus
3000 5340 3284 5406 exercitio,
3309 5342 3516 5400 nullam

1906 5429 2018 5484 fere
2053 5429 2351 5499 praestabat
2378 5429 2605 5484 artubus
2653 5429 2916 5500 requiem.
2949 5432 3089 5496 Quin
3108 5440 3166 5483 ut
3199 5428 3519 5505 infatigatus

1907 5518 1962 5571 in
2012 5534 2180 5588 opera
2230 5535 2489 5573 manuum
2550 5518 2897 5589 priestiterat,
2939 5519 3018 5572 sic
3061 5521 3370 5574 exercendo
3433 5540 3515 5591 se,

1907 5628 2018 5665 non
2050 5611 2159 5664 sibi
2196 5628 2448 5683 parcens,
2480 5611 2546 5666 ad
2584 5609 2770 5665 divina
2801 5619 2972 5666 totum
3033 5612 3332 5684 dupliciter
3359 5624 3519 5686 apta-

1905 5703 1999 5758 bat
2032 5703 2360 5760 ministeria.
2424 5702 2728 5758 Fabricavit
2785 5703 2932 5758 enim
2983 5705 3264 5758 basilicam
3323 5705 3378 5758 in
3411 5709 3513 5764 ho-
