3970 6218
461 337 525 391 91
1587 335 1955 392 FLODOARDI
1993 334 2300 390 CANONlCl
2338 335 2666 392 REMENSIS
3693 345 3746 401 92

465 481 598 521 nore
632 466 684 519 S.
713 464 926 530 Hilarii,
970 480 1080 535 quo
1144 480 1365 519 cursum
1428 463 1515 518 sui
1570 464 1878 535 duplicaret
1925 464 2082 519 labo-
2112 472 2158 537 Α
2182 463 2404 520 videtur
2432 465 2735 539 ingressus.
2769 466 3004 522 Sanetus
3030 468 3527 535 veroTheodulfus,
3555 486 3748 541 corpore

468 554 559 607 ris.
626 553 794 626 Signo
840 552 1117 623 siquidem
1168 553 1318 619 dato,
1371 568 1493 607 cum
1556 553 1812 609 fratribus
1871 570 2079 609 conve-

468 643 648 707 niens,
699 642 893 695 harum
949 641 1140 695 laudes
1185 642 1534 712 persolvebat
1578 643 2076 716 hymnologiarum.

466 734 569 788 Sed
600 744 658 787 ut
680 734 882 803 duplex
914 749 1117 788 corona
1159 734 1364 797 meriti,
1411 734 1566 806 quasi
1623 736 1761 790 nihil
1795 745 1923 791 ante
1952 753 2082 809 ges-

464 826 645 892 sisset,
701 826 898 880 iterum
931 825 1193 897 pra3dieta
1223 833 1349 882 vota
1398 827 1669 882 reddebat
1708 827 1762 881 in
1795 829 2032 884 ecclesia
2064 846 2077 884 :

463 918 555 989 qui
589 918 717 973 licet
744 919 904 985 elani,
970 919 1150 973 taliter
1178 919 1414 993 agendo,
1463 919 1629 974 vellet
1675 921 1880 975 habere
1925 923 2072 993 quod

464 1011 681 1076 meruit,
738 1026 908 1082 Opera
951 1020 1131 1065 tamen
1182 1012 1408 1067 cultoris
1429 1012 1512 1068 sui
1538 1028 1648 1069 non
1675 1022 1758 1069 est
1789 1032 1948 1085 passa
1978 1015 2071 1069 di-

459 1101 657 1156 vinitas
692 1102 858 1156 oculi.

530 1189 754 1243 Accedit
788 1189 971 1260 itaque
1002 1190 1236 1261 quadam
1271 1190 1384 1256 die,
1437 1198 1497 1245 ut
1522 1208 1615 1247 sus
1644 1191 1788 1248 circa
1822 1202 2071 1264 puteum,

460 1296 569 1351 quo
627 1281 731 1335 loci
774 1281 939 1348 hujus
979 1281 1146 1336 vicini
1202 1282 1639 1354 adaquabantur,
1687 1285 2071 1351 deambulans,

462 1377 643 1423 rueret
702 1370 758 1423 in
812 1370 1013 1439 ipsum.
1047 1369 1566 1426 Circumﬂuentibus
1596 1374 1843 1445 undique
1870 1391 2071 1431 mona-

460 1458 599 1523 ehis,
628 1475 751 1513 cum
782 1460 965 1513 nullus
1021 1469 1169 1513 esset
1216 1459 1310 1529 qui
1342 1468 1667 1530 pereuntem
1722 1470 1913 1533 posset
1961 1464 2075 1518 eri-

461 1565 591 1618 pere
625 1550 692 1603 de
717 1550 1013 1619 profundo,
1048 1550 1354 1621 praesertim
1412 1567 1534 1605 cum
1568 1552 1686 1622 ipse
1712 1563 1914 1623 puteus
1942 1571 2076 1609 cen-

462 1647 571 1692 tum
595 1640 795 1708 pedum
830 1639 1038 1692 feratur
1083 1638 1415 1704 altitudinis,
1446 1641 1528 1694 vir
1579 1642 1672 1696 Dei
1696 1644 2024 1713 supervenit
2054 1664 2071 1699 :

460 1726 711 1798 factoque
742 1736 1046 1797 comperto,
1077 1729 1145 1782 de
1176 1729 1629 1801 eoinquinatione
1672 1746 1850 1801 aquae,
1886 1730 1931 1784 si
1953 1730 2075 1784 ani-

2185 553 2471 609 laboribus
2484 554 2801 627 vigiliisque
2830 555 3101 619 confecto,
3125 555 3304 611 fessus
3322 556 3461 613 forte
3471 559 3748 630 quiescebat

2186 645 2241 699 in
2296 646 2458 700 lecto.
2524 645 2842 718 Legatarius
2876 647 3045 701 animi
3104 645 3229 701 felle
3286 657 3601 713 commotus,
3628 652 3746 721 quod

2181 736 2356 791 abbas
2412 736 2519 792 loci
2573 753 2682 792 non
2740 738 2847 793 sibi
2893 738 3139 794 dedisset
3193 755 3503 806 occursum,
3562 757 3747 797 raneore

2184 825 2441 880 turbidus
2468 825 2694 895 mentis,
2718 826 2885 881 dabat
2909 842 3003 882 ore
3032 827 3323 898 proferens
3345 844 3468 899 quas
3489 845 3591 884 non
3616 829 3751 885 dece-

2182 919 2334 974 bant.
2371 920 2616 991 Cumque
2647 918 2826 974 abiret
2884 919 3203 991 indignans,
3236 928 3298 974 ut
3327 920 3409 974 ira
3444 920 3536 976 ira:
3577 921 3746 978 misce-

2174 1015 2344 1072 retur,
2396 1008 2815 1079 potentissimus
2858 1008 2979 1077 ejus
3033 1025 3231 1079 equus,
3276 1025 3309 1063 a
3338 1025 3509 1081 puero
3537 1019 3749 1066 mortuus

2174 1101 2477 1155 nuntiatur.
2507 1101 2630 1172 lpse
2660 1101 2905 1172 denique
2936 1100 3197 1156 frendens
3241 1101 3301 1156 in
3332 1102 3636 1174 semetipso,
3664 1119 3747 1158 cu-

2174 1188 2503 1261 mulansque
2556 1190 2800 1245 furorem
2845 1190 3038 1256 furori,
3092 1191 3351 1262 geminos
3394 1191 3487 1246 dat
3515 1192 3751 1247 cruciatus

2173 1278 2380 1345 animo,
2410 1278 2478 1333 de
2510 1279 2894 1353 indignatione
2950 1279 3233 1344 videlicet,
3281 1288 3338 1334 et
3376 1279 3590 1335 damno.
3619 1279 3751 1335 Cum-

2174 1384 2281 1439 que
2310 1367 2395 1423 vir
2423 1375 2646 1423 sanctus
2678 1368 2733 1421 id
2756 1374 2880 1438 post
2909 1382 3165 1438 saporem
3208 1367 3408 1423 nuntio
3422 1367 3748 1439 cegnovisset,

2178 1463 2247 1517 ad
2281 1462 2562 1517 hominem
2596 1462 2990 1517 eonsalandum
3037 1476 3144 1516 non
3177 1460 3398 1515 distulit
3427 1460 3613 1526 exire;
3641 1476 3748 1514 sue-

2178 1557 2344 1621 toque
2374 1550 2443 1603 de
2468 1564 2620 1604 more
2666 1549 2872 1603 blando
2903 1556 3137 1603 conatur
3166 1548 3417 1620 alloquio
3447 1547 3631 1603 eﬁ'eros
3654 1547 3751 1616 ejus

2175 1637 2391 1693 animos
2416 1638 2691 1712 mitigare,
2723 1637 3077 1708 invitansque
3108 1637 3178 1691 ad
3225 1638 3552 1702 orationem,
3596 1641 3751 1691 monet

2177 1728 2235 1781 in
2268 1728 2378 1783 Deo
2431 1743 2586 1797 spem
2639 1741 2869 1797 ponere,
2923 1742 2987 1781 ac
3043 1725 3112 1780 de
3166 1727 3274 1781 hoe
3323 1726 3472 1798 quod
3500 1724 3751 1781 accidisset

460 1815 563 1868 mal
592 1815 737 1869 idem
798 1816 873 1869 ibi
928 1827 1253 1879 moreretur,
1311 1817 1524 1872 anxiari
1553 1818 1743 1889 erepit,
1779 1819 2070 1889 oculisque
2098 1789 2150 1856 Β
2173 1817 2403 1872 minime
2433 1815 2773 1872 conturbari.
2799 1813 3167 1887 Pergentibus
3198 1822 3388 1869 autem
3410 1814 3518 1868 illis
3545 1813 3607 1868 ad
3630 1811 3751 1865 basi-

458 1903 522 1956 ad
581 1904 778 1957 emlum
833 1905 1118 1973 porrectis,
1178 1915 1343 1977 atque
1401 1906 1587 1960 animo
1635 1922 1759 1961 cum
1812 1905 2072 1976 precibus

459 1996 512 2049 in
536 1996 777 2051 Domino
830 1998 936 2053 ϋχο
995 1999 1126 2053 dum
1180 1999 1377 2055 Christi
1427 1999 1687 2074 suffragia
1718 2000 1949 2055 devotus
1979 2014 2074 2053 ex-

458 2087 655 2155 poscit,
688 2094 817 2140 ante
864 2086 1034 2157 pedes
1089 2088 1261 2159 ipsius
1289 2089 1495 2155 subito,
1545 2089 1755 2160 limpha
1802 2104 1972 2158 super
2012 2102 2074 2142 os

459 2178 605 2247 putei
635 2179 1001 2247 redundante,
1020 2180 1224 2235 animal
1252 2182 1482 2237 illaesum
1511 2180 1784 2252 pervenit.
1812 2180 2074 2236 Videntes

454 2272 636 2325 euneti
669 2279 896 2341 stupore
944 2273 1259 2327 vehementi
1315 2274 1536 2344 repleti,
1596 2273 1799 2347 gratias
1842 2281 2075 2347 egerunt

459 2363 585 2427 Deo,
619 2364 713 2434 qui
770 2371 974 2417 tantam
1031 2364 1393 2438 benignitatis
1460 2382 1575 2420 suae
1634 2364 1865 2437 gratiam
1916 2364 2065 2420 ﬁdeli

457 2470 557 2507 suo
578 2455 810 2508 contulit
830 2471 1007 2509 servo.

530 2546 773 2609 Quadam
823 2562 1042 2617 quoque
1087 2548 1201 2613 die,
1254 2564 1377 2602 cum
1438 2548 1615 2603 isdem
1667 2549 1751 2603 vir
1803 2549 1896 2603 Dei
1966 2549 2071 2603 iter

459 2644 667 2707 ageret,
701 2654 730 2691 a
785 2639 1121 2693 monasterio
1175 2640 1243 2693 ad
1294 2640 1589 2711 quemdam
1633 2640 1817 2696 locum
1867 2656 2070 2711 prope-

460 2744 607 2790 rans,
669 2727 964 2802 agricolam
1025 2730 1334 2800 quemlibet
1400 2740 1645 2786 arantem
1712 2732 1854 2786 viam
1887 2731 2076 2803 publi-

459 2834 597 2883 cam,
636 2835 734 2888 per
781 2836 945 2889 quam
988 2821 1224 2875 transire
1272 2822 1467 2877 solitus
1515 2832 1652 2889 erat,
1712 2823 1943 2880 invenit.
1978 2823 2072 2879 Cui

460 2915 514 2959 et
567 2907 751 2960 dixit:
812 2911 929 2963 Non
984 2915 1061 2963 est
1128 2912 1342 2978 bonum,
1406 2928 1434 2966 ο
1494 2914 1664 2978 homo,
1706 2916 1852 2967 viam
1892 2918 2078 2966 aratro

460 2997 657 3062 scindi,
689 3013 807 3066 qua:
837 2998 1039 3053 debeta
1068 3002 1368 3055 viatoribus
1399 3001 1662 3071 inoffenso
1687 3004 1822 3072 pede
1852 3004 2071 3056 calcari.

463 3088 802 3159 “egrediens
860 3100 1043 3145 autem
1097 3091 1181 3146 vir
1235 3100 1457 3147 sanctus
1488 3109 1586 3164 per
1625 3094 1875 3148 eamdem
1908 3093 2073 3161 viam,

2174 1910 2333 1965 licam
2384 1909 2583 1964 Christi
2614 1908 2949 1964 confessoris
2998 1907 3215 1976 Hilarii,
3268 1907 3399 1962 dum
3450 1904 3661 1961 veniunt
3707 1904 3750 1957 in

2176 2007 2355 2059 locum
2386 2003 2481 2057 ubi
2544 2003 2761 2075 signum
2819 2001 2999 2057 crucis
3057 2000 3345 2067 adoratur,
3402 2000 3458 2054 in
3508 1998 3590 2052 via
3616 2012 3753 2068 prece

2174 2094 2337 2150 solito
2369 2094 2515 2158 data,
2570 2093 2774 2147 blande
2821 2092 3031 2146 vultum
3080 2099 3308 2146 vertens
3358 2091 3413 2145 in
3470 2090 3751 2163 praedictum

2175 2183 2498 2257 legatarium
2534 2200 2546 2236 :
2582 2182 2725 2248 Noli,
2758 2181 2836 2235 ait
2878 2183 3075 2247 vereri,
3135 2183 3272 2251 quia
3313 2196 3511 2251 equum
3536 2184 3670 2234 tuum
3685 2180 3754 2230 in-

2173 2278 2349 2329 venies
2378 2280 2507 2329 ante
2534 2276 2681 2341 fores
2733 2275 3049 2328 monasterii
3097 2288 3316 2339 sanum,
3368 2275 3464 2342 qui
3510 2274 3558 2325 si
3582 2273 3654 2324 ita
3674 2270 3752 2336 fu-

2168 2365 2455 2429 ribundus,
2481 2368 2543 2416 ut
2555 2378 2808 2431 occperas,
2835 2363 3160 2427 recessisses,
3180 2362 3421 2416 cadaver
3446 2362 3565 2430 equi
3588 2358 3754 2412 mortui

2168 2457 2319 2511 nobis
2345 2456 2672 2524 reliquisses.
2718 2452 3006 2525 Legatario
3042 2467 3172 2507 vero
3205 2453 3452 2507 animum
3484 2466 3585 2506 non
3608 2462 3752 2520 appo-

2174 2558 2362 2612 nente,
2420 2546 2727 2618 praesertim
2757 2562 2883 2601 eum
2940 2544 3143 2600 viderit
3191 2560 3321 2599 eum
3383 2552 3658 2607 mortuum,
3702 2553 3752 2591 ac

2178 2647 2290 2694 toto
2321 2654 2553 2710 corpore
2607 2638 2901 2704 tumidum,
2957 2636 3207 2691 decurrit
3264 2651 3404 2707 puer
3453 2634 3584 2703 ejus,
3626 2628 3751 2686 afﬁr-

2176 2744 2333 2782 mans
2386 2728 2461 2781 ita
2499 2742 2560 2781 se
2612 2742 2725 2781 rem
2774 2726 3000 2791 habere,
3057 2734 3116 2779 ut
3159 2724 3211 2778 ei
3260 2725 3515 2779 sacerdos
3563 2717 3748 2780 Christi,

2175 2818 2511 2874 Theodulfus
2556 2819 2845 2874 studuerat
2904 2817 3148 2871 indicare
3185 2834 3198 2870 :
3229 2817 3423 2887 sicque
3479 2813 3615 2886 quod
3661 2824 3749 2864 non

2179 2908 2462 2975 credebat,
2496 2906 2763 2962 miraculo
2820 2905 3041 2960 virtutis
3081 2904 3340 2976 probato,
3383 2903 3576 2958 mentis
3600 2900 3751 2955 furore

2178 2996 2455 3067 deposito,
2482 2994 2688 3069 gratias
2709 2993 2878 3047 refert
2903 2993 3157 3059 Domino,
3182 3008 3316 3048 vera
3346 3008 3405 3047 se
3424 2997 3616 3046 testans
3638 3002 3750 3042 ocu-

2178 3090 2355 3144 lorum
2386 3086 2625 3157 experiri
2685 3086 3036 3157 probatione,
3106 3102 3233 3156 quae
3265 3086 3336 3140 de
3367 3100 3521 3140 servo
3567 3076 3748 3137 Domini

463 3196 653 3235 rursus
694 3181 992 3254 agricolam
1023 3182 1167 3238 viam
1209 3192 1268 3239 ut
1315 3193 1559 3254 eceperat
1597 3192 1844 3241 arantem
1883 3184 2064 3240 offen~
2100 3156 2147 3223 Ο
2172 3179 2536 3253 quorumdam
2569 3178 2779 3249 dudum
2841 3187 3165 3248 perceperat
3211 3178 3499 3233 relatione.
3534 3176 3656 3233 Non.
3683 3171 3752 3225 in-

461 3269 556 3324 dit.
591 3274 797 3337 Nonne,
831 3271 1033 3343 inquit,
1087 3274 1211 3328 dimi
1248 3275 1350 3329 tibi
1387 3278 1519 3344 quia
1547 3277 1693 3329 viam
1724 3277 1885 3329 istam
1914 3291 2074 3329 arare

463 3374 568 3412 non
592 3360 747 3414 debes
778 3360 1278 3433 ?appr0piansque
1342 3380 1508 3418 manu
1568 3372 1756 3419 sancta
1795 3371 1959 3434 caput
1982 3380 2071 3418 ru-

461 3447 581 3501 stici
615 3449 797 3521 tetigit
824 3451 1013 3505 dieens
1048 3470 1059 3505 :
1096 3455 1199 3507 Per
1228 3454 1378 3507 istud
1429 3459 1591 3523 caput
1646 3459 1715 3519 te,
1738 3455 1912 3521 homo,
1946 3469 2074 3509 con-

462 3540 624 3589 testor
660 3554 723 3591 ne
746 3541 892 3593 viam
944 3542 1107 3595 istam
1136 3542 1371 3611 amplius
1430 3560 1565 3598 ares.
1607 3543 1942 3598 Retrahente
1972 3559 2074 3597 au-

465 3634 571 3680 tem
595 3642 661 3681 eo
684 3644 928 3695 manum,
957 3637 1071 3684 tota
1097 3647 1221 3701 pars
1238 3632 1436 3702 capitis
1464 3631 1705 3687 hominis
1731 3632 1856 3703 [c.j,
1879 3631 2071 3702 illius],

465 3732 627 3785 quam
685 3718 770 3771 vir
799 3719 892 3772 Dei
949 3722 1221 3794 tetigerat,
1283 3722 1527 3776 candens
1556 3722 1811 3793 apparuit
1840 3730 1900 3778 ut
1929 3722 2072 3777 lana.

466 3805 576 3860 Nec
627 3806 858 3861 dubium
920 3811 1067 3879 quod
1121 3826 1230 3864 non
1288 3812 1454 3866 homo
1511 3812 1603 3866 Dei
1642 3812 1815 3867 voluit
1869 3820 1928 3867 ut
1984 3827 2077 3867 ea-

468 3894 582 3965 pilli
607 3895 891 3960 caderent,
925 3899 1020 3952 sed
1078 3907 1136 3953 ut
1183 3899 1341 3974 signa
1395 3916 1489 3971 per
1531 3902 1919 3958 succedentem
1964 3919 2067 3977 ge-

466 3987 811 4039 nerationem
851 3997 1235 4057 promerentur
1278 3990 1444 4059 hujus
1488 3990 1637 4057 facti,
1671 4009 1740 4047 ne
1761 3994 1887 4064 quis
1907 4009 2071 4069 agere

463 4074 645 4129 simile
703 4084 1063 4145 praesumeret
1119 4079 1267 4150 quod
1324 4090 1546 4135 sanctus
1593 4082 1687 4137 Dei
1733 4082 2073 4138 Theodulfus

464 4166 756 4235 imperavit
785 4183 854 4222 ne
880 4167 1055 4223 fieret.
1100 4169 1231 4225 Nam
1262 4170 1393 4226 dum
1409 4172 1697 4247 generatio
1729 4172 1905 4244 ipsius
1922 4173 2073 4247 agri-

461 4253 597 4309 colae
649 4256 870 4323 mansit,
930 4258 1149 4333 signum
1208 4262 1357 4333 quod
1416 4279 1449 4317 a
1499 4274 1690 4321 sancto
1747 4264 1865 4321 viro
1924 4273 2080 4336 pater

462 4343 697 4413 accepit,
727 4353 783 4400 et
803 4345 921 4416 ipsa
948 4347 1116 4402 simili
1142 4350 1306 4407 modo
1338 4353 1586 4424 pertulit.

2173 3270 2294 3343 quit
2322 3280 2544 3325 sanctus
2600 3270 2718 3336 Dei,
2769 3271 2864 3324 hoc
2934 3272 3087 3333 meis,
3117 3285 3239 3323 cum
3305 3273 3408 3324 sim
3456 3270 3601 3322 homo
3642 3278 3748 3334 pec—

2172 3368 2341 3428 cator,
2373 3362 2615 3417 ascribas
2654 3364 2885 3427 meritis,
2942 3360 3036 3414 sed
3070 3363 3172 3415 Deo
3233 3363 3447 3429 gratias
3510 3373 3617 3427 age.
3644 3369 3752 3409 san-

2172 3458 2491 3524 ctorumque
2514 3456 2709 3507 merita
2735 3469 2842 3507 non
2868 3468 3032 3507 cesses
3044 3455 3315 3517 venerari,
3331 3454 3428 3522 qui
3438 3451 3533 3506 tibi
3554 3446 3752 3518 possunt

2171 3546 2231 3598 in
2259 3543 2511 3597 omnibus
2541 3542 2815 3596 aumilium
2868 3541 3084 3608 largiri.
3119 3539 3346 3594 Talibus
3398 3539 3576 3609 itaque
3602 3534 3749 3588 virum

2174 3635 2454 3690 instruens
2481 3632 2730 3700 monitis,
2763 3632 2891 3686 data
2911 3631 3309 3686 benedictione
3332 3628 3577 3703 permisit
3601 3623 3746 3680 abire.

2174 3727 2332 3782 Unde
2364 3725 2573 3796 liquido
2633 3731 2783 3796 patet
2831 3738 2958 3778 eum
3015 3739 3140 3778 cum
3198 3723 3406 3778 virtute
3453 3714 3747 3774 mirabilium

2174 3816 2374 3888 spiritu
2423 3830 2646 3887 quoque
2712 3813 2957 3889 viguisse
3016 3813 3345 3884 prophetiae,
3406 3812 3498 3884 qui
3556 3802 3746 3865 animal,

2176 3907 2327 3980 quod
2350 3915 2630 3963 mortuum
2678 3904 2986 3973 dimiserat,
3045 3920 3165 3960 esse
3218 3904 3407 3960 vivum
3450 3894 3749 3974 praenuntia-

2166 3996 2283 4054 bat.

2246 4089 2357 4144 Nec
2390 4087 2670 4143 ullatenus
2727 4086 2913 4143 omnia
2942 4085 3207 4142 virtutum
3238 4085 3413 4156 ipsius
3465 4088 3749 4138 enumerare

2177 4179 2484 4235 sufﬁcimus
2516 4178 2776 4253 insignia.
2809 4178 2950 4243 Quot
2978 4176 3127 4232 enim
3177 4175 3413 4231 diversis
3437 4169 3631 4229 detenti
3652 4167 3747 4220 lan-

2177 4269 2446 4343 guoribus
2484 4284 2583 4339 per
2612 4269 2736 4337 ejus
2788 4266 3268 4334 intercessionem,
3293 4265 3649 4337 plenissimam
3675 4273 3747 4312 re-

2180 4367 2447 4432 ceperunt
2493 4359 2819 4427 sanitatem,
2849 4360 3000 4415 solus
3043 4360 3169 4431 ipse
3198 4359 3372 4424 novit,
3404 4357 3496 4430 qui
3527 4356 3631 4410 haec
3649 4346 3745 4404 fieri

534 4437 627 4491 Vir
650 4438 896 4513 denique
945 4444 1169 4515 quidam
1199 4447 1350 4502 venit
1387 4447 1457 4502 ad
1502 4448 1681 4504 virum
1734 4448 1827 4504 Dei
1859 4449 2080 4505 oculum
2182 4449 2460 4520 praestitit.
2510 4449 2661 4503 Inter
2707 4455 2908 4503 caetera
2957 4462 3184 4519 quoque
3230 4446 3377 4502 bona
3404 4460 3523 4516 quae
3540 4438 3747 4496 Christus

466 4531 678 4587 habens
714 4533 953 4608 virgulto
1011 4553 1358 4607 percussum,
1418 4548 1474 4595 et
1522 4541 1731 4596 lumine
1781 4540 2076 4611 privatum,
2103 4524 2159 4593 D
2181 4540 2311 4596 huic
2325 4546 2484 4597 ‘servo
2503 4555 2604 4596 suo
2631 4540 2927 4603 concessit,
2953 4539 3092 4594 illud
3118 4537 3481 4594 memorabile
3508 4523 3747 4604 spectabi-

463 4622 555 4676 cui
586 4624 735 4679 nulla
773 4626 1009 4684 dabatur
1055 4631 1278 4702 requies
1306 4632 1377 4686 de
1418 4629 1778 4695 crueiatione,
1813 4644 1915 4683 nee
1943 4643 2072 4698 spes

464 4719 582 4767 erat
611 4714 682 4769 de
709 4717 860 4774 visus
885 4722 1326 4792 recuperatione.
1360 4721 1533 4785 Quem
1564 4719 1760 4774 beatus
1797 4718 2075 4774 Theodul—

464 4803 551 4858 fus
571 4804 639 4858 ad
670 4820 1018 4866 sacrosancta
1049 4812 1261 4867 ducens
1289 4811 1506 4875 altaria,
1535 4810 1725 4865 docuit
1749 4810 2069 4866 osculanda.

463 4893 562 4948 Ille
590 4911 743 4953 sacra
771 4900 1047 4954 velamina
1084 4917 1178 4957 ore
1225 4900 1506 4972 tangebat,
1565 4907 1620 4956 et
1661 4915 1854 4957 servus
1876 4901 2073 4958 Christi

465 4985 727 5056 precibus
778 4987 1098 5043 incubabat.
1158 4988 1345 5062 Surgit
1395 4996 1619 5043 sanctus
1655 5005 1687 5044 a
1736 4990 2073 5061 pavimento,

466 5084 522 5130 et
551 5075 703 5130 nulla
718 5076 928 5134 doloris
940 5077 1172 5150 vestigia
1184 5084 1566 5132 remanserunt
1587 5077 1642 5131 in
1650 5078 1874 5148 juvenis
1891 5080 2071 5138 oculo.

465 5168 588 5233 Qui,
648 5178 709 5223 ut
764 5178 881 5224 erat
939 5168 1190 5242 dignum,
1249 5168 1368 5225 viro
1420 5169 1514 5226 Dei
1563 5171 1768 5245 gratias
1834 5175 2077 5233 referens

467 5276 565 5332 pro
596 5263 832 5330 medela,
869 5262 1120 5336 gaudens
1173 5265 1438 5321 remeavit
1485 5267 1554 5321 ad
1606 5268 1850 5340 propria,
1881 5268 2080 5324 collata

464 5355 571 5409 sibi
595 5354 758 5425 quam
785 5357 1079 5429 quaesierat
1102 5358 1398 5415 medicina.

539 5442 770 5508 Quidam
818 5462 1042 5520 quoque
1096 5448 1312 5525 legatus
1363 5450 1790 5515 Austrasiorum,
1850 5450 2076 5506 nomine

463 5531 577 5588 Oﬂ‘o
610 5533 727 5605 (qui
757 5547 885 5594 sunt
914 5539 1233 5611 superiores
1286 5539 1504 5610 Franci)
1555 5540 1788 5597 veniens
1834 5558 1867 5596 a
1898 5542 2074 5612 parti-

466 5621 574 5679 bus
598 5622 856 5695 Orientis,
907 5631 1038 5688 dum
1091 5633 1161 5689 ad
1191 5630 1356 5700 hujus
1412 5638 1546 5685 tunc
1581 5631 1735 5703 regni
1766 5631 2076 5703 principem

467 5715 800 5784 mitteretur,
832 5722 1101 5779 orationis
1135 5719 1314 5795 gratia
1364 5717 1761 5774 monasterium
1817 5718 1920 5773 viri
1978 5715 2076 5771 Dei

2171 4634 2334 4703 leque
2360 4631 2714 4703 praedicatur,
2771 4630 2921 4702 quod
2977 4646 3101 4685 cum
3161 4629 3229 4685 ad
3261 4643 3436 4700 usque
3485 4618 3746 4693 nonaginta

2170 4724 2372 4781 vixerit
2426 4739 2621 4791 annos,
2672 4723 2874 4779 canitie
2930 4722 3245 4795 praeclarus,
3300 4725 3520 4790 aspectu
3568 4714 3742 4783 jucun-

2174 4818 2298 4884 dus,
2316 4816 2565 4872 moribus
2592 4823 2952 4888 temperatus,
2983 4813 3495 4884 eharitatelplenus,
3528 4806 3742 4861 eleemo—

2175 4909 2328 4981 synis
2383 4909 2589 4983 largus,
2650 4914 3001 4979 contemptor
3048 4906 3236 4962 saeculi
3285 4903 3569 4980 gloriosus,
3620 4889 3743 4983 nullo

2180 4976 2418 5054 febrium
2464 4976 2677 5066 dolore,
2741 4976 2892 5053 nulla
2947 4996 3199 5068 corporis
3235 4976 3570 5053 lassitudine,
3618 4976 3742 5036 nullo

2180 5103 2361 5143 rerum
2393 5087 2666 5143 variarum
2722 5103 2853 5143 casu
2898 5086 3208 5152 confectus,
3244 5084 3395 5139 nulla
3424 5075 3610 5136 mentis
3647 5081 3743 5123 mo-

2176 5176 2336 5232 lestia
2382 5184 2584 5242 motus,
2639 5175 2708 5231 ab
2755 5173 3164 5241 oratione,.ve1
3221 5187 3445 5245 aperum
3500 5163 3586 5221 Dei
3605 5169 3739 5216 exer-

2179 5265 2310 5321 citio
2357 5266 2613 5332 cessavit,
2663 5280 2954 5337 quousque
2986 5264 3150 5319 beata
3191 5263 3310 5332 ejus
3353 5259 3530 5316 anima
3575 5254 3742 5337 corpus

2178 5359 2470 5431 vegetuvit.
2505 5360 2636 5414 Cum
2668 5335 2799 5414 vero
2849 5335 3036 5412 divina
3083 5354 3375 5412 clementia
3431 5335 3738 5436 ﬁdelem-la"

2177 5448 2388 5504 mulum
2416 5448 2574 5504 senio
2599 5449 2907 5513 detentum,
2939 5464 3039 5519 pro
3069 5445 3351 5503 laboribus
3401 5440 3530 5504 suis,
3568 5431 3740 5519 quietis

2178 5537 2486 5610 refrigerio,
2536 5538 2720 5593 meriti
2768 5536 2995 5608 praemio
3051 5535 3220 5591 vellet
3274 5538 3622 5588 remunerare,
3670 5511 3737 5567 fe‘

2179 5629 2360 5683 brium
2418 5630 2598 5685 calore
2643 5630 2995 5701 aliquatenus
3045 5645 3172 5685 eum
3232 5622 3474 5699 permisit
3519 5619 3734 5707 aestuare-

2179 5719 2575 5792 lngressusque
2596 5717 2881 5773 basilicam
2910 5719 3003 5773 die
3033 5719 3269 5789 quadam
3298 5715 3425 5768 dum
3473 5707 3733 5763 matutino-
