3970 6218
143 330 220 384 93
834 338 1161 394 HISTORUE
1201 340 1533 401 ECCLESIE
1574 349 1899 404 REMENSIS
1940 351 2114 405 LIBRI
2158 349 2488 414 QUATUOR.
2523 379 2591 386 -—
2625 348 2749 401 LIB.
2797 350 2835 400 Ι.
3437 349 3507 402 94

146 483 280 549 rum
342 469 613 559 solemnia
667 472 1115 543 celebrarentur,
1163 480 1511 536 orationibus
1574 484 1871 559 profuseA
1896 487 2185 549 devastat;
2229 486 2519 556 ipsumque
2565 484 3246 538 monasterium-flammis
3304 483 3503 537 exurit.

149 558 521 624 lncumbens,
576 561 687 615 Deo
745 566 1137 620 commendare
1205 570 1465 625 studebat
1526 573 1786 641 animam,

150 666 336 719 quam
367 667 639 722 corporeo
700 656 977 726 ergastulo
1028 658 1138 713 cito
1194 674 1543 731 praenoverat
1600 666 1785 719 absol-

151 742 405 796 vendam
474 744 728 814 Depulsis
788 746 973 818 itaque
1030 749 1206 805 noctis
1264 753 1532 820 tenebris,
1590 773 1787 812 aurora

154 831 451 898 rutilante,
511 834 906 890 comitantibus
964 854 1149 892 secum
1212 841 1544 910 quibusdam
1587 862 1783 901 mona-

151 923 310 988 chis,
343 925 596 979 cellulam
652 929 901 997 repetiit,
956 930 1145 985 hilaris
1189 933 1258 986 de
1328 934 1643 992 visitatione
1680 939 1786 993 sibi

153 1014 312 1069 facta
340 1023 677 1083 sanctorum,
703 1036 766 1073 ac
818 1021 887 1075 de
928 1024 1286 1091 revelatione,
1340 1044 1449 1097 qua
1495 1029 1580 1082 sui
1605 1040 1789 1086 trans-

154 1106 275 1159 itus
308 1108 497 1161 horam
520 1108 627 1163 sibi
685 1112 965 1183 gaudebat
999 1114 1326 1169 intimatam.
1355 1119 1430 1172 Ad
1464 1136 1627 1189 quam
1660 1123 1789 1176 dum

152 1214 220 1250 se
276 1200 596 1268 pervenisse
653 1204 931 1273 cognovit,
992 1222 1116 1260 cum
1167 1206 1426 1263 fratribus
1482 1227 1677 1280 pacem
1707 1212 1788 1267 fa—

152 1288 345 1351 ciens,
406 1289 595 1342 oculos
647 1290 713 1343 ad
774 1292 973 1345 C(BItlm
1030 1310 1150 1347 cum
1217 1296 1472 1349 manibus
1526 1297 1782 1361 elevavit,

155 1384 217 1429 et
239 1375 484 1429 animam
507 1385 749 1432 sanctam
786 1380 976 1433 mundi
1013 1381 1316 1455 naufragiis
1367 1392 1612 1455 ereptam
1646 1387 1787 1442 Con-

156 1465 339 1519 ditori
368 1466 525 1519 laetus
551 1466 813 1531 reddidit,
843 1485 1003 1537 quam
1048 1470 1291 1525 Christus
1320 1488 1443 1527 cum
1477 1475 1645 1529 curia:
1665 1493 1783 1531 caa-

160 1553 330 1608 lestis
347 1555 709 1609 exsultatione
739 1557 1000 1627 suscepit.

244 1642 449 1696 Ilorum
482 1643 723 1714 denique
778 1644 1066 1700 beatorum
1128 1648 1522 1701 monasterium
1572 1660 1784 1719 patrum

164 1750 271 1804 pro
302 1736 589 1789 monachis
612 1736 773 1789 modo
801 1736 1033 1791 clericos
1060 1738 1245 1792 habet.
1290 1740 1538 1805 Quorum
1562 1742 1785 1813 quidam

1896 583 1949 629 et
2016 575 2262 645 proxima
2310 590 2543 644 quasque
2593 572 3110 642 circumpositarum
3166 572 3341 625 ruinis
3396 572 3505 625 fere

1888 664 2137 718 villarum
2188 663 2435 733 proterit.
2476 664 2866 731 [ntuemurque
2918 660 3083 714 modo
3120 661 3232 727 jam
3271 660 3505 713 manife-

1888 764 1968 811 ste
1991 772 2153 827 quam
2195 772 2324 809 vera
2371 754 2575 809 fuerint
2601 770 2721 825 quae
2775 753 2867 805 ille
2909 753 3160 806 audierat
3192 770 3253 806 ex
3285 754 3501 807 revela-

1890 828 2060 881 tione.

2496 914 2704 968 CAPUT
2746 914 2899 967 XXVI

1962 1008 2035 1058 Dc
2064 1006 2214 1069 fonte
2259 1006 2315 1057 in
2346 1005 2532 1057 horum
2571 1006 2877 1056 sanctorum
2912 1005 3234 1057 monasterio
3260 1018 3431 1070 nuper

2596 1100 2799 1147 exorto.

1965 1189 2023 1241 In
2046 1187 2241 1240 silvula
2270 1186 2396 1239 huic
2421 1186 2679 1256 contigua
2735 1185 3094 1249 monasterio,
3131 1185 3252 1237 fons
3292 1184 3499 1237 dudum

1890 1276 2100 1331 noviter
2127 1285 2350 1329 exortus
2405 1283 2506 1327 est.
2566 1275 2639 1327 Ad
2690 1290 2855 1344 quem
2903 1273 3227 1327 febricitans
3277 1272 3500 1341 quidam

1888 1383 2016 1420 casu
2049 1366 2709 1435 deveniens,viditsupra
2738 1364 2916 1434 ipsum
2948 1364 3151 1418 fontem
3178 1364 3501 1417 inclinatum

1890 1456 2183 1525 quemdam
2208 1470 2398 1508 senem
2429 1455 2483 1507 in
2515 1453 2751 1507 clericali
2778 1454 2965 1507 habitu
2990 1459 3247 1516 stantem,
3277 1468 3501 1505 aureum

1889 1545 2145 1597 baculum
2181 1560 2343 1596 manu
2366 1550 2669 1596 tenentem.
2691 1541 2789 1605 Qui
2810 1558 2933 1595 cum
2948 1542 3135 1595 sonitu
3157 1541 3504 1595 advenientis

1890 1646 2072 1689 motus
2100 1651 2158 1687 se
2182 1635 2467 1688 videretur
2492 1634 2732 1688 erexisse
2754 1651 2784 1687 a
2810 1634 2989 1696 fonte,
3006 1643 3155 1689 tanto
3182 1634 3281 1687 iste
3303 1651 3502 1702 pavore

1888 1743 2188 1782 concussus
2241 1737 2343 1788 est,
2397 1736 2456 1779 ut
2509 1726 2774 1781 attonitus
2815 1726 2867 1778 in
2930 1734 3127 1779 terram
3180 1727 3503 1791 eaderet,et

162 1841 373 1894 nuper,
409 1824 666 1879 Otbertus
713 1828 958 1892 nomine,
1004 1828 1322 1898 priusquam
1362 1830 1533 1884 Gallia
1580 1806 1788 1905 'gladiis
1816 1806 1865 1872 Β
1890 1815 2029 1869 nihil
2059 1816 2286 1870 omnino
2341 1817 2528 1869 videre
2582 1816 2805 1869 valeret.
2844 1817 2906 1868 At
2960 1825 3081 1884 post
3106 1815 3381 1868 modicum
3413 1832 3500 1869 re-

167 1913 561 1984 Hungarorum
595 1914 887 1969 laceranda
918 1917 1248 1983 traderetur,
1288 1908 1355 1972 ad
1420 1927 1661 1974 extrema
1689 1922 1788 1974 de-

166 2002 397 2067 ductus,
441 2003 571 2056 dum
634 2004 934 2058 certamina
991 2005 1302 2061 dmmonum
1351 2024 1449 2078 pro
1472 2026 1529 2062 se
1560 2010 1787 2085 litigan-

172 2091 338 2156 tium,
374 2098 428 2145 et
483 2108 606 2144 eum
667 2092 735 2145 ad
797 2093 1077 2146 interitum
1120 2110 1313 2165 rapere
1345 2098 1661 2152 conantium
1694 2117 1793 2170 pa-

172 2189 408 2247 teretur,
451 2183 579 2235 almi
626 2184 845 2253 patroni
912 2185 995 2238 sui
1058 2186 1244 2240 domui
1290 2187 1611 2244 Theoderici
1674 2199 1793 2245 tan-

169 2269 304 2322 dem
350 2284 411 2322 se
460 2269 611 2325 videt
665 2272 806 2342 eripi
868 2273 1115 2339 meritis;
1175 2276 1457 2332 dzemones
1500 2295 1632 2334 vero
1695 2296 1793 2349 per

163 2361 576 2416 invocationem
632 2362 828 2416 Christi
884 2362 1124 2417 nominis
1178 2372 1232 2417 et
1286 2376 1599 2420 sanctorum
1644 2368 1787 2435 ejus,

158 2467 191 2503 a
221 2467 285 2505 se
316 2468 441 2505 cum
468 2468 669 2525 magno
713 2452 944 2521 strepitu
978 2460 1034 2508 et
1090 2453 1474 2527 indignatione
1504 2459 1787 2515 recedere.

164 2543 505 2597 Viditetiam
564 2551 619 2597 et
674 2545 966 2615 quemdam
1006 2545 1249 2613 fratrem,
1312 2549 1519 2605 dictum
1578 2552 1784 2606 Bertri-

163 2646 315 2695 cum,
376 2633 469 2704 qui
527 2649 635 2688 non
685 2637 845 2708 longe
902 2646 1030 2691 ante
1088 2639 1421 2705 decesserat,
1483 2658 1541 2695 se
1591 2642 1787 2696 crebro

169 2726 509 2793 visitantem,
553 2727 889 2781 consolando
943 2744 1163 2800 quoque
1195 2740 1532 2799 monentem,
1590 2750 1658 2787 ne
1700 2732 1787 2787 hic

168 2823 320 2890 apud
362 2823 624 2876 saeculum
674 2823 816 2875 ultra
856 2836 1075 2874 manere
1129 2821 1335 2893 cupiat,
1384 2822 1493 2877 imo
1533 2824 1599 2877 ad
1660 2838 1783 2876 eum

169 2912 502 2981 quantocius
549 2911 630 2964 ire
676 2911 932 2983 gaudeat,
985 2917 1043 2963 ut
1100 2928 1164 2965 ea
1221 2930 1343 2984 quae
1370 2931 1649 2989 nunquam
1684 2932 1783 2986 po-

172 2999 277 3052 tuit
323 3003 589 3072 cogitare,
644 3004 822 3057 valeat
875 3004 1083 3059 videre.
1135 3007 1402 3071 Quoniam
1429 3008 1473 3061 si
1520 3008 1781 3062 demora—

173 3102 328 3149 retur
350 3095 407 3148 in
438 3097 638 3150 saeculo
666 3096 898 3161 diutius,
958 3114 1305 3170 nequaquam
1340 3108 1547 3154 tantum
1582 3102 1783 3154 malum

170 3184 404 3240 vidisset
429 3187 748 3257 aliquando,
783 3196 1045 3259 quantum
1087 3188 1300 3243 visurus
1330 3200 1475 3244 esset
1524 3190 1577 3243 in
1606 3192 1791 3261 proxi-

172 3292 282 3331 mo.
320 3276 489 3344 Cujus
510 3276 655 3331 dicta
696 3277 949 3347 probatio
996 3278 1478 3333 constatveritatis
1520 3280 1786 3334 insecuta.

177 3366 286 3420 Iste
340 3365 615 3436 siquidem
649 3366 755 3420 levi
787 3367 976 3421 dolore
1004 3366 1252 3437 corporis
1290 3374 1485 3434 tactus,
1514 3368 1580 3421 ad
1611 3370 1791 3422 eccle-

176 3456 316 3509 siam
351 3470 679 3525 properans,
706 3454 911 3508 exitum
933 3471 1093 3507 suum
1107 3455 1366 3524 precibus
1395 3456 1622 3510 Domino
1642 3472 1793 3510 com-

178 3547 423 3613 mendat,
442 3546 637 3601 fratres
651 3547 903 3615 advocat,
923 3546 1144 3600 missam
1159 3532 1581 3618 quoque,iquam
1600 3547 1789 3602 debito

176 3639 570 3710 properantius
591 3639 955 3704 celebrarant,
1007 3640 1130 3694 illos
1170 3649 1423 3709 repetere
1465 3638 1633 3704 facit;
1667 3656 1790 3710 quze

178 3733 393 3786 viderat
459 3741 660 3797 narrat,
717 3740 771 3786 et
819 3748 913 3787 eos
949 3749 1131 3788 coram
1180 3749 1239 3788 se
1293 3732 1577 3787 charitatis
1616 3732 1791 3804 gratia

178 3833 366 3894 potum
421 3839 643 3878 sumere
694 3832 867 3897 rogat.
924 3825 998 3878 De
1058 3824 1281 3879 servitio
1341 3825 1433 3878 Dei
1488 3824 1790 3879 studiosius

177 3914 413 3987 agendo,
466 3924 521 3967 et
572 3915 931 3983 psalmodiam
980 3931 1103 3969 cum
1158 3914 1453 3981 devotione
1484 3915 1787 3968 canendam

180 4012 382 4064 monet,
415 4010 582 4074 atque
632 4003 743 4071 jam
785 4005 941 4074 quasi
991 4020 1219 4059 securus
1265 4012 1320 4058 et
1352 4005 1542 4059 hilaris
1567 4004 1784 4075 migrat.

181 4099 299 4152 Post
352 4097 514 4165 cujus
562 4096 773 4150 obitum
827 4114 963 4170 gens
1014 4098 1391 4168 Hungarorum
1442 4097 1785 4151 Galliamin-

177 4204 379 4259 gressa,
408 4185 685 4251 caedibus,
732 4184 1024 4252 incendiis,
1057 4202 1121 4241 ac
1173 4186 1385 4257 rapinis
1416 4202 1559 4257 pene
1589 4193 1789 4241 cuncta

1889 1908 2047 1961 diens
2096 1908 2163 1961 ad
2208 1924 2287 1969 se,
2349 1907 2605 1971 surrexit,
2659 1918 2713 1960 et
2742 1907 3094 1976 splendorem
3147 1923 3255 1976 qua
3314 1904 3539 1969 senior,

1888 1999 2099 2053 abierat
2130 1998 2519 2053 monasterium
2575 2014 2787 2063 versus,
2838 2014 3094 2071 magnum
3128 1997 3281 2061 vidit,
3312 1997 3503 2066 sicque

1892 2090 2131 2143 salvatus
2174 2089 2243 2143 ab
2286 2088 2604 2144 inﬁrmitate
2647 2106 2766 2151 sua,
2826 2088 2981 2143 lzetus
3030 2088 3317 2142 abscessit.
3364 2086 3502 2140 Caici

1894 2189 2023 2235 tunc
2047 2182 2311 2251 temporis
2327 2182 2430 2235 hoc
2457 2182 2513 2234 in
2555 2182 2671 2236 loco
2697 2180 2989 2235 illuminati
3022 2180 3293 2244 nonnulli,
3321 2179 3504 2233 claudi

1893 2266 2086 2334 erecti,
2135 2272 2269 2324 muti
2318 2272 2483 2326 locuti
2539 2281 2687 2337 sunt,
2741 2281 2797 2325 et
2838 2270 2988 2323 surdi
3048 2275 3505 2339 receperuntau-

1894 2362 2090 2416 ditum.

1962 2450 2147 2520 Nuper
2167 2465 2389 2521 quoque
2429 2448 2686 2503 ordinato
2725 2448 2951 2520 Hugone
3000 2447 3183 2501 Remis
3210 2447 3499 2518 episcopo,

1892 2542 2141 2611 quaedam
2166 2540 2471 2611 paralitica,
2498 2557 2619 2611 qute
2645 2540 2935 2609 jacebatin
2968 2539 3192 2593 civitate
3222 2538 3507 2607 adjanuas

1889 2632 2137 2686 eeclesim
2179 2640 2383 2686 sancta:
2434 2632 2635 2696 Μία-ἰὼ,
2677 2631 3270 2703 Magenildisnomine,
3307 2633 3504 2687 admo-

1890 2723 2001 2778 nita
2024 2740 2123 2794 per
2150 2725 2349 2789 visum,
2400 2724 2493 2778 illo
2525 2740 2582 2777 se
2616 2724 2817 2778 deferri
2865 2724 3042 2794 petiit,
3079 2732 3243 2795 atque
3276 2732 3335 2779 ut
3364 2741 3504 2795 aqua

1889 2815 2063 2885 ipsius
2115 2801 2283 2870 fontis
2351 2816 2569 2887 perfusa
2614 2825 2716 2881 est,
2772 2816 3210 2871 incolumitatem
3273 2816 3501 2885 recepit.

1887 2908 2141 2970 Quzedam
2176 2909 2536 2964 nihilominus
2564 2909 2858 2963 Adelwidis
2904 2909 3149 2973 nomine,
3199 2908 3354 2962 arida
3375 2908 3504 2962 bra-

1887 3002 2047 3064 chiis,
2069 3002 2331 3055 uteadem
2355 3003 2464 3055 lota
2479 3009 2562 3055 est
2587 3018 2748 3072 aqua,
2775 3001 3037 3071 sospitate
3063 3001 3235 3071 potita
3253 3001 3501 3055 recessit.

1890 3090 2075 3144 Caecus
2104 3090 2329 3160 quidam
2363 3090 2431 3143 de
2461 3097 2640 3144 castro
2672 3090 2913 3144 Mosomo
2950 3093 3228 3159 (Mousom)
3254 3099 3384 3144 tunc
3400 3091 3501 3144 ad-

1850 3167 1865 3189 ¹
1893 3178 2142 3242 veniens,
2197 3194 2321 3232 mox
2353 3188 2411 3232 ut
2438 3180 2727 3234 ecclesiam
2760 3180 2935 3234 sancti
2986 3177 3311 3234 Theoderici
3358 3177 3505 3231 visus

1893 3280 1980 3324 est
2006 3269 2280 3330 introisse,
2331 3270 2515 3324 lumen
2546 3270 2796 3339 recipere
2828 3273 3048 3326 meruit.
3082 3272 3337 3335 Quaedam
3367 3286 3506 3338 pau-

1894 3360 2198 3429 perculade
2228 3358 2349 3429 ipso
2384 3362 2599 3428 loco,ut
2637 3364 2830 3417 oculos
2850 3362 2956 3415 sibi
2986 3364 3087 3417 hoc
3134 3364 3285 3418 fonte
3314 3362 3502 3427 diluit,

1892 3459 2101 3523 lumen,
2161 3459 2310 3528 quod
2342 3458 2453 3525 jam
2510 3455 2579 3509 ab
2619 3455 2778 3509 annis
2822 3455 2965 3508 ultra
3004 3471 3166 3524 quam
3226 3454 3503 3509 sexdecim

1891 3548 2228 3618 perdiderat,
2300 3546 2528 3615 recepit.
2595 3546 2883 3599 Fulbertus
2932 3545 3157 3614 quidam
3217 3546 3503 3601 brachium

1889 3654 2090 3711 gerens
2121 3637 2357 3695 aridum.
2409 3644 2463 3691 et
2494 3636 2687 3691 inutile
2718 3637 2825 3690 sibi
2875 3636 3203 3700 membrum,
3232 3646 3289 3690 ut
3320 3653 3380 3691 se
3405 3637 3507 3691 hac

1889 3742 2033 3797 aqua
2065 3726 2321 3798 perfudit,
2356 3728 2673 3794 sanitatem,
2708 3728 3034 3800 brachiique
3063 3726 3271 3797 recepit
3302 3725 3508 3779 utilita-

1891 3831 2020 3878 tem.
2046 3823 2197 3875 Tunc
2222 3819 2388 3873 etiam
2431 3819 2656 3891 quidam
2688 3835 2886 3881 caseus,
2921 3816 3146 3873 nomine
3179 3817 3504 3881 Amalricus,

1892 3912 1968 3966 ibi
2000 3912 2175 3965 visum
2205 3911 2434 3981 recepit,
2476 3928 2600 3965 mox
2623 3911 2718 3965 ubi
2747 3928 2806 3965 se
2838 3912 2941 3966 hoc
2986 3909 3137 3965 fonte
3183 3909 3345 3973 lavit;
3370 3908 3507 3962 alia-

1890 4019 1998 4074 que
2020 4003 2177 4074 plura
2225 4019 2375 4057 nunc
2424 4004 2500 4057 ibi
2545 4004 2823 4058 refulsisse
2870 4004 3178 4073 probantur
3208 4000 3499 4065 miracula,

1891 4105 1945 4149 et
1993 4112 2057 4150 ex
2118 4095 2349 4149 diversis
2388 4095 2811 4167 aegritudinibus
2863 4094 3081 4149 diversa
3125 4103 3253 4148 sunt
3310 4093 3506 4148 collata

1891 4186 2159 4241 remedia.

1276 4546 1674 4632 LIBER
1761 4545 2431 4633 SECUNDUS

713 4890 923 4943 CAPUT
970 4889 1241 4945 PRIMUM»

511 4987 586 5037 De
614 4984 1002 5037 successoribus
1035 4986 1175 5039 beati
1201 4986 1451 5051 Remigii.

234 5082 406 5134 Beato
470 5072 726 5146 Remigio
792 5075 1128 5129 successisse
1205 5072 1436 5128 traditur
1491 5073 1789 5139 Romanus,

176 5176 417 5228 Romano
450 5166 691 5233 Flavius,
726 5176 850 5238 post
890 5185 1029 5240 quos
1074 5172 1366 5242 Mapinius,
1413 5174 1499 5228 cui
1548 5182 1792 5245 potestas

180 5263 322 5337 regia
376 5258 637 5331 quaedam
654 5259 885 5313 cessisse
909 5262 1182 5330 reperitur
1195 5262 1419 5332 prmdia,
1439 5262 1705 5332 deinceps
1719 5263 1787 5316 ab

178 5352 411 5407 Ecclesia
446 5350 704 5403 Remensi
730 5351 1080 5420 possidenda.
1133 5353 1302 5425 Hujus
1323 5370 1545 5425 quoque
1574 5364 1789 5425 tempo-

176 5442 317 5495 ribus
344 5441 683 5509 Suavegotta
743 5438 937 5511 regina
991 5441 1245 5496 Remensi
1292 5443 1540 5498 Ecclesim
1567 5445 1786 5499 tertiam

176 5538 379 5601 partem
405 5526 558 5580 villae
588 5525 836 5581 Virisiaci
874 5529 1114 5600 [Vcrzy],
1170 5548 1265 5600 per
1295 5535 1607 5588 testamenti
1634 5536 1785 5608 pagi-

176 5639 311 5686 nam,
344 5622 638 5694 delegasse
689 5620 981 5688 reperitur.
1034 5623 1202 5685 Quam
1246 5631 1456 5691 partem
1500 5624 1643 5679 villa:
1672 5625 1791 5694 ipse

174 5729 391 5785 quoque
425 5710 629 5783 praesul
676 5710 1070 5766 Theudechildi
1119 5712 1359 5783 praefatae
1406 5714 1610 5786 regina:
1642 5715 1790 5779 tiliae,

1815 4899 1872 4967 Β
1896 4892 2321 4959 usufructuario,
2354 4910 2451 4964 per
2497 4893 2821 4965 precariam,
2850 4894 3000 4948 salvo
3052 4894 3308 4948 Ecclesiae
3359 4895 3504 4963 jure,

1895 4992 2202 5053 concessit;
2236 4992 2308 5044 ita
2332 4992 2615 5055 duntaxat,
2667 4997 2725 5044 ut
2786 5000 2909 5059 post
2947 4988 3066 5056 ejus
3096 4986 3331 5051 obitum,
3376 4988 3506 5041 abs-

1895 5100 2001 5156 que
2023 5084 2135 5138 ullo
2155 5083 2501 5153 przejudicio,
2546 5084 2689 5137 sicut
2737 5082 2803 5135 ab
2856 5097 2921 5135 ea
2950 5078 3236 5134 meliorata
3281 5078 3501 5145 fuisset,

1892 5168 1961 5221 ad
2008 5168 2277 5223 ditionem
2311 5169 2597 5223 Hemensis
2622 5178 2973 5225 revocaretur
3035 5168 3315 5223 Ecclesiae.
3375 5171 3504 5234 Quae

1891 5259 2102 5314 scilicet
2141 5260 2530 5314 Teudechildis
2577 5262 2769 5335 regina
2808 5260 3159 5331 postmodum
3214 5261 3502 5329 nonnulla,

1891 5364 1988 5417 per
2039 5349 2347 5402 testamenti
2405 5349 2491 5403 sui
2544 5352 2947 5415 auctoritatem,
3000 5356 3249 5420 tempore
3309 5350 3503 5406 domui

1891 5438 2090 5510 Egidii,
2116 5439 2370 5493 Remensi
2397 5440 2630 5496 contulit
2660 5440 2915 5495 Ecclesiae
2946 5442 3171 5511 przedia.

2530 5531 2738 5586 CAPUT
2794 5532 2858 5585 Il.

2387 5627 2462 5678 De
2520 5626 2719 5691 Egidio
2744 5628 2999 5695 praesule.

1965 5715 2064 5780 Qui
2084 5715 2280 5786 praesul
2324 5716 2560 5790 Egidius
2592 5717 2646 5772 in
2676 5719 2997 5789 episcopatu
3033 5720 3331 5790 Mapinium
3361 5722 3501 5795 legi-
