3970 6218
508 320 578 374 9ὅ
1621 321 1986 373 FLODOARDI
2029 319 2331 372 CANONICI
2375 317 2702 372 REMENSIS
3717 329 3766 380 95

512 463 598 507 tur
630 463 870 517 secutus,
894 453 1349 522 episcopiumque
1406 453 1686 505 invenitur
1716 451 1955 514 auxisse,
1990 466 2117 504 arva
2148 457 2192 520 Α
2220 449 2340 503 aliis
2370 448 2564 522 legatis
2595 447 2796 501 missus
2850 448 3036 503 fuerit.
3093 451 3152 502 In
3179 466 3286 520 qua
3319 449 3579 523 legatione
3607 457 3768 508 consti-

509 542 719 595 scilicet
746 551 797 594 ct
844 541 1116 609 mancipia
1156 540 1417 594 nonnulla
1449 540 1671 596 emisse.
1705 556 1935 609 quarum
1996 538 2115 605 ejus

508 634 845 702 emptionum
877 633 1056 685 adhuc
1088 633 1337 702 quiedam
1371 647 1593 703 quoque
1636 631 1984 700 reperiuntur
2020 631 2111 682 in-

505 731 826 786 strumenta,
873 733 930 775 ut
963 722 1095 774 illud
1163 737 1270 790 quo
1335 737 1558 789 campos
1590 720 1730 772 duos
1770 721 1837 772 ab
1868 720 2113 772 Oboleno

502 829 667 880 super
700 811 924 863 fluvium
975 811 1297 863 ltotumnam
1332 811 1394 879 [λ’.
1429 811 1770 863 c..Rotonam
1806 809 2108 878 [ictum-ne]

507 903 839 974 legitnrdato
873 903 1048 973 pretio
1080 919 1698 972 comparasse,quorum
1725 917 1866 954 unus
1899 902 2114 956 modios

506 993 652 1045 mille
677 1003 862 1045 tenere
895 995 1180 1054 sementis,
1213 995 1350 1047 alter
1378 994 1694 1048 inscribitur
1725 993 2105 1064 quadringen-

505 1092 605 1134 tos.
639 1082 890 1134 Villarcm
953 1084 1114 1136 etiam
1158 1085 1450 1153 quemdam
1504 1101 1531 1135 a
1568 1083 1806 1136 Bcrtulfo
1847 1082 2110 1152 quodam,

501 1191 624 1228 cum
659 1174 932 1241 adjacenti
976 1190 1170 1243 campo
1206 1174 1422 1228 modios
1447 1184 1667 1227 centum
1699 1181 1942 1227 tenente.
1974 1173 2108 1224 Par-

503 1272 608 1316 tem
652 1278 872 1332 quoque
906 1263 1190 1329 cujusdam
1242 1264 1390 1316 silvae
1436 1279 1464 1315 a
1504 1262 1818 1316 Charibodo
1873 1264 2111 1331 quodam

505 1357 775 1426 reperitur
801 1357 1019 1410 emisse.
1067 1356 1288 1408 Necnon
1345 1355 1488 1424 apud
1531 1354 1736 1424 regiam
1768 1353 2111 1418 majestatem

506 1445 863 1498 immunitatis
894 1454 1227 1515 praeceptum
1256 1445 1501 1498 ecclesize
1533 1461 1644 1497 sua!
1685 1442 1946 1506 obtinuit,
1971 1441 2112 1494 utab

503 1535 650 1586 omni
684 1536 850 1588 fiscali
885 1537 1165 1590 functione
1197 1539 1278 1590 vel
1311 1537 1652 1591 mutilatione
1677 1552 1902 1606 prorsus
1935 1533 2114 1586 habe-

507 1634 650 1677 retur
672 1641 733 1676 ac
787 1636 1134 1693 permaneret
1185 1626 1461 1684 immunis,
1521 1624 1705 1679 omnia
1737 1638 1960 1694 quoque
1990 1621 2116 1674 data

504 1714 746 1767 ecclesize
761 1713 1012 1766 stabilem
1039 1715 1352 1768 obtinerent.
1373 1715 1401 1767 li
1414 1714 1703 1768 rmitatem.
1731 1710 2117 1764 Lbildebertus

2221 546 2393 590 tutum
2429 537 2598 589 fuisse
2628 535 2812 600 refert,
2851 546 2910 589 ut
2943 537 3126 590 ablato
3159 537 3474 591 Guntramni
3503 539 3632 611 regis
3656 541 3763 594 (hil-

2220 629 2388 698 pcrici
2429 629 2612 682 fratris
2642 645 2830 701 regno,
2872 629 2925 680 in
2949 645 3008 682 se
3054 630 3392 701 conjungere
3434 645 3608 698 pacem
3638 631 3768 685 debe-

2219 729 2357 773 rcnt.
2396 722 2508 783 Qua
2549 719 2804 788 pactione
2858 717 3088 781 ﬁrmata,
3149 720 3312 792 legati
3363 736 3482 774 cum
3528 722 3685 791 magni
3719 724 3766 775 ad

2219 810 2635 863 Childcbertum
2667 818 2795 862 sunt
2825 809 3149 862 muneribus
3181 809 3415 883 regressi
3445 811 3662 876 {ibid.,c,
3685 812 3746 874 3f}

2221 899 2350 950 ltcm
2381 898 2529 967 quod
2559 908 2850 967 postquam
2881 897 3190 967 Chilperico
3251 896 3398 950 filius
3447 905 3592 951 natus
3627 907 3707 964 cst,
3731 906 3769 952 el

2217 991 2337 1058 ipse.
2372 990 2606 1044 Parisios
2648 988 2904 1060 pervasit,
2957 989 3154 1060 legatis
3213 988 3537 1043 Childebcrti
3591 991 3649 1042 ad
3675 1005 3768 1044 cum

2214 1081 2588 1148 venientibus,
2642 1081 2853 1150 primus
2913 1080 3056 1133 inter
3105 1095 3199 1134 eos
3243 1080 3334 1134 hic
3374 1080 3603 1151 pontifex
3629 1081 3771 1145 fuerit,

2215 1173 2307 1243 qui
2338 1175 2464 1227 data
2495 1177 2870 1248 suggestione,
2895 1193 3106 1246 pacem,
3141 1190 3307 1246 quam
3341 1173 3658 1243 Chilpericus
3679 1190 3770 1226 eum

2217 1264 2442 1332 praefato
2473 1263 2828 1321 Childeberto
2861 1266 3084 1331 fecerat,
3133 1273 3188 1319 ut
3218 1273 3636 1325 conservaretur,
3660 1264 3772 1316 Chil-

2217 1356 2502 1409 debertum
2538 1366 2726 1427 petere
2775 1368 3052 1427 promunt,
3106 1374 3228 1412 cum
3291 1357 3454 1410 fratre
3501 1373 3617 1410 vero
3641 1355 3772 1425 ipsius

2217 1448 2510 1518 tihilperici
2536 1450 2873 1504 Gontramno
2901 1467 3090 1519 pacem
3127 1450 3335 1504 habere
3365 1465 3470 1502 non
3500 1463 3644 1517 posse
3667 1446 3775 1498 Chil-

2221 1536 2513 1590 dcbcrtum
2550 1538 2717 1606 :quia
2751 1546 2957 1606 partem
3004 1536 3251 1591 Massiliae
3295 1543 3415 1608 post
3446 1544 3653 1589 mortem
3678 1534 3773 1587 abs-

2223 1625 2405 1677 tulerit
2464 1626 2668 1695 patris,
2726 1625 3064 1697 fugacesque
3113 1642 3244 1680 suos
3298 1625 3556 1688 retinens,
3589 1624 3704 1677 nolit
3736 1623 3772 1675 ei

2222 1716 2518 1770 remittere.
2554 1717 2764 1784 Adjecit
2789 1718 2954 1770 etiam
2989 1717 3360 1787 ()hilpericus,
3390 1716 3440 1770 in
3465 1716 3633 1769 multis
3657 1731 3774 1767 eum-

506 1805 668 1857 etiam
705 1820 795 1855 rex
825 1802 1068 1856 villarcm
1092 1804 1384 1873 quemdam
1413 1804 1576 1857 situm
1611 1803 1662 1855 in
1686 1802 1917 1874 Vosago.
1943 1813 2115 1869 prope
2146 1772 2195 1837 Β
2217 1809 2341 1861 dem
2373 1808 2593 1862 fratrem
2627 1824 2787 1862 suum
2834 1825 2954 1861 esse
2991 1807 3356 1878 culpabilem,
3404 1807 3552 1874 cujus
3581 1804 3772 1860 colludio

508 1895 734 1947 fluvium
766 1894 1007 1954 Saroam,
1045 1901 1149 1946 tam
1177 1894 1278 1963 ipsi
1322 1910 1487 1963 quam
1515 1892 1760 1947 ecclesia
1801 1908 1912 1944 suae
1939 1887 2118 1959 possi-

503 1985 768 2047 dendum,
805 1982 1185 2036 instrumentis
1218 1983 1396 2036 adhuc
1429 1981 1799 2043 manentibus,
1837 1979 2117 2033 invenitur

508 2073 813 2126 tradidisse.
849 2073 1015 2140 llujus
1069 2075 1319 2141 praesulis
1362 2082 1467 2125 tam
1513 2072 1677 2124 vitam
1720 2086 1881 2140 quam
1913 2066 2114 2138 praedi-

506 2169 777 2221 cationem
810 2168 1138 2221 Fortunatus
1174 2167 1412 2231 Italicus,
1444 2165 1537 2235 qui
1571 2174 1700 2218 tunc
1737 2161 1883 2232 apud
1925 2159 2124 2212 Gallias

508 2261 557 2313 in
588 2260 811 2313 metrica
859 2260 1088 2332 insignis
1116 2259 1442 2321 habebatur,
1481 2257 1566 2310 his
1598 2255 1809 2310 studuit
1839 2268 2123 2307 commen-

503 2352 632 2404 dare
664 2351 913 2405 versibus
938 2352 1052 2420 μεθ.
1088 2369 1166 2415 ιιι,
1198 2353 1440 2406 Canum.
1481 2349 1564 2414 18)
1603 2365 1614 2399 :

566 2462 768 2508 Artibus
792 2463 994 2523 egregiis
1017 2461 1296 2519 venerabile
1325 2461 1517 2507 culmen
1553 2457 1711 2523 Egidi.

631 2525 700 2571 lix
724 2525 864 2584 cujus
887 2521 1072 2572 meritis
1095 2525 1247 2570 crevit
1279 2523 1459 2569 honore
1485 2521 1681 2581 gradus,

570 2586 839 2632 Subtrahor
869 2587 1080 2647 ingenio,
1097 2585 1364 2647 compellor
1378 2597 1540 2630 amore
1563 2589 1750 2647 parato.

633 2648 886 2695 Laudibus
921 2643 970 2695 in
993 2649 1172 2695 vestris
1191 2643 1392 2708 prodere
1419 2659 1569 2706 pauca
1602 2643 1787 2708 favens.

572 2711 790 2772 Namque
816 2725 923 2756 reus
945 2711 1114 2756 videor
1147 2705 1294 2757 tantis
1317 2705 1522 2772 existere
1544 2705 1719 2751 causis.

635 2772 681 2819 Si
712 2771 844 2818 solus
878 2781 1058 2819 taceam
1083 2771 1326 2833 quidquid
1360 2771 1542 2829 ubique
1570 2773 1727 2833 sonat,
1784 2827 1790 2833 ο

573 2835 662 2881 Sed
697 2836 926 2896 quamvis
953 2829 1192 2896 nequeam
1223 2829 1375 2894 digno
1397 2843 1621 2896 sermone
1655 2829 1812 2881 fateri,

639 2892 924 2944 lla—veniam
953 2892 1065 2943 voto
1092 2911 1166 2942 me
1193 2892 1405 2942 voluisse
1434 2892 1584 2953 loqui.

574 2960 703 3006 Exiit
727 2958 774 3004 in
810 2958 996 3004 mundo
1020 2964 1097 3006 (or
1121 2958 1385 3017 mundum)
1417 2952 1660 3017 gestorum
1686 2952 1816 2998 fama
1845 2959 2058 3004 tuorum,

638 3023 697 3068 lit
729 3020 946 3081 propriis
974 3020 1161 3066 meritis
1184 3020 1320 3066 sidus
1344 3014 1393 3065 in
1422 3014 1540 3064 orbe
1565 3014 1732 3061 micas.

571 3084 760 3131 Clarior
789 3083 992 3142 effulges
1018 3098 1165 3144 quam
1197 3082 1368 3128 lucifer
1391 3095 1472 3128 ore
1498 3092 1684 3126 sereno.

642 3146 724 3193 llle
753 3145 1049 3208 suisradiis.
1085 3144 1334 3208 tupietate_
1359 3145 1502 3208 nites.
1592 3201 1599 3208 _

577 3208 653 3256 Nil
688 3208 835 3262 lupus
865 3206 1062 3253 insidiis
1093 3201 1235 3253 cauto
1264 3201 1660 3256 subduxitovili,

639 3270 704 3317 Τυ
731 3277 923 3330 bastore
948 3283 1084 3316 sacro
1119 3268 1441 3331 pervigilante
1466 3277 1702 3331 gregem.“

579 3324 810 3380 Facundo
835 3332 1028 3393 eloquio
1059 3324 1282 3377 milestizi
1305 3324 1535 3393 dogmata
1559 3324 1748 3379 fundis,

641 3393 869 3442 Ecclesia:
899 3392 1048 3440 crevit
1083 3401 1125 3440 te
1149 3393 1390 3439 monitore
1421 3392 1616 3437 domus.

581 3456 832 3524 Pontificis
852 3456 1020 3524 studio
1049 3470 1169 3503 corro
1187 3455 1282 3502 ctio
1305 3454 1462 3524 plebis
1479 3449 1696 3524 habetis,

637 3519 703 3565 Ne
739 3518 950 3566 lL‘llt‘bl‘Ll)
969 3526 1174 3565 noceant
1197 3513 1372 3564 semita.
1394 3515 1516 3562 lucis
1538 3513 1679 3577 ades.
1734 3572 1742 3577 _
1770 3573 1774 3577 ἱ

578 3581 880 3629 Cunctorum
907 3595 1094 3627 rccreas
1129 3580 1321 3626 animos
1350 3576 1612 3624 dulcedine
1641 3572 1797 3626 verbi,

638 3644 730 3701 Qui
755 3643 904 3689 satias
935 3644 1112 3704 epulis,
1140 3642 1298 3703 pascis
1329 3648 1376 3705 et
1398 3655 1478 3686 ore
1509 3651 1688 3705 greges.

578 3700 824 3765 Praecepta
845 3700 1255 3766 iirq)lentur,'non
1288 3704 1391 3750 solo
1419 3716 1545 3766 pane
1569 3700 1809 3766 c‘ibamur,

646 3761 848 3823 Delicias
869 3761 1108 3828 cat-pimus,
1134 3780 1255 3827 quas
1294 3773 1373 3811 tua
1400 3761 1550 3810 verba
1578 3761 1757 3807 ferunt.

579 3829 636 3876 Ut
661 3830 838 3887 gaudet
863 3844 1039 3890 corpus
1070 3829 1146 3874 cui
1179 3828 1344 3874 mitior
1364 3842 1472 3874 esca
1500 3831 1722 3886 paratur,

643 3894 719 3940 Sic
746 3891 927 3954 animae
954 3891 1184 3954 gaudimt,
1213 3890 1277 3954 sic
1303 3898 1386 3954 tua
1415 3890 1767 3954 VlinguaOsonc‘t.‘
1823 3944 1830 3951 .
1889 3944 1895 3951 .

581 3955 788 4002 [heresis
809 3953 895 3999 illa
919 3945 997 4009 (Jr
1021 3953 1129 4010 itta)
1152 3952 1281 3999 cadit
1313 3951 1422 3999 forti
1463 3945 1513 3997 te
1537 3946 1692 3995 milite
1717 3945 1918 4010 Christi.

643 4015 870 4084 Acquiris
905 4006 1026 4084 regi,
1055 4006 1140 4077 qui
1175 4019 1266 4070 (or.
1295 4015 1431 4080 quia)
1461 4012 1598 4084 dedit
1621 4022 1760 4084 arma
1791 4006 1897 4054 tibi.

575 4080 669 4140 Qui
701 4075 878 4139 purgas
900 4075 1224 4140 spinis—agros
1249 4075 1474 4127 sermone
1502 4075 1705 4127 colente,

645 4143 702 4189 Et
734 4142 971 4188 mundata
995 4141 1091 4187 Deo
1113 4141 1266 4202 surgit
1305 4141 1487 4202 ubique
1511 4152 1660 4198 seges.

578 4204 671 4263 Qui
704 4203 854 4256 venit,
891 4211 943 4250 ut
971 4203 1127 4255 exsul.
1164 4201 1316 4251 tristis
1346 4201 1580 4255 defessus,
1615 4210 1810 4259 egenus,

645 4265 731 4313 llic
755 4265 924 4326 recipit
948 4265 1162 4326 patriam
1191 4274 1234 4314 te
1256 4267 1503 4313 refovente
1527 4276 1684 4311 suam.

580 4329 694 4387 Quae
715 4328 875 4375 doluit
908 4328 1052 4380 tollis,
1077 4328 1286 4389 gemitus
1313 4328 1360 4375 in
1385 4327 1565 4390 gaudia
1597 4330 1792 4374 vertens
1815 4336 1823 4368 :

643 4390 881 4438 Exsilium
918 4405 1172 4437 removens
1187 4391 1354 4438 reddis
1381 4404 1545 4437 amore
1565 4390 1706 4436 lares.

579 4453 771 4516 Pauper
795 4452 971 4516 halmre
1015 4452 1198 4510 cibum,
1250 4453 1428 4516 meruit
1450 4467 1644 4516 quoque
1677 4448 1840 4516 nudus
1869 4447 2125 4494 amictum.

645 4514 924 4578 Invenithic
944 4529 1140 4578 semper
1175 4530 1283 4578 quz-e
1317 4515 1445 4562 bona
1466 4512 1674 4578 quisque
1704 4512 1856 4573 cupit.

576 4577 867 4624 Consultum
894 4577 1068 4624 tribuis
1095 4577 1386 4638 generaliter
1409 4577 1642 4625 omnibus
1677 4588 1852 4622 unum.

641 4640 733 4697 Qui
766 4639 938 4701 populi
968 4647 1104 4700 pater
1128 4655 1195 4695 es,
1233 4647 1301 4687 tot
1325 4639 1406 4701 pia
1435 4640 1524 4687 rite
1552 4639 1694 4698 regis.

579 4702 689 4750 Haec
710 4697 796 4747 tibi
819 4697 922 4748 vita
947 4697 1049 4755 diu,
1091 4702 1300 4748 Domino
1325 4697 1588 4756 tribuente,
1610 4697 1848 4760 supersit,

641 4763 800 4826 Atque
828 4763 993 4810 futura
1015 4765 1160 4811 micet
1181 4763 1417 4810 lucidiore
1438 4762 1536 4809 die.

591 4887 667 4940 Ab
700 4887 802 4940 hoc
846 4886 1080 4956 praesule
1131 4885 1427 4958 Gregorius
1459 4885 1570 4949 (lib.
1606 4900 1642 4936 ιι
1689 4885 1908 4950 Μίνωα,
1949 4901 1995 4939 c.
2026 4887 2129 4950 17;,

519 4976 683 5030 etiam
719 4975 1055 5033 Turonensis
1088 4976 1331 5048 benigno
1350 4973 1630 5044 quondam
1657 4987 1717 5026 se
1749 4982 1932 5028 narrat
1963 4974 2131 5029 fuisse

516 5075 854 5137 susceptum,
897 5069 1120 5139 quando
1177 5065 1341 5135 Siggo
1401 5063 1623 5133 quidam
1674 5061 1945 5134 Sigeberti
1988 5062 2133 5137 regis

521 5156 949 5223 referendarius,
1009 5157 1205 5209 virtute
1275 5152 1421 5207 beati
1473 5151 1685 5207 Martini
1749 5153 1906 5222 cujus
1985 5153 2129 5207 idem

520 5249 820 5322 Gregorius
853 5256 982 5302 tunc
1008 5263 1192 5301 secum
1241 5244 1479 5302 habebat
1527 5246 1778 5320 pignora,
1812 5246 1867 5300 in
1891 5247 2130 5302 sacrario

521 5339 718 5394 domus
777 5335 1024 5390 ecclesiae
1085 5336 1369 5390 Bernensis
1422 5337 1672 5391 auditum
1712 5335 1893 5391 surdae
1923 5336 2131 5406 recepit

520 5426 686 5483 auris.
723 5426 821 5490 Qui
851 5433 1030 5480 tamen
1063 5427 1354 5499 Gregorius
1399 5427 1452 5480 in
1490 5427 1726 5482 Historia
1755 5428 1938 5502 gentis
1960 5427 2129 5480 Fran-

519 5516 845 5584 corum(lib.
881 5533 950 5582 vr,
985 5533 1103 5587 cap.
1136 5519 1184 5588 3)
1242 5518 1311 5572 de
1339 5519 1442 5573 hoc
1483 5519 1714 5588 praesule
1747 5527 1950 5580 narrat,
1987 5517 2134 5587 quod

522 5609 734 5683 legatus
755 5623 819 5661 ex
852 5619 1002 5679 parte
1058 5610 1392 5666 Childeberti
1428 5611 1572 5684 regis
1615 5609 1886 5682 Sigebcrti
1923 5607 2043 5675 lilii,
2067 5611 2135 5663 ad

527 5700 891 5772 Chilpericum
922 5719 1108 5778 regem
1142 5709 1395 5774 patruum
1425 5701 1599 5771 ipsius
1618 5699 1979 5764 Ghildeberti,
2013 5717 2135 5754 eum

2221 1906 2375 1965 pater
2415 1897 2576 1963 hujus
2605 1896 2941 1950 Childcberti
2993 1896 3157 1949 fuerit
3191 1895 3526 1949 interfectus.
3573 1894 3776 1948 Undelc-

2218 1985 2327 2057 gati
2378 2001 2600 2054 quoquo
2637 1985 2870 2053 permoti
2931 1985 3196 2038 ultionem
3233 1984 3472 2037 debitam
3507 1998 3654 2051 super
3680 1997 3774 2034 eum

2221 2074 2463 2127 velocius
2494 2074 2678 2126 inferri
2715 2080 2907 2142 petunt
2941 2091 2953 2134 ;
2990 2073 3158 2142 idque
3212 2081 3270 2126 ut
3302 2072 3679 2139 estjuramento
3705 2068 3775 2121 fir-

2228 2173 2452 2225 matum,
2499 2165 2640 2219 datis
2687 2174 2739 2218 et
2798 2164 3041 2232 acceptis
3099 2163 3414 2227 obsidibus,
3445 2163 3773 2216 discesserunt,

2227 2254 2326 2306 Pro
2363 2253 2567 2324 quibus
2600 2253 2976 2326 legationibus
3037 2269 3129 2305 rex
3180 2253 3555 2316 Gontramnus,
3585 2249 3690 2303 huic
3713 2264 3778 2301 ar-

2222 2343 2578 2413 chicpisc0po
2607 2359 2826 2412 semper
2851 2353 2967 2396 erat
3001 2342 3273 2396 infensus.
3312 2341 3459 2396 Unde
3489 2348 3538 2393 et
3565 2354 3672 2392 cum
3704 2353 3774 2406 pa-

2223 2453 2339 2489 cem
2376 2445 2565 2504 postea
2606 2437 2826 2490 fecisset
2874 2453 2997 2490 cum
3049 2435 3426 2500 Ghildeberto,
3478 2431 3693 2486 hortatus
3716 2435 3774 2480 est

2223 2541 2372 2589 eum,
2408 2533 2464 2579 ut
2517 2526 2664 2580 nullo
2721 2525 2886 2579 modo
2929 2525 3197 2585 crederet,
3264 2531 3356 2577 aut
3409 2521 3616 2575 haberet
3662 2517 3771 2570 hunc

2227 2615 2537 2683 przesulem,
2583 2614 2896 2670 convicians
2945 2630 3068 2667 cum
3104 2613 3334 2682 pcrjurii
3365 2610 3598 2665 crimine.
3626 2607 3773 2660 Postea

2226 2704 2469 2774 denique
2535 2707 2662 2759 dum
2688 2705 2910 2776 quidam
2943 2721 3069 2758 rcus
3100 2712 3473 2775 torqueretur,
3493 2699 3576 2772 qui
3603 2698 3658 2753 ad
3685 2711 3775 2765 pcr-

2224 2794 2546 2848 cuticndum
2604 2795 3013 2848 Childebertum
3075 2810 3263 2866 regem
3291 2809 3323 2846 a
3363 2787 3684 2862 Fredegunde
3711 2801 3776 2836 re-

2227 2893 2356 2967 gina
2386 2892 2566 2946 fuerat
2612 2893 2831 2956 missus,
2874 2890 3160 2946 confessus
3221 2900 3304 2944 est
3339 2891 3480 2944 hunc
3509 2887 3773 2956 episcopum

2228 2982 2435 3035 socium
2467 2980 2635 3034 fuisse
2666 2981 2719 3032 in
2749 2979 3113 3050 quorumdam
3143 2979 3379 3032 consilio
3411 2978 3472 3030 ad
3496 2971 3775 3028 interlicica-

2231 3071 2358 3122 dum
2393 3069 2648 3122 eumdem
2682 3068 3094 3122 Cliildebcrtum
3137 3083 3322 3139 regem
3363 3067 3600 3132 (GM-100R.
3631 3059 3710 3113 lib.
3738 3073 3775 3118 ii,

2160 3141 2207 3206 Ο
2229 3177 2274 3214 c.
2314 3158 2416 3222 13).
2448 3158 2558 3211 Nec
2585 3173 2735 3211 mora
2769 3174 2782 3221 ;
2817 3157 3109 3227 episcopus
3151 3157 3384 3226 rapitur,
3441 3163 3492 3207 et
3515 3152 3576 3205 ad
3605 3148 3772 3202 Meten-

2228 3270 2342 3307 sem
2373 3252 2590 3314 urbem,
2622 3267 2746 3305 cum
2778 3251 3093 3305 essetvalde
3125 3251 3192 3304 ab
3230 3249 3575 3324 mgrotatione
3602 3243 3773 3313 longin-

2229 3360 2335 3413 qua
2375 3343 2646 3406 defessus,
2687 3339 3004 3405 adducitur,
3057 3340 3250 3411 Ibique
3307 3340 3433 3393 dum
3462 3337 3557 3391 sub
3581 3329 3778 3388 custodia

2229 3435 2476 3507 degeret,
2510 3449 2601 3486 rex
2634 3433 2930 3502 episcopus
2976 3432 3232 3486 accersiri
3289 3433 3354 3486 ad
3411 3431 3523 3498 ejus
3552 3422 3778 3481 examina-

2230 3522 2434 3576 tionem
2469 3521 2749 3592 praecepit,
2793 3529 2845 3573 et
2880 3520 3028 3589 apud
3075 3520 3472 3575 Virdunenscm
3505 3516 3673 3570 urbem
3702 3507 3777 3562 ini-

2228 3615 2303 3668 tio
2334 3614 2541 3667 mensis
2594 3613 2768 3668 octavi
2821 3613 3084 3686 [Augusti]
3152 3613 3346 3667 adesse
3384 3609 3556 3678 jussit.
3608 3605 3775 3658 Tunca

2226 3705 2556 3775 quibusdam
2589 3706 2726 3759 clam
2763 3704 2915 3770 telam
2956 3706 3097 3758 deest
3131 3707 3186 3758 in
3216 3721 3318 3759 ms.
3355 3709 3401 3756 et
3434 3699 3673 3766 Gregorio}
3704 3707 3774 3744 sa-

2231 3793 2546 3848 cerdotibus
2606 3794 2942 3862 increpatus,
2974 3809 3072 3847 cur
3128 3792 3409 3846 hominem
3447 3789 3511 3843 ab
3549 3785 3666 3840 urbe
3692 3776 3775 3847 rapi

2231 3884 2438 3954 absque
2467 3882 2771 3949 audientia,
2816 3890 2869 3936 et
2916 3883 2971 3935 in
3037 3883 3344 3936 custodiam
3400 3876 3585 3933 retrudi
3614 3883 3774 3943 prece-

2234 3976 2422 4046 pisset,
2459 3974 2706 4046 permisit
2748 3991 2876 4028 eum
2923 3975 2990 4028 ad
3021 3974 3216 4028 urbem
3268 3989 3417 4027 suam
3467 3968 3645 4028 redire,
3670 3958 3773 4014 diri-

2233 4084 2368 4139 gens
2399 4067 2660 4138 epistolas
2681 4067 2749 4120 ad
2779 4082 2972 4122 omnes
3002 4067 3154 4138 regni
3189 4066 3274 4120 sui
3307 4061 3602 4136 pontifices,
3627 4063 3675 4108 ut
3693 4065 3772 4103 mc-

2233 4160 2325 4214 dio
2355 4174 2542 4213 mense
2574 4173 2721 4212 nono
2750 4159 2818 4211 ad
2876 4175 3002 4212 cum
3049 4156 3453 4212 discutiendum
3485 4153 3534 4206 in
3565 4147 3679 4202 urbe
3699 4156 3769 4194 su-

2236 4250 2483 4320 pradicta
2537 4249 2804 4303 deberent
2831 4251 3028 4305 adesse
3063 4292 3074 4303 .
3134 4251 3382 4319 Denique
3439 4238 3769 4300 convenientes

2237 4341 2491 4412 pcrtracti
2524 4348 2649 4394 sunt
2681 4358 2852 4412 usque
2884 4343 2949 4395 ad
2985 4342 3281 4395 Mctcnsem
3315 4339 3528 4394 urbem:
3561 4331 3717 4397 ibique
3735 4327 3772 4372 el

2236 4432 2460 4506 Egidius
2493 4434 2690 4502 prwsul
2723 4432 2917 4486 adfuit.
2951 4433 3098 4487 Tunc
3131 4450 3224 4486 rex
3273 4430 3545 4485 inimicum
3573 4419 3769 4506 sibicum

2155 4505 2633 4595 Dreligionisque
2687 4521 3028 4592 proditorem
3073 4536 3192 4574 esse
3253 4514 3596 4590 pronuntians
3633 4505 3771 4558 EHDO‘

2233 4614 2384 4668 dium
2414 4614 2610 4667 ducem
2658 4613 2723 4666 ad
2784 4612 3063 4685 negotium
3120 4611 3307 4684 dirigit
3368 4596 3767 4684 prosequendum.

2233 4702 2399 4770 Cujus
2432 4701 2734 4771 propositio
2766 4701 2943 4770 prima
2981 4701 3096 4754 haec
3163 4700 3265 4753 fuit
3301 4716 3311 4751 :
3348 4697 3437 4750 Dic
3467 4690 3607 4753 mihi,
3632 4701 3658 4739 ο
3680 4694 3770 4748 0P"

2233 4791 2571 4860 scope,quid
2625 4789 2724 4842 tibi
2758 4789 2936 4842 visum
2977 4789 3095 4854 fuit,
3131 4796 3188 4842 ut
3236 4786 3424 4840 relicto
3470 4793 3601 4852 rege,
3631 4775 3674 4864 if}

2228 4881 2319 4948 jus
2343 4880 2479 4933 urbe
2496 4879 2846 4949 episcopatus
2877 4880 3085 4933 honore
3139 4874 3427 4938 frucbaris,
3456 4861 3769 4949 Chilpericlle

2235 4972 2402 5044 regiis
2424 4971 2684 5025 amicitiis
2732 4971 3022 5034 subderes,
3056 4968 3148 5039 qui
3200 4981 3418 5036 semper
3444 4958 3671 5016 inimicus
3694 4947 3769 5046 (ξο-

2233 5064 2384 5120 mino
2435 5072 2620 5118 nostro
2659 5064 2774 5136 regi
2830 5063 2999 5118 fuisse
3041 5064 3323 5134 probatur,
3353 5057 3444 5130 qui
3479 5050 3769 5124 patrcmejus

2234 5156 2528 5221 interfecit,
2561 5165 2788 5210 matrem
2829 5156 3020 5210 exsilio
3049 5151 3450 5214 condemnavit,
3497 5139 3767 5228 Γεςηψῐξίίυεξ

2234 5245 2491 5316 pervasit,
2525 5246 2654 5300 etin
2691 5245 2775 5298 his
2801 5245 3055 5308 urbibus,
3082 5261 3238 5315 quas,
3269 5251 3325 5296 ut
3357 5235 3595 5293 diximus,
3623 5224 3768 5316 lmfluo

2232 5337 2576 5408 pervasionis
2617 5338 2812 5392 ordine
2861 5353 2959 5392 suo
3021 5335 3355 5410 subjugavit,
3408 5339 3460 5383 tu
3509 5322 3567 5376 ab
3618 5309 3764 5410 cf“ch

2233 5428 2644 5499 posscssionum
2694 5427 2965 5483 ﬁscalium
3027 5428 3235 5498 praedia
3278 5415 3518 5478 meruisti
3549 5404 3658 5462 ?Ad
3685 5401 3766 5496 hac

2238 5523 2328 5575 ille
2361 5520 2673 5590 respondit:
2702 5521 2857 5585 Quod
2890 5520 3086 5574 fuerim
3120 5520 3328 5574 amicus
3359 5509 3495 5583 regis
3511 5499 3764 5591 Cllll_l_’_"r-‘fjj

2237 5626 2438 5680 negare
2467 5624 2576 5664 non
2632 5617 2848 5679 potero,
2907 5626 3015 5664 non
3065 5616 3246 5662 tamen
3306 5606 3485 5656 contra
3539 5586 3656 5680 illim

2240 5676 2382 5772 regis
2413 5676 2747 5752 Childeberti
2779 5699 2896 5754 inec
2926 5697 3166 5753 amicitia
3187 5687 3478 5767 pullulavit.
3510 5676 3647 5730 Vilius

3660 5584 3764 5631 atem

3671 5671 3765 5718 vero
