  <div class='ocr_page' id='page_1' title='image "/cluster/home/n/w/nwhite01/storage/ocr_20150623/134-135/uva.x000829784/626.png"; bbox 0 0 3970 6218; ppageno 0'>
   <div class='ocr_carea' id='block_1_1' title="bbox 165 266 1813 331">
    <p class='ocr_par' dir='ltr' id='par_1_1' title="bbox 165 268 1806 326">
     <span class='ocr_line' id='line_1_1' title="bbox 165 268 1806 326; baseline -0.003 0"><span class='ocrx_word' id='word_1_1' title='bbox 165 273 235 326; x_wconf 83' lang='lat'><strong>97</strong></span> <span class='ocrx_word' id='word_1_2' title='bbox 846 269 1170 323; x_wconf 69' lang='lat' dir='ltr'><strong>HISTORIAE</strong></span> <span class='ocrx_word' id='word_1_3' title='bbox 1214 269 1542 322; x_wconf 61' lang='grc' dir='ltr'><strong>ΕΟΩιΕδιΑῐ</strong></span> <span class='ocrx_word' id='word_1_4' title='bbox 1585 268 1806 323; x_wconf 85' lang='lat' dir='ltr'><strong>REMEN</strong></span> 
     </span>
    </p>
   </div>
   <div class='ocr_carea' id='block_1_2' title="bbox 1923 266 3508 331">
    <p class='ocr_par' dir='ltr' id='par_1_2' title="bbox 1950 266 3508 331">
     <span class='ocr_line' id='line_1_2' title="bbox 1950 266 3508 331; baseline 0 -11"><span class='ocrx_word' id='word_1_5' title='bbox 1950 268 2125 322; x_wconf 80' lang='lat' dir='ltr'>LIBRI</span> <span class='ocrx_word' id='word_1_6' title='bbox 2165 267 2493 331; x_wconf 82' lang='lat' dir='ltr'><strong>QUATUOR.</strong></span> <span class='ocrx_word' id='word_1_7' title='bbox 2534 298 2594 307; x_wconf 68' lang='grc' dir='ltr'><strong>-υ-</strong></span> <span class='ocrx_word' id='word_1_8' title='bbox 2626 267 2749 320; x_wconf 87' lang='lat' dir='ltr'><strong>LIB.</strong></span> <span class='ocrx_word' id='word_1_9' title='bbox 2793 269 2832 320; x_wconf 91' lang='lat' dir='ltr'><strong>I.</strong></span> <span class='ocrx_word' id='word_1_10' title='bbox 3439 266 3508 320; x_wconf 83' lang='lat'><strong>98</strong></span> 
     </span>
    </p>
   </div>
   <div class='ocr_carea' id='block_1_3' title="bbox 167 394 3506 472">
    <p class='ocr_par' dir='ltr' id='par_1_3' title="bbox 167 394 3506 472">
     <span class='ocr_line' id='line_1_3' title="bbox 167 394 3506 472; baseline -0.003 -17"><span class='ocrx_word' id='word_1_11' title='bbox 167 418 312 471; x_wconf 86' lang='lat' dir='ltr'><strong>quas</strong></span> <span class='ocrx_word' id='word_1_12' title='bbox 328 415 620 464; x_wconf 78' lang='lat' dir='ltr'><strong>memoras,</strong></span> <span class='ocrx_word' id='word_1_13' title='bbox 654 415 752 468; x_wconf 88' lang='lat' dir='ltr'><strong>per</strong></span> <span class='ocrx_word' id='word_1_14' title='bbox 791 400 947 453; x_wconf 94' lang='lat' dir='ltr'><strong>istius</strong></span> <span class='ocrx_word' id='word_1_15' title='bbox 988 398 1133 472; x_wconf 87' lang='lat' dir='ltr'><strong>regis</strong></span> <span class='ocrx_word' id='word_1_16' title='bbox 1162 400 1378 452; x_wconf 78' lang='lat' dir='ltr'><strong>chartas</strong></span> <span class='ocrx_word' id='word_1_17' title='bbox 1414 398 1644 451; x_wconf 90' lang='lat' dir='ltr'><strong>emerui.</strong></span> <span class='ocrx_word' id='word_1_18' title='bbox 1671 400 1786 462; x_wconf 79' lang='lat' dir='ltr'><strong>Quo</strong></span> <span class='ocrx_word' id='word_1_19' title='bbox 1815 405 1863 470; x_wconf 75' lang='grc' dir='ltr'>Α</span> <span class='ocrx_word' id='word_1_20' title='bbox 1892 400 2104 453; x_wconf 90' lang='lat' dir='ltr'><strong>itineris</strong></span> <span class='ocrx_word' id='word_1_21' title='bbox 2134 399 2456 469; x_wconf 79' lang='lat' dir='ltr'><strong>apparuisse</strong></span> <span class='ocrx_word' id='word_1_22' title='bbox 2513 398 2745 451; x_wconf 82' lang='lat' dir='ltr'><strong>traditur</strong></span> <span class='ocrx_word' id='word_1_23' title='bbox 2802 395 3030 469; x_wconf 81' lang='lat' dir='ltr'><strong>angelus</strong></span> <span class='ocrx_word' id='word_1_24' title='bbox 3072 394 3310 458; x_wconf 87' lang='lat' dir='ltr'><strong>Domini,</strong></span> <span class='ocrx_word' id='word_1_25' title='bbox 3345 409 3506 463; x_wconf 86' lang='lat' dir='ltr'><strong>quem</strong></span> 
     </span>
    </p>
   </div>
   <div class='ocr_carea' id='block_1_4' title="bbox 171 483 3509 563">
    <p class='ocr_par' dir='ltr' id='par_1_4' title="bbox 171 483 3509 563">
     <span class='ocr_line' id='line_1_4' title="bbox 171 483 3509 563; baseline -0.004 -16"><span class='ocrx_word' id='word_1_26' title='bbox 171 492 494 563; x_wconf 83' lang='lat' dir='ltr'><strong>proferente</strong></span> <span class='ocrx_word' id='word_1_27' title='bbox 522 492 745 545; x_wconf 69' lang='lat' dir='ltr'><strong>easdem</strong></span> <span class='ocrx_word' id='word_1_28' title='bbox 779 491 834 544; x_wconf 93' lang='lat' dir='ltr'><strong>in</strong></span> <span class='ocrx_word' id='word_1_29' title='bbox 866 490 1108 560; x_wconf 91' lang='lat' dir='ltr'><strong>publico,</strong></span> <span class='ocrx_word' id='word_1_30' title='bbox 1132 496 1320 560; x_wconf 87' lang='lat' dir='ltr'><strong>negat,</strong></span> <span class='ocrx_word' id='word_1_31' title='bbox 1357 506 1416 542; x_wconf 88' lang='lat' dir='ltr'><strong>se</strong></span> <span class='ocrx_word' id='word_1_32' title='bbox 1449 490 1787 543; x_wconf 70' lang='lat' dir='ltr'><strong>rexhzeclar-</strong></span> <span class='ocrx_word' id='word_1_33' title='bbox 1890 497 2105 543; x_wconf 82' lang='lat' dir='ltr'><strong>constat</strong></span> <span class='ocrx_word' id='word_1_34' title='bbox 2138 489 2397 542; x_wconf 76' lang='lat' dir='ltr'><strong>habuisse</strong></span> <span class='ocrx_word' id='word_1_35' title='bbox 2432 488 2767 558; x_wconf 73' lang='lat' dir='ltr'><strong>praeducem,</strong></span> <span class='ocrx_word' id='word_1_36' title='bbox 2794 487 2923 539; x_wconf 89' lang='lat' dir='ltr'><strong>dum</strong></span> <span class='ocrx_word' id='word_1_37' title='bbox 2954 486 3282 539; x_wconf 80' lang='lat' dir='ltr'><strong>destinatam</strong></span> <span class='ocrx_word' id='word_1_38' title='bbox 3319 483 3509 555; x_wconf 87' lang='lat' dir='ltr'><strong>ingre-</strong></span> 
     </span>
    </p>
   </div>
   <div class='ocr_carea' id='block_1_5' title="bbox 167 571 3509 654">
    <p class='ocr_par' dir='ltr' id='par_1_5' title="bbox 167 571 3509 654">
     <span class='ocr_line' id='line_1_5' title="bbox 167 571 3509 654; baseline -0.004 -20"><span class='ocrx_word' id='word_1_39' title='bbox 167 583 348 654; x_wconf 87' lang='lat' dir='ltr'><strong>gitum</strong></span> <span class='ocrx_word' id='word_1_40' title='bbox 391 581 575 635; x_wconf 36' lang='lat' dir='ltr'><strong>fuisse.</strong></span> <span class='ocrx_word' id='word_1_41' title='bbox 616 580 931 650; x_wconf 88' lang='lat' dir='ltr'><strong>Requisitus</strong></span> <span class='ocrx_word' id='word_1_42' title='bbox 993 578 1134 640; x_wconf 86' lang='lat' dir='ltr'><strong>Otto,</strong></span> <span class='ocrx_word' id='word_1_43' title='bbox 1167 578 1262 648; x_wconf 88' lang='lat' dir='ltr'><strong>qui</strong></span> <span class='ocrx_word' id='word_1_44' title='bbox 1309 587 1438 631; x_wconf 90' lang='lat' dir='ltr'><strong>tunc</strong></span> <span class='ocrx_word' id='word_1_45' title='bbox 1472 577 1790 630; x_wconf 87' lang='lat' dir='ltr'><strong>referenda-</strong></span> <span class='ocrx_word' id='word_1_46' title='bbox 1890 579 2038 632; x_wconf 88' lang='lat' dir='ltr'><strong>ditur</strong></span> <span class='ocrx_word' id='word_1_47' title='bbox 2076 579 2290 632; x_wconf 90' lang='lat' dir='ltr'><strong>urbem.</strong></span> <span class='ocrx_word' id='word_1_48' title='bbox 2329 579 2477 631; x_wconf 85' lang='lat' dir='ltr'><strong>Hunc</strong></span> <span class='ocrx_word' id='word_1_49' title='bbox 2499 577 2824 651; x_wconf 89' lang='lat' dir='ltr'><strong>dignissime</strong></span> <span class='ocrx_word' id='word_1_50' title='bbox 2859 574 3120 644; x_wconf 69' lang='lat' dir='ltr'><strong>prazfatus</strong></span> <span class='ocrx_word' id='word_1_51' title='bbox 3154 572 3351 643; x_wconf 70' lang='lat' dir='ltr'><strong>przesul</strong></span> <span class='ocrx_word' id='word_1_52' title='bbox 3389 571 3509 642; x_wconf 80' lang='lat' dir='ltr'><strong>Egi-</strong></span> 
     </span>
    </p>
   </div>
   <div class='ocr_carea' id='block_1_6' title="bbox 171 670 1790 740">
    <p class='ocr_par' dir='ltr' id='par_1_6' title="bbox 171 670 1790 740">
     <span class='ocr_line' id='line_1_6' title="bbox 171 670 1790 740; baseline -0.003 -13"><span class='ocrx_word' id='word_1_53' title='bbox 171 675 291 727; x_wconf 86' lang='lat' dir='ltr'><strong>rius</strong></span> <span class='ocrx_word' id='word_1_54' title='bbox 320 674 517 739; x_wconf 85' lang='lat' dir='ltr'><strong>fuerat,</strong></span> <span class='ocrx_word' id='word_1_55' title='bbox 562 673 721 740; x_wconf 89' lang='lat' dir='ltr'><strong>cujus</strong></span> <span class='ocrx_word' id='word_1_56' title='bbox 774 671 847 724; x_wconf 90' lang='lat' dir='ltr'><strong>ibi</strong></span> <span class='ocrx_word' id='word_1_57' title='bbox 880 671 1218 740; x_wconf 89' lang='lat' dir='ltr'><strong>subscriptio</strong></span> <span class='ocrx_word' id='word_1_58' title='bbox 1267 670 1527 722; x_wconf 87' lang='lat' dir='ltr'><strong>meditata</strong></span> <span class='ocrx_word' id='word_1_59' title='bbox 1560 670 1790 722; x_wconf 91' lang='lat' dir='ltr'><strong>teneba-</strong></span> 
     </span>
    </p>
   </div>
   <div class='ocr_carea' id='block_1_7' title="bbox 170 761 1792 838">
    <p class='ocr_par' dir='ltr' id='par_1_7' title="bbox 170 761 1792 838">
     <span class='ocr_line' id='line_1_7' title="bbox 170 761 1792 838; baseline -0.004 -19"><span class='ocrx_word' id='word_1_60' title='bbox 170 773 285 832; x_wconf 90' lang='lat' dir='ltr'><strong>tur,</strong></span> <span class='ocrx_word' id='word_1_61' title='bbox 307 765 505 829; x_wconf 85' lang='lat' dir='ltr'><strong>adfuit,</strong></span> <span class='ocrx_word' id='word_1_62' title='bbox 529 781 738 838; x_wconf 84' lang='lat' dir='ltr'><strong>ncgans</strong></span> <span class='ocrx_word' id='word_1_63' title='bbox 764 780 821 818; x_wconf 90' lang='lat' dir='ltr'><strong>se</strong></span> <span class='ocrx_word' id='word_1_64' title='bbox 845 763 1262 832; x_wconf 83' lang='lat' dir='ltr'><strong>subscripsisse.</strong></span> <span class='ocrx_word' id='word_1_65' title='bbox 1302 763 1423 815; x_wconf 81' lang='lat' dir='ltr'><strong>IIa-c</strong></span> <span class='ocrx_word' id='word_1_66' title='bbox 1445 761 1792 832; x_wconf 83' lang='lat' dir='ltr'><strong>igit’urcausa</strong></span> 
     </span>
    </p>
   </div>
   <div class='ocr_carea' id='block_1_8' title="bbox 170 850 1795 925">
    <p class='ocr_par' dir='ltr' id='par_1_8' title="bbox 170 850 1795 925">
     <span class='ocr_line' id='line_1_8' title="bbox 170 850 1795 925; baseline -0.004 -16"><span class='ocrx_word' id='word_1_67' title='bbox 170 856 418 925; x_wconf 89' lang='lat' dir='ltr'><strong>primum</strong></span> <span class='ocrx_word' id='word_1_68' title='bbox 452 853 612 908; x_wconf 78' lang='lat' dir='ltr'><strong>fallax</strong></span> <span class='ocrx_word' id='word_1_69' title='bbox 642 853 940 922; x_wconf 89' lang='lat' dir='ltr'><strong>episcopus</strong></span> <span class='ocrx_word' id='word_1_70' title='bbox 993 859 1243 921; x_wconf 91' lang='lat' dir='ltr'><strong>repertus</strong></span> <span class='ocrx_word' id='word_1_71' title='bbox 1274 867 1394 904; x_wconf 89' lang='lat' dir='ltr'><strong>esse</strong></span> <span class='ocrx_word' id='word_1_72' title='bbox 1426 851 1649 903; x_wconf 88' lang='lat' dir='ltr'><strong>dicitur.</strong></span> <span class='ocrx_word' id='word_1_73' title='bbox 1671 850 1795 903; x_wconf 84' lang='lat' dir='ltr'><strong>Post</strong></span> 
     </span>
    </p>
   </div>
   <div class='ocr_carea' id='block_1_9' title="bbox 171 941 1792 1016">
    <p class='ocr_par' dir='ltr' id='par_1_9' title="bbox 171 941 1792 1016">
     <span class='ocr_line' id='line_1_9' title="bbox 171 941 1792 1016; baseline -0.005 -15"><span class='ocrx_word' id='word_1_74' title='bbox 171 951 297 1002; x_wconf 68' lang='lat' dir='ltr'><strong>haec</strong></span> <span class='ocrx_word' id='word_1_75' title='bbox 326 945 576 1016; x_wconf 67' lang='lat' dir='ltr'><strong>epistolae</strong></span> <span class='ocrx_word' id='word_1_76' title='bbox 625 945 852 1015; x_wconf 70' lang='lat' dir='ltr'><strong>prolatae</strong></span> <span class='ocrx_word' id='word_1_77' title='bbox 901 952 1050 1006; x_wconf 89' lang='lat' dir='ltr'><strong>sunt,</strong></span> <span class='ocrx_word' id='word_1_78' title='bbox 1087 943 1140 996; x_wconf 94' lang='lat' dir='ltr'><strong>in</strong></span> <span class='ocrx_word' id='word_1_79' title='bbox 1175 942 1378 1013; x_wconf 88' lang='lat' dir='ltr'><strong>quibus</strong></span> <span class='ocrx_word' id='word_1_80' title='bbox 1407 942 1576 995; x_wconf 91' lang='lat' dir='ltr'><strong>multa</strong></span> <span class='ocrx_word' id='word_1_81' title='bbox 1597 941 1664 994; x_wconf 90' lang='lat' dir='ltr'><strong>de</strong></span> <span class='ocrx_word' id='word_1_82' title='bbox 1689 941 1792 993; x_wconf 90' lang='lat' dir='ltr'><strong>im-</strong></span> 
     </span>
    </p>
   </div>
   <div class='ocr_carea' id='block_1_10' title="bbox 175 1033 1798 1112">
    <p class='ocr_par' dir='ltr' id='par_1_10' title="bbox 175 1033 1798 1112">
     <span class='ocr_line' id='line_1_10' title="bbox 175 1033 1798 1112; baseline -0.006 -18"><span class='ocrx_word' id='word_1_83' title='bbox 175 1040 457 1112; x_wconf 89' lang='lat' dir='ltr'><strong>properiis</strong></span> <span class='ocrx_word' id='word_1_84' title='bbox 501 1037 888 1092; x_wconf 88' lang='lat' dir='ltr'><strong>Brunechildis</strong></span> <span class='ocrx_word' id='word_1_85' title='bbox 938 1036 1293 1100; x_wconf 85' lang='lat' dir='ltr'><strong>tenebantur,</strong></span> <span class='ocrx_word' id='word_1_86' title='bbox 1318 1050 1442 1105; x_wconf 62' lang='lat' dir='ltr'><strong>quae</strong></span> <span class='ocrx_word' id='word_1_87' title='bbox 1477 1035 1543 1088; x_wconf 90' lang='lat' dir='ltr'><strong>ad</strong></span> <span class='ocrx_word' id='word_1_88' title='bbox 1577 1033 1798 1103; x_wconf 86' lang='lat' dir='ltr'><strong>Chilpe-</strong></span> 
     </span>
    </p>
   </div>
   <div class='ocr_carea' id='block_1_11' title="bbox 176 1122 1796 1198">
    <p class='ocr_par' dir='ltr' id='par_1_11' title="bbox 176 1122 1796 1198">
     <span class='ocr_line' id='line_1_11' title="bbox 176 1122 1796 1198; baseline -0.004 -15"><span class='ocrx_word' id='word_1_89' title='bbox 176 1131 359 1183; x_wconf 91' lang='lat' dir='ltr'><strong>ricum</strong></span> <span class='ocrx_word' id='word_1_90' title='bbox 400 1129 620 1198; x_wconf 66' lang='lat' dir='ltr'><strong>scripta:</strong></span> <span class='ocrx_word' id='word_1_91' title='bbox 676 1126 915 1180; x_wconf 86' lang='lat' dir='ltr'><strong>fuerant.</strong></span> <span class='ocrx_word' id='word_1_92' title='bbox 979 1125 1244 1179; x_wconf 74' lang='lat' dir='ltr'><strong>Similiter</strong></span> <span class='ocrx_word' id='word_1_93' title='bbox 1283 1131 1338 1178; x_wconf 89' lang='lat' dir='ltr'><strong>et</strong></span> <span class='ocrx_word' id='word_1_94' title='bbox 1390 1122 1682 1192; x_wconf 77' lang='lat' dir='ltr'><strong>Chilperiei</strong></span> <span class='ocrx_word' id='word_1_95' title='bbox 1729 1122 1796 1176; x_wconf 90' lang='lat' dir='ltr'><strong>ad</strong></span> 
     </span>
    </p>
   </div>
   <div class='ocr_carea' id='block_1_12' title="bbox 174 1213 1796 1291">
    <p class='ocr_par' dir='ltr' id='par_1_12' title="bbox 174 1213 1796 1291">
     <span class='ocr_line' id='line_1_12' title="bbox 174 1213 1796 1291; baseline -0.006 -15"><span class='ocrx_word' id='word_1_96' title='bbox 174 1223 504 1291; x_wconf 86' lang='lat' dir='ltr'><strong>episcopum</strong></span> <span class='ocrx_word' id='word_1_97' title='bbox 531 1220 744 1282; x_wconf 82' lang='lat' dir='ltr'><strong>delatae,</strong></span> <span class='ocrx_word' id='word_1_98' title='bbox 790 1219 844 1270; x_wconf 91' lang='lat' dir='ltr'><strong>in</strong></span> <span class='ocrx_word' id='word_1_99' title='bbox 875 1217 1077 1288; x_wconf 82' lang='lat' dir='ltr'><strong>quibus</strong></span> <span class='ocrx_word' id='word_1_100' title='bbox 1132 1217 1278 1270; x_wconf 88' lang='lat' dir='ltr'><strong>inter</strong></span> <span class='ocrx_word' id='word_1_101' title='bbox 1300 1217 1512 1285; x_wconf 89' lang='lat' dir='ltr'><strong>reliqua</strong></span> <span class='ocrx_word' id='word_1_102' title='bbox 1544 1213 1796 1267; x_wconf 86' lang='lat' dir='ltr'><strong>habeba-</strong></span> 
     </span>
    </p>
   </div>
   <div class='ocr_carea' id='block_1_13' title="bbox 177 1303 1793 1379">
    <p class='ocr_par' dir='ltr' id='par_1_13' title="bbox 177 1303 1793 1379">
     <span class='ocr_line' id='line_1_13' title="bbox 177 1303 1793 1379; baseline -0.006 -14"><span class='ocrx_word' id='word_1_103' title='bbox 177 1320 274 1365; x_wconf 87' lang='lat' dir='ltr'><strong>tur</strong></span> <span class='ocrx_word' id='word_1_104' title='bbox 305 1311 592 1375; x_wconf 88' lang='lat' dir='ltr'><strong>insertum,</strong></span> <span class='ocrx_word' id='word_1_105' title='bbox 645 1307 772 1379; x_wconf 88' lang='lat' dir='ltr'><strong>quia</strong></span> <span class='ocrx_word' id='word_1_106' title='bbox 817 1308 863 1360; x_wconf 90' lang='lat' dir='ltr'><strong>si</strong></span> <span class='ocrx_word' id='word_1_107' title='bbox 910 1306 1061 1359; x_wconf 84' lang='lat' dir='ltr'><strong>radix</strong></span> <span class='ocrx_word' id='word_1_108' title='bbox 1092 1305 1391 1372; x_wconf 87' lang='lat' dir='ltr'><strong>cujuslibet</strong></span> <span class='ocrx_word' id='word_1_109' title='bbox 1419 1304 1496 1357; x_wconf 89' lang='lat' dir='ltr'><strong>rei</strong></span> <span class='ocrx_word' id='word_1_110' title='bbox 1523 1303 1697 1357; x_wconf 90' lang='lat' dir='ltr'><strong>incisa</strong></span> <span class='ocrx_word' id='word_1_111' title='bbox 1733 1303 1793 1372; x_wconf 78' lang='grc' dir='ltr'><strong>[ο.</strong></span> 
     </span>
    </p>
   </div>
   <div class='ocr_carea' id='block_1_14' title="bbox 175 1395 1798 1471">
    <p class='ocr_par' dir='ltr' id='par_1_14' title="bbox 175 1395 1798 1471">
     <span class='ocr_line' id='line_1_14' title="bbox 175 1395 1798 1471; baseline -0.006 -15"><span class='ocrx_word' id='word_1_112' title='bbox 175 1403 384 1471; x_wconf 85' lang='lat' dir='ltr'><strong>excisa]</strong></span> <span class='ocrx_word' id='word_1_113' title='bbox 421 1417 530 1456; x_wconf 89' lang='lat' dir='ltr'><strong>non</strong></span> <span class='ocrx_word' id='word_1_114' title='bbox 589 1400 775 1462; x_wconf 89' lang='lat' dir='ltr'><strong>fuerit,</strong></span> <span class='ocrx_word' id='word_1_115' title='bbox 817 1398 1031 1452; x_wconf 85' lang='lat' dir='ltr'><strong>culmus</strong></span> <span class='ocrx_word' id='word_1_116' title='bbox 1059 1398 1151 1468; x_wconf 89' lang='lat' dir='ltr'><strong>qui</strong></span> <span class='ocrx_word' id='word_1_117' title='bbox 1177 1397 1337 1450; x_wconf 89' lang='lat' dir='ltr'><strong>terris</strong></span> <span class='ocrx_word' id='word_1_118' title='bbox 1367 1404 1448 1450; x_wconf 91' lang='lat' dir='ltr'><strong>est</strong></span> <span class='ocrx_word' id='word_1_119' title='bbox 1480 1395 1664 1450; x_wconf 87' lang='lat' dir='ltr'><strong>editus</strong></span> <span class='ocrx_word' id='word_1_120' title='bbox 1689 1410 1798 1448; x_wconf 93' lang='lat' dir='ltr'><strong>non</strong></span> 
     </span>
    </p>
   </div>
   <div class='ocr_carea' id='block_1_15' title="bbox 176 1485 1802 1558">
    <p class='ocr_par' dir='ltr' id='par_1_15' title="bbox 176 1485 1802 1558">
     <span class='ocr_line' id='line_1_15' title="bbox 176 1485 1802 1558; baseline -0.006 -13"><span class='ocrx_word' id='word_1_121' title='bbox 176 1492 403 1546; x_wconf 88' lang='lat' dir='ltr'><strong>arescit.</strong></span> <span class='ocrx_word' id='word_1_122' title='bbox 466 1491 616 1544; x_wconf 77' lang='lat' dir='ltr'><strong>Unde</strong></span> <span class='ocrx_word' id='word_1_123' title='bbox 683 1505 906 1558; x_wconf 84' lang='lat' dir='ltr'><strong>prorsus</strong></span> <span class='ocrx_word' id='word_1_124' title='bbox 966 1487 1320 1541; x_wconf 90' lang='lat' dir='ltr'><strong>manifestum</strong></span> <span class='ocrx_word' id='word_1_125' title='bbox 1381 1494 1463 1539; x_wconf 88' lang='lat' dir='ltr'><strong>est</strong></span> <span class='ocrx_word' id='word_1_126' title='bbox 1521 1485 1646 1538; x_wconf 88' lang='lat' dir='ltr'><strong>ideo</strong></span> <span class='ocrx_word' id='word_1_127' title='bbox 1689 1485 1802 1537; x_wconf 75' lang='lat' dir='ltr'><strong>haec</strong></span> 
     </span>
    </p>
   </div>
   <div class='ocr_carea' id='block_1_16' title="bbox 174 1573 1804 1650">
    <p class='ocr_par' dir='ltr' id='par_1_16' title="bbox 174 1573 1804 1650">
     <span class='ocr_line' id='line_1_16' title="bbox 174 1573 1804 1650; baseline -0.006 -16"><span class='ocrx_word' id='word_1_128' title='bbox 174 1582 410 1650; x_wconf 88' lang='lat' dir='ltr'><strong>scripta,</strong></span> <span class='ocrx_word' id='word_1_129' title='bbox 452 1587 781 1648; x_wconf 72' lang='lat' dir='ltr'><strong>utsupenata</strong></span> <span class='ocrx_word' id='word_1_130' title='bbox 805 1577 1167 1630; x_wconf 86' lang='lat' dir='ltr'><strong>Brunechilde</strong></span> <span class='ocrx_word' id='word_1_131' title='bbox 1200 1576 1346 1629; x_wconf 76' lang='lat' dir='ltr'><strong>filius</strong></span> <span class='ocrx_word' id='word_1_132' title='bbox 1369 1575 1491 1641; x_wconf 84' lang='lat' dir='ltr'><strong>ejus</strong></span> <span class='ocrx_word' id='word_1_133' title='bbox 1523 1573 1804 1643; x_wconf 90' lang='lat' dir='ltr'><strong>opprime-</strong></span> 
     </span>
    </p>
   </div>
   <div class='ocr_carea' id='block_1_17' title="bbox 1891 661 3503 738">
    <p class='ocr_par' dir='ltr' id='par_1_17' title="bbox 1891 661 3503 738">
     <span class='ocr_line' id='line_1_17' title="bbox 1891 661 3503 738; baseline -0.004 -18"><span class='ocrx_word' id='word_1_134' title='bbox 1891 667 2016 721; x_wconf 93' lang='lat' dir='ltr'><strong>dius</strong></span> <span class='ocrx_word' id='word_1_135' title='bbox 2061 667 2390 736; x_wconf 88' lang='lat' dir='ltr'><strong>suscipiens,</strong></span> <span class='ocrx_word' id='word_1_136' title='bbox 2451 667 2674 738; x_wconf 86' lang='lat' dir='ltr'><strong>cognito</strong></span> <span class='ocrx_word' id='word_1_137' title='bbox 2729 663 3134 734; x_wconf 80' lang='lat' dir='ltr'><strong>peregrinantis</strong></span> <span class='ocrx_word' id='word_1_138' title='bbox 3199 661 3503 724; x_wconf 87' lang='lat' dir='ltr'><strong>desiderio,</strong></span> 
     </span>
    </p>
   </div>
   <div class='ocr_carea' id='block_1_18' title="bbox 1897 748 3509 826">
    <p class='ocr_par' dir='ltr' id='par_1_18' title="bbox 1897 748 3509 826">
     <span class='ocr_line' id='line_1_18' title="bbox 1897 748 3509 826; baseline -0.004 -19"><span class='ocrx_word' id='word_1_139' title='bbox 1897 755 2210 826; x_wconf 89' lang='lat' dir='ltr'><strong>petitusque</strong></span> <span class='ocrx_word' id='word_1_140' title='bbox 2267 753 2582 808; x_wconf 88' lang='lat' dir='ltr'><strong>secretioris</strong></span> <span class='ocrx_word' id='word_1_141' title='bbox 2643 751 3080 808; x_wconf 80' lang='lat' dir='ltr'><strong>conversationis</strong></span> <span class='ocrx_word' id='word_1_142' title='bbox 3137 748 3509 804; x_wconf 86' lang='lat' dir='ltr'><strong>habitaculum</strong></span> 
     </span>
    </p>
   </div>
   <div class='ocr_carea' id='block_1_19' title="bbox 1895 843 3509 912">
    <p class='ocr_par' dir='ltr' id='par_1_19' title="bbox 1895 843 3509 912">
     <span class='ocr_line' id='line_1_19' title="bbox 1895 843 3509 912; baseline -0.005 -11"><span class='ocrx_word' id='word_1_143' title='bbox 1895 849 2222 911; x_wconf 89' lang='lat' dir='ltr'><strong>concedere,</strong></span> <span class='ocrx_word' id='word_1_144' title='bbox 2255 845 2620 900; x_wconf 83' lang='lat' dir='ltr'><strong>libentissime</strong></span> <span class='ocrx_word' id='word_1_145' title='bbox 2648 845 2833 909; x_wconf 88' lang='lat' dir='ltr'><strong>cessit,</strong></span> <span class='ocrx_word' id='word_1_146' title='bbox 2870 845 2949 897; x_wconf 90' lang='lat' dir='ltr'><strong>sic</strong></span> <span class='ocrx_word' id='word_1_147' title='bbox 2983 844 3075 897; x_wconf 91' lang='lat' dir='ltr'><strong>ubi</strong></span> <span class='ocrx_word' id='word_1_148' title='bbox 3108 843 3212 896; x_wconf 88' lang='lat' dir='ltr'><strong>sibi</strong></span> <span class='ocrx_word' id='word_1_149' title='bbox 3249 843 3509 912; x_wconf 88' lang='lat' dir='ltr'><strong>placitum</strong></span> 
     </span>
    </p>
   </div>
   <div class='ocr_carea' id='block_1_20' title="bbox 1899 931 3513 1002">
    <p class='ocr_par' dir='ltr' id='par_1_20' title="bbox 1899 931 3513 1002">
     <span class='ocr_line' id='line_1_20' title="bbox 1899 931 3513 1002; baseline -0.002 -14"><span class='ocrx_word' id='word_1_150' title='bbox 1899 937 1989 990; x_wconf 90' lang='lat' dir='ltr'><strong>Dei</strong></span> <span class='ocrx_word' id='word_1_151' title='bbox 2041 935 2276 991; x_wconf 84' lang='lat' dir='ltr'><strong>famulus</strong></span> <span class='ocrx_word' id='word_1_152' title='bbox 2334 934 2475 987; x_wconf 90' lang='lat' dir='ltr'><strong>infra</strong></span> <span class='ocrx_word' id='word_1_153' title='bbox 2520 933 2864 1002; x_wconf 84' lang='lat' dir='ltr'><strong>episcopium</strong></span> <span class='ocrx_word' id='word_1_154' title='bbox 2918 933 3186 984; x_wconf 80' lang='lat' dir='ltr'><strong>Reinense</strong></span> <span class='ocrx_word' id='word_1_155' title='bbox 3252 931 3513 984; x_wconf 89' lang='lat' dir='ltr'><strong>valuisset</strong></span> 
     </span>
    </p>
   </div>
   <div class='ocr_carea' id='block_1_21' title="bbox 1902 1025 3512 1105">
    <p class='ocr_par' dir='ltr' id='par_1_21' title="bbox 1902 1025 3512 1105">
     <span class='ocr_line' id='line_1_21' title="bbox 1902 1025 3512 1105; baseline -0.003 -25"><span class='ocrx_word' id='word_1_156' title='bbox 1902 1029 2166 1105; x_wconf 87' lang='lat' dir='ltr'><strong>reperire.</strong></span> <span class='ocrx_word' id='word_1_157' title='bbox 2206 1027 2417 1080; x_wconf 76' lang='lat' dir='ltr'><strong>Invenit</strong></span> <span class='ocrx_word' id='word_1_158' title='bbox 2462 1027 2704 1091; x_wconf 88' lang='lat' dir='ltr'><strong>tandem,</strong></span> <span class='ocrx_word' id='word_1_159' title='bbox 2732 1041 2972 1094; x_wconf 88' lang='lat' dir='ltr'><strong>superna</strong></span> <span class='ocrx_word' id='word_1_160' title='bbox 3021 1025 3352 1093; x_wconf 79' lang='lat' dir='ltr'><strong>disponente</strong></span> <span class='ocrx_word' id='word_1_161' title='bbox 3383 1039 3512 1095; x_wconf 85' lang='lat' dir='ltr'><strong>gra-</strong></span> 
     </span>
    </p>
   </div>
   <div class='ocr_carea' id='block_1_22' title="bbox 1901 1114 3513 1190">
    <p class='ocr_par' dir='ltr' id='par_1_22' title="bbox 1901 1114 3513 1190">
     <span class='ocr_line' id='line_1_22' title="bbox 1901 1114 3513 1190; baseline -0.004 -17"><span class='ocrx_word' id='word_1_162' title='bbox 1901 1120 1973 1173; x_wconf 91' lang='lat' dir='ltr'><strong>tia</strong></span> <span class='ocrx_word' id='word_1_163' title='bbox 2003 1121 2180 1173; x_wconf 91' lang='lat' dir='ltr'><strong>locum</strong></span> <span class='ocrx_word' id='word_1_164' title='bbox 2211 1118 2317 1171; x_wconf 90' lang='lat' dir='ltr'><strong>sibi</strong></span> <span class='ocrx_word' id='word_1_165' title='bbox 2351 1133 2655 1190; x_wconf 88' lang='lat' dir='ltr'><strong>congruum</strong></span> <span class='ocrx_word' id='word_1_166' title='bbox 2688 1117 2741 1169; x_wconf 88' lang='lat' dir='ltr'><strong>in</strong></span> <span class='ocrx_word' id='word_1_167' title='bbox 2774 1117 2893 1169; x_wconf 90' lang='lat' dir='ltr'><strong>vico</strong></span> <span class='ocrx_word' id='word_1_168' title='bbox 2952 1115 3237 1176; x_wconf 76' lang='lat' dir='ltr'><strong>Viriziaco,</strong></span> <span class='ocrx_word' id='word_1_169' title='bbox 3262 1115 3330 1167; x_wconf 88' lang='lat' dir='ltr'><strong>ad</strong></span> <span class='ocrx_word' id='word_1_170' title='bbox 3364 1114 3513 1167; x_wconf 90' lang='lat' dir='ltr'><strong>radi-</strong></span> 
     </span>
    </p>
   </div>
   <div class='ocr_carea' id='block_1_23' title="bbox 1901 1206 3517 1277">
    <p class='ocr_par' dir='ltr' id='par_1_23' title="bbox 1901 1206 3517 1277">
     <span class='ocr_line' id='line_1_23' title="bbox 1901 1206 3517 1277; baseline -0.004 -15"><span class='ocrx_word' id='word_1_171' title='bbox 1901 1227 1992 1263; x_wconf 91' lang='lat' dir='ltr'><strong>ces</strong></span> <span class='ocrx_word' id='word_1_172' title='bbox 2020 1209 2222 1264; x_wconf 89' lang='lat' dir='ltr'><strong>montis</strong></span> <span class='ocrx_word' id='word_1_173' title='bbox 2280 1209 2592 1273; x_wconf 91' lang='lat' dir='ltr'><strong>Remorum,</strong></span> <span class='ocrx_word' id='word_1_174' title='bbox 2657 1224 2818 1277; x_wconf 86' lang='lat' dir='ltr'><strong>quem</strong></span> <span class='ocrx_word' id='word_1_175' title='bbox 2856 1223 3050 1260; x_wconf 84' lang='lat' dir='ltr'><strong>nemus</strong></span> <span class='ocrx_word' id='word_1_176' title='bbox 3081 1207 3208 1259; x_wconf 91' lang='lat' dir='ltr'><strong>inde</strong></span> <span class='ocrx_word' id='word_1_177' title='bbox 3244 1206 3517 1274; x_wconf 85' lang='lat' dir='ltr'><strong>incipiens</strong></span> 
     </span>
    </p>
   </div>
   <div class='ocr_carea' id='block_1_24' title="bbox 1901 1297 3518 1373">
    <p class='ocr_par' dir='ltr' id='par_1_24' title="bbox 1901 1297 3518 1373">
     <span class='ocr_line' id='line_1_24' title="bbox 1901 1297 3518 1373; baseline -0.005 -17"><span class='ocrx_word' id='word_1_178' title='bbox 1901 1302 2197 1356; x_wconf 88' lang='lat' dir='ltr'><strong>obumbrat</strong></span> <span class='ocrx_word' id='word_1_179' title='bbox 2248 1300 2540 1373; x_wconf 90' lang='lat' dir='ltr'><strong>Rigetium.</strong></span> <span class='ocrx_word' id='word_1_180' title='bbox 2599 1300 2670 1352; x_wconf 85' lang='lat' dir='ltr'><strong>Eo</strong></span> <span class='ocrx_word' id='word_1_181' title='bbox 2741 1299 2842 1352; x_wconf 88' lang='lat' dir='ltr'><strong>loci</strong></span> <span class='ocrx_word' id='word_1_182' title='bbox 2905 1309 3034 1352; x_wconf 91' lang='lat' dir='ltr'><strong>tunc</strong></span> <span class='ocrx_word' id='word_1_183' title='bbox 3093 1297 3356 1366; x_wconf 87' lang='lat' dir='ltr'><strong>temporis</strong></span> <span class='ocrx_word' id='word_1_184' title='bbox 3403 1304 3518 1350; x_wconf 90' lang='lat' dir='ltr'><strong>erat</strong></span> 
     </span>
    </p>
   </div>
   <div class='ocr_carea' id='block_1_25' title="bbox 1902 1387 3521 1454">
    <p class='ocr_par' dir='ltr' id='par_1_25' title="bbox 1902 1387 3521 1454">
     <span class='ocr_line' id='line_1_25' title="bbox 1902 1387 3521 1454; baseline -0.006 -5"><span class='ocrx_word' id='word_1_185' title='bbox 1902 1394 2239 1454; x_wconf 72' lang='lat' dir='ltr'><strong>ctenobium,</strong></span> <span class='ocrx_word' id='word_1_186' title='bbox 2295 1408 2525 1445; x_wconf 90' lang='lat' dir='ltr'><strong>numero</strong></span> <span class='ocrx_word' id='word_1_187' title='bbox 2593 1390 2885 1445; x_wconf 91' lang='lat' dir='ltr'><strong>duodecim</strong></span> <span class='ocrx_word' id='word_1_188' title='bbox 2947 1390 3362 1443; x_wconf 89' lang='lat' dir='ltr'><strong>monachorum.</strong></span> <span class='ocrx_word' id='word_1_189' title='bbox 3427 1387 3521 1440; x_wconf 86' lang='lat' dir='ltr'><strong>llic</strong></span> 
     </span>
    </p>
   </div>
   <div class='ocr_carea' id='block_1_26' title="bbox 1905 1478 3519 1560">
    <p class='ocr_par' dir='ltr' id='par_1_26' title="bbox 1905 1478 3519 1560">
     <span class='ocr_line' id='line_1_26' title="bbox 1905 1478 3519 1560; baseline -0.007 -20"><span class='ocrx_word' id='word_1_190' title='bbox 1905 1488 2072 1560; x_wconf 79' lang='lat' dir='ltr'><strong>igitur</strong></span> <span class='ocrx_word' id='word_1_191' title='bbox 2133 1485 2377 1556; x_wconf 76' lang='lat' dir='ltr'><strong>benigne</strong></span> <span class='ocrx_word' id='word_1_192' title='bbox 2429 1492 2721 1551; x_wconf 86' lang='lat' dir='ltr'><strong>susceptus</strong></span> <span class='ocrx_word' id='word_1_193' title='bbox 2773 1499 2802 1534; x_wconf 92' lang='lat' dir='ltr'><strong>a</strong></span> <span class='ocrx_word' id='word_1_194' title='bbox 2859 1481 3139 1544; x_wconf 85' lang='lat' dir='ltr'><strong>fratribus,</strong></span> <span class='ocrx_word' id='word_1_195' title='bbox 3192 1480 3424 1534; x_wconf 73' lang='lat' dir='ltr'><strong>traditur</strong></span> <span class='ocrx_word' id='word_1_196' title='bbox 3454 1478 3519 1532; x_wconf 90' lang='lat' dir='ltr'><strong>ab</strong></span> 
     </span>
    </p>
   </div>
   <div class='ocr_carea' id='block_1_27' title="bbox 1904 1567 3520 1640">
    <p class='ocr_par' dir='ltr' id='par_1_27' title="bbox 1904 1567 3520 1640">
     <span class='ocr_line' id='line_1_27' title="bbox 1904 1567 3520 1640; baseline -0.003 -16"><span class='ocrx_word' id='word_1_197' title='bbox 1904 1571 2102 1624; x_wconf 88' lang='lat' dir='ltr'><strong>abbate</strong></span> <span class='ocrx_word' id='word_1_198' title='bbox 2135 1571 2704 1625; x_wconf 87' lang='lat' dir='ltr'><strong>litterisimbuendus.</strong></span> <span class='ocrx_word' id='word_1_199' title='bbox 2742 1569 3126 1640; x_wconf 84' lang='lat' dir='ltr'><strong>Neclongum,</strong></span> <span class='ocrx_word' id='word_1_200' title='bbox 3157 1570 3235 1621; x_wconf 89' lang='lat' dir='ltr'><strong>sic</strong></span> <span class='ocrx_word' id='word_1_201' title='bbox 3268 1567 3520 1621; x_wconf 89' lang='lat' dir='ltr'><strong>doctrina</strong></span> 
     </span>
    </p>
   </div>
   <div class='ocr_carea' id='block_1_28' title="bbox 182 1657 3520 1744">
    <p class='ocr_par' dir='ltr' id='par_1_28' title="bbox 182 1657 3520 1744">
     <span class='ocr_line' id='line_1_28' title="bbox 182 1657 3520 1744; baseline -0.005 -21"><span class='ocrx_word' id='word_1_202' title='bbox 182 1678 358 1723; x_wconf 88' lang='lat' dir='ltr'><strong>retur.</strong></span> <span class='ocrx_word' id='word_1_203' title='bbox 388 1669 520 1722; x_wconf 91' lang='lat' dir='ltr'><strong>Item</strong></span> <span class='ocrx_word' id='word_1_204' title='bbox 548 1667 656 1721; x_wconf 90' lang='lat' dir='ltr'><strong>alia</strong></span> <span class='ocrx_word' id='word_1_205' title='bbox 688 1666 955 1720; x_wconf 90' lang='lat' dir='ltr'><strong>nonnulla</strong></span> <span class='ocrx_word' id='word_1_206' title='bbox 981 1665 1160 1718; x_wconf 89' lang='lat' dir='ltr'><strong>eidem</strong></span> <span class='ocrx_word' id='word_1_207' title='bbox 1186 1665 1406 1734; x_wconf 66' lang='lat' dir='ltr'><strong>praesuli</strong></span> <span class='ocrx_word' id='word_1_208' title='bbox 1439 1663 1801 1731; x_wconf 87' lang='lat' dir='ltr'><strong>objiciuntur,</strong></span> <span class='ocrx_word' id='word_1_209' title='bbox 1832 1678 1882 1744; x_wconf 79' lang='grc' dir='ltr'>Β</span> <span class='ocrx_word' id='word_1_210' title='bbox 1906 1659 2150 1722; x_wconf 88' lang='lat' dir='ltr'><strong>emicuit,</strong></span> <span class='ocrx_word' id='word_1_211' title='bbox 2183 1669 2243 1712; x_wconf 90' lang='lat' dir='ltr'><strong>ut</strong></span> <span class='ocrx_word' id='word_1_212' title='bbox 2275 1669 2586 1713; x_wconf 65' lang='lat' dir='ltr'><strong>coaetaneos</strong></span> <span class='ocrx_word' id='word_1_213' title='bbox 2645 1665 2699 1711; x_wconf 87' lang='lat' dir='ltr'><strong>et</strong></span> <span class='ocrx_word' id='word_1_214' title='bbox 2750 1657 3180 1712; x_wconf 85' lang='lat' dir='ltr'><strong>contubernales</strong></span> <span class='ocrx_word' id='word_1_215' title='bbox 3232 1657 3520 1726; x_wconf 72' lang='lat' dir='ltr'><strong>sapientiae</strong></span> 
     </span>
    </p>
   </div>
   <div class='ocr_carea' id='block_1_29' title="bbox 182 1755 1803 1830">
    <p class='ocr_par' dir='ltr' id='par_1_29' title="bbox 182 1755 1803 1830">
     <span class='ocr_line' id='line_1_29' title="bbox 182 1755 1803 1830; baseline -0.005 -14"><span class='ocrx_word' id='word_1_216' title='bbox 182 1770 299 1816; x_wconf 87' lang='lat' dir='ltr'><strong>tam</strong></span> <span class='ocrx_word' id='word_1_217' title='bbox 329 1761 396 1814; x_wconf 90' lang='lat' dir='ltr'><strong>de</strong></span> <span class='ocrx_word' id='word_1_218' title='bbox 438 1759 787 1830; x_wconf 88' lang='lat' dir='ltr'><strong>pactionibus</strong></span> <span class='ocrx_word' id='word_1_219' title='bbox 819 1774 1030 1830; x_wconf 85' lang='lat' dir='ltr'><strong>regum,</strong></span> <span class='ocrx_word' id='word_1_220' title='bbox 1069 1774 1230 1828; x_wconf 91' lang='lat' dir='ltr'><strong>quam</strong></span> <span class='ocrx_word' id='word_1_221' title='bbox 1270 1758 1339 1810; x_wconf 90' lang='lat' dir='ltr'><strong>de</strong></span> <span class='ocrx_word' id='word_1_222' title='bbox 1387 1755 1803 1826; x_wconf 86' lang='lat' dir='ltr'><strong>perturbatione</strong></span> 
     </span>
    </p>
   </div>
   <div class='ocr_carea' id='block_1_30' title="bbox 180 1846 1803 1921">
    <p class='ocr_par' dir='ltr' id='par_1_30' title="bbox 180 1846 1803 1921">
     <span class='ocr_line' id='line_1_30' title="bbox 180 1846 1803 1921; baseline -0.006 -17"><span class='ocrx_word' id='word_1_223' title='bbox 180 1850 401 1921; x_wconf 61' lang='lat' dir='ltr'><strong>patriae,</strong></span> <span class='ocrx_word' id='word_1_224' title='bbox 463 1865 695 1920; x_wconf 89' lang='lat' dir='ltr'><strong>quorum</strong></span> <span class='ocrx_word' id='word_1_225' title='bbox 733 1848 988 1918; x_wconf 65' lang='lat' dir='ltr'><strong>quaedam</strong></span> <span class='ocrx_word' id='word_1_226' title='bbox 1021 1847 1261 1919; x_wconf 80' lang='lat' dir='ltr'><strong>negavit,</strong></span> <span class='ocrx_word' id='word_1_227' title='bbox 1294 1846 1548 1916; x_wconf 66' lang='lat' dir='ltr'><strong>quaedam</strong></span> <span class='ocrx_word' id='word_1_228' title='bbox 1601 1859 1803 1915; x_wconf 87' lang='lat' dir='ltr'><strong>negare</strong></span> 
     </span>
    </p>
   </div>
   <div class='ocr_carea' id='block_1_31' title="bbox 185 1936 1799 2008">
    <p class='ocr_par' dir='ltr' id='par_1_31' title="bbox 185 1936 1799 2008">
     <span class='ocr_line' id='line_1_31' title="bbox 185 1936 1799 2008; baseline -0.004 -16"><span class='ocrx_word' id='word_1_229' title='bbox 185 1956 302 1994; x_wconf 90' lang='lat' dir='ltr'><strong>non</strong></span> <span class='ocrx_word' id='word_1_230' title='bbox 334 1939 528 2008; x_wconf 91' lang='lat' dir='ltr'><strong>potuit.</strong></span> <span class='ocrx_word' id='word_1_231' title='bbox 591 1938 654 1991; x_wconf 87' lang='lat' dir='ltr'><strong>Et</strong></span> <span class='ocrx_word' id='word_1_232' title='bbox 705 1937 832 1990; x_wconf 92' lang='lat' dir='ltr'><strong>dum</strong></span> <span class='ocrx_word' id='word_1_233' title='bbox 887 1937 1170 1991; x_wconf 88' lang='lat' dir='ltr'><strong>altercatio</strong></span> <span class='ocrx_word' id='word_1_234' title='bbox 1204 1936 1412 1990; x_wconf 88' lang='lat' dir='ltr'><strong>diutius</strong></span> <span class='ocrx_word' id='word_1_235' title='bbox 1465 1936 1799 1994; x_wconf 88' lang='lat' dir='ltr'><strong>traheretur,</strong></span> 
     </span>
    </p>
   </div>
   <div class='ocr_carea' id='block_1_32' title="bbox 183 2027 1803 2098">
    <p class='ocr_par' dir='ltr' id='par_1_32' title="bbox 183 2027 1803 2098">
     <span class='ocr_line' id='line_1_32' title="bbox 183 2027 1803 2098; baseline -0.004 -13"><span class='ocrx_word' id='word_1_236' title='bbox 183 2030 366 2085; x_wconf 89' lang='lat' dir='ltr'><strong>adfuit</strong></span> <span class='ocrx_word' id='word_1_237' title='bbox 388 2030 551 2084; x_wconf 90' lang='lat' dir='ltr'><strong>etiam</strong></span> <span class='ocrx_word' id='word_1_238' title='bbox 609 2029 782 2083; x_wconf 87' lang='lat' dir='ltr'><strong>abbas</strong></span> <span class='ocrx_word' id='word_1_239' title='bbox 815 2029 1158 2098; x_wconf 88' lang='lat' dir='ltr'><strong>Epiphanius</strong></span> <span class='ocrx_word' id='word_1_240' title='bbox 1212 2027 1455 2082; x_wconf 76' lang='lat' dir='ltr'><strong>basilicae</strong></span> <span class='ocrx_word' id='word_1_241' title='bbox 1488 2027 1664 2081; x_wconf 89' lang='lat' dir='ltr'><strong>sancti</strong></span> <span class='ocrx_word' id='word_1_242' title='bbox 1699 2027 1803 2080; x_wconf 86' lang='lat' dir='ltr'><strong>Re—</strong></span> 
     </span>
    </p>
   </div>
   <div class='ocr_carea' id='block_1_33' title="bbox 178 2119 1802 2196">
    <p class='ocr_par' dir='ltr' id='par_1_33' title="bbox 178 2119 1802 2196">
     <span class='ocr_line' id='line_1_33' title="bbox 178 2119 1802 2196; baseline -0.003 -20"><span class='ocrx_word' id='word_1_243' title='bbox 178 2122 365 2196; x_wconf 88' lang='lat' dir='ltr'><strong>migii,</strong></span> <span class='ocrx_word' id='word_1_244' title='bbox 385 2122 577 2176; x_wconf 91' lang='lat' dir='ltr'><strong>dicens</strong></span> <span class='ocrx_word' id='word_1_245' title='bbox 598 2121 748 2191; x_wconf 86' lang='lat' dir='ltr'><strong>quod</strong></span> <span class='ocrx_word' id='word_1_246' title='bbox 790 2121 900 2175; x_wconf 91' lang='lat' dir='ltr'><strong>duo</strong></span> <span class='ocrx_word' id='word_1_247' title='bbox 925 2121 1096 2175; x_wconf 90' lang='lat' dir='ltr'><strong>millia</strong></span> <span class='ocrx_word' id='word_1_248' title='bbox 1128 2137 1443 2183; x_wconf 90' lang='lat' dir='ltr'><strong>aureorum,</strong></span> <span class='ocrx_word' id='word_1_249' title='bbox 1475 2119 1802 2190; x_wconf 86' lang='lat' dir='ltr'><strong>speciesque</strong></span> 
     </span>
    </p>
   </div>
   <div class='ocr_carea' id='block_1_34' title="bbox 182 2208 1807 2282">
    <p class='ocr_par' dir='ltr' id='par_1_34' title="bbox 182 2208 1807 2282">
     <span class='ocr_line' id='line_1_34' title="bbox 182 2208 1807 2282; baseline -0.003 -17"><span class='ocrx_word' id='word_1_250' title='bbox 182 2212 391 2265; x_wconf 88' lang='lat' dir='ltr'><strong>multas</strong></span> <span class='ocrx_word' id='word_1_251' title='bbox 439 2225 536 2279; x_wconf 92' lang='lat' dir='ltr'><strong>pro</strong></span> <span class='ocrx_word' id='word_1_252' title='bbox 585 2209 962 2264; x_wconf 88' lang='lat' dir='ltr'><strong>conservanda</strong></span> <span class='ocrx_word' id='word_1_253' title='bbox 1019 2208 1312 2279; x_wconf 89' lang='lat' dir='ltr'><strong>Chilperici</strong></span> <span class='ocrx_word' id='word_1_254' title='bbox 1367 2209 1512 2282; x_wconf 86' lang='lat' dir='ltr'><strong>regis</strong></span> <span class='ocrx_word' id='word_1_255' title='bbox 1564 2208 1807 2262; x_wconf 88' lang='lat' dir='ltr'><strong>amicitia</strong></span> 
     </span>
    </p>
   </div>
   <div class='ocr_carea' id='block_1_35' title="bbox 181 2297 1806 2369">
    <p class='ocr_par' dir='ltr' id='par_1_35' title="bbox 181 2297 1806 2369">
     <span class='ocr_line' id='line_1_35' title="bbox 181 2297 1806 2369; baseline -0.003 -16"><span class='ocrx_word' id='word_1_256' title='bbox 181 2301 336 2353; x_wconf 87' lang='lat' dir='ltr'><strong>idem</strong></span> <span class='ocrx_word' id='word_1_257' title='bbox 371 2298 569 2368; x_wconf 60' lang='lat' dir='ltr'><strong>praesul</strong></span> <span class='ocrx_word' id='word_1_258' title='bbox 630 2298 934 2368; x_wconf 89' lang='lat' dir='ltr'><strong>accepisset</strong></span> <span class='ocrx_word' id='word_1_259' title='bbox 969 2316 979 2351; x_wconf 94' lang='lat'>:</span> <span class='ocrx_word' id='word_1_260' title='bbox 1016 2305 1070 2352; x_wconf 91' lang='lat' dir='ltr'><strong>et</strong></span> <span class='ocrx_word' id='word_1_261' title='bbox 1121 2315 1246 2352; x_wconf 89' lang='lat' dir='ltr'><strong>cum</strong></span> <span class='ocrx_word' id='word_1_262' title='bbox 1295 2298 1510 2369; x_wconf 83' lang='lat' dir='ltr'><strong>legatis,</strong></span> <span class='ocrx_word' id='word_1_263' title='bbox 1546 2297 1638 2368; x_wconf 86' lang='lat' dir='ltr'><strong>qui</strong></span> <span class='ocrx_word' id='word_1_264' title='bbox 1682 2313 1806 2350; x_wconf 91' lang='lat' dir='ltr'><strong>cum</strong></span> 
     </span>
    </p>
   </div>
   <div class='ocr_carea' id='block_1_36' title="bbox 180 2387 1810 2461">
    <p class='ocr_par' dir='ltr' id='par_1_36' title="bbox 180 2387 1810 2461">
     <span class='ocr_line' id='line_1_36' title="bbox 180 2387 1810 2461; baseline -0.001 -20"><span class='ocrx_word' id='word_1_265' title='bbox 180 2389 457 2458; x_wconf 88' lang='lat' dir='ltr'><strong>episc0po</strong></span> <span class='ocrx_word' id='word_1_266' title='bbox 487 2387 640 2441; x_wconf 87' lang='lat' dir='ltr'><strong>missi</strong></span> <span class='ocrx_word' id='word_1_267' title='bbox 673 2387 905 2456; x_wconf 60' lang='lat' dir='ltr'><strong>fuerant,</strong></span> <span class='ocrx_word' id='word_1_268' title='bbox 937 2387 1006 2441; x_wconf 91' lang='lat' dir='ltr'><strong>ad</strong></span> <span class='ocrx_word' id='word_1_269' title='bbox 1038 2395 1398 2442; x_wconf 90' lang='lat' dir='ltr'><strong>memoratum</strong></span> <span class='ocrx_word' id='word_1_270' title='bbox 1439 2403 1646 2461; x_wconf 80' lang='lat' dir='ltr'><strong>regem,</strong></span> <span class='ocrx_word' id='word_1_271' title='bbox 1680 2401 1810 2456; x_wconf 92' lang='lat' dir='ltr'><strong>pro-</strong></span> 
     </span>
    </p>
   </div>
   <div class='ocr_carea' id='block_1_37' title="bbox 180 2475 1814 2549">
    <p class='ocr_par' dir='ltr' id='par_1_37' title="bbox 180 2475 1814 2549">
     <span class='ocr_line' id='line_1_37' title="bbox 180 2475 1814 2549; baseline 0 -21"><span class='ocrx_word' id='word_1_272' title='bbox 180 2477 334 2546; x_wconf 87' lang='lat' dir='ltr'><strong>palat</strong></span> <span class='ocrx_word' id='word_1_273' title='bbox 375 2476 520 2530; x_wconf 89' lang='lat' dir='ltr'><strong>idem</strong></span> <span class='ocrx_word' id='word_1_274' title='bbox 571 2476 764 2541; x_wconf 89' lang='lat' dir='ltr'><strong>abbas,</strong></span> <span class='ocrx_word' id='word_1_275' title='bbox 807 2477 1045 2547; x_wconf 88' lang='lat' dir='ltr'><strong>qualiter</strong></span> <span class='ocrx_word' id='word_1_276' title='bbox 1091 2476 1159 2530; x_wconf 90' lang='lat' dir='ltr'><strong>de</strong></span> <span class='ocrx_word' id='word_1_277' title='bbox 1218 2476 1432 2531; x_wconf 91' lang='lat' dir='ltr'><strong>excidio</strong></span> <span class='ocrx_word' id='word_1_278' title='bbox 1480 2475 1724 2549; x_wconf 83' lang='lat' dir='ltr'><strong>regionis</strong></span> <span class='ocrx_word' id='word_1_279' title='bbox 1751 2491 1814 2529; x_wconf 89' lang='lat' dir='ltr'><strong>ac</strong></span> 
     </span>
    </p>
   </div>
   <div class='ocr_carea' id='block_1_38' title="bbox 181 2565 1815 2638">
    <p class='ocr_par' dir='ltr' id='par_1_38' title="bbox 181 2565 1815 2638">
     <span class='ocr_line' id='line_1_38' title="bbox 181 2565 1815 2638; baseline 0 -20"><span class='ocrx_word' id='word_1_280' title='bbox 181 2565 334 2637; x_wconf 87' lang='lat' dir='ltr'><strong>regis</strong></span> <span class='ocrx_word' id='word_1_281' title='bbox 364 2567 666 2620; x_wconf 80' lang='lat' dir='ltr'><strong>Gontranni</strong></span> <span class='ocrx_word' id='word_1_282' title='bbox 692 2575 1024 2621; x_wconf 88' lang='lat' dir='ltr'><strong>conventum</strong></span> <span class='ocrx_word' id='word_1_283' title='bbox 1075 2567 1276 2630; x_wconf 90' lang='lat' dir='ltr'><strong>fuerat,</strong></span> <span class='ocrx_word' id='word_1_284' title='bbox 1307 2574 1361 2620; x_wconf 90' lang='lat' dir='ltr'><strong>et</strong></span> <span class='ocrx_word' id='word_1_285' title='bbox 1384 2575 1442 2620; x_wconf 90' lang='lat' dir='ltr'><strong>ut</strong></span> <span class='ocrx_word' id='word_1_286' title='bbox 1471 2574 1688 2638; x_wconf 86' lang='lat' dir='ltr'><strong>gestum</strong></span> <span class='ocrx_word' id='word_1_287' title='bbox 1732 2572 1815 2619; x_wconf 89' lang='lat' dir='ltr'><strong>est</strong></span> 
     </span>
    </p>
   </div>
   <div class='ocr_carea' id='block_1_39' title="bbox 179 2659 1812 2729">
    <p class='ocr_par' dir='ltr' id='par_1_39' title="bbox 179 2659 1812 2729">
     <span class='ocr_line' id='line_1_39' title="bbox 179 2659 1812 2729; baseline 0.001 -18"><span class='ocrx_word' id='word_1_288' title='bbox 179 2676 246 2713; x_wconf 85' lang='lat' dir='ltr'><strong>ex</strong></span> <span class='ocrx_word' id='word_1_289' title='bbox 278 2661 478 2714; x_wconf 80' lang='lat' dir='ltr'><strong>ordine</strong></span> <span class='ocrx_word' id='word_1_290' title='bbox 509 2669 710 2714; x_wconf 89' lang='lat' dir='ltr'><strong>narrat.</strong></span> <span class='ocrx_word' id='word_1_291' title='bbox 749 2661 874 2714; x_wconf 76' lang='lat' dir='ltr'><strong>llaec</strong></span> <span class='ocrx_word' id='word_1_292' title='bbox 904 2660 1199 2714; x_wconf 88' lang='lat' dir='ltr'><strong>audientes</strong></span> <span class='ocrx_word' id='word_1_293' title='bbox 1234 2660 1505 2729; x_wconf 87' lang='lat' dir='ltr'><strong>episcopi,</strong></span> <span class='ocrx_word' id='word_1_294' title='bbox 1542 2669 1595 2713; x_wconf 92' lang='lat' dir='ltr'><strong>et</strong></span> <span class='ocrx_word' id='word_1_295' title='bbox 1620 2659 1674 2712; x_wconf 92' lang='lat' dir='ltr'><strong>in</strong></span> <span class='ocrx_word' id='word_1_296' title='bbox 1692 2665 1812 2712; x_wconf 87' lang='lat' dir='ltr'><strong>tan-</strong></span> 
     </span>
    </p>
   </div>
   <div class='ocr_carea' id='block_1_40' title="bbox 188 2749 1809 2813">
    <p class='ocr_par' dir='ltr' id='par_1_40' title="bbox 188 2749 1809 2813">
     <span class='ocr_line' id='line_1_40' title="bbox 188 2749 1809 2813; baseline -0.001 -10"><span class='ocrx_word' id='word_1_297' title='bbox 188 2751 258 2804; x_wconf 88' lang='lat' dir='ltr'><strong>tis</strong></span> <span class='ocrx_word' id='word_1_298' title='bbox 313 2749 473 2804; x_wconf 85' lang='lat' dir='ltr'><strong>malis</strong></span> <span class='ocrx_word' id='word_1_299' title='bbox 503 2751 848 2804; x_wconf 85' lang='lat' dir='ltr'><strong>sacerdotem</strong></span> <span class='ocrx_word' id='word_1_300' title='bbox 912 2749 1126 2804; x_wconf 88' lang='lat' dir='ltr'><strong>Domini</strong></span> <span class='ocrx_word' id='word_1_301' title='bbox 1177 2757 1527 2813; x_wconf 88' lang='lat' dir='ltr'><strong>contuentes,</strong></span> <span class='ocrx_word' id='word_1_302' title='bbox 1563 2749 1809 2803; x_wconf 89' lang='lat' dir='ltr'><strong>triduani</strong></span> 
     </span>
    </p>
   </div>
   <div class='ocr_carea' id='block_1_41' title="bbox 183 2839 1813 2909">
    <p class='ocr_par' dir='ltr' id='par_1_41' title="bbox 183 2839 1813 2909">
     <span class='ocr_line' id='line_1_41' title="bbox 183 2839 1813 2909; baseline 0.001 -16"><span class='ocrx_word' id='word_1_303' title='bbox 183 2839 456 2908; x_wconf 60' lang='lat' dir='ltr'><strong>temporis</strong></span> <span class='ocrx_word' id='word_1_304' title='bbox 486 2840 722 2909; x_wconf 89' lang='lat' dir='ltr'><strong>spatium</strong></span> <span class='ocrx_word' id='word_1_305' title='bbox 771 2841 1140 2909; x_wconf 89' lang='lat' dir='ltr'><strong>deprecantur</strong></span> <span class='ocrx_word' id='word_1_306' title='bbox 1170 2839 1437 2894; x_wconf 88' lang='lat' dir='ltr'><strong>tractandi</strong></span> <span class='ocrx_word' id='word_1_307' title='bbox 1467 2858 1477 2893; x_wconf 94' lang='lat'>:</span> <span class='ocrx_word' id='word_1_308' title='bbox 1515 2840 1728 2894; x_wconf 87' lang='lat' dir='ltr'><strong>scilicet</strong></span> <span class='ocrx_word' id='word_1_309' title='bbox 1753 2847 1813 2893; x_wconf 91' lang='lat' dir='ltr'><strong>ut</strong></span> 
     </span>
    </p>
   </div>
   <div class='ocr_carea' id='block_1_42' title="bbox 186 2928 1811 3001">
    <p class='ocr_par' dir='ltr' id='par_1_42' title="bbox 186 2928 1811 3001">
     <span class='ocr_line' id='line_1_42' title="bbox 186 2928 1811 3001; baseline 0.002 -20"><span class='ocrx_word' id='word_1_310' title='bbox 186 2928 364 2982; x_wconf 91' lang='lat' dir='ltr'><strong>ullum</strong></span> <span class='ocrx_word' id='word_1_311' title='bbox 399 2929 630 2983; x_wconf 87' lang='lat' dir='ltr'><strong>modum</strong></span> <span class='ocrx_word' id='word_1_312' title='bbox 655 2930 900 2999; x_wconf 88' lang='lat' dir='ltr'><strong>reperire</strong></span> <span class='ocrx_word' id='word_1_313' title='bbox 957 2939 1144 3000; x_wconf 89' lang='lat' dir='ltr'><strong>posset</strong></span> <span class='ocrx_word' id='word_1_314' title='bbox 1195 2931 1492 3001; x_wconf 89' lang='lat' dir='ltr'><strong>episc0pus</strong></span> <span class='ocrx_word' id='word_1_315' title='bbox 1523 2945 1621 3000; x_wconf 90' lang='lat' dir='ltr'><strong>per</strong></span> <span class='ocrx_word' id='word_1_316' title='bbox 1645 2946 1811 3001; x_wconf 90' lang='lat' dir='ltr'><strong>quem</strong></span> 
     </span>
    </p>
   </div>
   <div class='ocr_carea' id='block_1_43' title="bbox 183 3021 1811 3088">
    <p class='ocr_par' dir='ltr' id='par_1_43' title="bbox 183 3021 1811 3088">
     <span class='ocr_line' id='line_1_43' title="bbox 183 3021 1811 3088; baseline 0.001 -14"><span class='ocrx_word' id='word_1_317' title='bbox 183 3037 246 3074; x_wconf 88' lang='lat' dir='ltr'><strong>se</strong></span> <span class='ocrx_word' id='word_1_318' title='bbox 277 3021 348 3074; x_wconf 89' lang='lat' dir='ltr'><strong>ab</strong></span> <span class='ocrx_word' id='word_1_319' title='bbox 378 3021 614 3088; x_wconf 88' lang='lat' dir='ltr'><strong>objectis</strong></span> <span class='ocrx_word' id='word_1_320' title='bbox 638 3037 902 3075; x_wconf 87' lang='lat' dir='ltr'><strong>excusare</strong></span> <span class='ocrx_word' id='word_1_321' title='bbox 934 3022 1159 3077; x_wconf 87' lang='lat' dir='ltr'><strong>valeret.</strong></span> <span class='ocrx_word' id='word_1_322' title='bbox 1197 3023 1302 3076; x_wconf 90' lang='lat' dir='ltr'><strong>Sed</strong></span> <span class='ocrx_word' id='word_1_323' title='bbox 1343 3023 1696 3076; x_wconf 89' lang='lat' dir='ltr'><strong>illucescente</strong></span> <span class='ocrx_word' id='word_1_324' title='bbox 1719 3022 1811 3075; x_wconf 91' lang='lat' dir='ltr'><strong>die</strong></span> 
     </span>
    </p>
   </div>
   <div class='ocr_carea' id='block_1_44' title="bbox 1910 1750 3522 1820">
    <p class='ocr_par' dir='ltr' id='par_1_44' title="bbox 1910 1750 3522 1820">
     <span class='ocr_line' id='line_1_44' title="bbox 1910 1750 3522 1820; baseline -0.002 -16"><span class='ocrx_word' id='word_1_325' title='bbox 1910 1751 2029 1804; x_wconf 92' lang='lat' dir='ltr'><strong>luce</strong></span> <span class='ocrx_word' id='word_1_326' title='bbox 2086 1751 2329 1820; x_wconf 61' lang='lat' dir='ltr'><strong>praeiret.</strong></span> <span class='ocrx_word' id='word_1_327' title='bbox 2367 1751 2523 1804; x_wconf 77' lang='lat' dir='ltr'><strong>Nulla</strong></span> <span class='ocrx_word' id='word_1_328' title='bbox 2565 1750 2643 1803; x_wconf 88' lang='lat' dir='ltr'><strong>illi</strong></span> <span class='ocrx_word' id='word_1_329' title='bbox 2697 1751 3028 1818; x_wconf 91' lang='lat' dir='ltr'><strong>pr0pensior</strong></span> <span class='ocrx_word' id='word_1_330' title='bbox 3049 1765 3177 1803; x_wconf 87' lang='lat' dir='ltr'><strong>cura</strong></span> <span class='ocrx_word' id='word_1_331' title='bbox 3209 1764 3394 1818; x_wconf 89' lang='lat' dir='ltr'><strong>quam,</strong></span> <span class='ocrx_word' id='word_1_332' title='bbox 3430 1756 3522 1801; x_wconf 90' lang='lat' dir='ltr'><strong>aut</strong></span> 
     </span>
    </p>
   </div>
   <div class='ocr_carea' id='block_1_45' title="bbox 1908 1841 3522 1905">
    <p class='ocr_par' dir='ltr' id='par_1_45' title="bbox 1908 1841 3522 1905">
     <span class='ocr_line' id='line_1_45' title="bbox 1908 1841 3522 1905; baseline -0.001 -10"><span class='ocrx_word' id='word_1_333' title='bbox 1908 1843 1963 1896; x_wconf 92' lang='lat' dir='ltr'><strong>in</strong></span> <span class='ocrx_word' id='word_1_334' title='bbox 1994 1843 2231 1896; x_wconf 90' lang='lat' dir='ltr'><strong>lectione</strong></span> <span class='ocrx_word' id='word_1_335' title='bbox 2263 1842 2346 1896; x_wconf 88' lang='lat' dir='ltr'><strong>vel</strong></span> <span class='ocrx_word' id='word_1_336' title='bbox 2387 1857 2646 1895; x_wconf 84' lang='lat' dir='ltr'><strong>sermone</strong></span> <span class='ocrx_word' id='word_1_337' title='bbox 2688 1842 2756 1894; x_wconf 88' lang='lat' dir='ltr'><strong>de</strong></span> <span class='ocrx_word' id='word_1_338' title='bbox 2801 1842 2930 1905; x_wconf 90' lang='lat' dir='ltr'><strong>Deo,</strong></span> <span class='ocrx_word' id='word_1_339' title='bbox 2965 1841 3127 1894; x_wconf 86' lang='lat' dir='ltr'><strong>autin</strong></span> <span class='ocrx_word' id='word_1_340' title='bbox 3157 1841 3407 1894; x_wconf 89' lang='lat' dir='ltr'><strong>oratione</strong></span> <span class='ocrx_word' id='word_1_341' title='bbox 3441 1841 3522 1894; x_wconf 92' lang='lat' dir='ltr'><strong>lo-</strong></span> 
     </span>
    </p>
   </div>
   <div class='ocr_carea' id='block_1_46' title="bbox 1906 1932 3522 2004">
    <p class='ocr_par' dir='ltr' id='par_1_46' title="bbox 1906 1932 3522 2004">
     <span class='ocr_line' id='line_1_46' title="bbox 1906 1932 3522 2004; baseline -0.002 -16"><span class='ocrx_word' id='word_1_342' title='bbox 1906 1935 1998 2004; x_wconf 92' lang='lat' dir='ltr'><strong>qui</strong></span> <span class='ocrx_word' id='word_1_343' title='bbox 2033 1950 2157 1988; x_wconf 83' lang='lat' dir='ltr'><strong>cum</strong></span> <span class='ocrx_word' id='word_1_344' title='bbox 2193 1933 2674 1986; x_wconf 87' lang='lat' dir='ltr'><strong>Deo.Transitoria</strong></span> <span class='ocrx_word' id='word_1_345' title='bbox 2717 1932 3055 2002; x_wconf 87' lang='lat' dir='ltr'><strong>despiciens,</strong></span> <span class='ocrx_word' id='word_1_346' title='bbox 3087 1940 3365 1986; x_wconf 68' lang='lat' dir='ltr'><strong>etaeterna</strong></span> <span class='ocrx_word' id='word_1_347' title='bbox 3387 1949 3522 1985; x_wconf 88' lang='lat' dir='ltr'><strong>eon-</strong></span> 
     </span>
    </p>
   </div>
   <div class='ocr_carea' id='block_1_47' title="bbox 1905 2023 3520 2097">
    <p class='ocr_par' dir='ltr' id='par_1_47' title="bbox 1905 2023 3520 2097">
     <span class='ocr_line' id='line_1_47' title="bbox 1905 2023 3520 2097; baseline -0.002 -16"><span class='ocrx_word' id='word_1_348' title='bbox 1905 2026 2218 2097; x_wconf 88' lang='lat' dir='ltr'><strong>cupiscens,</strong></span> <span class='ocrx_word' id='word_1_349' title='bbox 2276 2026 2453 2080; x_wconf 88' lang='lat' dir='ltr'><strong>victus</strong></span> <span class='ocrx_word' id='word_1_350' title='bbox 2511 2040 2736 2094; x_wconf 90' lang='lat' dir='ltr'><strong>pensam</strong></span> <span class='ocrx_word' id='word_1_351' title='bbox 2819 2023 3155 2093; x_wconf 88' lang='lat' dir='ltr'><strong>pauperibus</strong></span> <span class='ocrx_word' id='word_1_352' title='bbox 3237 2025 3520 2097; x_wconf 78' lang='lat' dir='ltr'><strong>erogabat,</strong></span> 
     </span>
    </p>
   </div>
   <div class='ocr_carea' id='block_1_48' title="bbox 1907 2116 3522 2189">
    <p class='ocr_par' dir='ltr' id='par_1_48' title="bbox 1907 2116 3522 2189">
     <span class='ocr_line' id='line_1_48' title="bbox 1907 2116 3522 2189; baseline -0.002 -17"><span class='ocrx_word' id='word_1_353' title='bbox 1907 2119 2204 2189; x_wconf 87' lang='lat' dir='ltr'><strong>pauxillum</strong></span> <span class='ocrx_word' id='word_1_354' title='bbox 2238 2118 2345 2173; x_wconf 91' lang='lat' dir='ltr'><strong>sibi</strong></span> <span class='ocrx_word' id='word_1_355' title='bbox 2386 2118 2648 2172; x_wconf 84' lang='lat' dir='ltr'><strong>duntaxat</strong></span> <span class='ocrx_word' id='word_1_356' title='bbox 2703 2133 3007 2183; x_wconf 89' lang='lat' dir='ltr'><strong>reservans,</strong></span> <span class='ocrx_word' id='word_1_357' title='bbox 3037 2119 3104 2171; x_wconf 89' lang='lat' dir='ltr'><strong>ad</strong></span> <span class='ocrx_word' id='word_1_358' title='bbox 3151 2116 3522 2170; x_wconf 79' lang='lat' dir='ltr'><strong>infirmitatem</strong></span> 
     </span>
    </p>
   </div>
   <div class='ocr_carea' id='block_1_49' title="bbox 1908 2211 2630 2281">
    <p class='ocr_par' dir='ltr' id='par_1_49' title="bbox 1908 2211 2630 2281">
     <span class='ocr_line' id='line_1_49' title="bbox 1908 2211 2630 2281; baseline -0.001 -16"><span class='ocrx_word' id='word_1_359' title='bbox 1908 2211 2156 2281; x_wconf 90' lang='lat' dir='ltr'><strong>corporis</strong></span> <span class='ocrx_word' id='word_1_360' title='bbox 2191 2212 2630 2266; x_wconf 86' lang='lat' dir='ltr'><strong>sustentandam.</strong></span> 
     </span>
    </p>
   </div>
   <div class='ocr_carea' id='block_1_50' title="bbox 1985 2301 3524 2364">
    <p class='ocr_par' dir='ltr' id='par_1_50' title="bbox 1985 2301 3524 2364">
     <span class='ocr_line' id='line_1_50' title="bbox 1985 2301 3524 2364; baseline -0.002 -7"><span class='ocrx_word' id='word_1_361' title='bbox 1985 2306 2060 2359; x_wconf 83' lang='lat' dir='ltr'><strong>Ita</strong></span> <span class='ocrx_word' id='word_1_362' title='bbox 2095 2304 2354 2358; x_wconf 89' lang='lat' dir='ltr'><strong>virtutum</strong></span> <span class='ocrx_word' id='word_1_363' title='bbox 2395 2320 2653 2358; x_wconf 89' lang='lat' dir='ltr'><strong>crescens</strong></span> <span class='ocrx_word' id='word_1_364' title='bbox 2683 2303 2947 2364; x_wconf 90' lang='lat' dir='ltr'><strong>culmine,</strong></span> <span class='ocrx_word' id='word_1_365' title='bbox 2981 2301 3282 2355; x_wconf 71' lang='lat' dir='ltr'><strong>solitariam</strong></span> <span class='ocrx_word' id='word_1_366' title='bbox 3315 2317 3524 2355; x_wconf 89' lang='lat' dir='ltr'><strong>concu-</strong></span> 
     </span>
    </p>
   </div>
   <div class='ocr_carea' id='block_1_51' title="bbox 1914 2390 3522 2466">
    <p class='ocr_par' dir='ltr' id='par_1_51' title="bbox 1914 2390 3522 2466">
     <span class='ocr_line' id='line_1_51' title="bbox 1914 2390 3522 2466; baseline -0.002 -21"><span class='ocrx_word' id='word_1_367' title='bbox 1914 2393 2074 2462; x_wconf 89' lang='lat' dir='ltr'><strong>piscit</strong></span> <span class='ocrx_word' id='word_1_368' title='bbox 2101 2394 2288 2459; x_wconf 87' lang='lat' dir='ltr'><strong>vitam,</strong></span> <span class='ocrx_word' id='word_1_369' title='bbox 2310 2393 2723 2466; x_wconf 87' lang='lat' dir='ltr'><strong>fastigiumque,</strong></span> <span class='ocrx_word' id='word_1_370' title='bbox 2757 2392 2826 2446; x_wconf 91' lang='lat' dir='ltr'><strong>ad</strong></span> <span class='ocrx_word' id='word_1_371' title='bbox 2852 2392 3120 2445; x_wconf 89' lang='lat' dir='ltr'><strong>secretius</strong></span> <span class='ocrx_word' id='word_1_372' title='bbox 3139 2390 3522 2453; x_wconf 88' lang='lat' dir='ltr'><strong>habitandum,</strong></span> 
     </span>
    </p>
   </div>
   <div class='ocr_carea' id='block_1_52' title="bbox 1914 2483 3523 2557">
    <p class='ocr_par' dir='ltr' id='par_1_52' title="bbox 1914 2483 3523 2557">
     <span class='ocr_line' id='line_1_52' title="bbox 1914 2483 3523 2557; baseline -0.003 -20"><span class='ocrx_word' id='word_1_373' title='bbox 1914 2483 2159 2556; x_wconf 78' lang='lat' dir='ltr'><strong>contigui</strong></span> <span class='ocrx_word' id='word_1_374' title='bbox 2190 2484 2386 2557; x_wconf 81' lang='lat' dir='ltr'><strong>deligit</strong></span> <span class='ocrx_word' id='word_1_375' title='bbox 2417 2483 2640 2547; x_wconf 91' lang='lat' dir='ltr'><strong>montis,</strong></span> <span class='ocrx_word' id='word_1_376' title='bbox 2678 2484 2732 2536; x_wconf 90' lang='lat' dir='ltr'><strong>in</strong></span> <span class='ocrx_word' id='word_1_377' title='bbox 2760 2499 2868 2554; x_wconf 93' lang='lat' dir='ltr'><strong>quo</strong></span> <span class='ocrx_word' id='word_1_378' title='bbox 2899 2483 3150 2536; x_wconf 87' lang='lat' dir='ltr'><strong>cellulam</strong></span> <span class='ocrx_word' id='word_1_379' title='bbox 3185 2499 3307 2536; x_wconf 89' lang='lat' dir='ltr'><strong>cum</strong></span> <span class='ocrx_word' id='word_1_380' title='bbox 3339 2490 3523 2535; x_wconf 87' lang='lat' dir='ltr'><strong>orato-</strong></span> 
     </span>
    </p>
   </div>
   <div class='ocr_carea' id='block_1_53' title="bbox 1912 2571 3528 2638">
    <p class='ocr_par' dir='ltr' id='par_1_53' title="bbox 1912 2571 3528 2638">
     <span class='ocr_line' id='line_1_53' title="bbox 1912 2571 3528 2638; baseline -0.002 -13"><span class='ocrx_word' id='word_1_381' title='bbox 1912 2571 1995 2625; x_wconf 91' lang='lat' dir='ltr'><strong>rio</strong></span> <span class='ocrx_word' id='word_1_382' title='bbox 2019 2573 2310 2638; x_wconf 91' lang='lat' dir='ltr'><strong>construit,</strong></span> <span class='ocrx_word' id='word_1_383' title='bbox 2369 2571 2464 2626; x_wconf 90' lang='lat' dir='ltr'><strong>ubi</strong></span> <span class='ocrx_word' id='word_1_384' title='bbox 2525 2572 2756 2625; x_wconf 83' lang='lat' dir='ltr'><strong>liberius</strong></span> <span class='ocrx_word' id='word_1_385' title='bbox 2815 2571 3528 2625; x_wconf 71' lang='lat' dir='ltr'><strong>cmlcstideserviretcon-</strong></span> 
     </span>
    </p>
   </div>
   <div class='ocr_carea' id='block_1_54' title="bbox 1915 2660 3525 2732">
    <p class='ocr_par' dir='ltr' id='par_1_54' title="bbox 1915 2660 3525 2732">
     <span class='ocr_line' id='line_1_54' title="bbox 1915 2660 3525 2732; baseline -0.002 -17"><span class='ocrx_word' id='word_1_386' title='bbox 1915 2661 2277 2731; x_wconf 90' lang='lat' dir='ltr'><strong>templationi.</strong></span> <span class='ocrx_word' id='word_1_387' title='bbox 2322 2664 2380 2715; x_wconf 89' lang='lat' dir='ltr'><strong>In</strong></span> <span class='ocrx_word' id='word_1_388' title='bbox 2403 2678 2507 2732; x_wconf 88' lang='lat' dir='ltr'><strong>qua</strong></span> <span class='ocrx_word' id='word_1_389' title='bbox 2536 2661 2861 2716; x_wconf 92' lang='lat' dir='ltr'><strong>inclusionis</strong></span> <span class='ocrx_word' id='word_1_390' title='bbox 2891 2660 3230 2714; x_wconf 91' lang='lat' dir='ltr'><strong>habitatione</strong></span> <span class='ocrx_word' id='word_1_391' title='bbox 3260 2675 3358 2729; x_wconf 92' lang='lat' dir='ltr'><strong>per</strong></span> <span class='ocrx_word' id='word_1_392' title='bbox 3383 2676 3525 2729; x_wconf 89' lang='lat' dir='ltr'><strong>qua-</strong></span> 
     </span>
    </p>
   </div>
   <div class='ocr_carea' id='block_1_55' title="bbox 1913 2754 3528 2828">
    <p class='ocr_par' dir='ltr' id='par_1_55' title="bbox 1913 2754 3528 2828">
     <span class='ocr_line' id='line_1_55' title="bbox 1913 2754 3528 2828; baseline -0.001 -21"><span class='ocrx_word' id='word_1_393' title='bbox 1913 2754 2413 2828; x_wconf 88' lang='lat' dir='ltr'><strong>dragintatraditur</strong></span> <span class='ocrx_word' id='word_1_394' title='bbox 2442 2771 2617 2809; x_wconf 89' lang='lat' dir='ltr'><strong>annos</strong></span> <span class='ocrx_word' id='word_1_395' title='bbox 2646 2755 2758 2808; x_wconf 90' lang='lat' dir='ltr'><strong>Deo</strong></span> <span class='ocrx_word' id='word_1_396' title='bbox 2791 2754 3077 2816; x_wconf 88' lang='lat' dir='ltr'><strong>militasse,</strong></span> <span class='ocrx_word' id='word_1_397' title='bbox 3105 2761 3158 2806; x_wconf 90' lang='lat' dir='ltr'><strong>et</strong></span> <span class='ocrx_word' id='word_1_398' title='bbox 3190 2761 3379 2807; x_wconf 91' lang='lat' dir='ltr'><strong>contra</strong></span> <span class='ocrx_word' id='word_1_399' title='bbox 3407 2769 3528 2806; x_wconf 80' lang='lat' dir='ltr'><strong>ser-</strong></span> 
     </span>
    </p>
   </div>
   <div class='ocr_carea' id='block_1_56' title="bbox 1915 2846 3531 2918">
    <p class='ocr_par' dir='ltr' id='par_1_56' title="bbox 1915 2846 3531 2918">
     <span class='ocr_line' id='line_1_56' title="bbox 1915 2846 3531 2918; baseline -0.002 -17"><span class='ocrx_word' id='word_1_400' title='bbox 1915 2848 2097 2918; x_wconf 89' lang='lat' dir='ltr'><strong>pentis</strong></span> <span class='ocrx_word' id='word_1_401' title='bbox 2117 2847 2332 2918; x_wconf 90' lang='lat' dir='ltr'><strong>antiqui</strong></span> <span class='ocrx_word' id='word_1_402' title='bbox 2390 2856 2724 2902; x_wconf 87' lang='lat' dir='ltr'><strong>tentamenta</strong></span> <span class='ocrx_word' id='word_1_403' title='bbox 2766 2847 3000 2902; x_wconf 91' lang='lat' dir='ltr'><strong>viriliter</strong></span> <span class='ocrx_word' id='word_1_404' title='bbox 3026 2846 3342 2912; x_wconf 87' lang='lat' dir='ltr'><strong>dimicasse,</strong></span> <span class='ocrx_word' id='word_1_405' title='bbox 3380 2846 3531 2913; x_wconf 86' lang='lat' dir='ltr'><strong>jeju-</strong></span> 
     </span>
    </p>
   </div>
   <div class='ocr_carea' id='block_1_57' title="bbox 1913 2937 3531 3011">
    <p class='ocr_par' dir='ltr' id='par_1_57' title="bbox 1913 2937 3531 3011">
     <span class='ocr_line' id='line_1_57' title="bbox 1913 2937 3531 3011; baseline -0.002 -17"><span class='ocrx_word' id='word_1_406' title='bbox 1913 2941 2022 2994; x_wconf 90' lang='lat' dir='ltr'><strong>niis</strong></span> <span class='ocrx_word' id='word_1_407' title='bbox 2053 2981 2066 3002; x_wconf 90' lang='lat'><strong>,</strong></span> <span class='ocrx_word' id='word_1_408' title='bbox 2127 2937 2540 3008; x_wconf 82' lang='lat' dir='ltr'><strong>eleemosynis,</strong></span> <span class='ocrx_word' id='word_1_409' title='bbox 2598 2938 2803 3011; x_wconf 72' lang='lat' dir='ltr'><strong>vigiliis</strong></span> <span class='ocrx_word' id='word_1_410' title='bbox 2837 2978 2851 3004; x_wconf 92' lang='lat'><strong>,</strong></span> <span class='ocrx_word' id='word_1_411' title='bbox 2913 2938 3304 3001; x_wconf 86' lang='lat' dir='ltr'><strong>orationibus,</strong></span> <span class='ocrx_word' id='word_1_412' title='bbox 3365 2944 3531 3007; x_wconf 88' lang='lat' dir='ltr'><strong>atque</strong></span> 
     </span>
    </p>
   </div>
   <div class='ocr_carea' id='block_1_58' title="bbox 1867 3029 3535 3096">
    <p class='ocr_par' dir='ltr' id='par_1_58' title="bbox 1867 3029 3535 3096">
     <span class='ocr_line' id='line_1_58' title="bbox 1867 3029 3535 3096; baseline -0.002 -13"><span class='ocrx_word' id='word_1_413' title='bbox 1867 3076 1888 3096; x_wconf 51' lang='grc' dir='ltr'><strong>η</strong></span> <span class='ocrx_word' id='word_1_414' title='bbox 1913 3031 2246 3085; x_wconf 88' lang='lat' dir='ltr'><strong>lectionibus</strong></span> <span class='ocrx_word' id='word_1_415' title='bbox 2285 3031 2670 3085; x_wconf 89' lang='lat' dir='ltr'><strong>indesinenter</strong></span> <span class='ocrx_word' id='word_1_416' title='bbox 2708 3046 2928 3095; x_wconf 90' lang='lat' dir='ltr'><strong>vacans,</strong></span> <span class='ocrx_word' id='word_1_417' title='bbox 2981 3038 3033 3083; x_wconf 89' lang='lat' dir='ltr'><strong>et</strong></span> <span class='ocrx_word' id='word_1_418' title='bbox 3063 3029 3130 3082; x_wconf 90' lang='lat' dir='ltr'><strong>ad</strong></span> <span class='ocrx_word' id='word_1_419' title='bbox 3163 3046 3223 3083; x_wconf 87' lang='lat' dir='ltr'><strong>se</strong></span> <span class='ocrx_word' id='word_1_420' title='bbox 3243 3029 3535 3083; x_wconf 89' lang='lat' dir='ltr'><strong>venientes</strong></span> 
     </span>
    </p>
   </div>
   <div class='ocr_carea' id='block_1_59' title="bbox 179 3081 2973 3189">
    <p class='ocr_par' dir='ltr' id='par_1_59' title="bbox 179 3081 2973 3189">
     <span class='ocr_line' id='line_1_59' title="bbox 179 3081 2973 3189; baseline -0.001 -25"><span class='ocrx_word' id='word_1_421' title='bbox 179 3110 369 3174; x_wconf 89' lang='lat' dir='ltr'><strong>tertia,</strong></span> <span class='ocrx_word' id='word_1_422' title='bbox 402 3109 798 3165; x_wconf 88' lang='lat' dir='ltr'><strong>convenientes</strong></span> <span class='ocrx_word' id='word_1_423' title='bbox 863 3111 919 3163; x_wconf 92' lang='lat' dir='ltr'><strong>in</strong></span> <span class='ocrx_word' id='word_1_424' title='bbox 974 3111 1264 3165; x_wconf 88' lang='lat' dir='ltr'><strong>ecclesiam</strong></span> <span class='ocrx_word' id='word_1_425' title='bbox 1305 3111 1645 3186; x_wconf 81' lang='lat' dir='ltr'><strong>interrogant</strong></span> <span class='ocrx_word' id='word_1_426' title='bbox 1687 3112 1811 3182; x_wconf 90' lang='lat' dir='ltr'><strong>epi-</strong></span> <span class='ocrx_word' id='word_1_427' title='bbox 1843 3081 1891 3143; x_wconf 68' lang='grc' dir='ltr'><strong>(λ</strong></span> <span class='ocrx_word' id='word_1_428' title='bbox 1918 3121 2183 3177; x_wconf 65' lang='lat' dir='ltr'><strong>doctrinas,</strong></span> <span class='ocrx_word' id='word_1_429' title='bbox 2223 3129 2427 3175; x_wconf 58' lang='lat' dir='ltr'><strong>sanam;</strong></span> <span class='ocrx_word' id='word_1_430' title='bbox 2460 3123 2579 3175; x_wconf 68' lang='lat' dir='ltr'><strong>lucc</strong></span> <span class='ocrx_word' id='word_1_431' title='bbox 2606 3120 2973 3189; x_wconf 65' lang='grc' dir='ltr'><strong>ρρινῑυηειρηε,</strong></span> 
     </span>
    </p>
   </div>
   <div class='ocr_carea' id='block_1_60' title="bbox 177 3198 1810 3270">
    <p class='ocr_par' dir='ltr' id='par_1_60' title="bbox 177 3198 1810 3270">
     <span class='ocr_line' id='line_1_60' title="bbox 177 3198 1810 3270; baseline 0.001 -18"><span class='ocrx_word' id='word_1_432' title='bbox 177 3214 440 3268; x_wconf 90' lang='lat' dir='ltr'><strong>sc0pum,</strong></span> <span class='ocrx_word' id='word_1_433' title='bbox 470 3206 529 3252; x_wconf 91' lang='lat' dir='ltr'><strong>ut</strong></span> <span class='ocrx_word' id='word_1_434' title='bbox 555 3198 828 3270; x_wconf 90' lang='lat' dir='ltr'><strong>sialiquid</strong></span> <span class='ocrx_word' id='word_1_435' title='bbox 861 3200 1233 3255; x_wconf 84' lang='lat' dir='ltr'><strong>excusationis</strong></span> <span class='ocrx_word' id='word_1_436' title='bbox 1260 3201 1511 3267; x_wconf 88' lang='lat' dir='ltr'><strong>haberet,</strong></span> <span class='ocrx_word' id='word_1_437' title='bbox 1545 3201 1810 3256; x_wconf 88' lang='lat' dir='ltr'><strong>ediceret.</strong></span> 
     </span>
    </p>
   </div>
   <div class='ocr_carea' id='block_1_61' title="bbox 183 3293 1816 3350">
    <p class='ocr_par' dir='ltr' id='par_1_61' title="bbox 183 3293 1816 3350">
     <span class='ocr_line' id='line_1_61' title="bbox 183 3293 1816 3350; baseline 0.002 -4"><span class='ocrx_word' id='word_1_438' title='bbox 183 3295 254 3347; x_wconf 82' lang='lat' dir='ltr'><strong>At</strong></span> <span class='ocrx_word' id='word_1_439' title='bbox 289 3293 383 3346; x_wconf 89' lang='lat' dir='ltr'><strong>ille</strong></span> <span class='ocrx_word' id='word_1_440' title='bbox 435 3293 695 3347; x_wconf 87' lang='lat' dir='ltr'><strong>confusus</strong></span> <span class='ocrx_word' id='word_1_441' title='bbox 727 3295 838 3348; x_wconf 87' lang='lat' dir='ltr'><strong>ait:</strong></span> <span class='ocrx_word' id='word_1_442' title='bbox 878 3315 902 3344; x_wconf 88' lang='lat'><strong>«</strong></span> <span class='ocrx_word' id='word_1_443' title='bbox 953 3295 1030 3347; x_wconf 87' lang='lat' dir='ltr'><strong>Ad</strong></span> <span class='ocrx_word' id='word_1_444' title='bbox 1082 3294 1412 3350; x_wconf 89' lang='lat' dir='ltr'><strong>sententiam</strong></span> <span class='ocrx_word' id='word_1_445' title='bbox 1447 3296 1685 3349; x_wconf 90' lang='lat' dir='ltr'><strong>dandam</strong></span> <span class='ocrx_word' id='word_1_446' title='bbox 1723 3313 1816 3349; x_wconf 86' lang='lat' dir='ltr'><strong>su-</strong></span> 
     </span>
    </p>
   </div>
   <div class='ocr_carea' id='block_1_62' title="bbox 187 3383 1811 3459">
    <p class='ocr_par' dir='ltr' id='par_1_62' title="bbox 187 3383 1811 3459">
     <span class='ocr_line' id='line_1_62' title="bbox 187 3383 1811 3459; baseline 0.001 -21"><span class='ocrx_word' id='word_1_447' title='bbox 187 3401 298 3455; x_wconf 89' lang='lat' dir='ltr'><strong>per</strong></span> <span class='ocrx_word' id='word_1_448' title='bbox 327 3383 660 3454; x_wconf 88' lang='lat' dir='ltr'><strong>culpabilem</strong></span> <span class='ocrx_word' id='word_1_449' title='bbox 702 3402 770 3440; x_wconf 88' lang='lat' dir='ltr'><strong>ne</strong></span> <span class='ocrx_word' id='word_1_450' title='bbox 819 3387 1131 3441; x_wconf 88' lang='lat' dir='ltr'><strong>moramini.</strong></span> <span class='ocrx_word' id='word_1_451' title='bbox 1167 3387 1296 3440; x_wconf 85' lang='lat' dir='ltr'><strong>Nam</strong></span> <span class='ocrx_word' id='word_1_452' title='bbox 1329 3403 1432 3459; x_wconf 85' lang='lat' dir='ltr'><strong>ego</strong></span> <span class='ocrx_word' id='word_1_453' title='bbox 1463 3388 1592 3442; x_wconf 90' lang='lat' dir='ltr'><strong>novi</strong></span> <span class='ocrx_word' id='word_1_454' title='bbox 1620 3404 1706 3441; x_wconf 91' lang='lat' dir='ltr'><strong>me</strong></span> <span class='ocrx_word' id='word_1_455' title='bbox 1739 3387 1811 3442; x_wconf 93' lang='lat' dir='ltr'><strong>ob</strong></span> 
     </span>
    </p>
   </div>
   <div class='ocr_carea' id='block_1_63' title="bbox 187 3474 1822 3546">
    <p class='ocr_par' dir='ltr' id='par_1_63' title="bbox 187 3474 1822 3546">
     <span class='ocr_line' id='line_1_63' title="bbox 187 3474 1822 3546; baseline 0 -18"><span class='ocrx_word' id='word_1_456' title='bbox 187 3474 412 3528; x_wconf 86' lang='lat' dir='ltr'><strong>crimen</strong></span> <span class='ocrx_word' id='word_1_457' title='bbox 469 3475 770 3545; x_wconf 89' lang='lat' dir='ltr'><strong>majestatis</strong></span> <span class='ocrx_word' id='word_1_458' title='bbox 802 3492 955 3530; x_wconf 91' lang='lat' dir='ltr'><strong>reum</strong></span> <span class='ocrx_word' id='word_1_459' title='bbox 1014 3492 1134 3529; x_wconf 90' lang='lat' dir='ltr'><strong>esse</strong></span> <span class='ocrx_word' id='word_1_460' title='bbox 1185 3477 1398 3539; x_wconf 91' lang='lat' dir='ltr'><strong>mortis,</strong></span> <span class='ocrx_word' id='word_1_461' title='bbox 1461 3477 1554 3546; x_wconf 90' lang='lat' dir='ltr'><strong>qui</strong></span> <span class='ocrx_word' id='word_1_462' title='bbox 1599 3491 1822 3545; x_wconf 89' lang='lat' dir='ltr'><strong>semper</strong></span> 
     </span>
    </p>
   </div>
   <div class='ocr_carea' id='block_1_64' title="bbox 190 3565 1821 3640">
    <p class='ocr_par' dir='ltr' id='par_1_64' title="bbox 190 3565 1821 3640">
     <span class='ocr_line' id='line_1_64' title="bbox 190 3565 1821 3640; baseline 0 -20"><span class='ocrx_word' id='word_1_463' title='bbox 190 3574 395 3620; x_wconf 88' lang='lat' dir='ltr'><strong>contra</strong></span> <span class='ocrx_word' id='word_1_464' title='bbox 423 3565 711 3620; x_wconf 90' lang='lat' dir='ltr'><strong>utilitatem</strong></span> <span class='ocrx_word' id='word_1_465' title='bbox 755 3568 917 3635; x_wconf 91' lang='lat' dir='ltr'><strong>hujus</strong></span> <span class='ocrx_word' id='word_1_466' title='bbox 960 3568 1125 3640; x_wconf 85' lang='lat' dir='ltr'><strong>regis,</strong></span> <span class='ocrx_word' id='word_1_467' title='bbox 1186 3567 1486 3638; x_wconf 87' lang='lat' dir='ltr'><strong>matrisque</strong></span> <span class='ocrx_word' id='word_1_468' title='bbox 1540 3567 1658 3634; x_wconf 88' lang='lat' dir='ltr'><strong>ejus</strong></span> <span class='ocrx_word' id='word_1_469' title='bbox 1686 3568 1771 3637; x_wconf 90' lang='lat' dir='ltr'><strong>egi</strong></span> <span class='ocrx_word' id='word_1_470' title='bbox 1807 3585 1821 3630; x_wconf 84' lang='lat'><strong>;</strong></span> 
     </span>
    </p>
   </div>
   <div class='ocr_carea' id='block_1_65' title="bbox 187 3658 1824 3731">
    <p class='ocr_par' dir='ltr' id='par_1_65' title="bbox 187 3658 1824 3731">
     <span class='ocr_line' id='line_1_65' title="bbox 187 3658 1824 3731; baseline 0.001 -21"><span class='ocrx_word' id='word_1_471' title='bbox 187 3672 257 3710; x_wconf 91' lang='lat' dir='ltr'><strong>ac</strong></span> <span class='ocrx_word' id='word_1_472' title='bbox 294 3670 395 3725; x_wconf 90' lang='lat' dir='ltr'><strong>per</strong></span> <span class='ocrx_word' id='word_1_473' title='bbox 431 3672 614 3710; x_wconf 91' lang='lat' dir='ltr'><strong>meum</strong></span> <span class='ocrx_word' id='word_1_474' title='bbox 666 3658 960 3712; x_wconf 89' lang='lat' dir='ltr'><strong>consilium</strong></span> <span class='ocrx_word' id='word_1_475' title='bbox 1004 3658 1175 3712; x_wconf 88' lang='lat' dir='ltr'><strong>multa</strong></span> <span class='ocrx_word' id='word_1_476' title='bbox 1232 3658 1404 3712; x_wconf 87' lang='lat' dir='ltr'><strong>fuisse</strong></span> <span class='ocrx_word' id='word_1_477' title='bbox 1455 3665 1612 3731; x_wconf 85' lang='lat' dir='ltr'><strong>gesta</strong></span> <span class='ocrx_word' id='word_1_478' title='bbox 1645 3666 1824 3712; x_wconf 90' lang='lat' dir='ltr'><strong>certa-</strong></span> 
     </span>
    </p>
   </div>
   <div class='ocr_carea' id='block_1_66' title="bbox 189 3747 1825 3820">
    <p class='ocr_par' dir='ltr' id='par_1_66' title="bbox 189 3747 1825 3820">
     <span class='ocr_line' id='line_1_66' title="bbox 189 3747 1825 3820; baseline 0.002 -20"><span class='ocrx_word' id='word_1_479' title='bbox 189 3747 350 3801; x_wconf 89' lang='lat' dir='ltr'><strong>mina</strong></span> <span class='ocrx_word' id='word_1_480' title='bbox 379 3749 530 3816; x_wconf 89' lang='lat' dir='ltr'><strong>novi,</strong></span> <span class='ocrx_word' id='word_1_481' title='bbox 562 3749 766 3819; x_wconf 90' lang='lat' dir='ltr'><strong>quibus</strong></span> <span class='ocrx_word' id='word_1_482' title='bbox 797 3750 1062 3804; x_wconf 91' lang='lat' dir='ltr'><strong>nonnulla</strong></span> <span class='ocrx_word' id='word_1_483' title='bbox 1095 3750 1391 3804; x_wconf 84' lang='lat' dir='ltr'><strong>Galliarum</strong></span> <span class='ocrx_word' id='word_1_484' title='bbox 1423 3750 1542 3805; x_wconf 92' lang='lat' dir='ltr'><strong>loca</strong></span> <span class='ocrx_word' id='word_1_485' title='bbox 1569 3750 1825 3820; x_wconf 90' lang='lat' dir='ltr'><strong>depopu-</strong></span> 
     </span>
    </p>
   </div>
   <div class='ocr_carea' id='block_1_67' title="bbox 189 3837 1825 3908">
    <p class='ocr_par' dir='ltr' id='par_1_67' title="bbox 189 3837 1825 3908">
     <span class='ocr_line' id='line_1_67' title="bbox 189 3837 1825 3908; baseline 0.002 -17"><span class='ocrx_word' id='word_1_486' title='bbox 189 3840 311 3893; x_wconf 86' lang='lat' dir='ltr'><strong>lata</strong></span> <span class='ocrx_word' id='word_1_487' title='bbox 341 3845 490 3892; x_wconf 89' lang='lat' dir='ltr'><strong>sunt.</strong></span> <span class='ocrx_word' id='word_1_488' title='bbox 530 3862 546 3885; x_wconf 71' lang='grc' dir='ltr'><strong><em>η</em></strong></span> <span class='ocrx_word' id='word_1_489' title='bbox 579 3837 700 3892; x_wconf 75' lang='lat' dir='ltr'><strong>Haec</strong></span> <span class='ocrx_word' id='word_1_490' title='bbox 723 3838 972 3908; x_wconf 85' lang='lat' dir='ltr'><strong>episcOpi</strong></span> <span class='ocrx_word' id='word_1_491' title='bbox 1015 3839 1328 3901; x_wconf 90' lang='lat' dir='ltr'><strong>audientes,</strong></span> <span class='ocrx_word' id='word_1_492' title='bbox 1377 3855 1441 3894; x_wconf 91' lang='lat' dir='ltr'><strong>ac</strong></span> <span class='ocrx_word' id='word_1_493' title='bbox 1462 3840 1825 3894; x_wconf 88' lang='lat' dir='ltr'><strong>lamentantes</strong></span> 
     </span>
    </p>
   </div>
   <div class='ocr_carea' id='block_1_68' title="bbox 187 3927 1821 3997">
    <p class='ocr_par' dir='ltr' id='par_1_68' title="bbox 187 3927 1821 3997">
     <span class='ocr_line' id='line_1_68' title="bbox 187 3927 1821 3997; baseline 0.001 -17"><span class='ocrx_word' id='word_1_494' title='bbox 187 3927 384 3981; x_wconf 89' lang='lat' dir='ltr'><strong>fratris</strong></span> <span class='ocrx_word' id='word_1_495' title='bbox 440 3927 828 3997; x_wconf 89' lang='lat' dir='ltr'><strong>opprobrium,</strong></span> <span class='ocrx_word' id='word_1_496' title='bbox 859 3927 1090 3981; x_wconf 87' lang='lat' dir='ltr'><strong>obtenta</strong></span> <span class='ocrx_word' id='word_1_497' title='bbox 1125 3927 1256 3993; x_wconf 90' lang='lat' dir='ltr'><strong>vita,</strong></span> <span class='ocrx_word' id='word_1_498' title='bbox 1300 3928 1480 3997; x_wconf 91' lang='lat' dir='ltr'><strong>ipsum</strong></span> <span class='ocrx_word' id='word_1_499' title='bbox 1518 3928 1586 3982; x_wconf 91' lang='lat' dir='ltr'><strong>ab</strong></span> <span class='ocrx_word' id='word_1_500' title='bbox 1625 3929 1821 3982; x_wconf 89' lang='lat' dir='ltr'><strong>ordine</strong></span> 
     </span>
    </p>
   </div>
   <div class='ocr_carea' id='block_1_69' title="bbox 185 4017 1819 4085">
    <p class='ocr_par' dir='ltr' id='par_1_69' title="bbox 185 4017 1819 4085">
     <span class='ocr_line' id='line_1_69' title="bbox 185 4017 1819 4085; baseline -0.001 -12"><span class='ocrx_word' id='word_1_501' title='bbox 185 4017 554 4084; x_wconf 86' lang='lat' dir='ltr'><strong>sacerdotali,</strong></span> <span class='ocrx_word' id='word_1_502' title='bbox 610 4018 765 4072; x_wconf 89' lang='lat' dir='ltr'><strong>lectis</strong></span> <span class='ocrx_word' id='word_1_503' title='bbox 795 4034 1070 4074; x_wconf 90' lang='lat' dir='ltr'><strong>canonum</strong></span> <span class='ocrx_word' id='word_1_504' title='bbox 1129 4019 1534 4085; x_wconf 87' lang='lat' dir='ltr'><strong>sanctionibus,</strong></span> <span class='ocrx_word' id='word_1_505' title='bbox 1566 4034 1819 4073; x_wconf 89' lang='lat' dir='ltr'><strong>remove-</strong></span> 
     </span>
    </p>
   </div>
   <div class='ocr_carea' id='block_1_70' title="bbox 193 4108 1821 4182">
    <p class='ocr_par' dir='ltr' id='par_1_70' title="bbox 193 4108 1821 4182">
     <span class='ocr_line' id='line_1_70' title="bbox 193 4108 1821 4182; baseline -0.001 -20"><span class='ocrx_word' id='word_1_506' title='bbox 193 4116 329 4163; x_wconf 89' lang='lat' dir='ltr'><strong>runt</strong></span> <span class='ocrx_word' id='word_1_507' title='bbox 385 4108 486 4171; x_wconf 76' lang='lat' dir='ltr'><strong>Qui</strong></span> <span class='ocrx_word' id='word_1_508' title='bbox 520 4108 701 4162; x_wconf 88' lang='lat' dir='ltr'><strong>statim</strong></span> <span class='ocrx_word' id='word_1_509' title='bbox 733 4108 800 4162; x_wconf 90' lang='lat' dir='ltr'><strong>ad</strong></span> <span class='ocrx_word' id='word_1_510' title='bbox 855 4110 1378 4182; x_wconf 84' lang='lat' dir='ltr'><strong>Argentoratensem</strong></span> <span class='ocrx_word' id='word_1_511' title='bbox 1412 4109 1632 4175; x_wconf 90' lang='lat' dir='ltr'><strong>urbem,</strong></span> <span class='ocrx_word' id='word_1_512' title='bbox 1656 4124 1821 4179; x_wconf 86' lang='lat' dir='ltr'><strong>quam</strong></span> 
     </span>
    </p>
   </div>
   <div class='ocr_carea' id='block_1_71' title="bbox 193 4196 1826 4271">
    <p class='ocr_par' dir='ltr' id='par_1_71' title="bbox 193 4196 1826 4271">
     <span class='ocr_line' id='line_1_71' title="bbox 193 4196 1826 4271; baseline -0.001 -19"><span class='ocrx_word' id='word_1_513' title='bbox 193 4214 353 4252; x_wconf 87' lang='lat' dir='ltr'><strong>nunc</strong></span> <span class='ocrx_word' id='word_1_514' title='bbox 385 4196 802 4271; x_wconf 89' lang='lat' dir='ltr'><strong>Strateburgum</strong></span> <span class='ocrx_word' id='word_1_515' title='bbox 857 4204 1072 4262; x_wconf 89' lang='lat' dir='ltr'><strong>vocant,</strong></span> <span class='ocrx_word' id='word_1_516' title='bbox 1116 4198 1389 4252; x_wconf 89' lang='lat' dir='ltr'><strong>deductus</strong></span> <span class='ocrx_word' id='word_1_517' title='bbox 1447 4197 1639 4251; x_wconf 91' lang='lat' dir='ltr'><strong>exsilio</strong></span> <span class='ocrx_word' id='word_1_518' title='bbox 1690 4212 1826 4252; x_wconf 90' lang='lat' dir='ltr'><strong>con-</strong></span> 
     </span>
    </p>
   </div>
   <div class='ocr_carea' id='block_1_72' title="bbox 192 4285 1824 4356">
    <p class='ocr_par' dir='ltr' id='par_1_72' title="bbox 192 4285 1824 4356">
     <span class='ocr_line' id='line_1_72' title="bbox 192 4285 1824 4356; baseline 0 -16"><span class='ocrx_word' id='word_1_519' title='bbox 192 4289 498 4341; x_wconf 89' lang='lat' dir='ltr'><strong>demnatus</strong></span> <span class='ocrx_word' id='word_1_520' title='bbox 529 4295 630 4341; x_wconf 88' lang='lat' dir='ltr'><strong>est.</strong></span> <span class='ocrx_word' id='word_1_521' title='bbox 697 4288 757 4340; x_wconf 89' lang='lat' dir='ltr'><strong>In</strong></span> <span class='ocrx_word' id='word_1_522' title='bbox 786 4287 943 4355; x_wconf 89' lang='lat' dir='ltr'><strong>cujus</strong></span> <span class='ocrx_word' id='word_1_523' title='bbox 991 4287 1113 4341; x_wconf 90' lang='lat' dir='ltr'><strong>loco</strong></span> <span class='ocrx_word' id='word_1_524' title='bbox 1165 4285 1449 4341; x_wconf 68' lang='lat' dir='ltr'><strong>Romulius</strong></span> <span class='ocrx_word' id='word_1_525' title='bbox 1503 4285 1651 4340; x_wconf 82' lang='lat' dir='ltr'><strong>filius</strong></span> <span class='ocrx_word' id='word_1_526' title='bbox 1682 4286 1824 4356; x_wconf 89' lang='lat' dir='ltr'><strong>Lupi</strong></span> 
     </span>
    </p>
   </div>
   <div class='ocr_carea' id='block_1_73' title="bbox 195 4377 1826 4449">
    <p class='ocr_par' dir='ltr' id='par_1_73' title="bbox 195 4377 1826 4449">
     <span class='ocr_line' id='line_1_73' title="bbox 195 4377 1826 4449; baseline -0.002 -15"><span class='ocrx_word' id='word_1_527' title='bbox 195 4378 383 4444; x_wconf 87' lang='lat' dir='ltr'><strong>ducis,</strong></span> <span class='ocrx_word' id='word_1_528' title='bbox 411 4377 524 4444; x_wconf 89' lang='lat' dir='ltr'><strong>jam</strong></span> <span class='ocrx_word' id='word_1_529' title='bbox 574 4378 903 4449; x_wconf 89' lang='lat' dir='ltr'><strong>presbyterii</strong></span> <span class='ocrx_word' id='word_1_530' title='bbox 945 4379 1155 4432; x_wconf 91' lang='lat' dir='ltr'><strong>honore</strong></span> <span class='ocrx_word' id='word_1_531' title='bbox 1208 4377 1492 4447; x_wconf 67' lang='lat' dir='ltr'><strong>praeditus,</strong></span> <span class='ocrx_word' id='word_1_532' title='bbox 1527 4377 1826 4446; x_wconf 78' lang='lat' dir='ltr'><strong>epiSCOpus</strong></span> 
     </span>
    </p>
   </div>
   <div class='ocr_carea' id='block_1_74' title="bbox 1991 3206 3534 3277">
    <p class='ocr_par' dir='ltr' id='par_1_74' title="bbox 1991 3206 3534 3277">
     <span class='ocr_line' id='line_1_74' title="bbox 1991 3206 3534 3277; baseline -0.001 -16"><span class='ocrx_word' id='word_1_533' title='bbox 1991 3211 2127 3262; x_wconf 91' lang='lat' dir='ltr'><strong>Dum</strong></span> <span class='ocrx_word' id='word_1_534' title='bbox 2160 3209 2250 3263; x_wconf 90' lang='lat' dir='ltr'><strong>hic</strong></span> <span class='ocrx_word' id='word_1_535' title='bbox 2313 3209 2482 3277; x_wconf 78' lang='lat' dir='ltr'><strong>igitur</strong></span> <span class='ocrx_word' id='word_1_536' title='bbox 2512 3209 2745 3263; x_wconf 82' lang='lat' dir='ltr'><strong>almitica</strong></span> <span class='ocrx_word' id='word_1_537' title='bbox 2795 3207 3215 3261; x_wconf 85' lang='lat' dir='ltr'><strong>conversatione</strong></span> <span class='ocrx_word' id='word_1_538' title='bbox 3267 3206 3534 3272; x_wconf 88' lang='lat' dir='ltr'><strong>decertat,</strong></span> 
     </span>
    </p>
   </div>
   <div class='ocr_carea' id='block_1_75' title="bbox 1917 3296 3540 3371">
    <p class='ocr_par' dir='ltr' id='par_1_75' title="bbox 1917 3296 3540 3371">
     <span class='ocr_line' id='line_1_75' title="bbox 1917 3296 3540 3371; baseline -0.004 -16"><span class='ocrx_word' id='word_1_539' title='bbox 1917 3302 2125 3371; x_wconf 90' lang='lat' dir='ltr'><strong>placuit</strong></span> <span class='ocrx_word' id='word_1_540' title='bbox 2155 3317 2410 3370; x_wconf 62' lang='lat' dir='ltr'><strong>superna;</strong></span> <span class='ocrx_word' id='word_1_541' title='bbox 2443 3300 2903 3370; x_wconf 88' lang='lat' dir='ltr'><strong>pietativirtutem</strong></span> <span class='ocrx_word' id='word_1_542' title='bbox 2931 3299 3014 3351; x_wconf 91' lang='lat' dir='ltr'><strong>sui</strong></span> <span class='ocrx_word' id='word_1_543' title='bbox 3042 3297 3233 3351; x_wconf 87' lang='lat' dir='ltr'><strong>militis</strong></span> <span class='ocrx_word' id='word_1_544' title='bbox 3265 3296 3540 3350; x_wconf 88' lang='lat' dir='ltr'><strong>evidenti-</strong></span> 
     </span>
    </p>
   </div>
   <div class='ocr_carea' id='block_1_76' title="bbox 1918 3384 3542 3460">
    <p class='ocr_par' dir='ltr' id='par_1_76' title="bbox 1918 3384 3542 3460">
     <span class='ocr_line' id='line_1_76' title="bbox 1918 3384 3542 3460; baseline -0.004 -16"><span class='ocrx_word' id='word_1_545' title='bbox 1918 3391 2022 3444; x_wconf 90' lang='lat' dir='ltr'><strong>bus</strong></span> <span class='ocrx_word' id='word_1_546' title='bbox 2051 3389 2346 3444; x_wconf 90' lang='lat' dir='ltr'><strong>ostendere</strong></span> <span class='ocrx_word' id='word_1_547' title='bbox 2404 3389 2579 3460; x_wconf 84' lang='lat' dir='ltr'><strong>signis</strong></span> <span class='ocrx_word' id='word_1_548' title='bbox 2658 3388 2809 3450; x_wconf 86' lang='lat' dir='ltr'><strong>Nam,</strong></span> <span class='ocrx_word' id='word_1_549' title='bbox 2875 3393 3069 3440; x_wconf 85' lang='lat' dir='ltr'><strong>orante</strong></span> <span class='ocrx_word' id='word_1_550' title='bbox 3109 3386 3224 3450; x_wconf 90' lang='lat' dir='ltr'><strong>illo,</strong></span> <span class='ocrx_word' id='word_1_551' title='bbox 3279 3384 3542 3438; x_wconf 90' lang='lat' dir='ltr'><strong>Dominus</strong></span> 
     </span>
    </p>
   </div>
   <div class='ocr_carea' id='block_1_77' title="bbox 1925 3477 3541 3552">
    <p class='ocr_par' dir='ltr' id='par_1_77' title="bbox 1925 3477 3541 3552">
     <span class='ocr_line' id='line_1_77' title="bbox 1925 3477 3541 3552; baseline -0.004 -16"><span class='ocrx_word' id='word_1_552' title='bbox 1925 3498 2122 3552; x_wconf 90' lang='lat' dir='ltr'><strong>aquam</strong></span> <span class='ocrx_word' id='word_1_553' title='bbox 2145 3482 2194 3535; x_wconf 92' lang='lat' dir='ltr'><strong>ei</strong></span> <span class='ocrx_word' id='word_1_554' title='bbox 2236 3481 2439 3534; x_wconf 88' lang='lat' dir='ltr'><strong>montis</strong></span> <span class='ocrx_word' id='word_1_555' title='bbox 2488 3481 2543 3532; x_wconf 91' lang='lat' dir='ltr'><strong>in</strong></span> <span class='ocrx_word' id='word_1_556' title='bbox 2599 3480 2804 3534; x_wconf 84' lang='lat' dir='ltr'><strong>vertice</strong></span> <span class='ocrx_word' id='word_1_557' title='bbox 2859 3477 3117 3548; x_wconf 90' lang='lat' dir='ltr'><strong>produxit</strong></span> <span class='ocrx_word' id='word_1_558' title='bbox 3149 3492 3178 3529; x_wconf 93' lang='lat' dir='ltr'><strong>c</strong></span> <span class='ocrx_word' id='word_1_559' title='bbox 3209 3477 3384 3543; x_wconf 90' lang='lat' dir='ltr'><strong>silice,</strong></span> <span class='ocrx_word' id='word_1_560' title='bbox 3417 3494 3541 3547; x_wconf 67' lang='lat' dir='ltr'><strong>qua:</strong></span> 
     </span>
    </p>
   </div>
   <div class='ocr_carea' id='block_1_78' title="bbox 1924 3565 3542 3640">
    <p class='ocr_par' dir='ltr' id='par_1_78' title="bbox 1924 3565 3542 3640">
     <span class='ocr_line' id='line_1_78' title="bbox 1924 3565 3542 3640; baseline -0.003 -15"><span class='ocrx_word' id='word_1_561' title='bbox 1924 3571 2025 3625; x_wconf 90' lang='lat' dir='ltr'><strong>sub</strong></span> <span class='ocrx_word' id='word_1_562' title='bbox 2059 3570 2231 3625; x_wconf 88' lang='lat' dir='ltr'><strong>sancti</strong></span> <span class='ocrx_word' id='word_1_563' title='bbox 2266 3569 2524 3640; x_wconf 88' lang='lat' dir='ltr'><strong>sepulcro</strong></span> <span class='ocrx_word' id='word_1_564' title='bbox 2574 3568 2746 3622; x_wconf 90' lang='lat' dir='ltr'><strong>fertur</strong></span> <span class='ocrx_word' id='word_1_565' title='bbox 2796 3567 3039 3633; x_wconf 86' lang='lat' dir='ltr'><strong>exsilire,</strong></span> <span class='ocrx_word' id='word_1_566' title='bbox 3073 3583 3135 3620; x_wconf 89' lang='lat' dir='ltr'><strong>ac</strong></span> <span class='ocrx_word' id='word_1_567' title='bbox 3172 3584 3269 3636; x_wconf 91' lang='lat' dir='ltr'><strong>per</strong></span> <span class='ocrx_word' id='word_1_568' title='bbox 3291 3565 3542 3620; x_wconf 63' lang='lat' dir='ltr'><strong>ecclesiae</strong></span> 
     </span>
    </p>
   </div>
   <div class='ocr_carea' id='block_1_79' title="bbox 1924 3657 3540 3732">
    <p class='ocr_par' dir='ltr' id='par_1_79' title="bbox 1924 3657 3540 3732">
     <span class='ocr_line' id='line_1_79' title="bbox 1924 3657 3540 3732; baseline -0.003 -17"><span class='ocrx_word' id='word_1_569' title='bbox 1924 3661 2282 3715; x_wconf 88' lang='lat' dir='ltr'><strong>fundamenta</strong></span> <span class='ocrx_word' id='word_1_570' title='bbox 2313 3660 2470 3732; x_wconf 89' lang='lat' dir='ltr'><strong>quasi</strong></span> <span class='ocrx_word' id='word_1_571' title='bbox 2500 3659 2568 3714; x_wconf 86' lang='lat' dir='ltr'><strong>de</strong></span> <span class='ocrx_word' id='word_1_572' title='bbox 2615 3659 2835 3713; x_wconf 89' lang='lat' dir='ltr'><strong>vasculo</strong></span> <span class='ocrx_word' id='word_1_573' title='bbox 2858 3674 2979 3712; x_wconf 90' lang='lat' dir='ltr'><strong>sese</strong></span> <span class='ocrx_word' id='word_1_574' title='bbox 3014 3657 3369 3727; x_wconf 87' lang='lat' dir='ltr'><strong>profundere,</strong></span> <span class='ocrx_word' id='word_1_575' title='bbox 3403 3658 3540 3710; x_wconf 90' lang='lat' dir='ltr'><strong>hau-</strong></span> 
     </span>
    </p>
   </div>
   <div class='ocr_carea' id='block_1_80' title="bbox 1924 3745 3545 3821">
    <p class='ocr_par' dir='ltr' id='par_1_80' title="bbox 1924 3745 3545 3821">
     <span class='ocr_line' id='line_1_80' title="bbox 1924 3745 3545 3821; baseline -0.004 -17"><span class='ocrx_word' id='word_1_576' title='bbox 1924 3757 2010 3804; x_wconf 92' lang='lat' dir='ltr'><strong>stu</strong></span> <span class='ocrx_word' id='word_1_577' title='bbox 2043 3751 2242 3815; x_wconf 88' lang='lat' dir='ltr'><strong>dulcis,</strong></span> <span class='ocrx_word' id='word_1_578' title='bbox 2268 3759 2322 3804; x_wconf 92' lang='lat' dir='ltr'><strong>et</strong></span> <span class='ocrx_word' id='word_1_579' title='bbox 2348 3751 2416 3804; x_wconf 90' lang='lat' dir='ltr'><strong>ad</strong></span> <span class='ocrx_word' id='word_1_580' title='bbox 2463 3749 2766 3821; x_wconf 89' lang='lat' dir='ltr'><strong>potandum</strong></span> <span class='ocrx_word' id='word_1_581' title='bbox 2815 3748 3072 3803; x_wconf 88' lang='lat' dir='ltr'><strong>salubris.</strong></span> <span class='ocrx_word' id='word_1_582' title='bbox 3099 3748 3172 3801; x_wconf 90' lang='lat' dir='ltr'><strong>De</strong></span> <span class='ocrx_word' id='word_1_583' title='bbox 3204 3763 3313 3818; x_wconf 90' lang='lat' dir='ltr'><strong>quo</strong></span> <span class='ocrx_word' id='word_1_584' title='bbox 3344 3745 3545 3800; x_wconf 92' lang='lat' dir='ltr'><strong>videli-</strong></span> 
     </span>
    </p>
   </div>
   <div class='ocr_carea' id='block_1_81' title="bbox 1925 3837 3542 3906">
    <p class='ocr_par' dir='ltr' id='par_1_81' title="bbox 1925 3837 3542 3906">
     <span class='ocr_line' id='line_1_81' title="bbox 1925 3837 3542 3906; baseline -0.004 -11"><span class='ocrx_word' id='word_1_585' title='bbox 1925 3849 2011 3896; x_wconf 87' lang='lat' dir='ltr'><strong>cet</strong></span> <span class='ocrx_word' id='word_1_586' title='bbox 2056 3841 2204 3895; x_wconf 90' lang='lat' dir='ltr'><strong>fonte</strong></span> <span class='ocrx_word' id='word_1_587' title='bbox 2249 3839 2407 3894; x_wconf 90' lang='lat' dir='ltr'><strong>multi</strong></span> <span class='ocrx_word' id='word_1_588' title='bbox 2448 3839 2746 3894; x_wconf 89' lang='lat' dir='ltr'><strong>sanitatum</strong></span> <span class='ocrx_word' id='word_1_589' title='bbox 2811 3837 3076 3906; x_wconf 90' lang='lat' dir='ltr'><strong>remedia,</strong></span> <span class='ocrx_word' id='word_1_590' title='bbox 3137 3843 3410 3906; x_wconf 87' lang='lat' dir='ltr'><strong>potantes,</strong></span> <span class='ocrx_word' id='word_1_591' title='bbox 3456 3837 3542 3888; x_wconf 87' lang='lat' dir='ltr'><strong>vel</strong></span> 
     </span>
    </p>
   </div>
   <div class='ocr_carea' id='block_1_82' title="bbox 1925 3932 3547 4004">
    <p class='ocr_par' dir='ltr' id='par_1_82' title="bbox 1925 3932 3547 4004">
     <span class='ocr_line' id='line_1_82' title="bbox 1925 3932 3547 4004; baseline -0.002 -19"><span class='ocrx_word' id='word_1_592' title='bbox 1925 3932 2140 3988; x_wconf 88' lang='lat' dir='ltr'><strong>balneis</strong></span> <span class='ocrx_word' id='word_1_593' title='bbox 2170 3941 2413 3998; x_wconf 89' lang='lat' dir='ltr'><strong>utentes,</strong></span> <span class='ocrx_word' id='word_1_594' title='bbox 2444 3950 2541 3988; x_wconf 90' lang='lat' dir='ltr'><strong>seu</strong></span> <span class='ocrx_word' id='word_1_595' title='bbox 2571 3933 2750 4004; x_wconf 88' lang='lat' dir='ltr'><strong>capita</strong></span> <span class='ocrx_word' id='word_1_596' title='bbox 2794 3933 3096 3997; x_wconf 89' lang='lat' dir='ltr'><strong>diluentes,</strong></span> <span class='ocrx_word' id='word_1_597' title='bbox 3128 3936 3547 4000; x_wconf 90' lang='lat' dir='ltr'><strong>consequuntur</strong></span> 
     </span>
    </p>
   </div>
   <div class='ocr_carea' id='block_1_83' title="bbox 1926 4023 2140 4094">
    <p class='ocr_par' dir='ltr' id='par_1_83' title="bbox 1926 4023 2140 4094">
     <span class='ocr_line' id='line_1_83' title="bbox 1926 4023 2140 4094; baseline -0.014 -17"><span class='ocrx_word' id='word_1_598' title='bbox 1926 4023 2140 4094; x_wconf 77' lang='lat' dir='ltr'><strong>aegroti.</strong></span> 
     </span>
    </p>
   </div>
   <div class='ocr_carea' id='block_1_84' title="bbox 1997 4110 3545 4184">
    <p class='ocr_par' dir='ltr' id='par_1_84' title="bbox 1997 4110 3545 4184">
     <span class='ocr_line' id='line_1_84' title="bbox 1997 4110 3545 4184; baseline -0.003 -18"><span class='ocrx_word' id='word_1_599' title='bbox 1997 4115 2240 4178; x_wconf 76' lang='lat' dir='ltr'><strong>Quodam</strong></span> <span class='ocrx_word' id='word_1_600' title='bbox 2273 4115 2517 4184; x_wconf 90' lang='lat' dir='ltr'><strong>denique</strong></span> <span class='ocrx_word' id='word_1_601' title='bbox 2560 4123 2831 4183; x_wconf 89' lang='lat' dir='ltr'><strong>tempore,</strong></span> <span class='ocrx_word' id='word_1_602' title='bbox 2865 4129 2989 4166; x_wconf 91' lang='lat' dir='ltr'><strong>cum</strong></span> <span class='ocrx_word' id='word_1_603' title='bbox 3021 4127 3160 4181; x_wconf 88' lang='lat' dir='ltr'><strong>puer</strong></span> <span class='ocrx_word' id='word_1_604' title='bbox 3181 4110 3406 4181; x_wconf 92' lang='lat' dir='ltr'><strong>quidam</strong></span> <span class='ocrx_word' id='word_1_605' title='bbox 3431 4110 3545 4178; x_wconf 92' lang='lat' dir='ltr'><strong>pri-</strong></span> 
     </span>
    </p>
   </div>
   <div class='ocr_carea' id='block_1_85' title="bbox 1925 4183 3596 4270">
    <p class='ocr_par' dir='ltr' id='par_1_85' title="bbox 1925 4183 3596 4270">
     <span class='ocr_line' id='line_1_85' title="bbox 1925 4183 3596 4270; baseline -0.004 -14"><span class='ocrx_word' id='word_1_606' title='bbox 1925 4210 2083 4256; x_wconf 87' lang='lat' dir='ltr'><strong>vatus</strong></span> <span class='ocrx_word' id='word_1_607' title='bbox 2113 4203 2398 4256; x_wconf 92' lang='lat' dir='ltr'><strong>oculorum</strong></span> <span class='ocrx_word' id='word_1_608' title='bbox 2428 4183 2514 4255; x_wconf 16' lang='lat' dir='ltr'><strong>fab</strong></span> <span class='ocrx_word' id='word_1_609' title='bbox 2574 4209 2733 4256; x_wconf 70' lang='lat' dir='ltr'><strong>aatate</strong></span> <span class='ocrx_word' id='word_1_610' title='bbox 2766 4201 3026 4270; x_wconf 77' lang='lat' dir='ltr'><strong>primaeva</strong></span> <span class='ocrx_word' id='word_1_611' title='bbox 3059 4200 3286 4264; x_wconf 90' lang='lat' dir='ltr'><strong>lumine,</strong></span> <span class='ocrx_word' id='word_1_612' title='bbox 3309 4198 3551 4269; x_wconf 86' lang='lat' dir='ltr'><strong>Anncgi-</strong></span> <span class='ocrx_word' id='word_1_613' title='bbox 3584 4183 3596 4191; x_wconf 63' lang='grc'><em>’</em></span> 
     </span>
    </p>
   </div>
   <div class='ocr_carea' id='block_1_86' title="bbox 1925 4290 3547 4362">
    <p class='ocr_par' dir='ltr' id='par_1_86' title="bbox 1925 4290 3547 4362">
     <span class='ocr_line' id='line_1_86' title="bbox 1925 4290 3547 4362; baseline -0.001 -16"><span class='ocrx_word' id='word_1_614' title='bbox 1925 4294 2074 4347; x_wconf 88' lang='lat' dir='ltr'><strong>selus</strong></span> <span class='ocrx_word' id='word_1_615' title='bbox 2088 4293 2334 4358; x_wconf 92' lang='lat' dir='ltr'><strong>nomine,</strong></span> <span class='ocrx_word' id='word_1_616' title='bbox 2355 4292 2971 4347; x_wconf 27' lang='lat' dir='ltr'><strong>antet&#39;ores‘excubaret</strong></span> <span class='ocrx_word' id='word_1_617' title='bbox 3002 4290 3547 4362; x_wconf 88' lang='lat' dir='ltr'><strong>ipsius,duodecimo</strong></span> 
     </span>
    </p>
   </div>
   <div class='ocr_carea' id='block_1_87' title="bbox 1926 4380 3549 4451">
    <p class='ocr_par' dir='ltr' id='par_1_87' title="bbox 1926 4380 3549 4451">
     <span class='ocr_line' id='line_1_87' title="bbox 1926 4380 3549 4451; baseline 0 -17"><span class='ocrx_word' id='word_1_618' title='bbox 1926 4397 2026 4435; x_wconf 91' lang='lat' dir='ltr'><strong>suo</strong></span> <span class='ocrx_word' id='word_1_619' title='bbox 2076 4381 2336 4435; x_wconf 71' lang='lat' dir='ltr'><strong>czecitatis</strong></span> <span class='ocrx_word' id='word_1_620' title='bbox 2390 4397 2554 4448; x_wconf 91' lang='lat' dir='ltr'><strong>anno,</strong></span> <span class='ocrx_word' id='word_1_621' title='bbox 2615 4381 2770 4451; x_wconf 90' lang='lat' dir='ltr'><strong>lapsa</strong></span> <span class='ocrx_word' id='word_1_622' title='bbox 2821 4381 3022 4435; x_wconf 87' lang='lat' dir='ltr'><strong>virtute</strong></span> <span class='ocrx_word' id='word_1_623' title='bbox 3067 4380 3306 4444; x_wconf 76' lang='lat' dir='ltr'><strong>conlitus,</strong></span> <span class='ocrx_word' id='word_1_624' title='bbox 3355 4387 3549 4434; x_wconf 87' lang='lat' dir='ltr'><strong>orante</strong></span> 
     </span>
    </p>
   </div>
   <div class='ocr_carea' id='block_1_88' title="bbox 192 4445 3547 4542">
    <p class='ocr_par' dir='ltr' id='par_1_88' title="bbox 192 4445 3547 4542">
     <span class='ocr_line' id='line_1_88' title="bbox 192 4445 3547 4542; baseline -0.001 -16"><span class='ocrx_word' id='word_1_625' title='bbox 192 4472 537 4542; x_wconf 82' lang='lat' dir='ltr'><strong>subrogatus</strong></span> <span class='ocrx_word' id='word_1_626' title='bbox 575 4445 686 4534; x_wconf 26' lang='lat' dir='ltr'><strong>Vest,</strong></span> <span class='ocrx_word' id='word_1_627' title='bbox 743 4445 1052 4540; x_wconf 64' lang='lat' dir='ltr'><strong>Epiphanio</strong></span> <span class='ocrx_word' id='word_1_628' title='bbox 1103 4469 1170 4523; x_wconf 91' lang='lat' dir='ltr'><strong>ab</strong></span> <span class='ocrx_word' id='word_1_629' title='bbox 1208 4445 1437 4523; x_wconf 76' lang='lat' dir='ltr'><strong>abbatis</strong></span> <span class='ocrx_word' id='word_1_630' title='bbox 1489 4445 1697 4534; x_wconf 81' lang='lat' dir='ltr'><strong>officio,</strong></span> <span class='ocrx_word' id='word_1_631' title='bbox 1725 4445 1905 4538; x_wconf 85' lang='lat' dir='ltr'><strong>quiD</strong></span> <span class='ocrx_word' id='word_1_632' title='bbox 1929 4471 2047 4525; x_wconf 89' lang='lat' dir='ltr'><strong>viro</strong></span> <span class='ocrx_word' id='word_1_633' title='bbox 2074 4470 2170 4525; x_wconf 89' lang='lat' dir='ltr'><strong>Dei</strong></span> <span class='ocrx_word' id='word_1_634' title='bbox 2227 4469 2453 4524; x_wconf 91' lang='lat' dir='ltr'><strong>luminis</strong></span> <span class='ocrx_word' id='word_1_635' title='bbox 2506 4445 2588 4524; x_wconf 84' lang='lat' dir='ltr'><strong>est</strong></span> <span class='ocrx_word' id='word_1_636' title='bbox 2619 4445 2831 4524; x_wconf 84' lang='lat' dir='ltr'><strong>honore</strong></span> <span class='ocrx_word' id='word_1_637' title='bbox 2868 4471 3126 4524; x_wconf 89' lang='lat' dir='ltr'><strong>donatus.</strong></span> <span class='ocrx_word' id='word_1_638' title='bbox 3162 4469 3318 4533; x_wconf 81' lang='lat' dir='ltr'><strong>Quod</strong></span> <span class='ocrx_word' id='word_1_639' title='bbox 3348 4468 3547 4523; x_wconf 67' lang='lat' dir='ltr'><strong>divina:</strong></span> 
     </span>
    </p>
   </div>
   <div class='ocr_carea' id='block_1_89' title="bbox 199 4561 1827 4634">
    <p class='ocr_par' dir='ltr' id='par_1_89' title="bbox 199 4561 1827 4634">
     <span class='ocr_line' id='line_1_89' title="bbox 199 4561 1827 4634; baseline -0.002 -17"><span class='ocrx_word' id='word_1_640' title='bbox 199 4563 450 4619; x_wconf 69' lang='lat' dir='ltr'><strong>basilica:</strong></span> <span class='ocrx_word' id='word_1_641' title='bbox 505 4563 678 4617; x_wconf 89' lang='lat' dir='ltr'><strong>sancti</strong></span> <span class='ocrx_word' id='word_1_642' title='bbox 736 4563 972 4634; x_wconf 87' lang='lat' dir='ltr'><strong>Remigii</strong></span> <span class='ocrx_word' id='word_1_643' title='bbox 1037 4572 1305 4632; x_wconf 68' lang='lat' dir='ltr'><strong>praeerat,</strong></span> <span class='ocrx_word' id='word_1_644' title='bbox 1368 4570 1600 4616; x_wconf 91' lang='lat' dir='ltr'><strong>remoto.</strong></span> <span class='ocrx_word' id='word_1_645' title='bbox 1662 4561 1827 4614; x_wconf 89' lang='lat' dir='ltr'><strong>Multa</strong></span> 
     </span>
    </p>
   </div>
   <div class='ocr_carea' id='block_1_90' title="bbox 193 4650 1825 4723">
    <p class='ocr_par' dir='ltr' id='par_1_90' title="bbox 193 4650 1825 4723">
     <span class='ocr_line' id='line_1_90' title="bbox 193 4650 1825 4723; baseline -0.002 -15"><span class='ocrx_word' id='word_1_646' title='bbox 193 4653 352 4708; x_wconf 90' lang='lat' dir='ltr'><strong>enim</strong></span> <span class='ocrx_word' id='word_1_647' title='bbox 421 4652 541 4705; x_wconf 87' lang='lat' dir='ltr'><strong>auri</strong></span> <span class='ocrx_word' id='word_1_648' title='bbox 601 4653 928 4723; x_wconf 82' lang='lat' dir='ltr'><strong>argentique</strong></span> <span class='ocrx_word' id='word_1_649' title='bbox 993 4652 1050 4705; x_wconf 89' lang='lat' dir='ltr'><strong>in</strong></span> <span class='ocrx_word' id='word_1_650' title='bbox 1095 4653 1259 4719; x_wconf 90' lang='lat' dir='ltr'><strong>hujus</strong></span> <span class='ocrx_word' id='word_1_651' title='bbox 1322 4650 1570 4720; x_wconf 89' lang='lat' dir='ltr'><strong>episcopi</strong></span> <span class='ocrx_word' id='word_1_652' title='bbox 1607 4658 1825 4721; x_wconf 86' lang='lat' dir='ltr'><strong>regesto</strong></span> 
     </span>
    </p>
   </div>
   <div class='ocr_carea' id='block_1_91' title="bbox 197 4738 1830 4814">
    <p class='ocr_par' dir='ltr' id='par_1_91' title="bbox 197 4738 1830 4814">
     <span class='ocr_line' id='line_1_91' title="bbox 197 4738 1830 4814; baseline -0.002 -18"><span class='ocrx_word' id='word_1_653' title='bbox 197 4743 458 4814; x_wconf 87' lang='lat' dir='ltr'><strong>pondera</strong></span> <span class='ocrx_word' id='word_1_654' title='bbox 496 4749 625 4796; x_wconf 91' lang='lat' dir='ltr'><strong>sunt</strong></span> <span class='ocrx_word' id='word_1_655' title='bbox 655 4751 893 4812; x_wconf 89' lang='lat' dir='ltr'><strong>reperta.</strong></span> <span class='ocrx_word' id='word_1_656' title='bbox 929 4742 1059 4805; x_wconf 83' lang='lat' dir='ltr'><strong>Quae</strong></span> <span class='ocrx_word' id='word_1_657' title='bbox 1076 4750 1260 4796; x_wconf 91' lang='lat' dir='ltr'><strong>autem</strong></span> <span class='ocrx_word' id='word_1_658' title='bbox 1292 4741 1362 4794; x_wconf 88' lang='lat' dir='ltr'><strong>de</strong></span> <span class='ocrx_word' id='word_1_659' title='bbox 1396 4740 1488 4793; x_wconf 91' lang='lat' dir='ltr'><strong>illa</strong></span> <span class='ocrx_word' id='word_1_660' title='bbox 1517 4738 1830 4810; x_wconf 83' lang='lat' dir='ltr'><strong>iniquitatis</strong></span> 
     </span>
    </p>
   </div>
   <div class='ocr_carea' id='block_1_92' title="bbox 199 4833 1826 4906">
    <p class='ocr_par' dir='ltr' id='par_1_92' title="bbox 199 4833 1826 4906">
     <span class='ocr_line' id='line_1_92' title="bbox 199 4833 1826 4906; baseline -0.001 -18"><span class='ocrx_word' id='word_1_661' title='bbox 199 4834 403 4888; x_wconf 81' lang='lat' dir='ltr'><strong>militia</strong></span> <span class='ocrx_word' id='word_1_662' title='bbox 444 4843 620 4900; x_wconf 89' lang='lat' dir='ltr'><strong>erant,</strong></span> <span class='ocrx_word' id='word_1_663' title='bbox 679 4835 958 4906; x_wconf 87' lang='lat' dir='ltr'><strong>regalibus</strong></span> <span class='ocrx_word' id='word_1_664' title='bbox 1008 4834 1284 4888; x_wconf 88' lang='lat' dir='ltr'><strong>thesauris</strong></span> <span class='ocrx_word' id='word_1_665' title='bbox 1311 4841 1438 4888; x_wconf 90' lang='lat' dir='ltr'><strong>sunt</strong></span> <span class='ocrx_word' id='word_1_666' title='bbox 1465 4833 1614 4887; x_wconf 90' lang='lat' dir='ltr'><strong>illata</strong></span> <span class='ocrx_word' id='word_1_667' title='bbox 1651 4849 1664 4897; x_wconf 89' lang='lat'><strong>;</strong></span> <span class='ocrx_word' id='word_1_668' title='bbox 1701 4849 1826 4902; x_wconf 65' lang='lat' dir='ltr'><strong>quae</strong></span> 
     </span>
    </p>
   </div>
   <div class='ocr_carea' id='block_1_93' title="bbox 203 4920 1833 4993">
    <p class='ocr_par' dir='ltr' id='par_1_93' title="bbox 203 4920 1833 4993">
     <span class='ocr_line' id='line_1_93' title="bbox 203 4920 1833 4993; baseline -0.003 -15"><span class='ocrx_word' id='word_1_669' title='bbox 203 4939 340 4978; x_wconf 85' lang='lat' dir='ltr'><strong>vero</strong></span> <span class='ocrx_word' id='word_1_670' title='bbox 373 4922 443 4976; x_wconf 88' lang='lat' dir='ltr'><strong>de</strong></span> <span class='ocrx_word' id='word_1_671' title='bbox 478 4922 721 4987; x_wconf 89' lang='lat' dir='ltr'><strong>tributis,</strong></span> <span class='ocrx_word' id='word_1_672' title='bbox 761 4930 856 4976; x_wconf 88' lang='lat' dir='ltr'><strong>aut</strong></span> <span class='ocrx_word' id='word_1_673' title='bbox 909 4921 1125 4993; x_wconf 90' lang='lat' dir='ltr'><strong>reliqua</strong></span> <span class='ocrx_word' id='word_1_674' title='bbox 1184 4922 1394 4978; x_wconf 92' lang='lat' dir='ltr'><strong>ratione</strong></span> <span class='ocrx_word' id='word_1_675' title='bbox 1452 4921 1713 4977; x_wconf 81' lang='lat' dir='ltr'><strong>Ecclesiae</strong></span> <span class='ocrx_word' id='word_1_676' title='bbox 1745 4920 1833 4974; x_wconf 92' lang='lat' dir='ltr'><strong>in-</strong></span> 
     </span>
    </p>
   </div>
   <div class='ocr_carea' id='block_1_94' title="bbox 203 5014 900 5078">
    <p class='ocr_par' dir='ltr' id='par_1_94' title="bbox 203 5014 900 5078">
     <span class='ocr_line' id='line_1_94' title="bbox 203 5014 900 5078; baseline -0.003 -6"><span class='ocrx_word' id='word_1_677' title='bbox 203 5024 376 5072; x_wconf 88' lang='lat' dir='ltr'><strong>venta</strong></span> <span class='ocrx_word' id='word_1_678' title='bbox 405 5024 555 5078; x_wconf 90' lang='lat' dir='ltr'><strong>sunt,</strong></span> <span class='ocrx_word' id='word_1_679' title='bbox 590 5014 670 5068; x_wconf 92' lang='lat' dir='ltr'><strong>ibi</strong></span> <span class='ocrx_word' id='word_1_680' title='bbox 691 5015 900 5070; x_wconf 89' lang='lat' dir='ltr'><strong>relicta.</strong></span> 
     </span>
    </p>
   </div>
   <div class='ocr_carea' id='block_1_95' title="bbox 865 5106 1195 5161">
    <p class='ocr_par' dir='ltr' id='par_1_95' title="bbox 865 5106 1195 5161">
     <span class='ocr_line' id='line_1_95' title="bbox 865 5106 1195 5161; baseline -0.003 0"><span class='ocrx_word' id='word_1_681' title='bbox 865 5106 1074 5161; x_wconf 86' lang='lat' dir='ltr'><strong>CAPUT</strong></span> <span class='ocrx_word' id='word_1_682' title='bbox 1104 5107 1195 5160; x_wconf 93' lang='lat' dir='ltr'>III.</span> 
     </span>
    </p>
   </div>
   <div class='ocr_carea' id='block_1_96' title="bbox 756 5201 1300 5254">
    <p class='ocr_par' dir='ltr' id='par_1_96' title="bbox 756 5201 1300 5254">
     <span class='ocr_line' id='line_1_96' title="bbox 756 5201 1300 5254; baseline -0.004 0"><span class='ocrx_word' id='word_1_683' title='bbox 756 5203 831 5254; x_wconf 88' lang='lat' dir='ltr'><strong>De</strong></span> <span class='ocrx_word' id='word_1_684' title='bbox 869 5203 1054 5254; x_wconf 84' lang='lat' dir='ltr'><strong>sancto</strong></span> <span class='ocrx_word' id='word_1_685' title='bbox 1091 5201 1300 5253; x_wconf 77' lang='lat' dir='ltr'><strong>Basolo.</strong></span> 
     </span>
    </p>
   </div>
   <div class='ocr_carea' id='block_1_97' title="bbox 288 5289 1839 5364">
    <p class='ocr_par' dir='ltr' id='par_1_97' title="bbox 288 5289 1839 5364">
     <span class='ocr_line' id='line_1_97' title="bbox 288 5289 1839 5364; baseline -0.003 -16"><span class='ocrx_word' id='word_1_686' title='bbox 288 5294 460 5363; x_wconf 79' lang='lat' dir='ltr'><strong>Hujus</strong></span> <span class='ocrx_word' id='word_1_687' title='bbox 517 5290 692 5364; x_wconf 85' lang='lat' dir='ltr'><strong>Egidii</strong></span> <span class='ocrx_word' id='word_1_688' title='bbox 725 5297 974 5361; x_wconf 87' lang='lat' dir='ltr'><strong>tempore</strong></span> <span class='ocrx_word' id='word_1_689' title='bbox 1005 5297 1224 5345; x_wconf 88' lang='lat' dir='ltr'><strong>sanctus</strong></span> <span class='ocrx_word' id='word_1_690' title='bbox 1255 5289 1470 5345; x_wconf 91' lang='lat' dir='ltr'><strong>Domini</strong></span> <span class='ocrx_word' id='word_1_691' title='bbox 1495 5289 1744 5355; x_wconf 91' lang='lat' dir='ltr'><strong>Basolus,</strong></span> <span class='ocrx_word' id='word_1_692' title='bbox 1773 5304 1839 5344; x_wconf 87' lang='lat' dir='ltr'><strong>ex</strong></span> 
     </span>
    </p>
   </div>
   <div class='ocr_carea' id='block_1_98' title="bbox 210 5382 1834 5454">
    <p class='ocr_par' dir='ltr' id='par_1_98' title="bbox 210 5382 1834 5454">
     <span class='ocr_line' id='line_1_98' title="bbox 210 5382 1834 5454; baseline -0.004 -12"><span class='ocrx_word' id='word_1_693' title='bbox 210 5387 494 5442; x_wconf 88' lang='lat' dir='ltr'><strong>territorio</strong></span> <span class='ocrx_word' id='word_1_694' title='bbox 547 5383 923 5448; x_wconf 87' lang='lat' dir='ltr'><strong>Lemovicino,</strong></span> <span class='ocrx_word' id='word_1_695' title='bbox 975 5383 1202 5454; x_wconf 82' lang='lat' dir='ltr'><strong>regione</strong></span> <span class='ocrx_word' id='word_1_696' title='bbox 1251 5383 1626 5449; x_wconf 82' lang='lat' dir='ltr'><strong>Armoricana,</strong></span> <span class='ocrx_word' id='word_1_697' title='bbox 1662 5382 1834 5437; x_wconf 89' lang='lat' dir='ltr'><strong>nobili</strong></span> 
     </span>
    </p>
   </div>
   <div class='ocr_carea' id='block_1_99' title="bbox 207 5473 1837 5550">
    <p class='ocr_par' dir='ltr' id='par_1_99' title="bbox 207 5473 1837 5550">
     <span class='ocr_line' id='line_1_99' title="bbox 207 5473 1837 5550; baseline -0.004 -16"><span class='ocrx_word' id='word_1_698' title='bbox 207 5479 478 5550; x_wconf 89' lang='lat' dir='ltr'><strong>prosapia</strong></span> <span class='ocrx_word' id='word_1_699' title='bbox 511 5475 808 5541; x_wconf 90' lang='lat' dir='ltr'><strong>oriundus,</strong></span> <span class='ocrx_word' id='word_1_700' title='bbox 841 5490 871 5528; x_wconf 91' lang='lat' dir='ltr'><strong>a</strong></span> <span class='ocrx_word' id='word_1_701' title='bbox 897 5473 1149 5544; x_wconf 89' lang='lat' dir='ltr'><strong>partibus</strong></span> <span class='ocrx_word' id='word_1_702' title='bbox 1177 5474 1504 5544; x_wconf 57' lang='lat' dir='ltr'><strong>Aquitania,</strong></span> <span class='ocrx_word' id='word_1_703' title='bbox 1529 5474 1837 5543; x_wconf 89' lang='lat' dir='ltr'><strong>patrocinia</strong></span> 
     </span>
    </p>
   </div>
   <div class='ocr_carea' id='block_1_100' title="bbox 207 5561 1830 5636">
    <p class='ocr_par' dir='ltr' id='par_1_100' title="bbox 207 5561 1830 5636">
     <span class='ocr_line' id='line_1_100' title="bbox 207 5561 1830 5636; baseline -0.002 -16"><span class='ocrx_word' id='word_1_704' title='bbox 207 5564 522 5623; x_wconf 88' lang='lat' dir='ltr'><strong>beatissimi</strong></span> <span class='ocrx_word' id='word_1_705' title='bbox 565 5562 800 5636; x_wconf 87' lang='lat' dir='ltr'><strong>Remigii</strong></span> <span class='ocrx_word' id='word_1_706' title='bbox 867 5561 1316 5617; x_wconf 90' lang='lat' dir='ltr'><strong>desiderabiliter</strong></span> <span class='ocrx_word' id='word_1_707' title='bbox 1373 5569 1664 5632; x_wconf 81' lang='lat' dir='ltr'><strong>appetens,</strong></span> <span class='ocrx_word' id='word_1_708' title='bbox 1718 5563 1830 5616; x_wconf 88' lang='lat' dir='ltr'><strong>Re-</strong></span> 
     </span>
    </p>
   </div>
   <div class='ocr_carea' id='block_1_101' title="bbox 206 5649 1833 5712">
    <p class='ocr_par' dir='ltr' id='par_1_101' title="bbox 206 5649 1833 5712">
     <span class='ocr_line' id='line_1_101' title="bbox 206 5649 1833 5712; baseline -0.007 1"><span class='ocrx_word' id='word_1_709' title='bbox 206 5671 461 5712; x_wconf 85' lang='lat' dir='ltr'><strong>mensem</strong></span> <span class='ocrx_word' id='word_1_710' title='bbox 493 5651 724 5706; x_wconf 88' lang='lat' dir='ltr'><strong>devenit</strong></span> <span class='ocrx_word' id='word_1_711' title='bbox 781 5649 848 5704; x_wconf 87' lang='lat' dir='ltr'><strong>ad</strong></span> <span class='ocrx_word' id='word_1_712' title='bbox 878 5650 1098 5706; x_wconf 88' lang='lat' dir='ltr'><strong>urbem.</strong></span> <span class='ocrx_word' id='word_1_713' title='bbox 1146 5650 1240 5704; x_wconf 80' lang='lat' dir='ltr'><strong>Cui</strong></span> <span class='ocrx_word' id='word_1_714' title='bbox 1301 5649 1617 5705; x_wconf 87' lang='lat' dir='ltr'><strong>advenienti</strong></span> <span class='ocrx_word' id='word_1_715' title='bbox 1647 5663 1833 5706; x_wconf 90' lang='lat' dir='ltr'><strong>comes</strong></span> 
     </span>
    </p>
   </div>
   <div class='ocr_carea' id='block_1_102' title="bbox 1927 4561 3551 4634">
    <p class='ocr_par' dir='ltr' id='par_1_102' title="bbox 1927 4561 3551 4634">
     <span class='ocr_line' id='line_1_102' title="bbox 1927 4561 3551 4634; baseline -0.001 -18"><span class='ocrx_word' id='word_1_716' title='bbox 1927 4563 2193 4617; x_wconf 89' lang='lat' dir='ltr'><strong>claritatis</strong></span> <span class='ocrx_word' id='word_1_717' title='bbox 2228 4563 2557 4619; x_wconf 90' lang='lat' dir='ltr'><strong>miraculum</strong></span> <span class='ocrx_word' id='word_1_718' title='bbox 2590 4562 3001 4633; x_wconf 89' lang='lat' dir='ltr'><strong>comperientes</strong></span> <span class='ocrx_word' id='word_1_719' title='bbox 3033 4563 3311 4627; x_wconf 89' lang='lat' dir='ltr'><strong>monachi,</strong></span> <span class='ocrx_word' id='word_1_720' title='bbox 3335 4561 3551 4634; x_wconf 88' lang='lat' dir='ltr'><strong>magnis</strong></span> 
     </span>
    </p>
   </div>
   <div class='ocr_carea' id='block_1_103' title="bbox 1926 4652 3546 4728">
    <p class='ocr_par' dir='ltr' id='par_1_103' title="bbox 1926 4652 3546 4728">
     <span class='ocr_line' id='line_1_103' title="bbox 1926 4652 3546 4728; baseline -0.003 -16"><span class='ocrx_word' id='word_1_721' title='bbox 1926 4655 2226 4728; x_wconf 78' lang='lat' dir='ltr'><strong>gratiarum</strong></span> <span class='ocrx_word' id='word_1_722' title='bbox 2259 4656 2573 4711; x_wconf 90' lang='lat' dir='ltr'><strong>actionibus</strong></span> <span class='ocrx_word' id='word_1_723' title='bbox 2633 4657 2802 4709; x_wconf 87' lang='lat' dir='ltr'><strong>Deum</strong></span> <span class='ocrx_word' id='word_1_724' title='bbox 2849 4653 3162 4728; x_wconf 73' lang='lat' dir='ltr'><strong>glorificent</strong></span> <span class='ocrx_word' id='word_1_725' title='bbox 3185 4656 3238 4708; x_wconf 90' lang='lat' dir='ltr'><strong>in</strong></span> <span class='ocrx_word' id='word_1_726' title='bbox 3272 4652 3546 4709; x_wconf 80' lang='lat' dir='ltr'><strong>clarifica-</strong></span> 
     </span>
    </p>
   </div>
   <div class='ocr_carea' id='block_1_104' title="bbox 1931 4742 2605 4799">
    <p class='ocr_par' dir='ltr' id='par_1_104' title="bbox 1931 4742 2605 4799">
     <span class='ocr_line' id='line_1_104' title="bbox 1931 4742 2605 4799; baseline 0 -1"><span class='ocrx_word' id='word_1_727' title='bbox 1931 4743 2082 4799; x_wconf 89' lang='lat' dir='ltr'><strong>tione</strong></span> <span class='ocrx_word' id='word_1_728' title='bbox 2105 4742 2289 4799; x_wconf 87' lang='lat' dir='ltr'><strong>ﬁdelis</strong></span> <span class='ocrx_word' id='word_1_729' title='bbox 2319 4745 2463 4799; x_wconf 90' lang='lat' dir='ltr'><strong>servi</strong></span> <span class='ocrx_word' id='word_1_730' title='bbox 2497 4745 2605 4799; x_wconf 92' lang='lat' dir='ltr'><strong>sui.</strong></span> 
     </span>
    </p>
   </div>
   <div class='ocr_carea' id='block_1_105' title="bbox 2002 4836 3548 4908">
    <p class='ocr_par' dir='ltr' id='par_1_105' title="bbox 2002 4836 3548 4908">
     <span class='ocr_line' id='line_1_105' title="bbox 2002 4836 3548 4908; baseline 0.001 -20"><span class='ocrx_word' id='word_1_731' title='bbox 2002 4836 2215 4891; x_wconf 88' lang='lat' dir='ltr'><strong>Accidit</strong></span> <span class='ocrx_word' id='word_1_732' title='bbox 2241 4837 2405 4891; x_wconf 91' lang='lat' dir='ltr'><strong>etiam</strong></span> <span class='ocrx_word' id='word_1_733' title='bbox 2438 4837 2676 4908; x_wconf 89' lang='lat' dir='ltr'><strong>quodam</strong></span> <span class='ocrx_word' id='word_1_734' title='bbox 2694 4846 2976 4902; x_wconf 90' lang='lat' dir='ltr'><strong>venatore,</strong></span> <span class='ocrx_word' id='word_1_735' title='bbox 3018 4837 3180 4891; x_wconf 78' lang='lat' dir='ltr'><strong>Attila</strong></span> <span class='ocrx_word' id='word_1_736' title='bbox 3222 4837 3465 4901; x_wconf 90' lang='lat' dir='ltr'><strong>nomine,</strong></span> <span class='ocrx_word' id='word_1_737' title='bbox 3493 4837 3548 4890; x_wconf 92' lang='lat' dir='ltr'><strong>in</strong></span> 
     </span>
    </p>
   </div>
   <div class='ocr_carea' id='block_1_106' title="bbox 1933 4923 3552 4996">
    <p class='ocr_par' dir='ltr' id='par_1_106' title="bbox 1933 4923 3552 4996">
     <span class='ocr_line' id='line_1_106' title="bbox 1933 4923 3552 4996; baseline 0 -18"><span class='ocrx_word' id='word_1_738' title='bbox 1933 4923 2073 4978; x_wconf 87' lang='lat' dir='ltr'><strong>saltu</strong></span> <span class='ocrx_word' id='word_1_739' title='bbox 2096 4925 2215 4993; x_wconf 88' lang='lat' dir='ltr'><strong>ejus</strong></span> <span class='ocrx_word' id='word_1_740' title='bbox 2239 4926 2452 4980; x_wconf 63' lang='lat' dir='ltr'><strong>cellulm</strong></span> <span class='ocrx_word' id='word_1_741' title='bbox 2478 4925 2741 4981; x_wconf 91' lang='lat' dir='ltr'><strong>continuo</strong></span> <span class='ocrx_word' id='word_1_742' title='bbox 2762 4933 2948 4996; x_wconf 88' lang='lat' dir='ltr'><strong>aptum</strong></span> <span class='ocrx_word' id='word_1_743' title='bbox 2973 4926 3332 4996; x_wconf 87' lang='lat' dir='ltr'><strong>insequente,</strong></span> <span class='ocrx_word' id='word_1_744' title='bbox 3362 4933 3420 4978; x_wconf 93' lang='lat' dir='ltr'><strong>ut</strong></span> <span class='ocrx_word' id='word_1_745' title='bbox 3458 4942 3552 4979; x_wconf 92' lang='lat' dir='ltr'><strong>us-</strong></span> 
     </span>
    </p>
   </div>
   <div class='ocr_carea' id='block_1_107' title="bbox 1939 5017 3546 5089">
    <p class='ocr_par' dir='ltr' id='par_1_107' title="bbox 1939 5017 3546 5089">
     <span class='ocr_line' id='line_1_107' title="bbox 1939 5017 3546 5089; baseline 0.001 -20"><span class='ocrx_word' id='word_1_746' title='bbox 1939 5031 2046 5086; x_wconf 91' lang='lat' dir='ltr'><strong>que</strong></span> <span class='ocrx_word' id='word_1_747' title='bbox 2068 5017 2136 5070; x_wconf 91' lang='lat' dir='ltr'><strong>ad</strong></span> <span class='ocrx_word' id='word_1_748' title='bbox 2189 5017 2367 5086; x_wconf 89' lang='lat' dir='ltr'><strong>ipsius</strong></span> <span class='ocrx_word' id='word_1_749' title='bbox 2410 5019 2759 5087; x_wconf 55' lang='lat' dir='ltr'><strong>prasentiam</strong></span> <span class='ocrx_word' id='word_1_750' title='bbox 2792 5019 2908 5073; x_wconf 90' lang='lat' dir='ltr'><strong>fera</strong></span> <span class='ocrx_word' id='word_1_751' title='bbox 2938 5018 3274 5089; x_wconf 85' lang='lat' dir='ltr'><strong>perveniret,</strong></span> <span class='ocrx_word' id='word_1_752' title='bbox 3305 5024 3360 5072; x_wconf 86' lang='lat' dir='ltr'><strong>et</strong></span> <span class='ocrx_word' id='word_1_753' title='bbox 3390 5018 3546 5087; x_wconf 88' lang='lat' dir='ltr'><strong>quasi</strong></span> 
     </span>
    </p>
   </div>
   <div class='ocr_carea' id='block_1_108' title="bbox 1938 5104 3546 5178">
    <p class='ocr_par' dir='ltr' id='par_1_108' title="bbox 1938 5104 3546 5178">
     <span class='ocr_line' id='line_1_108' title="bbox 1938 5104 3546 5178; baseline 0.002 -21"><span class='ocrx_word' id='word_1_754' title='bbox 1938 5104 2283 5159; x_wconf 89' lang='lat' dir='ltr'><strong>liberandam</strong></span> <span class='ocrx_word' id='word_1_755' title='bbox 2325 5122 2383 5160; x_wconf 91' lang='lat' dir='ltr'><strong>se</strong></span> <span class='ocrx_word' id='word_1_756' title='bbox 2415 5123 2513 5176; x_wconf 89' lang='lat' dir='ltr'><strong>per</strong></span> <span class='ocrx_word' id='word_1_757' title='bbox 2570 5107 2750 5178; x_wconf 91' lang='lat' dir='ltr'><strong>ipsum</strong></span> <span class='ocrx_word' id='word_1_758' title='bbox 2799 5110 3052 5175; x_wconf 90' lang='lat' dir='ltr'><strong>credens,</strong></span> <span class='ocrx_word' id='word_1_759' title='bbox 3086 5109 3154 5162; x_wconf 90' lang='lat' dir='ltr'><strong>ad</strong></span> <span class='ocrx_word' id='word_1_760' title='bbox 3185 5107 3358 5177; x_wconf 85' lang='lat' dir='ltr'><strong>pedes</strong></span> <span class='ocrx_word' id='word_1_761' title='bbox 3407 5107 3546 5175; x_wconf 89' lang='lat' dir='ltr'><strong>ejus,</strong></span> 
     </span>
    </p>
   </div>
   <div class='ocr_carea' id='block_1_109' title="bbox 1941 5197 3546 5272">
    <p class='ocr_par' dir='ltr' id='par_1_109' title="bbox 1941 5197 3546 5272">
     <span class='ocr_line' id='line_1_109' title="bbox 1941 5197 3546 5272; baseline 0.001 -22"><span class='ocrx_word' id='word_1_762' title='bbox 1941 5197 2192 5268; x_wconf 88' lang='lat' dir='ltr'><strong>deposita</strong></span> <span class='ocrx_word' id='word_1_763' title='bbox 2222 5197 2458 5265; x_wconf 88' lang='lat' dir='ltr'><strong>feritate,</strong></span> <span class='ocrx_word' id='word_1_764' title='bbox 2513 5202 2926 5270; x_wconf 89' lang='lat' dir='ltr'><strong>procumberet,</strong></span> <span class='ocrx_word' id='word_1_765' title='bbox 2977 5216 3254 5272; x_wconf 89' lang='lat' dir='ltr'><strong>canesque</strong></span> <span class='ocrx_word' id='word_1_766' title='bbox 3281 5200 3546 5254; x_wconf 87' lang='lat' dir='ltr'><strong>naturalis</strong></span> 
     </span>
    </p>
   </div>
   <div class='ocr_carea' id='block_1_110' title="bbox 1941 5288 3544 5364">
    <p class='ocr_par' dir='ltr' id='par_1_110' title="bbox 1941 5288 3544 5364">
     <span class='ocr_line' id='line_1_110' title="bbox 1941 5288 3544 5364; baseline 0.001 -20"><span class='ocrx_word' id='word_1_767' title='bbox 1941 5288 2580 5363; x_wconf 87' lang='lat' dir='ltr'><strong>oblitisagacitatis,eam</strong></span> <span class='ocrx_word' id='word_1_768' title='bbox 2603 5293 2820 5364; x_wconf 90' lang='lat' dir='ltr'><strong>insequi</strong></span> <span class='ocrx_word' id='word_1_769' title='bbox 2845 5300 3151 5364; x_wconf 89' lang='lat' dir='ltr'><strong>parcerent.</strong></span> <span class='ocrx_word' id='word_1_770' title='bbox 3175 5292 3381 5346; x_wconf 88' lang='lat' dir='ltr'><strong>Exinde</strong></span> <span class='ocrx_word' id='word_1_771' title='bbox 3403 5307 3544 5359; x_wconf 89' lang='lat' dir='ltr'><strong>mos,</strong></span> 
     </span>
    </p>
   </div>
   <div class='ocr_carea' id='block_1_111' title="bbox 1940 5377 3548 5446">
    <p class='ocr_par' dir='ltr' id='par_1_111' title="bbox 1940 5377 3548 5446">
     <span class='ocr_line' id='line_1_111' title="bbox 1940 5377 3548 5446; baseline 0.002 -15"><span class='ocrx_word' id='word_1_772' title='bbox 1940 5377 2049 5433; x_wconf 93' lang='lat' dir='ltr'><strong>imo</strong></span> <span class='ocrx_word' id='word_1_773' title='bbox 2081 5379 2254 5433; x_wconf 90' lang='lat' dir='ltr'><strong>virtus</strong></span> <span class='ocrx_word' id='word_1_774' title='bbox 2283 5380 2502 5446; x_wconf 88' lang='lat' dir='ltr'><strong>Christi,</strong></span> <span class='ocrx_word' id='word_1_775' title='bbox 2557 5383 2626 5436; x_wconf 91' lang='lat' dir='ltr'><strong>ad</strong></span> <span class='ocrx_word' id='word_1_776' title='bbox 2681 5385 2945 5438; x_wconf 88' lang='lat' dir='ltr'><strong>honorem</strong></span> <span class='ocrx_word' id='word_1_777' title='bbox 3001 5383 3185 5438; x_wconf 92' lang='lat' dir='ltr'><strong>dilecti</strong></span> <span class='ocrx_word' id='word_1_778' title='bbox 3224 5382 3411 5436; x_wconf 90' lang='lat' dir='ltr'><strong>famuli</strong></span> <span class='ocrx_word' id='word_1_779' title='bbox 3439 5381 3548 5446; x_wconf 90' lang='lat' dir='ltr'><strong>sui,</strong></span> 
     </span>
    </p>
   </div>
   <div class='ocr_carea' id='block_1_112' title="bbox 1937 5471 3554 5547">
    <p class='ocr_par' dir='ltr' id='par_1_112' title="bbox 1937 5471 3554 5547">
     <span class='ocr_line' id='line_1_112' title="bbox 1937 5471 3554 5547; baseline 0.002 -23"><span class='ocrx_word' id='word_1_780' title='bbox 1937 5471 2116 5526; x_wconf 90' lang='lat' dir='ltr'><strong>adhuc</strong></span> <span class='ocrx_word' id='word_1_781' title='bbox 2147 5472 2311 5528; x_wconf 92' lang='lat' dir='ltr'><strong>modo</strong></span> <span class='ocrx_word' id='word_1_782' title='bbox 2341 5482 2608 5541; x_wconf 86' lang='lat' dir='ltr'><strong>servatur,</strong></span> <span class='ocrx_word' id='word_1_783' title='bbox 2631 5482 2691 5528; x_wconf 93' lang='lat' dir='ltr'><strong>ut</strong></span> <span class='ocrx_word' id='word_1_784' title='bbox 2737 5483 2986 5545; x_wconf 88' lang='lat' dir='ltr'><strong>promota</strong></span> <span class='ocrx_word' id='word_1_785' title='bbox 3009 5476 3068 5547; x_wconf 84' lang='lat' dir='ltr'><strong>[j.</strong></span> <span class='ocrx_word' id='word_1_786' title='bbox 3103 5475 3364 5545; x_wconf 90' lang='lat' dir='ltr'><strong>permota]</strong></span> <span class='ocrx_word' id='word_1_787' title='bbox 3402 5489 3554 5545; x_wconf 73' lang='lat' dir='ltr'><strong>quae-</strong></span> 
     </span>
    </p>
   </div>
   <div class='ocr_carea' id='block_1_113' title="bbox 1936 5560 3557 5646">
    <p class='ocr_par' dir='ltr' id='par_1_113' title="bbox 1936 5560 3557 5646">
     <span class='ocr_line' id='line_1_113' title="bbox 1936 5560 3557 5646; baseline 0.001 -32"><span class='ocrx_word' id='word_1_788' title='bbox 1936 5560 2073 5616; x_wconf 88' lang='lat' dir='ltr'><strong>libet</strong></span> <span class='ocrx_word' id='word_1_789' title='bbox 2111 5563 2353 5628; x_wconf 89' lang='lat' dir='ltr'><strong>venatio,</strong></span> <span class='ocrx_word' id='word_1_790' title='bbox 2387 5563 2432 5618; x_wconf 91' lang='lat' dir='ltr'><strong>si</strong></span> <span class='ocrx_word' id='word_1_791' title='bbox 2476 5572 2761 5646; x_wconf 78' lang='lat' dir='ltr'><strong>aggestum</strong></span> <span class='ocrx_word' id='word_1_792' title='bbox 2813 5564 2869 5618; x_wconf 89' lang='lat' dir='ltr'><strong>in</strong></span> <span class='ocrx_word' id='word_1_793' title='bbox 2910 5566 3144 5621; x_wconf 91' lang='lat' dir='ltr'><strong>circuitu</strong></span> <span class='ocrx_word' id='word_1_794' title='bbox 3181 5565 3332 5620; x_wconf 84' lang='lat' dir='ltr'><strong>silvae</strong></span> <span class='ocrx_word' id='word_1_795' title='bbox 3380 5563 3557 5633; x_wconf 89' lang='lat' dir='ltr'><strong>ipsius</strong></span> 
     </span>
    </p>
   </div>
   <div class='ocr_carea' id='block_1_114' title="bbox 1937 5653 3558 5730">
    <p class='ocr_par' dir='ltr' id='par_1_114' title="bbox 1937 5653 3558 5730">
     <span class='ocr_line' id='line_1_114' title="bbox 1937 5653 3558 5730; baseline 0 -24"><span class='ocrx_word' id='word_1_796' title='bbox 1937 5653 2340 5723; x_wconf 89' lang='lat' dir='ltr'><strong>prominentem</strong></span> <span class='ocrx_word' id='word_1_797' title='bbox 2399 5655 2564 5712; x_wconf 89' lang='lat' dir='ltr'><strong>fuerit</strong></span> <span class='ocrx_word' id='word_1_798' title='bbox 2623 5657 2887 5730; x_wconf 87' lang='lat' dir='ltr'><strong>ingressa,</strong></span> <span class='ocrx_word' id='word_1_799' title='bbox 2949 5675 3053 5714; x_wconf 89' lang='lat' dir='ltr'><strong>nec</strong></span> <span class='ocrx_word' id='word_1_800' title='bbox 3103 5673 3299 5712; x_wconf 88' lang='lat' dir='ltr'><strong>canum</strong></span> <span class='ocrx_word' id='word_1_801' title='bbox 3322 5654 3558 5708; x_wconf 89' lang='lat' dir='ltr'><strong>ulterius</strong></span> 
     </span>
    </p>
   </div>
  </div>
