3970 6218
525 284 594 338 99

1634 268 2000 324 FLODOARDI
2043 267 2349 325 CANONICI
2392 269 2718 326 REMENSIS

3712 287 3784 343 100

525 410 848 478 insequatur
893 405 1178 466 aviditate,
1237 418 1338 456 nec
1369 409 1688 456 venatorum
1721 409 2011 471 appetatur
2036 417 2136 454 au-
2162 403 2212 468 A
2239 410 2431 472 petunt
2456 403 2799 479 suifragium,
2835 423 2901 460 ne
2937 417 3045 461 tam
3085 410 3292 464 crudeli
3331 412 3476 468 lanio
3499 415 3787 473 traderentur

525 500 782 555 dacitate.

597 592 788 645 Fertur
825 599 880 643 et
917 588 1066 642 aliud
1100 603 1207 642 non
1249 585 1666 641 contemnenda:
1701 584 1779 639 rei
1809 585 2134 640 miraculum

521 685 682 752 hujus
713 681 861 736 beati
895 678 1228 734 confessoris
1256 677 1340 732 sui
1389 677 1617 742 meritis,
1651 693 1681 730 a
1732 676 1964 731 Domino
1994 693 2136 746 pra:-

524 781 794 845 rogatum,
844 769 991 840 quod
1041 783 1348 838 suspensus
1403 767 1599 836 laqueo
1639 765 2135 836 quidam.nomine

526 863 883 937 Ragenulfus,
913 861 981 916 ab
1015 859 1364 922 adversariis,
1398 875 1521 912 cum
1565 859 1619 911 in
1659 872 1921 928 supremo
1947 858 2136 912 mortis

523 954 766 1023 periculo
795 951 986 1006 oculos
1011 950 1078 1004 ad
1111 949 1308 1004 coelum
1342 947 1678 1013 intenderet,
1727 947 1980 1002 invocato
2002 963 2134 1002 voce

524 1043 864 1114 Iacrymabili
910 1044 1072 1096 beato
1132 1041 1347 1105 Basolo,
1394 1057 1517 1095 mox
1550 1057 1580 1093 a
1611 1046 1788 1094 morte
1820 1039 1940 1093 dira
1974 1049 2134 1110 rupto

523 1136 722 1190 meruit
752 1134 973 1188 liberari
1031 1135 1248 1204 laqueo.
1286 1133 1412 1186 Post
1445 1132 1616 1185 multa
1643 1129 1889 1200 denique
1913 1131 2134 1200 pietatis

524 1224 836 1295 insigniain
867 1223 976 1276 vita
1007 1222 1182 1291 ipsius
1205 1221 1273 1274 ab
1296 1221 1491 1275 eodem
1525 1227 1756 1290 patrata,
1785 1236 2135 1289 praenoscens

523 1329 619 1382 per
649 1312 910 1380 Spiritum
940 1327 1052 1364 suae
1075 1308 1382 1364 vocationis
1415 1308 1704 1361 imminere
1737 1307 1844 1360 sibi
1894 1315 2129 1378 tempus,

525 1406 672 1458 misit
702 1404 769 1457 ad
823 1409 1081 1472 nepotem
1134 1418 1314 1462 suum,
1368 1400 1592 1454 nomine
1647 1397 1998 1464 Balsemium,
2036 1399 2128 1470 qui

520 1515 645 1552 eum
677 1497 744 1549 ad
777 1512 836 1549 se
858 1512 888 1548 a
920 1495 1267 1549 [.emovicina
1295 1493 1524 1565 regione
1545 1495 1894 1563 perduceret,
1917 1491 2128 1565 signifi-

521 1606 651 1644 cans
683 1588 760 1642 illi
811 1588 959 1658 quod
1000 1594 1124 1658 post
1171 1586 1384 1640 obitum
1434 1602 1590 1640 suum
1649 1586 1704 1640 in
1737 1586 2000 1656 praedicto
2032 1601 2130 1640 suo

519 1679 955 1736 conversationis
1024 1678 1340 1733 habitaculo
1398 1677 1628 1732 deberet
1685 1678 1850 1732 vitam
1903 1679 2129 1744 ducere,

515 1775 668 1841 juxta
695 1771 840 1842 quod
883 1770 1185 1824 revelatum
1234 1769 1341 1822 sibi
1397 1769 1573 1824 fuerat
1617 1771 1919 1824 aDomino.
1965 1770 2130 1837 Cujus

521 1862 858 1917 salutaribus
890 1860 1199 1931 praeceptis,
1232 1867 1290 1914 ut
1324 1859 1504 1914 bonus
1547 1859 1694 1913 ﬁlius
1720 1859 2132 1928 obtemperans,

520 1965 573 2010 et
605 1955 671 2009 ad
712 1970 1006 2024 supernam
1049 1953 1425 2006 haereditatem
1460 1953 1749 2023 pervenire
1780 1953 2130 2016 desiderans,

521 2063 694 2116 usque
725 2046 792 2098 ad
825 2045 1005 2097 exitus
1035 2041 1124 2096 sui
1157 2042 1302 2095 diem
1337 2042 1391 2094 in
1415 2042 1608 2097 eadem
1642 2039 1945 2112 permansit
1972 2041 2135 2095 habi-

519 2139 745 2192 tatione.
772 2135 1016 2190 Decessit
1073 2142 1255 2189 autem
1289 2134 1485 2188 beatus
1518 2135 1677 2188 Pater
1694 2134 1918 2188 Basolus
1946 2151 1995 2187 vr
2017 2133 2109 2187 Kal

521 2229 800 2294 Decemb.,
832 2226 1089 2298 supernis
1121 2234 1450 2300 aggregatus
1479 2227 1713 2281 civibus.
1743 2227 1819 2280 Ad
1853 2227 2009 2294 cujus
2039 2243 2130 2280 se-

519 2325 766 2392 pulcrum
797 2322 967 2374 multa
998 2329 1189 2390 postea
1228 2326 1532 2374 monstrata
1571 2329 1699 2374 sunt
1737 2319 2127 2374 miraculorum

517 2409 776 2481 insignia,
809 2423 931 2477 quae
966 2415 1147 2461 tamen
1171 2424 1269 2477 per
1303 2408 1696 2480 negligentiam
1726 2416 1780 2463 et
1809 2408 1880 2464 ob
1912 2408 1998 2463 sui
2020 2408 2132 2464 fre-

517 2499 798 2569 quentiam
823 2514 931 2551 non
949 2507 1077 2551 sunt
1098 2496 1300 2551 litteris
1328 2499 1747 2568 comprehensa.

588 2589 874 2642 Processu
907 2589 1149 2658 denique
1200 2590 1482 2658 temporis,
1546 2599 1668 2660 post
1712 2589 1924 2643 obitum
1951 2590 2126 2645 sancti

517 2677 640 2744 viri,
671 2677 894 2731 advenit
916 2679 1022 2730 huc
1055 2678 1218 2732 homo
1265 2678 1490 2748 quidam
1523 2677 1749 2731 natione
1783 2677 2008 2743 nobilis,
2030 2679 2126 2732 sed

521 2768 669 2824 t'erox
705 2778 917 2823 tumore
947 2768 1148 2821 mentis
1176 2787 1189 2833 ;
1221 2769 1314 2838 qui
1365 2777 1490 2838 post
1539 2768 1844 2822 orationem
1873 2767 2126 2822 baculum

520 2861 683 2929 hujus
715 2860 860 2914 beati
913 2860 1089 2912 Patris
1131 2859 1430 2929 accipiens,
1466 2868 1519 2914 et
1551 2860 1706 2913 illum
1737 2876 1907 2931 super
1930 2861 2125 2930 pedem

516 2969 677 3005 suum
702 2967 937 3022 ponens,
971 2959 1029 3005 ut
1059 2959 1176 3005 erat
1216 2967 1478 3020 procerus
1523 2967 1776 3021 corpore,
1811 2952 1968 3022 quasi
1997 2952 2128 3006 sub-

517 3043 803 3097 sannando
836 3042 1065 3112 protulit
1087 3041 1402 3096 dicens:En
1425 3042 1740 3097 manifestat
1763 3043 1864 3097 iste
1897 3043 2126 3098 baculus

517 3149 682 3203 quam
716 3146 896 3202 parvae
934 3138 1153 3184 staturae
1211 3130 1377 3184 fuerit
1407 3131 1651 3186 Basolus.
1691 3131 1799 3185 Nec
1831 3146 2004 3197 mora,
2029 3147 2127 3202 pes

519 3224 663 3278 idem
695 3223 781 3277 cui
812 3223 1198 3293 superpositus
1246 3223 1418 3276 sancti
1454 3222 1683 3278 baculus
1714 3223 1910 3283 fuerat.
1946 3239 2130 3279 emar-

515 3312 666 3366 cuit:
701 3327 922 3383 quoque
970 3308 1299 3380 putrefacto,
1328 3309 1514 3364 divina
1547 3311 1631 3365 vir
1660 3310 1802 3366 idem
1837 3313 2129 3381 perculsus

517 3405 726 3459 ultione
757 3420 879 3457 cum
920 3402 1071 3476 gravi
1121 3401 1342 3456 decedit
1385 3401 1594 3456 labore.
1641 3401 1806 3471 Cujus
1832 3419 2033 3474 corpus
2059 3405 2126 3459 ad

515 3496 896 3551 tumulandum
936 3495 1064 3548 ferri
1106 3494 1420 3563 disponitur
1479 3494 1546 3548 ad
1597 3495 1762 3563 hujus
1821 3497 1994 3551 sancti
2030 3497 2123 3550 Dei

515 3583 910 3641 m’onasterium
945 3583 1079 3649 ;sed
1132 3595 1486 3658 aggravatum
1543 3585 1694 3640 nullo
1757 3585 1928 3640 modo
1981 3583 2127 3638 valet

513 3679 720 3734 moveri
749 3678 1030 3733 feretrum.
1100 3677 1433 3746 Proponitur
1473 3677 1601 3730 ferri
1629 3677 1697 3730 ad
1743 3677 2122 3732 coemeterium

509 3764 683 3822 sancti
725 3766 981 3838 Remigii,
1014 3764 1110 3818 sed
1142 3779 1246 3817 nec
1274 3763 1355 3817 sic
1386 3771 1566 3834 potest
1614 3764 1848 3818 moveri.
1884 3763 2123 3837 Cogente

509 3857 730 3912 tandem
762 3853 1114 3918 necessitate,
1149 3853 1205 3905 in
1250 3850 1658 3906 Catalaunicum
1689 3851 1937 3905 defertur
1965 3850 2126 3904 terri-

509 3946 734 4012 torium,
784 3943 978 4014 ibique
1023 3941 1248 3995 demum
1307 3938 1644 4010 permittitur
1688 3939 1893 3993 habere
1931 3937 2124 4009 sepul-

511 4054 686 4092 crum.

580 4129 696 4184 Non
751 4128 914 4200 longe
945 4141 1170 4198 quoque
1200 4123 1352 4179 valde
1385 4141 1417 4178 a
1446 4129 1632 4179 nostra
1658 4129 1839 4191 aetate,
1875 4133 2123 4194 tempore

506 4219 718 4274 scilicet
749 4216 938 4272 domni
989 4213 1233 4269 Ebbonis
1291 4211 1720 4282 archiepiscopi,
1755 4212 1876 4280 ejus
1897 4211 2122 4267 ordina-

507 4312 656 4366 tione
677 4309 900 4380 quidam
931 4308 1013 4362 vir
1042 4305 1355 4377 religiosus,
1393 4304 1722 4359 Benedictus
1751 4303 1997 4368 nomine,
2022 4302 2124 4356 ab-

504 4403 604 4459 bas
644 4400 994 4455 constituitur
1025 4398 1188 4467 hujus
1227 4396 1489 4451 abbatite.
1527 4395 1627 4461 Qui
1679 4412 1807 4451 cum
1848 4394 2120 4452 modestia

2155 1820 2208 1887 Β

2154 3095 2204 3164 C

2242 495 2311 548 ad
2333 495 2772 562 dilacerandum,
2806 496 3181 570 lugubresque
3206 500 3258 554 in
3281 503 3489 576 gemitu
3519 515 3787 574 pernoctau-

2242 594 2342 651 tes,
2365 603 2472 641 non
2505 589 2795 642 cessabant
2823 590 2997 644 sancti
3031 591 3206 646 Basoli
3242 593 3533 662 implorare
3561 597 3783 654 solatium.

2241 676 2350 729 Nec
2378 677 2562 731 renuit
2583 677 2776 731 audire
2806 687 3028 733 sanctus
3059 680 3273 734 Domini
3303 683 3553 752 querelas
3576 700 3675 738 sua:
3697 688 3786 756 ple-

2240 766 2345 820 bis.
2379 767 2510 821 Nam
2540 767 2680 823 facto
2714 783 2871 824 mane
2932 771 3176 840 Speruus
3207 772 3353 826 idem
3389 774 3650 844 reperitur
3676 793 3786 832 mor-

2240 869 2405 924 tuus;
2440 877 2603 931 quem
2645 861 2785 915 lecto
2819 861 3124 916 nitentibus
3148 864 3439 918 extrahere
3464 865 3593 930 suis,
3623 870 3790 937 crepuit

2239 952 2475 1018 medius,
2510 960 2802 1023 tantusque
2831 953 2992 1007 fuator
3023 954 3278 1009 eumdem
3303 955 3485 1010 locum
3518 957 3788 1028 replevit,ut

2240 1061 2400 1099 nemo
2433 1044 2569 1098 inibi
2599 1061 2882 1099 remanere
2900 1047 3151 1100 valuerit.
3188 1047 3388 1118 Sicque
3419 1047 3617 1103 familia
3642 1051 3687 1103 S.
3716 1051 3790 1103 Ba-

2237 1135 2337 1190 soli
2373 1135 2661 1206 trepidatis
2681 1137 2914 1207 eripitur
2943 1138 3171 1194 defensa
3201 1139 3516 1210 suppliciis.

2307 1223 2620 1278 Avunculus
2674 1225 2864 1278 matris
2895 1241 3049 1288 mea),
3089 1225 3426 1280 Flavuardus
3454 1225 3587 1297 [ms.,
3617 1227 3790 1280 Flavar-

2237 1313 2356 1384 dus]
2393 1316 2636 1379 nomine,
2670 1316 2810 1370 duos
2857 1315 3002 1371 filios
3058 1317 3113 1370 in
3170 1319 3334 1386 hujus
3384 1319 3550 1373 sancti
3606 1319 3691 1372 viri
3710 1335 3791 1374 co:-

2237 1407 2406 1462 nobio
2438 1409 2548 1464 Deo
2606 1410 2913 1463 servientes
2971 1409 3167 1464 habuit
3209 1429 3222 1475 ;
3266 1426 3500 1482 quorum
3543 1411 3789 1478 juniorem,

2237 1499 2460 1554 nomine
2517 1500 2857 1567 Tetbertum,
2939 1501 3207 1556 charitate
3268 1518 3437 1572 supra
3485 1503 3617 1556 vires
3665 1502 3788 1556 etiam

2235 1591 2629 1646 exuberantem
2663 1591 2920 1655 vidimus,
2995 1593 3089 1664 qui
3151 1593 3442 1664 presbyter
3463 1594 3652 1648 dudum
3680 1595 3788 1663 apud

2234 1699 2336 1737 nos
2363 1683 2523 1738 obiit.
2550 1685 2599 1738 Is
2622 1683 2863 1754 denique
2891 1684 2959 1738 de
2993 1691 3148 1755 patre
3197 1701 3301 1740 suo
3349 1685 3493 1757 quod
3525 1685 3699 1739 dicturi
3722 1701 3790 1737 su-

2233 1790 2355 1829 mus
2387 1791 2608 1829 narrare
2639 1775 2802 1830 nobis
2834 1776 3088 1838 solebat;
3114 1777 3200 1831 cui
3237 1777 3315 1832 rei
3359 1778 3514 1832 testis
3550 1778 3789 1832 adhucsu-

2236 1873 2453 1933 pererat
2483 1880 2661 1934 nuper
2692 1864 2954 1918 Ratoldus
2985 1865 3101 1935 [al.,
3143 1865 3505 1936 Rautnoldus]
3541 1865 3789 1936 presbyter,

2236 1952 2432 2006 horum
2484 1952 2678 2005 tertius
2732 1951 2900 2006 frater
2970 1951 3625 2025 Consueveratsiquidem
3659 1951 3790 2006 semel

2235 2043 2290 2096 in
2323 2059 2466 2098 anno
2481 2043 2565 2098 vir
2606 2043 2863 2114 praefatus
2889 2043 2956 2098 ad
2987 2045 3387 2101 monasterium
3424 2045 3621 2109 venire,
3646 2043 3788 2097 fratri-

2233 2131 2448 2203 busque
2497 2132 2564 2187 de
2622 2132 2738 2187 suis
2783 2133 3135 2188 facultatibus
3192 2135 3527 2190 ministrare.
3579 2133 3787 2198 Quicum

2231 2220 2530 2290 aliquando
2557 2221 2626 2275 de
2647 2237 2800 2276 more
2849 2223 3084 2286 veniret,
3124 2224 3371 2279 latrones
3392 2241 3512 2279 eum
3545 2237 3790 2294 properan-

2232 2314 2342 2361 tem
2373 2308 2658 2373 invadunt,
2715 2308 2989 2364 caballum
3039 2311 3126 2365 cui
3174 2312 3428 2380 sedebat,
3485 2329 3596 2367 cum
3623 2309 3788 2366 creteris

2231 2411 2353 2466 qua:
2383 2396 2489 2450 sibi
2523 2396 2639 2450 visa
2669 2406 2816 2464 sunt,
2849 2398 2947 2453 sed
2976 2408 3031 2453 et
3053 2399 3348 2470 pecunias,
3382 2417 3517 2472 quas
3543 2399 3693 2454 servis
3717 2396 3786 2450 Dei

2231 2487 2644 2542 distribuendas
2657 2488 2889 2556 ferebat,
2913 2499 3240 2546 ornamenta
3287 2509 3511 2565 quoque
3526 2492 3686 2548 uxoris
3703 2505 3785 2544 suae

2231 2577 2440 2647 pariter
2478 2578 2754 2634 auferunt.
2808 2580 3054 2653 Cumque
3111 2583 3180 2638 de
3229 2586 3420 2653 praeda
3460 2587 3680 2639 laetantes
3701 2582 3781 2635 ali-

2231 2671 2551 2738 quantulum
2629 2672 3051 2741 processissent,
3110 2690 3268 2742 uxor,
3328 2677 3447 2744 ejus
3498 2692 3609 2747 qua).
3661 2673 3783 2727 simul

2227 2761 2436 2826 aderat,
2471 2762 2970 2836 ingemiscenspro
3003 2766 3227 2834 injuria,
3261 2769 3570 2839 querulosis
3585 2773 3782 2820 sanctum

2229 2850 2480 2905 Basolum
2513 2852 2680 2922 cmpit
2707 2851 3005 2908 inclamare
3026 2855 3280 2922 vocibus,
3313 2857 3499 2911 dicens
3527 2855 3656 2910 :Non
3680 2855 3782 2906 ultra

2228 2957 2286 2995 se
2316 2951 2578 2998 venturus
2611 2945 2665 2998 in
2691 2945 2812 3013 ejus
2844 2946 2928 3001 vel
2962 2946 3295 3004 famulorum
3328 2950 3506 3021 ipsius
3532 2946 3781 3004 servitium.

2229 3029 2273 3083 si
2302 3030 2382 3085 sic
2431 3047 2527 3087 eos
2564 3033 2832 3102 abjiceret
2878 3052 2986 3092 non
3035 3037 3263 3093 ferendo
3324 3039 3640 3110 praesidium.
3692 3035 3781 3088 Post

2230 3137 2368 3191 quas
2422 3123 2835 3182 lamentationis
2895 3143 3078 3195 voces,
3103 3131 3231 3201 equi
3263 3130 3551 3195 latronum,
3582 3125 3662 3197 qui
3690 3138 3779 3178 Cum

2228 3213 2422 3283 spoliis
2469 3217 2686 3272 concite
2742 3218 3085 3284 ferebantur,
3146 3220 3338 3277 subito
3382 3220 3685 3292 defiguntur,
3708 3227 3779 3267 nec

2229 3307 2341 3362 ullo
2371 3308 2536 3362 modo
2567 3312 2878 3379 promoveri
2911 3320 3143 3381 possunt
3169 3313 3236 3366 ad
3269 3313 3637 3386 gradiendum.
3669 3309 3781 3376 Ipsos

2229 3415 2450 3470 quoque
2482 3399 2722 3455 latrones
2741 3401 2918 3477 caligo
2937 3404 3190 3474 quadam
3223 3405 3487 3474 perfudit,
3516 3413 3568 3458 ut
3592 3411 3778 3472 quonam

2227 3506 2347 3545 sese
2396 3499 2676 3547 verterent
2742 3495 3076 3566 ignorarent.
3150 3497 3554 3568 Resipiscentes
3607 3489 3778 3546 tandem

2229 3580 2537 3648 praedones,
2569 3581 2860 3637 conferunt
2891 3584 3035 3638 inter
3079 3601 3139 3639 se
3162 3585 3232 3640 ob
3257 3585 3602 3641 innocentum
3625 3579 3776 3632 factam

2227 3671 2484 3740 injuriam
2511 3673 2616 3727 sibi
2652 3674 2780 3728 talia
2809 3676 3107 3747 contigisse
3139 3695 3153 3741 ;
3189 3678 3440 3749 initoque
3489 3672 3708 3733 consilio,
3728 3665 3774 3720 ad

2225 3779 2341 3830 eos,
2373 3781 2514 3836 quos
2549 3765 2716 3821 rebus
2743 3767 2946 3835 injuste
2995 3769 3237 3839 privatos
3277 3771 3606 3829 dimiserant,
3637 3774 3777 3817 rever-

2225 3863 2417 3911 tuntur
2458 3874 2594 3923 ;sua
2643 3858 2751 3912 illis
2803 3869 2998 3915 cuncta
3052 3861 3370 3926 restituunt,
3403 3870 3474 3924 et,
3523 3867 3577 3914 ut
3605 3853 3774 3910 veniam

2225 3944 2565 4001 facinoribus
2593 3946 2713 4001 suis
2743 3945 3134 4018 deprecentur,
3169 3957 3490 4020 exposcunt.
3523 3947 3591 4000 lta
3619 3952 3776 3996 conso-

2223 4038 2450 4106 latione,
2482 4039 2690 4094 domini
2741 4040 2915 4095 Basoli
2956 4040 3290 4113 suffragante
3344 4041 3449 4096 sibi
3500 4031 3770 4110 patrocinio,

2223 4141 2466 4205 recepta,
2485 4133 2779 4204 rapacibus
2810 4135 2888 4189 ire
2920 4135 3186 4202 dimissis,
3209 4135 3518 4191 devotiores
3545 4130 3604 4185 ad
3629 4122 3767 4182 desti-

2223 4232 2411 4278 natum
2433 4231 2732 4294 properant
2773 4224 3087 4280 coenobium
3115 4243 3131 4289 ;
3165 4226 3371 4299 gratias
3405 4225 3508 4278 Deo
3537 4219 3771 4275 et'sanclo

2222 4329 2323 4367 suo
2353 4311 2652 4367 confessori
2678 4329 2778 4384 pro
2801 4313 3034 4367 indultis
3051 4312 3159 4367 sibi
3182 4312 3468 4368 beneficiis
3494 4304 3772 4364 referunt,et

2222 4400 2329 4456 laeti
2363 4401 2537 4457 servis
2568 4402 2660 4456 Dei
2692 4402 3007 4456 ministrare
3061 4410 3338 4475 satagunt,
3370 4397 3606 4473 pecuniis
3631 4395 3770 4446 hono-

506 4490 768 4546 familiam
805 4489 976 4543 sancti
1040 4487 1215 4542 Basoli
1274 4493 1532 4550 tractans,
1592 4494 1646 4541 et
1673 4486 1731 4541 in
1762 4486 2116 4558 simplicitate
2141 4472 2198 4541 D
2222 4497 2360 4552 rant,
2393 4505 2457 4544 ac
2478 4489 2745 4560 deinceps
2791 4489 2952 4544 annis
2997 4472 3230 4564 singulis
3263 4472 3406 4545 idem
3436 4481 3767 4560 promptiores,

509 4581 738 4639 Domino
768 4580 1035 4646 serviens,
1052 4579 1286 4634 diversis
1305 4577 1595 4633 ecclesiam
1610 4579 1854 4633 donariis
1877 4577 2116 4643 ornavit,

507 4677 561 4726 et
590 4675 714 4741 post
744 4682 855 4721 non
886 4668 1103 4722 modica
1134 4667 1258 4720 vitae
1279 4679 1395 4718 suae
1441 4663 1644 4732 spatia,
1677 4663 1879 4718 divinae
1905 4679 2116 4735 praece-

503 4762 694 4832 ptione
732 4767 972 4824 vocatus,
1004 4760 1072 4812 ad
1103 4757 1395 4812 Dominum
1421 4756 1656 4810 transiit.
1688 4753 1784 4809 Cui
1815 4772 1978 4812 carne
2006 4758 2114 4813 fra-

502 4861 604 4917 ter,
628 4851 960 4922 cognomine
985 4850 1232 4919 Speruus
1266 4848 1328 4917 [j.
1354 4849 1601 4916 Speruus
1629 4850 1678 4899 et
1703 4846 1898 4917 infra].
1939 4849 2113 4905 abbas

499 4945 555 4998 in
579 4943 776 4998 eodem
807 4942 926 4996 loco
947 4941 1299 5010 subrogatur.
1335 4937 1434 5001 Qui
1468 4937 1719 4992 moribus
1750 4938 1901 4995 fratri
1934 4942 2107 4997 dissi-

500 5035 666 5099 milis,
685 5040 739 5088 et
760 5032 893 5086 dirae
914 5031 1129 5084 facibus
1147 5028 1350 5082 ardens
1371 5030 1671 5100 cupidinis,
1687 5032 1817 5087 dum
1837 5034 2110 5089 temulen-

500 5136 587 5181 tus
617 5123 916 5194 aliquando
943 5120 1182 5183 sederet,
1217 5120 1589 5189 coepitdicere
1619 5123 1768 5194 quod
1791 5123 1959 5179 frater
1979 5142 2113 5181 suus

497 5219 566 5272 de
599 5213 927 5270 abbatiailla
943 5209 1082 5263 nihil
1113 5210 1244 5266 boni
1273 5213 1493 5269 sciverit
1524 5215 1752 5281 habere,
1785 5217 2113 5288 praecipiens

494 5304 748 5359 villarum
764 5298 1238 5369 procuratoribus,
1285 5301 1342 5354 in
1373 5303 1674 5358 crastinum
1706 5304 1813 5359 sibi
1849 5305 2114 5361 ruricolas

495 5392 782 5454 exhibere,
798 5405 939 5459 quos
954 5394 1120 5450 variis
1146 5394 1350 5450 faceret
1367 5396 1661 5466 suppliciis
1680 5398 2014 5470 torqueri,ut
2037 5399 2118 5453 fa-

495 5480 730 5535 cultates
751 5476 997 5546 ipsorum
1021 5482 1088 5536 ab
1107 5484 1190 5538 eis
1220 5492 1407 5554 posset
1429 5491 1790 5555 extorquere.
1814 5486 2116 5541 Audientes

494 5583 628 5636 ergo
641 5566 893 5624 villarum
908 5570 1104 5630 incolae
1123 5582 1344 5647 quantae
1360 5575 1777 5631 intentabantur
1787 5575 1896 5630 sibi
1913 5591 2114 5646 ptume,

495 5671 688 5715 omnes
720 5659 894 5714 sancti
929 5659 1106 5717 Basoli
1162 5661 1429 5718 ﬂebiliter
1465 5661 1528 5730 [c.
1560 5665 1601 5730 ἰ,
1629 5661 1974 5734 suppliciter]
2009 5681 2111 5718 ex-

2221 4578 2369 4648 quod
2399 4586 2680 4648 coeperant
2720 4588 3009 4649 peragunt.

2292 4667 2518 4731 Quando
2547 4683 2727 4737 nuper
2757 4668 2840 4721 ha:
2885 4667 3179 4722 Galliarum
3213 4668 3421 4738 patria),
3455 4660 3666 4736 peccatis
3689 4666 3766 4707 n0-

2219 4758 2346 4812 stris
2363 4758 2799 4829 impellentibus,
2831 4758 3212 4829 Hungarorum
3238 4757 3434 4830 gladiis
3457 4741 3764 4833 dilaceranda:

2212 4857 2341 4902 sunt
2409 4827 2641 4913 traditae,
2702 4847 2925 4918 quidam
2962 4827 3348 4901 barbarorum
3418 4840 3575 4898 sancti
3626 4827 3763 4920 Basoli

2213 4938 2605 4993 monasterium
2652 4937 2906 5010 ingressi,
2935 4936 3066 4990 dum
3099 4935 3286 4990 clerici
3310 4935 3419 5004 jam
3450 4946 3562 4987 cum
3592 4929 3760 5010 patron!

2211 5031 2295 5085 sui
2320 5029 2647 5104 pignoribus
2676 5008 2746 5084 ad
2775 5029 3052 5084 civitatem
3076 5028 3471 5102 confugissent,
3505 5008 3762 5077 habitacula

2213 5123 2455 5178 coenobii
2489 5123 2807 5178 hominibus
2863 5138 3006 5194 pene
3037 5139 3211 5178 vacua
3265 5121 3590 5192 repererunt,
3611 5105 3759 5172 ibique

2212 5218 2476 5266 metatum
2498 5229 2657 5266 suum
2681 5213 3102 5280 constituentes,
3151 5214 3258 5268 huc
3280 5211 3620 5274 undecunque
3641 5206 3755 5289 imi"

2215 5303 2344 5358 datu
2377 5305 2574 5359 reverti
2608 5313 2914 5375 coeperunt.
2962 5305 3203 5370 Quorum
3236 5303 3452 5375 quidam
3479 5297 3528 5350 in
3557 5287 3756 5346 ecclesia?

2215 5392 2497 5465 signorum
2552 5394 2836 5459 turricula,
2882 5395 3146 5450 deaurata
3196 5391 3532 5464 conspiciens
3559 5379 3754 5465 relucet?

2214 5481 2456 5548 metalla,
2506 5481 2744 5552 cupidus
2791 5484 2907 5538 auri
2943 5484 3216 5554 pecuniae,
3266 5489 3461 5538 tectum
3489 5457 3753 5554 conscettdlt

2216 5571 2480 5638 δεδίιῖοω,
2526 5573 2790 5644 visusque
2839 5575 3112 5645 dissipare
3140 5572 3473 5635 turriculam,
3497 5559 3656 5619 subito
3676 5549 3752 5645 dff-

2214 5661 2402 5731 lapsus
2447 5663 2516 5718 ad
2564 5670 2766 5719 terram
2811 5667 3038 5734 corruit,
3097 5664 3462 5733 membrisque
3513 5646 3752 5709 οοηῖΐεουδ
