3970 6218
243 262 355 318 101

238 394 492 450 interiit.
544 395 695 449 Alius
726 396 922 450 horum
960 414 1129 468 super
1155 400 1503 468 aramipsius
1527 402 1800 469 ecclesiae,
1824 404 1877 456 in
1901 407 1953 473 Α

238 488 472 541 honore
505 488 651 542 beati
712 488 925 543 Martini
971 500 1365 560 consecratam,
1418 504 1647 550 conatus
1678 512 1875 551 ascen-

239 574 412 641 dere,
436 575 566 629 dum
601 592 823 630 manum
872 594 1039 648 supra
1081 596 1251 635 cornu
1285 582 1473 636 altaris
1505 585 1871 654 apposuisset,

240 666 379 736 ipsa
411 683 606 720 manus
627 668 748 735 ejus
776 668 847 723 ita
881 669 1104 725 inbaisit
1134 674 1416 736 marmori,
1441 682 1500 728 ut
1528 675 1677 729 nullo
1706 677 1870 731 modo

240 754 327 807 ab
357 769 424 808 eo
457 764 648 823 postea
697 756 970 825 potuisset
1019 760 1177 813 avelli
1210 760 1539 831 jFLODOARD.
1578 765 1638 817 in
1671 764 1867 817 Chron.

240 862 325 898 an
345 845 493 914 937].
531 846 590 899 Et
621 848 753 917 quia
781 848 870 903 hic
891 866 1017 903 eum
1050 852 1132 905 sui
1190 853 1486 909 noluerunt
1529 856 1868 927 relinquere,

243 945 468 1007 partem
516 939 718 1008 lapidis
764 940 910 995 circa
992 960 1213 997 manum
1291 946 1465 1016 ipsius
1529 949 1871 1019 bipennibus

241 1027 669 1098 abscindentes,
696 1049 822 1087 eum
854 1050 1040 1089 secum
1059 1037 1379 1105 particulam
1403 1043 1711 1107 marmoris,
1745 1061 1868 1115 qua:

244 1121 444 1174 manui
472 1123 590 1191 ejus
609 1124 937 1188 adhaeserat,
973 1127 1142 1181 invite
1195 1130 1459 1184 ferentem
1494 1132 1866 1190 deduxerunt.

246 1212 359 1276 Qui
409 1214 573 1268 etiam
634 1218 709 1285 (ut
764 1218 962 1287 captivi
1019 1222 1113 1289 qui
1149 1223 1351 1276 reversi
1410 1232 1538 1279 sunt
1607 1226 1867 1294 referunt)

248 1316 434 1371 usque
488 1303 554 1355 ad
613 1311 812 1358 terram
866 1322 1042 1374 suam,
1076 1319 1263 1364 arente
1304 1312 1414 1379 jam
1450 1312 1694 1381 brachio,
1725 1316 1869 1370 hunc

243 1392 500 1462 lapidem
534 1394 734 1460 ferens,
754 1406 809 1451 et
829 1399 1005 1453 Basoli
1036 1400 1235 1456 virtute
1269 1402 1467 1458 factum
1502 1407 1867 1474 proclamans,

247 1500 384 1538 I‘BVB
394 1501 512 1540 FSDS
541 1497 642 1543 θεῖ.

898 1582 1107 1639 CAPUT
1145 1587 1225 1641 IV.

758 1673 830 1724 De
856 1674 1104 1739 Romulfo
1133 1677 1377 1741 praesule,

328 1755 454 1810 Post
471 1757 720 1831 Egidium
747 1761 1032 1818 Romulqu
1049 1767 1316 1820 Remensc
1332 1768 1467 1821 rexit
1493 1769 1863 1839 episcopium,

246 1845 519 1903 vircarne
568 1852 790 1918 nobilis,
847 1872 1143 1925 germanus
1170 1859 1398 1913 Joannis
1432 1868 1563 1915 tunc
1597 1862 1866 1931 temporis

246 1935 415 1990 ducis
446 1956 719 2009 ,quorum
750 1952 902 2011 pater
932 1945 1112 2015 Lupus
1157 1948 1357 2002 multas
1380 1950 1461 2003 eis
1484 1951 1864 2019 possessiones

242 2029 541 2097 aequaliter
571 2031 715 2086 inter
743 2050 800 2088 se
833 2035 1159 2092 dividendas
1191 2040 1433 2111 reliquit.
1472 2043 1542 2095 De
1583 2059 1691 2113 qua
1723 2042 1867 2096 divi-

235 2119 403 2173 sione
431 2123 545 2190 pari
564 2124 1296 2201 juregereudaprzecCptum
1317 2134 1680 2189 obtinuerunt
1707 2152 1861 2207 rega—

242 2208 317 2262 le.
348 2209 532 2265 Multis
548 2213 823 2283 siquidem
861 2221 1551 2291 excellebatpatrimoniis,
1585 2224 1855 2278 maxime-

234 2313 355 2366 que
388 2306 535 2353 trans
568 2301 827 2376 Ligerim,
860 2315 913 2360 et
952 2307 1004 2360 in
1058 2326 1198 2382 pago
1233 2311 1535 2366 Pictavensi
1570 2331 1582 2375 ;
1617 2329 1853 2383 quorum

230 2402 307 2439 ex
338 2395 491 2456 parte
524 2391 749 2458 majore,
785 2410 881 2462 per
913 2395 1165 2469 paginam
1203 2401 1511 2453 testamenti
1557 2402 1850 2457 ecclesiam

237 2475 571 2532 Remensem
624 2479 751 2535 fecit
782 2483 1081 2551 haeredem,
1133 2488 1383 2557 quaedam
1417 2490 1708 2545 dimittens
1740 2492 1850 2547 fra-

232 2564 422 2619 tribus
445 2568 529 2621 vel
556 2571 1004 2640 nepotibussuis,
1022 2577 1274 2645 quiedam
1294 2579 1594 2634 matriculze
1626 2597 1849 2653 quoque

228 2657 412 2711 sancti
460 2659 716 2716 Martialis
772 2665 1077 2735 deputavit,
1118 2674 1371 2742 quaedam
1440 2675 1507 2728 ad
1568 2674 1851 2730 basilicam

230 2749 414 2802 sancti
446 2750 699 2825 Remigii.
744 2755 935 2811 Villam
976 2777 1103 2816 vero
1136 2764 1513 2820 Lautiniacum
1545 2782 1714 2836 super
1745 2768 1853 2822 flu-

230 2840 388 2893 vium
453 2842 809 2913 Caltaiouem,
870 2852 1102 2907 contulit
1156 2858 1491 2912 monasterio
1542 2858 1850 2927 puellarum

924 267 1245 323 HISTORl/E
1285 266 1617 325 ECCLESl/E
1658 267 1983 327 REMENSIS
2026 273 2198 327 LIBRI
2240 273 2565 339 QUATUOR.
2603 309 2665 316 —-
2709 277 2834 331 LIB.
2881 278 2919 332 l.

3491 284 3595 338 1Οὲ

2623 405 2832 460 CAPUT
2894 407 2953 460 V.

2460 501 2535 551 De
2560 499 2819 552 Sonnatio
2840 501 3103 567 episcopo.

2050 585 2359 641 Romulium
2389 588 2641 658 sequitur
2668 589 2723 641 in
2768 590 3089 659 episc0patu
3136 591 3453 656 Sonnatius,
3496 594 3587 663 qui

1975 675 2244 743 synodum
2270 676 2581 731 celebrasse
2600 677 2873 747 reperitur
2891 692 3012 732 cum
3047 679 3173 731 aliis
3203 680 3588 751 quadraginta,

1976 767 2059 819 vel
2091 782 2157 822 eo
2186 768 2422 838 amplius
2462 770 2755 823 Galliarum
2790 770 3087 840 episcopis.
3128 771 3224 825 Ubi
3259 772 3426 825 etiam
3460 788 3590 826 san-

1974 862 2094 909 ctus
2143 857 2401 910 Arnulfus
2459 858 2783 913 Metcnsium
2834 860 3033 928 praasul
3102 860 3382 913 invenitur
3420 861 3591 914 inter-

1973 944 2164 1011 fuisse,
2198 961 2321 998 cum
2353 946 2696 1001 Theoderico
2724 947 3099 1019 Lugdunensi,
3135 949 3387 1003 Sindulfo
3416 949 3585 1003 Vien-

1973 1035 2153 1101 nensi,
2186 1036 2422 1106 Sulpitio
2475 1038 2823 1099 Bituricensi,
2898 1040 3230 1113 Medegiselo
3258 1041 3586 1105 Turonensi,

1971 1127 2181 1181 Secono
2216 1128 2557 1195 Elosanensi,
2609 1129 2836 1184 Leontio
2903 1130 3260 1195 Xantonensi,
3299 1132 3587 1187 Modoaldo

1969 1218 2313 1283 Treverensi,
2348 1219 2702 1274 Chuneberto
2754 1220 3088 1283 Coloniensi,
3129 1223 3382 1279 Richerio
3410 1226 3588 1280 Seno-

1972 1312 2151 1375 nensi,
2184 1312 2393 1365 Donato
2442 1313 2890 1377 Vesontionensi,
2948 1314 3204 1383 Auspicio
3240 1318 3586 1389 Augustidu-

1972 1402 2150 1454 nensi.
2188 1402 2320 1455 Item
2362 1402 2651 1457 Modoaldo
2705 1403 3060 1477 Lingonensi,
3098 1406 3444 1479 Ragueberto
3486 1409 3586 1461 Ba-

1966 1493 2200 1561 jocensi,
2237 1493 2557 1549 Childoaldo
2580 1495 2987 1563 Abrincatensi,
3008 1498 3343 1569 Bertcgiselo
3380 1500 3584 1556 Carno-

1972 1582 2132 1640 tensi.
2157 1582 2399 1638 Palladio
2430 1585 2892 1650 Antisiodorensi,
2942 1586 3261 1640 Gondoaldo
3294 1588 3582 1657 Meldensi,

1895 1670 2313 1745 BLeudeberto
2361 1672 2744 1737 Parisiacensi,
2774 1673 3109 1747 Cbainoalgo
3168 1675 3415 1730 Lauduni
3460 1677 3581 1732 Cla-

1970 1761 2100 1824 vati,
2153 1762 2378 1817 Godone
2451 1764 2803 1831 Virdunensi,
2869 1768 3128 1821 Ansarico
3196 1768 3585 1835 Sucssonensi,

1972 1851 2198 1906 Claudio
2232 1854 2474 1915 Reiensi,
2510 1856 2839 1911 Berthoaldo
2887 1856 3287 1920 Camaracensi,
3321 1863 3587 1933 Agomaro

1970 1940 2394 2007 Silvanectensi,
2452 1941 2685 1996 Caesario
2732 1945 3051 2011 Avernensi,
3088 1947 3224 2000 Vero
3259 1947 3583 2015 Rutenensi,

1969 2033 2221 2103 Agricola
2240 2034 2560 2098 Gabalensi,
2594 2035 2876 2104 Lupoaldo
2906 2037 3357 2109 Magontiacensi,
3384 2040 3582 2094 Wille-

1966 2123 2141 2195 giselo
2190 2125 2501 2190 Tolosano,
2564 2127 2880 2184 Constantio
2928 2130 3220 2200 Albiensil,
3279 2133 3584 2189 Nammatio

1967 2214 2332 2288 Egolemensi,
2356 2218 2578 2273 Rustico
2612 2222 2950 2287 Laturcensi,
2986 2223 3255 2278 Auderico
3288 2227 3578 2290 Auscensi,

1962 2303 2221 2358 Emmone
2247 2306 2577 2368 .‘tresetensi,
2602 2308 2781 2362 Felice
2831 2310 3237 2375 Catlialanensi,
3296 2313 3582 2369 Hadoindo

1959 2393 2099 2463 [ms.,
2122 2412 2168 2447 ν.
2204 2395 2541 2468 Chadoindo]
2594 2398 3055 2463 Cenomannensi,
3089 2403 3437 2475 Magnebodo
3470 2407 3584 2458 An-

1955 2485 2274 2556 degavensi,
2300 2489 2511 2545 Joanne
2560 2491 2883 2553 Pictavensi.
2928 2495 3213 2549 Leobardo
3249 2496 3366 2565 [al..
3409 2497 3579 2551 Lont-

1956 2573 2144 2646 bardo]
2178 2576 2518 2633 Namnetico.
2578 2581 2634 2634 ln
2684 2598 2791 2652 qua
2844 2584 3057 2653 synodo
3114 2585 3283 2638 multa
3320 2585 3582 2659 leguntur

1957 2664 2115 2717 utilia
2164 2666 2489 2721 constituta.

2028 2754 2076 2805 1.
2100 2752 2173 2805 De
2198 2754 2365 2807 rebus
2380 2754 2590 2809 scilicet
2604 2756 2856 2811 ecclesiae
2871 2759 3108 2829 qualiter
3131 2762 3427 2815 tractanda:
3444 2764 3573 2825 sint;

1954 2851 2008 2896 et
2038 2843 2107 2897 de
2131 2844 2216 2897 his
2239 2863 2361 2916 quae
2385 2862 2483 2916 per
2510 2849 2872 2916 prccatoriam
2897 2851 3265 2921 impetrantur
3284 2853 3353 2907 ab
3391 2856 3577 2907 eccle—

236 2931 425 2985 Remis
447 2933 499 2986 in
542 2936 749 2991 honore
776 2941 946 2995 sancti
982 2943 1122 2997 Petri
1150 2956 1463 3003 constructo
1494 2967 1507 3015 ;
1543 2967 1706 3021 quam
1740 2951 1847 3005 vil-

1973 2935 2148 2998 iia,ne
2180 2937 2543 2993 diuturnitate
2601 2944 2867 3012 temporis
2932 2945 3000 2998 ab
3059 2947 3340 3018 aliquibus
3410 2947 3582 3015 injus

228 3024 342 3078 lam
372 3026 499 3082 dato
546 3030 723 3099 pretio
773 3048 832 3085 se
890 3045 1157 3091 memorat
1188 3056 1555 3111 comparasse.
1588 3043 1847 3107 Quaedam

225 3126 499 3184 praeterea
529 3120 759 3176 donaria
785 3129 1113 3182 testamento
1137 3129 1371 3186 diversis
1388 3134 1640 3189 attribuit
1667 3137 1848 3191 eccle-

226 3207 354 3271 siis,
417 3218 521 3263 tam
572 3212 857 3268 Remensis
922 3218 1213 3289 episc0pii,
1285 3241 1449 3295 quam
1502 3226 1841 3289 Suessonici,

226 3300 334 3353 sed
368 3311 422 3355 et
447 3303 723 3370 Turonici,
778 3308 1122 3381 aliorumque
1165 3317 1551 3384 quorumdam,
1603 3320 1844 3373 Familiae

230 3404 352 3442 suae
393 3398 599 3460 partem
656 3395 943 3451 maximam
990 3399 1332 3473 ingenuitate
1378 3406 1622 3461 donavit.
1686 3409 1849 3478 Cujus

230 3480 742 3540 adhuctestamenti
779 3488 977 3562 pagina
1011 3491 1063 3545 in
1097 3494 1327 3551 Archivo
1362 3498 1649 3553 Remensis
1674 3501 1851 3556 eccle-

227 3574 331 3627 size
353 3586 682 3643 reservatur,
740 3597 864 3637 cum
913 3584 1237 3641 auctoritate
1295 3588 1631 3647 Childeberti
1667 3596 1850 3671 regis;

228 3680 345 3734 qua
374 3665 577 3733 petitus
606 3666 752 3723 idem
774 3689 866 3726 rex
897 3690 927 3727 a
950 3675 1173 3744 praefato
1227 3680 1461 3747 praesule
1505 3698 1603 3750 per
1632 3665 1849 3741 Son'na-

230 3756 371 3810 tium
401 3758 693 3815 diaconum
716 3763 895 3818 virum
913 3769 1291 3824 venerabilem
1324 3772 1425 3827 hoc
1456 3782 1847 3834 testamentum

225 3846 560 3905 confirmare
600 3852 846 3911 decrevit
879 3875 890 3910 :
924 3859 1155 3925 scilicet,
1207 3869 1265 3917 ut
1318 3872 1512 3930 terras,
1572 3868 1764 3924 vineas
1793 3880 1848 3926 et

226 3939 526 4009 mancipia,
560 3959 682 4012 quae
727 3946 795 3998 ad
825 3949 1114 4003 ecclesiam
1173 3954 1453 4023 praecipue
1488 3957 1845 4028 Remensem,

228 4030 319 4084 vel
353 4031 421 4083 ad
481 4042 678 4089 caetera
726 4036 846 4091 loca
885 4047 1200 4095 sanctorum
1251 4045 1545 4113 praedictus
1596 4050 1846 4119 pontifex

226 4119 598 4189 delegaverat,
631 4124 675 4177 si
710 4126 834 4196 quis
874 4128 1191 4186 llzeredibus
1243 4133 1416 4204 ipsius
1450 4136 1649 4205 injuste
1685 4157 1849 4195 usur-

231 4228 365 4281 pare
398 4216 858 4286 prresumpsisset,
884 4220 1219 4277 omnimodis
1240 4239 1305 4279 ea
1327 4227 1633 4298 recipiendi
1665 4247 1851 4287 sacer-

232 4305 395 4359 dotes
415 4309 736 4363 eorumdem
785 4311 1030 4367 locorum
1082 4315 1308 4372 liberam
1365 4321 1612 4377 valerent
1644 4318 1933 4386 habereD

234 4402 585 4464 potestatem.
641 4402 911 4466 Quasdam
966 4422 1185 4479 quoque
1242 4409 1398 4465 villas
1459 4413 1513 4466 in
1569 4416 1849 4473 territorio

233 4484 460 4539 Metensi
494 4490 842 4559 constitutas,
874 4511 1101 4565 quarum
1153 4508 1315 4569 caput
1346 4510 1430 4555 est
1479 4503 1753 4560 Ortivallis
1788 4507 1844 4577 [2“,

231 4576 533 4667 Orcivallis]
570 4584 955 4652 quasdomnus
985 4588 1213 4663 Egidius
1241 4593 1581 4650 aVincentio
1606 4576 1845 4667 quodam

232 4665 469 4720 traditur
519 4671 807 4738 coemisse,
860 4690 984 4729 cum
1039 4677 1392 4736 Childeberto
1435 4699 1565 4757 rege
1596 4665 1848 4741 commu—

234 4758 386 4821 tavit,
422 4776 522 4829 pro
544 4762 669 4817 aliis
698 4764 843 4820 villis
899 4767 954 4821 in
1002 4785 1143 4842 pago
1184 4771 1438 4827 Remensi
1492 4775 1633 4843 sitis,
1689 4777 1851 4833 idest

233 4843 547 4902 Marciliana
605 4859 659 4905 et
715 4853 1036 4929 Arbidogilo
1092 4857 1173 4928 [f.,
1203 4862 1460 4930 Margilly
1492 4869 1539 4917 et
1570 4866 1845 4937 Ardcuil].

235 4934 345 4988 Res
374 4951 617 5008 quoque,
648 4943 733 4995 vel
764 4946 1061 5017 mancipia,
1104 4950 1159 5002 in
1192 4953 1516 5021 pontiﬁcatu
1546 4957 1753 5027 positas
1782 4934 1850 5011 ad

234 5038 589 5101 augmentum
649 5037 900 5095 ecclesia:
949 5040 1229 5098 invenitur
1278 5046 1500 5103 emisse.
1544 5048 1852 5104 Oratorium

236 5118 480 5190 denique
510 5122 614 5175 sub
672 5125 882 5181 honore
952 5129 1098 5185 beati
1154 5132 1407 5189 Germani
1462 5139 1849 5193 construxitin

234 5207 373 5261 atrio
393 5210 570 5264 sancti
606 5212 861 5288 Remigii.
894 5218 1162 5281 Quasdam
1196 5239 1419 5295 quoque
1445 5242 1533 5280 res
1562 5244 1591 5281 a
1621 5229 1853 5299 quibus-

234 5301 355 5355 dam
410 5319 695 5374 pervasas,
763 5312 909 5379 apud
971 5314 1178 5386 regiam
1240 5319 1604 5389 majestatem,
1646 5336 1845 5395 agente

232 5392 456 5461 praefato
484 5393 751 5450 Sonnatio
789 5400 1200 5471 archidiacono,
1243 5408 1588 5466 evindicasse
1620 5392 1840 5482 reperi-

232 5489 332 5547 tur,
364 5483 533 5556 regiae
574 5486 924 5541 auctoritatis
970 5507 1138 5562 super
1170 5495 1255 5549 his
1306 5498 1842 5569 evindicationibus,

228 5570 403 5626 adhuc
424 5573 790 5629 manentibus
820 5574 1218 5639 instrumentis.

1952 3025 2236 3094 proprium
2259 3037 2615 3098 usurpentur,
2647 3033 2968 3087 etecclesiae
3002 3032 3427 3091 defraudentur.

2020 3114 2073 3165 2.
2101 3115 2172 3168 De
2212 3116 2450 3183 clericis,
2472 3117 2517 3170 si
2551 3119 2644 3188 qui
2689 3121 3010 3175 rebellionis
3036 3141 3172 3179 ausu
3205 3128 3566 3182 sacramentis

1950 3217 2030 3265 se,
2056 3210 2148 3255 aut
2177 3204 2463 3274 scripturae
2496 3208 2879 3273 conjuratione
2907 3214 3356 3279 constrinxerint,
3399 3223 3574 3287 atque

1950 3290 2180 3344 insidias
2210 3293 2471 3363 episcopo
2490 3310 2590 3348 suo
2622 3297 2819 3350 callida
2837 3300 3170 3371 allegatione
3207 3303 3574 3373 confecerint,

1951 3388 2009 3434 ut
2039 3382 2083 3434 si
2115 3382 2380 3437 admoniti
2407 3386 2705 3439 emendare
2738 3394 3192 3460 contempserint,
3228 3396 3399 3466 gradu
3429 3414 3565 3466 pro-

1953 3474 2071 3542 prio
2104 3475 2337 3529 omnino
2384 3477 2685 3545 priventur.

2028 3564 2079 3615 3.
2111 3562 2173 3615 Ut
2204 3564 2447 3633 capitula
2505 3581 2777 3620 canonum
2838 3568 3058 3623 Parisiis
3088 3581 3207 3626 acta
3241 3572 3294 3626 in
3319 3578 3567 3647 generali

1954 3650 2186 3719 synodo,
2223 3652 2275 3705 in
2309 3652 2535 3707 basilica
2565 3656 2737 3709 sancti
2788 3657 2950 3721 Petri,
2980 3658 3217 3713 Lotliarii
3273 3664 3420 3735 regis
3451 3675 3573 3718 stu-

1954 3738 2046 3793 dio
2080 3752 2432 3815 congregata,
2463 3744 2612 3797 omni
2644 3744 2897 3800 firmitate
2927 3749 3332 3804 custodiantur.

2024 3832 2077 3885 4.
2111 3832 2177 3886 Ut
2200 3834 2244 3886 si
2278 3835 2368 3904 qui
2404 3836 2642 3890 haeretici
2698 3838 2880 3893 adhuc
2925 3856 3046 3894 esse
3093 3842 3447 3912 suspicantur
3480 3862 3493 3907 ;
3523 3845 3577 3899 in

1957 3920 2165 3985 Galliis,
2199 3938 2227 3975 a
2261 3925 2577 3993 pastoribus
2598 3926 2955 3982 ecclesiarum
2990 3932 3382 4002 perquirantur
3406 3949 3419 3997 ;
3446 3942 3501 3987 et
3532 3936 3577 3987 si

1952 4010 2223 4065 veraciter
2255 4011 2461 4067 fuerint
2491 4014 2722 4082 inventi,
2756 4018 2823 4070 ad
2857 4017 3019 4072 ﬁdem
3053 4021 3377 4076 catholicam
3415 4037 3577 4077 revo-

1954 4089 2177 4136 centur.

2020 4172 2073 4227 5.
2111 4173 2175 4227 Ut
2207 4182 2413 4229 temere
2464 4178 2649 4231 nullus
2710 4182 3221 4237 excommunicetur
3251 4203 3266 4247 ;
3300 4192 3354 4238 et
3394 4185 3439 4237 si
3472 4202 3572 4239 ex-

1957 4266 2391 4321 communicatus
2425 4269 2698 4324 existimat
2756 4287 2816 4325 se
2862 4274 3065 4341 injuste
3133 4277 3471 4344 damnatum,
3519 4278 3572 4333 in

1958 4359 2205 4427 proxima
2236 4360 2447 4429 synodo
2500 4362 2701 4416 habeat
2730 4364 3006 4420 licentiam
3042 4369 3373 4424 reclamandi
3407 4379 3497 4425 :et
3529 4375 3575 4427 si

1952 4447 2153 4515 injuste
2182 4449 2471 4503 damnatus
2495 4450 3047 4519 fuerit,absolvatur;
3082 4458 3167 4510 sin
3200 4459 3568 4528 autemjuste,

1952 4537 2267 4607 impositum
2298 4540 2641 4609 poenitentiae
2674 4549 2893 4614 tempus
2925 4546 3187 4601 exsolvat.

2021 4630 2071 4683 6.
2102 4630 2239 4685 Utsi
2297 4632 2422 4702 quis
2471 4632 2643 4700 judex
2684 4636 2981 4705 cujuslibet
3038 4640 3250 4695 ordinis
3299 4643 3567 4700 clericum

1951 4722 2189 4791 publicis
2209 4723 2523 4780 actionibus
2574 4726 2838 4782 inclinare
2880 4734 3313 4802 praesumpserit,
3345 4742 3439 4790 aut
3471 4754 3569 4806 pro

1950 4810 2518 4880 quibuslibctcausis,
2553 4817 2765 4889 absque
2820 4821 3158 4875 conscientia
3207 4830 3261 4876 et
3294 4825 3566 4894 permissu

1953 4900 2201 4971 episcopi
2231 4903 2586 4978 distringere,
2643 4914 2737 4961 aut
2798 4909 3168 4976 contumeliis,
3196 4911 3281 4964 vel
3341 4912 3563 4980 injuriis

1954 4988 2177 5043 afficere
2204 4994 2638 5063 praesumpserit,
2698 4998 3090 5052 communione
3142 4999 3407 5068 privetur.
3445 5002 3572 5071 Epi-

1955 5096 2156 5151 sc0pus
2182 5090 2363 5138 tamen
2411 5086 2479 5140 de
2506 5090 2774 5158 reputatis
2800 5091 3217 5146 conditionibus
3244 5092 3565 5148 clericorum

1954 5173 2319 5245 negligentias
2350 5179 2650 5233 emendare
2681 5197 2790 5235 non
2816 5184 3012 5238 tardet.

2024 5266 2075 5317 7.
2118 5266 2176 5319 Hi
2221 5283 2372 5333 vero,
2419 5284 2557 5339 quos
2610 5273 2868 5341 publicus
2923 5291 3119 5330 census
3166 5282 3404 5345 spectat,
3440 5277 3562 5331 sine

1948 5353 2217 5421 permissu
2250 5355 2538 5427 principis,
2574 5359 2902 5429 veljudicis,
2936 5379 2995 5417 se
3024 5364 3091 5417 ad
3123 5363 3452 5436 religionem
3480 5381 3566 5420 so-

1946 5440 2094 5495 ciare
2124 5457 2235 5497 non
2268 5445 2534 5500 audeant.

2018 5530 2070 5585 8.
2128 5532 2180 5585 Si
2223 5534 2347 5604 quis
2399 5534 2689 5607 fugitivum
2721 5537 2790 5591 ab
2846 5541 3076 5596 ecclesia
3130 5542 3341 5613 absque
3374 5559 3562 5599 sacra-

1949 5628 2159 5691 mento,
2186 5640 2294 5696 quo
2315 5626 2367 5681 ei
2389 5625 2687 5696 jurandum
2719 5639 2822 5698 est,
2850 5642 2910 5688 ut
2932 5633 3001 5688 de
3034 5634 3144 5689 vita
3176 5635 3265 5704 [c.,
3299 5634 3565 5714 devitato]
