3970 6218
480 298 580 353 103
1590 287 1956 341 FLODOARDI
1998 284 2302 340 CANONICI
2348 285 2674 340 REMENSIS
3675 290 3754 346 104

480 429 845 483 tormento,et
870 416 1213 472 truncatione
1264 430 1495 468 securus
1517 420 1695 477 exeat,
1721 411 2096 482 qualicunque
2121 413 2171 480 Α
2195 422 2283 467 tus
2308 410 2670 467 inveniuntur
2705 409 2928 472 imitari,
2979 410 3063 464 vel
3095 426 3217 465 cum
3276 411 3499 485 paganis
3526 414 3754 482 supersti-

473 511 763 565 occasiouc
794 505 1140 567 abstraxerit,
1175 502 1566 559 communione
1603 502 1873 571 privetur.
2196 502 2368 557 tiosos
2393 500 2888 562 comeduutcibos,
2923 514 3062 571 quos
3109 498 3352 572 benigna
3380 499 3577 569 placuit
3598 500 3754 555 admo-

547 604 581 657 9
633 601 894 655 Similiter
922 599 966 651 si
997 598 1121 668 quis
1145 598 1238 666 jus
1270 594 1597 650 sacramenti
1631 593 1939 664 praestitum
1970 591 2092 646 vio-
2195 591 2406 646 nitiouc
2426 589 2667 651 suaderi,
2696 597 2753 645 ut
2779 588 2848 644 ab
2873 588 3157 643 erroribus
3180 588 3427 659 pristinis
3453 596 3753 643 revocentur.

478 694 690 757 laverit,
721 690 1110 746 communione
1143 689 1407 758 privetur.
1457 687 1548 740 Ille
1583 701 1713 739 vero
1760 684 1854 755 qui
1887 690 2090 737 sanctae
2195 684 2349 748 Quod
2378 683 2423 736 si
2457 682 2820 756 neglexerint,
2854 686 2909 734 et
2939 678 3246 732 idololatris
3274 679 3360 734 vel
3392 679 3758 736 immolantibus

479 784 731 837 Ecclesiae
755 780 1031 834 beneﬁcio
1063 778 1373 831 liberatura
1395 783 1594 841 morte,
1616 789 1728 829 non
1752 773 1909 843 prius
1930 789 2092 844 egre-
2193 794 2252 831 se
2315 775 2653 840 miscuerint,
2694 772 3035 845 poenitentia
3094 773 3327 846 dignum
3374 782 3583 844 tempus
3610 773 3756 827 exsol-

478 871 668 925 diendi
700 870 931 940 accipiat
960 869 1289 929 libertatem,
1326 882 1491 937 quam
1513 863 1892 936 paenitentiam
1916 878 1975 915 se
1994 877 2093 932 pro
2196 877 2348 924 cant,

475 965 683 1019 scelere
716 972 963 1017 acturum
1004 978 1127 1015 esse
1160 960 1464 1031 promittat,
1515 967 1569 1013 et
1616 958 1762 1029 quod
1786 957 1889 1027 ipsi
1924 970 2093 1010 cano-
2264 962 2351 1017 17.
2387 963 2519 1016 Item
2544 968 2602 1016 ut
2633 961 2862 1015 serviles
2892 976 3146 1032 personae
3169 960 3237 1014 ad
3259 957 3646 1015 accusationem
3674 972 3757 1011 non

478 1054 599 1107 uice
632 1053 949 1123 imponetur
982 1051 1360 1120 impleturum.
2193 1051 2555 1105 admittantur
2583 1069 2598 1103 :
2633 1056 2686 1103 et
2717 1049 2811 1120 qui
2844 1064 3137 1119 personam
3168 1048 3513 1119 susceperint
3541 1062 3761 1101 accusan-

546 1142 633 1197 10.
695 1142 767 1194 De
828 1139 1053 1193 incestis
1110 1135 1615 1205 coniunctionibus,
1666 1134 1712 1186 si
1767 1134 1891 1205 quis
1949 1132 2093 1186 infra
2194 1140 2284 1205 tis,
2319 1156 2440 1193 cum
2476 1155 2647 1193 unum
2679 1138 2889 1193 crimen
2923 1153 3032 1191 non
3066 1137 3443 1208 probaverim,
3473 1136 3539 1192 ad
3566 1136 3661 1191 alia
3682 1151 3760 1189 ac-

479 1233 860 1305 praescriptum
918 1230 1227 1284 cauonibus
1274 1228 1503 1301 gradum
1547 1226 1863 1280 incestuoso
1896 1225 2091 1280 ordine
2192 1232 2499 1287 cusandnm
2541 1247 2651 1285 non
2683 1231 3027 1285 admittatur.

478 1344 600 1380 cum
635 1325 721 1378 his
770 1323 1041 1394 personis,
1095 1322 1299 1393 quibus
1355 1338 1385 1375 a
1437 1319 1640 1375 divinis
1673 1318 1875 1393 regulis
1902 1316 2090 1387 prohi-
2263 1322 2349 1376 18.
2386 1321 2520 1374 Item
2551 1320 2595 1373 si
2621 1320 2816 1391 quisin
2850 1319 3291 1392 quolibetgradu
3316 1319 3400 1373 vel
3427 1310 3632 1392 cingulo
3654 1332 3761 1373 con-

478 1419 662 1482 betur,
695 1432 751 1469 se
784 1414 1152 1483 coniunxerit,
1211 1413 1316 1466 nisi
1357 1412 1738 1483 paenitentiam
1773 1416 2089 1481 sequestra-
2193 1414 2435 1477 stitutus,
2471 1419 2565 1466 aut
2592 1418 2861 1480 potestate
2890 1409 3491 1474 suffultus,decedeutc
3521 1409 3761 1480 episcOpo,

479 1507 629 1561 tione
662 1512 950 1569 testentur,
983 1501 1373 1557 communione
1405 1500 1713 1571 priventur,
1741 1506 1795 1553 et
1826 1512 2007 1568 neque
2037 1497 2091 1550 in
2199 1519 2285 1557 res
2310 1501 2605 1569 cujuslibet
2633 1501 2973 1557 conditionis
3034 1502 3090 1555 in
3147 1502 3345 1556 domos
3396 1502 3482 1555 vel
3519 1516 3661 1573 agros
3684 1515 3760 1553 ec—

480 1595 681 1666 palatio
704 1593 973 1658 militiam,
1010 1608 1190 1663 neque
1232 1591 1571 1661 agendarum
1601 1604 1889 1643 causarum
1918 1588 2093 1641 licen-
2197 1592 2378 1647 clesiae
2426 1591 2654 1661 positas,
2714 1600 2843 1645 ante
2896 1590 3300 1645 reserationem
3358 1589 3671 1650 testamenti.
3697 1588 3763 1642 vel

478 1687 608 1741 tiam
657 1686 911 1739 habeant.
974 1684 1035 1738 Et
1091 1684 1313 1754 quando
1374 1681 1621 1752 praedicti
1682 1681 1975 1735 incestuosi
2036 1696 2093 1734 se
2127 1730 2168 1754 η
2198 1681 2537 1735 audientiam
2566 1697 2735 1735 ausus
2764 1681 2929 1735 fuerit
2981 1696 3279 1751 occupare,
3316 1682 3400 1735 vel
3452 1679 3676 1735 ecclesiae
3697 1692 3763 1731 rc-

974 1730 1035 1738 ..-
1093 1730 1310 1754 qm.--“
1374 1730 1621 1752 ,.--w----
1682 1730 1975 1735 ---μ-ων.-
2036 1730 2090 1734 η
2201 1730 2731 1735 ,-π------“-----η-
2766 1730 2928 1735 __--_-
2986 1730 3279 1751 ---Ὗ-η,
3329 1730 3400 1735 .,-

478 1777 883 1846 coniunxerint.
919 1776 1166 1847 episc0pi
1226 1793 1323 1829 seu
1372 1774 1697 1846 presbyteri,
1768 1774 1825 1827 in
1858 1788 2091 1844 quorum
2127 1730 2398 1845 lgpagula
2443 1772 2754 1847 effringere,
2807 1783 2863 1827 et
2930 1772 3338 1843 supellectilem
3390 1771 3528 1825 infra
3579 1770 3762 1823 domum

479 1872 704 1925 (licecesi
740 1871 821 1923 vel
868 1886 1007 1941 pago
1057 1878 1239 1923 actum
1284 1868 1469 1933 fuerit,
1531 1867 1645 1940 regi
1702 1866 1788 1920 vel
1813 1865 2098 1933 judicibus
2199 1861 2447 1915 ecclesiae
2480 1861 2712 1931 positam
2741 1861 3087 1935 contingere,
3147 1861 3238 1916 vel
3285 1859 3513 1916 scrutari
3543 1873 3766 1930 praesum-

478 1962 657 2014 scelus
686 1966 1061 2029 perpetratum
1092 1958 1439 2017 auuuntieut.
1473 1965 1532 2010 ut
1566 1972 1687 2009 cum
1723 1954 1858 2025 ipsls
1880 1955 2099 2007 denuu-
2198 1957 2389 2025 pserit,
2424 1956 2857 2011 acommuuione
2899 1955 3342 2010 Christianorum
3406 1954 3614 2026 penitus
3638 1950 3764 2006 abdi-

481 2050 669 2104 tiatum
704 2047 892 2109 fuerit,
922 2064 979 2101 se
1009 2046 1078 2100 ab
1111 2063 1300 2101 eorum
1324 2046 1716 2099 communione
1746 2042 2096 2098 alllCUilabi-
2198 2055 2372 2100 cetur.

482 2140 685 2193 talione
719 2145 1089 2208 sequestrem,
1141 2144 1194 2190 et
1249 2151 1334 2188 res
1365 2150 1556 2189 eorum
1597 2133 1663 2187 ad
1708 2132 1962 2203 preprios
1996 2147 2090 2200 pa—
2268 2141 2354 2194 19,
2388 2141 2543 2205 Item,
2576 2139 2621 2192 si
2653 2138 2779 2209 quis
2825 2138 3125 2209 ingenuum
3183 2143 3282 2192 aut
3312 2136 3561 2191 libertum
3590 2133 3649 2187 ad
3667 2148 3764 2185 ser-

480 2234 663 2281 renlcs
692 2226 1040 2296 perveniant,
1099 2224 1201 2278 sub
1226 2240 1291 2278 ea
1331 2222 1672 2285 conditione,
1703 2228 1762 2275 ut
1792 2230 2090 2292 antequam
2193 2230 2387 2284 vitium
2420 2228 2685 2282 inclinare
2716 2226 2972 2290 voluerit,
3022 2233 3117 2280 aut
3167 2225 3400 2281 fortasse
3438 2224 3542 2293 jam
3573 2222 3698 2285 fecit,
3723 2227 3764 2274 et

478 2326 915 2390 sequestrantur,
966 2335 1065 2388 per
1127 2318 1335 2371 utilium
1386 2316 1692 2386 ingenium,
1757 2330 1937 2385 neque
1997 2330 2094 2383 Per
2194 2320 2562 2374 commonitus
2590 2319 2659 2372 ab
2686 2318 2948 2389 episcopo
2978 2334 3038 2373 se
3069 2318 3138 2372 de
3158 2316 3540 2389 inquietudine
3564 2314 3670 2382 ejus
3695 2328 3764 2365 re-

480 2419 756 2481 parentes,
788 2426 968 2479 neque
1004 2424 1100 2479 per
1124 2408 1484 2478 emptionem,
1518 2422 1699 2477 neque
1724 2423 1822 2476 per
1850 2405 2090 2459 auctori—
2198 2426 2393 2465 vocare
2424 2410 2751 2483 neglexerit,
2795 2418 2888 2464 aut
2923 2408 3239 2481 emendare
3260 2405 3515 2469 noluerit,
3548 2410 3761 2474 tanquam

481 2511 643 2556 tatem
677 2502 906 2575 regiam,
939 2501 1005 2555 ad
1042 2501 1293 2571 proprias
1322 2498 1645 2568 perveniant
1668 2496 2096 2561 facultates,uisi
2199 2500 2489 2554 calumniae
2520 2515 2672 2553 reum
2703 2498 2911 2570 placuit
2937 2496 3301 2570 sequestrari.

480 2590 688 2660 praefati
746 2590 975 2644 sceleris
1043 2588 1390 2659 separatione
1430 2586 1815 2657 paenitentiam
1882 2586 2096 2640 fatean-
2267 2593 2355 2648 20,
2393 2593 2523 2646 Item
2575 2598 2635 2646 ut
2665 2591 2853 2646 clerici
2884 2588 3183 2659 cujuslibet
3234 2588 3465 2653 ordinis,
3498 2599 3658 2656 neque
3684 2595 3763 2652 pro

482 2694 588 2737 ωδ
2198 2681 2459 2753 propriis,
2492 2697 2673 2752 neque
2704 2696 2805 2751 pro
2831 2678 3228 2736 ecclesiasticis
3248 2678 3428 2733 causis
3465 2676 3612 2730 aliter
3636 2670 3758 2726 adire

554 2774 716 2827 H.Si
741 2774 863 2845 quis
886 2772 1242 2827 homicidium
1272 2779 1471 2840 sponte
1502 2770 1862 2835 commiserit,
1896 2779 2090 2825 etnon
2197 2771 2439 2824 debeant
2491 2768 2692 2835 forum,
2735 2784 2837 2824 nec
2886 2784 3081 2823 causas
3132 2768 3326 2822 dicere
3383 2765 3623 2828 audeant,
3676 2758 3759 2812 nisi

484 2864 763 2921 violentiae
815 2864 1095 2927 resistens,
1155 2864 1253 2917 sed
1292 2863 1403 2916 vim
1456 2861 1665 2917 faciens
1723 2863 1929 2932 impetu
1992 2863 2094 2917 hoc
2196 2879 2334 2934 quas
2363 2878 2485 2917 cum
2541 2861 2813 2932 permissu
2870 2869 2925 2915 et
2980 2859 3216 2916 consilio
3261 2858 3501 2931 episcopi
3534 2870 3674 2930 agere
3700 2850 3764 2904 eis

484 2953 694 3016 fecerit,
725 2969 849 3007 cum
884 2953 986 3005 isto
1016 2953 1239 3022 penitus
1275 2967 1383 3005 non
1417 2950 1939 3005 communicandum
1976 2950 2094 3005 :sic
2197 2952 2361 3007 fuerit
2389 2950 2619 3005 omnino
2641 2950 2993 3019 permissum.

482 3053 664 3097 tamen
699 3052 757 3096 ut
783 3043 828 3095 si
851 3041 1230 3111 pumitentiam
1263 3042 1459 3115 egerit,
1490 3041 1544 3093 in
1577 3041 1724 3094 exitu
1758 3040 1807 3094 ei
1840 3055 2089 3095 commu-
2128 3060 2176 3126 ρ
2265 3045 2354 3100 21.
2391 3045 2546 3109 Item,
2601 3051 2663 3096 ut
2691 3041 2748 3096 in
2796 3040 3074 3112 parocliiis
3100 3040 3291 3096 nullus
3330 3039 3581 3094 laicorum
3611 3032 3761 3089 archi-

482 3132 667 3187 nionis
709 3130 967 3185 viaticum
996 3146 1105 3184 nou
1139 3139 1392 3205 negetur.
2152 3125 2157 3126 γ
2198 3134 2487 3205 presbyter
2523 3139 2899 3203 praeponatur,
2950 3130 3049 3187 sed
3080 3131 3176 3203 qui
3228 3131 3416 3186 senior
3445 3125 3637 3198 inipsis
3664 3136 3762 3176 esse

553 3223 639 3275 12.
679 3219 891 3287 Clerici,
950 3222 1114 3276 etiam
1147 3221 1229 3274 vel
1284 3220 1598 3285 saeculares,
1658 3218 1751 3289 qui
1783 3217 2094 3273 oblationes
2194 3229 2361 3284 debet
2390 3228 2622 3283 clericus
2647 3226 2957 3284 ordinetur,
3596 3210 3603 3221 '

484 3323 794 3386 parentum,
824 3323 916 3368 aut
947 3314 1307 3377 donatas,aut
1349 3318 1675 3367 testamento
1708 3310 1927 3364 relictas
1953 3307 2090 3361 reti-
2263 3318 2353 3372 εἳ,
2383 3318 2539 3382 item,
2586 3316 2878 3387 pontiﬁces
2909 3315 3115 3387 quibus
3156 3313 3211 3367 in
3251 3327 3464 3369 summo
3496 3304 3761 3364 sacerdotio

483 3420 614 3459 uere
646 3404 1100 3474 praesumpserint
1134 3403 1353 3473 [ConciL
1386 3404 1565 3457 Paris.
1597 3417 1675 3456 III.
1710 3415 1757 3453 c.
1794 3399 1841 3469 l]
1871 3397 2089 3461 :autid,
2193 3405 2511 3461 constitutis
2538 3405 2606 3459 ab
2656 3405 2933 3460 extraneis
2987 3404 3259 3459 duntaxat
3305 3400 3529 3473 anquiri,
3558 3404 3642 3452 aut
3663 3408 3761 3449 cum

481 3496 629 3567 (100d
653 3495 757 3566 ipSi
800 3494 1127 3549 donaverint
1149 3493 1402 3548 ecclesiis
1436 3499 1530 3547 aut
1556 3489 1931 3552 lllOIlRStCl‘iiS,
1968 3503 2091 3542 CI‘O-
2193 3497 2447 3559 ecclesia,
2483 3505 2577 3551 aut
2628 3498 3037 3568 sequestratim,
3097 3503 3193 3551 aut
3245 3494 3548 3558 dimittitur,
3575 3497 3657 3544 θυι
3679 3486 3763 3540 d0-

482 3588 726 3642 dideriut
756 3588 1138 3653 auferendum,
1165 3588 1306 3641 sicut
1337 3585 1725 3655 antesyuodus
1754 3590 2093 3637 sanctacon-
2194 3598 2355 3646 natui-
2404 3589 2556 3661 (quia
2604 3590 2695 3643 illo
2749 3590 2843 3661 qui
2900 3590 3089 3654 donat,
3143 3604 3246 3659 ριιο
3305 3586 3545 3643 remedio
3599 3580 3760 3636 anima

481 3680 1493 3750 δῐίῐυίῑννθιυῑηθθδῐοτθερίιυρθωηι,
1514 3691 1804 3748 quousque
1834 3673 2089 3737 Γθάἀειηεν
2192 3696 2327 3747 suae,
2352 3694 2460 3734 non
2490 3694 2589 3749 pro
2619 3679 2909 3734 commodo
2957 3677 3265 3733 sacerdotis
3294 3678 3551 3748 probatur
3585 3669 3760 3733 offerre)

479 3770 548 3824 ab
578 3772 827 3827 ecclesiis
856 3772 1236 3827 excludantur.
1280 3776 1289 3784 '
2193 3787 2303 3827 non
2333 3771 2489 3843 quasi
2524 3787 2694 3825 suum
2714 3770 3021 3841 proprium,
3072 3770 3170 3825 sed
3202 3770 3361 3843 quasi
3395 3766 3660 3823 dimissum
3688 3773 3762 3814 ec-

555 3863 637 3916 13.
673 3863 736 3917 Ut
766 3862 1061 3917 Christiani
1109 3861 1317 3916 Iudaeis
1364 3861 1448 3915 vel
1482 3859 1786 3934 gentilibus
1818 3873 1925 3913 non
1957 3874 2091 3912 ven-
2192 3864 2374 3918 clesia;
2405 3863 2552 3918 inter
2600 3864 2887 3919 facultates
2933 3862 3185 3918 ecclesiae
3240 3859 3639 3933 computabant,
3660 3849 3762 3923 quia

478 3953 681 4006 dantur
715 3969 727 4005 :
758 3959 812 4007 et
840 3951 884 4005 si
918 3952 1043 4022 quis
1064 3950 1471 4006 Chistianorum
1504 3949 1835 4004 necessitate
1858 3956 2089 4023 cogente
2185 3954 2397 4021 justum
2421 3963 2527 4021 est,
2554 3963 2613 4010 ut
2670 3956 2816 4010 sicut
2866 3955 3125 4010 sacerdos
3170 3955 3340 4009 habet
3388 3950 3528 4023 quod
3554 3942 3760 4002 ecclesiae

478 4036 753 4112 mancipia
801 4059 900 4096 sua
930 4042 1234 4097 Christiana
1283 4040 1516 4115 elegerit
1561 4040 1951 4107 venundanda,
1980 4054 2089 4095 nou
2192 4047 2479 4103 dimissum
2512 4055 2616 4102 est,
2651 4047 2723 4101 ita
2745 4054 2801 4101 et
2840 4046 3074 4101 ecclesia
3102 4046 3308 4101 habeat
3341 4043 3484 4116 quod
3515 4031 3758 4108 reliquerit

478 4131 603 4186 aliis
631 4130 735 4184 nisi
766 4137 975 4185 tantum
1026 4131 1350 4186 Christianis
1403 4132 1697 4201 expendat.
1741 4131 1871 4184 Nam
1903 4129 1950 4183 si
1986 4145 2087 4199 pa-
2189 4138 2446 4193 sacerdos
2506 4138 2565 4208 [i,
2615 4136 2951 4207 relinquitur
3010 4135 3328 4205 sacerdoti].
3363 4134 3502 4188 Sane
3527 4120 3755 4201 quidquid

475 4220 634 4293 ganis
666 4228 761 4275 aut
788 4220 995 4275 Iudaeis
1023 4222 1357 4285 vendiderit,
1393 4222 1784 4277 communione
1816 4221 2085 4292 privetur,
2190 4242 2288 4297 per
2344 4225 2473 4280 fidei
2532 4225 2889 4281 commissum
2933 4232 3029 4281 aut
3085 4226 3391 4281 sacerdotis
3436 4219 3628 4278 nomini
3685 4220 3759 4269 aut

480 4319 533 4366 et
564 4314 773 4383 emptio
799 4324 981 4369 careat
1024 4312 1302 4369 ﬁrmitate.
1336 4315 1511 4369 Judaei
1542 4330 1671 4370 vero
1699 4315 1744 4368 si
1779 4314 2091 4369 Christiana
2188 4317 2438 4373 ecclesiae
2477 4317 2712 4373 fortasse
2768 4316 3085 4385 dimittitur,
3154 4318 3467 4387 cuicunque
3496 4311 3609 4367 aliis
3632 4310 3757 4379 post-

475 4405 756 4475 mancipia
778 4406 843 4458 ad
864 4406 1209 4461 Judaismum
1253 4423 1451 4463 vocare
1476 4407 1952 4478 praesumpserint,
1992 4411 2087 4459 aut
2113 4430 2166 4497 Β
2191 4410 2419 4466 modum
2445 4409 2811 4480 profuturum,
2860 4410 2915 4464 id
2956 4409 3102 4464 inter
3163 4408 3450 4464 facultates
3477 4419 3593 4460 suas
3609 4396 3757 4455 cccle-

473 4496 738 4571 gravibus
769 4499 1056 4552 tormentis
1103 4498 1418 4569 afﬂixerint,
1482 4500 1600 4569 ipsa
1661 4495 2085 4570 mancipiaﬁsci
2115 4495 2145 4497 ⁷
2192 4502 2274 4558 sia
2301 4510 2679 4574 computatum
2710 4502 2949 4558 retinere
2978 4516 3091 4557 non
3132 4500 3355 4572 poterit.

474 4586 785 4642 ditionibus
826 4596 1173 4645 revocentur.
1234 4590 1334 4655 Qui
1381 4597 1565 4644 tamen
1599 4590 1787 4644 Judaei
1821 4591 1890 4644 ad
1913 4591 2093 4645 nullas
2262 4596 2351 4653 23.
2389 4598 2545 4664 Item,
2586 4596 2631 4651 si
2664 4596 2789 4667 quis
2817 4595 3117 4666 episcopus
3174 4609 3287 4659 res,
3336 4607 3457 4664 quae
3483 4588 3548 4644 ab
3568 4584 3659 4640 alia
3682 4592 3757 4633 ec-

474 4676 725 4731 actioues
754 4676 1007 4746 publicas
1036 4679 1419 4733 admittantur.
1452 4677 1768 4732 Iudaeorum
1802 4694 1932 4734 vero
1958 4695 2042 4735 cor

2193 4690 2361 4746 clesia
2386 4670 2788 4761 praesentaliter
2830 4688 2890 4760 [θ.
2952 4685 3398 4759 praesentialiter]
3432 4678 3753 4754 possidentur,

474 4769 614 4825 vicia
644 4769 702 4822 in
732 4769 1068 4827 Christianos
1087 4771 1310 4841 penitus
1337 4768 1623 4858 refutanda
1654 4777 1800 4824 sunt.
2188 4799 2524 4856 quocunque
2555 4783 2782 4858 ingenio
2804 4789 2898 4838 aut
2918 4781 3119 4838 callida
3141 4780 3446 4853 cupiditate
3476 4763 3752 4858 pervaserit.

548 4858 607 4912 Μ
691 4859 823 4913 Item
878 4860 922 4913 si
973 4859 1209 4915 clericus
1264 4856 1622 4928 proﬁciscens
1661 4858 1730 4913 de
1769 4858 1991 4914 civitate
2019 4861 2087 4914 ad
2188 4849 2760 4928 dutsine'andigntia
2811 4849 3228 4944 praesumpserit
3276 4878 3555 4938 usurpare,
3588 4874 3642 4913 ac
3665 4849 3757 4907 suis

470 4948 606 5003 alias
627 4947 878 5003 civitates
906 4948 1160 5013 voluerit,
1202 4955 1297 5002 aut
1324 4947 1635 5016 provincias
1663 4964 1916 5020 pergere,
1950 4964 2090 5019 pon-
2187 4961 2274 5016 vel
2301 4960 2551 5016 ecclesia;
2578 4977 2692 5016 suae
2719 4960 3033 5017 (titionibus
3083 4973 3366 5022 revocare,
3398 4956 3522 5010 dum
3550 4955 3756 5005 commu—

472 5040 634 5096 tiﬁcis
653 5040 736 5095 sui
770 5040 1021 5110 epistolis
1058 5039 1495 5095 commendetur.
1530 5041 1684 5106 Quod
1711 5042 1755 5097 si
1788 5041 1911 5098 sine
1954 5044 2083 5114 epi-
2187 5053 2354 5110 nione
2380 5054 2585 5126 privari
2618 5070 2730 5111 non
2769 5061 2970 5126 potest,
3001 5060 3061 5109 ut
3100 5054 3326 5108 necatoi-
3372 5055 3672 5123 pauperum,
3698 5031 3752 5085 ab

469 5132 627 5188 stolis
669 5129 949 5202 profectus
987 5130 1152 5185 fuerit
1192 5129 1516 5202 manifestis,
1555 5126 1706 5190 nullo
1750 5135 1915 5191 modo
1946 5135 2085 5192 reci-
2186 5142 2374 5199 ofﬁcio
2405 5143 2739 5215 deponatur.

474 5224 673 5295 Pialur-
2254 5236 2342 5290 24.
2391 5214 2547 5304 Item,
2577 5236 2623 5291 si
2655 5235 2782 5307 quis
2827 5235 3125 5307 episcopus
3155 5235 3423 5305 (excepto,
3469 5228 3511 5283 si
3538 5214 3748 5307 evenerit

542 5313 628 5365 15.
656 5312 790 5364 Item
809 5316 868 5365 ut
894 5312 1192 5386 epis00pus
1212 5315 1490 5387 mancipia
1507 5318 1591 5374 vel
1608 5334 1696 5373 res
1716 5318 1783 5373 ad
1799 5318 1893 5387 jus
1910 5318 2085 5373 eccle-
2184 5325 2356 5379 ardua
2385 5303 2706 5388 necessitas,
2760 5303 2877 5395 pro-
2892 5303 3276 5396 redemptione
3307 5303 3642 5392 captivorum)
3668 5303 3751 5361 πηί-

467 5400 563 5455 Si“:
604 5399 948 5470 Ρθτίίηθυίθδ
978 5421 1159 5478 neque
1172 5408 1433 5475 vendere,
1461 5424 1643 5480 neque
1675 5426 1777 5481 μοι*
1806 5425 2082 5482 quoscun-
2183 5416 2413 5472 nisteria
2442 5423 2632 5473 sancta
2664 5417 2921 5492 frangere
2948 5432 3049 5488 pro
3065 5415 3454 5489 qualicumque
3475 5400 3748 5464 conditione

468 5506 578 5586 (ἰξξο
608 5498 937 5564 contraet“,
967 5499 1116 5555 unde
1147 5515 1424 5571 pauperes
1452 5501 1668 5570 vivunt,
1702 5508 1826 5572 post
1847 5508 2078 5557 mortem
2182 5507 2616 5577 praesumpserit,
2647 5506 2716 5561 ab
2750 5505 2936 5562 ofﬁcio
2976 5504 3216 5561 cessabit
3241 5498 3507 5558 ecclesiae.

468 5576 714 5638 alienare
738 5596 1053 5655 ρτεεευῐηειι.
2183 5573 2197 5576 ”
2249 5592 2340 5648 25.
2374 5573 2532 5661 Item,
2567 5594 2785 5662 viduas,
2835 5609 2959 5667 quae
2985 5609 3045 5649 se
3096 5591 3328 5649 Domino
3358 5573 3748 5667 consecrari__P°‘

537 5668 625 5726 16.
658 5675 790 5733 Item
817 5679 886 5733 de
936 5680 1022 5735 his
1080 5680 1173 5751 qui
1203 5680 1455 5748 auguria,
1499 5680 1584 5734 vel
1630 5694 1970 5751 paganorum
2001 5682 2079 5735 ri-
2184 5683 2408 5765 tierunt2
2469 5685 2557 5740 vel
2620 5661 3117 5756 puellas—Domino
3164 5684 3518 5740 consecratas,
3577 5661 3743 5722 nullus.
