3970 6218
220 321 328 377 105

888 315 1210 370 IIISTORUE
1253 315 1588 371 ECCLESl/E
1630 314 1956 371 REMENSIS
1997 317 2171 372 LIBRI
2215 318 2537 383 QUATUOR.
2566 351 2634 358 ——
2678 321 2798 374 LIB.
2845 322 2906 375 ll.

3451 328 3555 382 106

219 463 407 519 neque
440 461 539 517 per
564 445 942 500 auctoritatem
974 445 1200 517 regiam,
1246 461 1422 516 neque
1461 446 1832 517 qualicunque
1863 452 1906 516 Α
1937 448 2108 518 ipsam
2144 450 2596 520 pertinentibus;
2632 460 2917 526 argentum
2977 470 3197 525 quoque
3268 457 3333 512 ad
3367 460 3555 530 sepul-

218 545 499 613 potestate
545 535 822 602 suffultus,
877 543 970 590 aut
1033 537 1257 608 pr0pria
1313 538 1619 592 temeritate
1643 555 1834 609 rapere

217 637 313 685 aut
366 629 583 684 trahere
621 627 840 681 audeat.
873 625 1026 689 Quod
1073 625 1118 679 si
1165 626 1386 696 utrique
1432 628 1834 692 consenserint,

219 717 616 774 communione
645 715 948 785 priventur.

291 807 383 860 26.
410 805 652 869 Judices,
674 804 768 876 qui
792 819 961 874 super
998 803 1324 857 auctoritate
1356 811 1410 856 et
1437 803 1618 859 edicto
1651 802 1834 857 domi-

222 898 351 953 nico
380 912 652 952 canonum
685 903 885 950 statuta
901 902 1261 949 contemnunt
1285 912 1298 960 ;
1325 895 1407 947 vel
1439 893 1679 949 edictum
1703 895 1833 948 illud

221 987 566 1042 dominicum
625 985 774 1056 quod
829 984 1051 1038 Parisiis
1109 983 1309 1038 factum
1358 991 1458 1049 est,
1511 983 1838 1038 violaverint

221 1087 316 1133 aut
345 1076 801 1147 contempserint,
831 1076 1032 1146 placuit
1058 1091 1153 1130 eos
1177 1074 1568 1130 communione
1610 1074 1832 1144 privari.

291 1169 384 1225 27.
417 1167 977 1234 ltem,utdecedente
1004 1167 1266 1238 episcopo
1301 1166 1354 1220 in
1385 1167 1563 1221 locum
1593 1166 1712 1234 ejus
1727 1182 1835 1220 non

219 1259 366 1314 alius
416 1260 767 1331 subrogetur,
816 1257 920 1312 nisi
974 1258 1079 1313 loci
1133 1258 1280 1312 illius
1328 1257 1610 1330 indigena,
1671 1274 1834 1328 quem

219 1347 538 1403 universale
570 1354 624 1402 et
655 1347 822 1402 totius
865 1347 1055 1416 populi
1089 1346 1320 1417 elegerit
1349 1353 1560 1411 votum,
1591 1362 1653 1401 ac
1683 1361 1835 1400 com—

222 1439 643 1510 provincialium
682 1439 935 1493 voluntas
983 1437 1305 1493 assenserit.
1349 1439 1537 1503 Aliter,
1569 1439 1663 1509 qui
1694 1453 1836 1509 pra!-

221 1530 541 1602 sumpserit,
586 1529 881 1598 abjiciatur
932 1546 961 1583 e
1000 1530 1130 1584 sede
1188 1547 1349 1600 quam
1409 1529 1607 1584 invasit
1657 1529 1840 1599 potius

221 1639 390 1694 quam
409 1622 638 1693 accepit.
678 1621 1031 1675 Ordinatores
1076 1629 1254 1675 autem
1288 1621 1531 1676 triennio
1554 1621 1621 1675 ab
1656 1620 1839 1676 officio

221 1713 720 1768 administrationis
749 1730 861 1766 sum
889 1713 1039 1766 sedis
1063 1729 1277 1767 cessare
1310 1713 1679 1768 decernimus.

297 1805 576 1861 Praeterea
597 1821 682 1861 res
703 1805 947 1861 ecclesiae
963 1804 1432 1876 praefatuspra'sul
1447 1805 1680 1860 domnus
1705 1806 1839 1858 Son-

223 1895 410 1950 natius
456 1894 821 1966 probabiliter
871 1894 1156 1949 ordinasse
1184 1894 1404 1966 legitur,
1433 1910 1642 1967 augens
1671 1894 1835 1948 etiam

219 1986 590 2058 episcOpium,
616 1987 775 2041 terris
790 2003 852 2041 ac
869 1985 1163 2056 mancipiis
1194 1985 1321 2039 dato
1346 1988 1522 2056 pretio
1544 1985 1834 2055 coemptis,

221 2091 456 2146 quarum
506 2075 687 2130 adhuc
763 2075 1105 2141 emptionum
1167 2063 1431 2129 nonnulla
1485 2074 1839 2144 reperiuntur

219 2166 581 2221 monimenta.
609 2166 877 2230 Quasdam
910 2183 1130 2238 quoque
1155 2182 1257 2231 res,
1281 2183 1418 2238 quas
1446 2166 1594 2236 pravi
1615 2165 1834 2238 quidam

218 2262 600 2325 pervaserant,
659 2255 806 2324 apud
860 2256 1064 2329 regiam
1144 2255 1509 2321 majestatem,
1569 2263 1672 2309 tam
1735 2270 1833 2325 per

215 2343 464 2414 seipsum
496 2360 656 2415 quam
717 2344 881 2398 etiam
933 2360 1031 2414 per
1060 2360 1191 2399 suos
1223 2353 1454 2404 actores,
1492 2343 1668 2397 Marco
1701 2358 1828 2412 pre-

215 2433 445 2505 sbytero
477 2450 697 2505 quoque
729 2434 910 2506 legato
949 2451 1050 2490 suo
1091 2451 1282 2490 causas
1303 2442 1522 2507 agente.
1568 2433 1832 2504 repetitas

214 2534 273 2579 et
302 2525 557 2580 obtentas
607 2526 855 2581 ecclesiae
899 2526 1000 2581 rite
1056 2527 1311 2581 restituit.
1370 2525 1624 2581 Colonias
1665 2525 1829 2579 etiam

213 2613 472 2668 villarum
502 2615 864 2685 quarumdam
912 2615 1184 2686 episc0pii
1232 2614 1501 2686 depositis
1558 2614 1832 2670 ordinavit

215 2707 474 2762 servitiis.
531 2707 810 2778 Prtecepta
870 2725 1082 2763 necnon
1132 2709 1337 2783 regalia
1380 2723 1544 2778 super
1565 2707 1832 2762 ecclesia—

215 2796 481 2850 sticarum
541 2797 886 2851 immunitate
955 2812 1156 2862 rerum,
1214 2797 1309 2851 sed
1371 2806 1424 2852 et
1473 2797 1829 2852 traditionum

218 2889 585 2961 quarumdam
640 2887 880 2943 obtinuit
907 2887 1183 2943 firmitate.
1213 2889 1316 2942 Sed
1351 2897 1405 2943 et
1436 2905 1523 2943 res
1556 2889 1834 2943 invenitur

217 2983 486 3055 quasdam
511 3001 635 3040 cum
684 2986 874 3060 regina
920 2986 1288 3042 Brunechilde
1319 2993 1707 3051 commutasse,
1733 2999 1830 3054 pro

217 3072 510 3146 utriusque
540 3075 712 3146 partis
731 3077 1158 3147 Opportunitate.

290 3162 698 3218 Testamentum
728 3180 949 3236 quoque
983 3180 1163 3218 rerum
1203 3179 1419 3218 suarum
1470 3161 1738 3225 condidit,
1773 3161 1828 3215 in

216 3268 331 3324 quo
353 3254 511 3324 plura
541 3253 775 3309 diversis
801 3254 1030 3309 donaria
1075 3253 1310 3308 contulit
1331 3253 1602 3308 ecclesiis.
1641 3251 1830 3306 Basili-

217 3360 343 3398 cam
373 3343 719 3399 tamenbeati
743 3344 974 3418 Remigii
1002 3345 1277 3415 praecipue
1300 3343 1406 3398 sibi
1440 3344 1713 3397 haeredem
1750 3343 1834 3396 in-

217 3431 423 3495 stituit,
465 3431 563 3486 ubi
609 3441 663 3487 et
701 3433 1038 3503 sepulturam
1099 3450 1158 3488 se
1217 3433 1532 3487 habiturum
1577 3431 1831 3506 delegit;

217 3521 417 3592 ibique
469 3522 784 3577 missorium
815 3532 1136 3596 argenteum
1167 3521 1488 3576 deauratum
1530 3518 1833 3590 deputavit.

218 3610 544 3666 Cocblearia
606 3627 826 3683 quoque
871 3612 1186 3679 duodecim,
1243 3621 1298 3666 et
1336 3611 1597 3666 salarium
1638 3625 1834 3683 argen-

217 3709 397 3770 teum,
445 3718 507 3757 ac
555 3703 864 3774 portionem
926 3720 1080 3759 suam
1127 3706 1196 3759 de
1225 3704 1400 3759 villari
1446 3703 1685 3776 quodam
1713 3719 1837 3757 cum

219 3795 538 3866 mancipiis,
567 3797 765 3862 vineis,
816 3797 1007 3869 pratis,
1049 3799 1377 3872 czeterisque
1432 3797 1832 3868 adjacentibus,

219 3892 278 3940 et
309 3885 416 3940 alia
437 3886 724 3951 nonnulla,
756 3903 877 3957 quae
899 3903 957 3941 se
980 3887 1106 3943 dato
1141 3889 1320 3959 pretio
1342 3889 1595 3944 meminit
1616 3905 1839 3959 compa-

220 3989 396 4029 rasse.
427 3975 506 4028 Ad
549 3974 834 4029 basilicam
888 3983 1202 4031 sanctorum
1248 3977 1519 4034 Timothei
1549 3986 1601 4032 et
1634 3978 1841 4048 Apolli-

219 4064 376 4119 naris
397 4064 672 4139 delegavit
698 4080 853 4119 casas
869 4066 1133 4137 quasdam
1158 4076 1266 4122 tam
1291 4067 1448 4135 juxta
1467 4068 1640 4138 ipsam
1663 4069 1841 4123 eccle-

220 4156 386 4223 siam,
445 4171 610 4227 quam
665 4154 805 4210 infra
856 4155 1153 4211 civitatem.
1205 4157 1281 4210 Ad
1338 4155 1621 4212 basilicam
1665 4160 1838 4214 sancti

223 4247 444 4302 Martini
478 4263 645 4319 quem
677 4247 1018 4317 peculiarem
1050 4255 1342 4318 patronum
1367 4265 1527 4304 suum
1551 4251 1706 4317 dicit,
1739 4252 1843 4306 vil-

220 4338 334 4393 lam
373 4336 712 4401 Mutationis,
733 4353 896 4408 quam
934 4339 1272 4408 comparavit
1302 4339 1369 4393 ad
1402 4340 1699 4412 integrum.
1743 4342 1842 4396 sic-

221 4435 348 4484 uta
376 4443 436 4482 se
503 4441 756 4498 possessa
789 4434 893 4494 est,
943 4427 1169 4483 tradidit
1202 4447 1216 4496 ;
1282 4428 1509 4501 insuper
1547 4441 1601 4486 et
1647 4448 1838 4486 aurum

220 4519 403 4584 dedit,
435 4519 585 4575 unde
635 4519 775 4573 calix
815 4519 953 4575 inibi
1008 4520 1181 4575 fieret.
1217 4521 1292 4574 Ad
1342 4521 1634 4577 basilicam
1664 4524 1838 4578 sancti

217 4609 428 4666 Juliani
457 4610 890 4680 recuperandam
916 4611 1034 4665 auri
1058 4609 1268 4666 solidos
1295 4612 1562 4683 quinque.
1589 4613 1666 4666 Ad
1691 4613 1839 4667 basi-

220 4699 390 4753 licam
420 4699 594 4753 sancti
652 4698 852 4754 Nicasii
894 4699 1151 4755 similiter
1204 4701 1414 4757 solidos
1460 4701 1727 4774 quinque.
1762 4701 1835 4755 Ad

218 4793 514 4849 basilicam
545 4794 719 4849 sancti
749 4794 979 4849 Joannis
1001 4795 1211 4851 solidos
1241 4795 1491 4867 quinque
1545 4796 1623 4851 Ad
1646 4796 1838 4850 basili-

218 4900 345 4939 cam
377 4883 552 4939 sancti
601 4882 737 4937 Sixti
786 4883 1045 4939 similiter
1096 4884 1154 4938 in
1200 4900 1333 4940 auro
1363 4885 1572 4941 solidos
1601 4894 1729 4940 tres.
1761 4885 1836 4939 Ad

216 4975 512 5032 basilicam
542 4975 720 5030 sancti
740 4975 985 5032 Mauricii
1043 4977 1253 5033 solidos
1275 4984 1406 5032 tres.
1444 4979 1521 5032 Ad
1553 4977 1839 5033 basilicam

218 5069 401 5125 sancti
431 5067 904 5125 Medardisolidos
929 5076 1059 5125 tres.
1097 5070 1176 5124 Ad
1197 5070 1591 5126 monasterium
1625 5070 1842 5141 puella-

217 5179 346 5217 rum
368 5162 590 5217 vineam
646 5160 703 5215 in
761 5162 1444 5233 Germaniaco(Germz'nyl
1502 5165 1839 5231 sitam,cum

218 5253 564 5326 quibusdam
583 5251 731 5308 vasis
754 5252 858 5324 ipsi
886 5251 1130 5308 basilicae
1161 5252 1480 5324 profuturis.
1525 5253 1603 5307 Ad
1635 5252 1836 5307 basili-

217 5359 342 5399 cam
362 5358 488 5416 qua:
548 5340 753 5395 dicitur
801 5341 871 5396 ad
921 5341 1236 5412 Apostolos,
1296 5341 1414 5396 auri
1465 5340 1673 5397 solidos
1708 5350 1837 5406 tres,

213 5451 344 5490 cum
375 5433 502 5489 aliis
532 5430 884 5486 munusculis
940 5432 1090 5486 unde
1116 5431 1256 5486 calix
1310 5430 1484 5486 fieret.
1540 5431 1615 5484 Ad
1650 5430 1841 5485 basili-

212 5539 335 5579 cam
367 5521 549 5579 sancti
583 5520 728 5574 Petri
759 5520 813 5574 in
846 5519 1070 5576 civitate
1091 5520 1209 5575 auri
1237 5519 1446 5576 solidos
1474 5528 1606 5575 tres.
1635 5519 1712 5574 Ad
1741 5519 1841 5574 ba-

209 5612 426 5670 silicam
453 5608 633 5666 sancti
691 5608 1014 5665 Theoderici
1072 5609 1386 5681 portionem
1436 5624 1590 5662 suam
1623 5608 1692 5662 de
1720 5607 1848 5662 villa

203 5701 611 5765 Germaniaco,
674 5712 796 5752 cum
855 5698 1158 5770 mancipiis
1209 5698 1410 5760 vineis,
1452 5705 1506 5751 et
1537 5697 1750 5750 caeteris
1778 5697 1846 5750 ad

512 5801 802 5861 PATROL.
852 5799 1178 5862 CXXXV.

1863 3118 1912 3186 C

1936 555 2093 593 crum
2127 540 2312 595 domui
2371 541 2654 596 Theodulfi
2715 543 3116 608 fabricandum,
3153 548 3235 600 th
3272 564 3549 603 exornan-

1937 627 2071 706 dum
2120 629 2194 681 Ad
2229 628 2512 684 basilicam
2564 631 2738 686 sancti
2775 632 2879 685 Viti
2915 649 3008 687 vas
3034 635 3312 704 quoddam
3347 653 3551 710 argen-

1941 727 2086 773 teum
2114 719 2182 774 ad
2214 721 2441 776 calicem
2468 721 2800 788 faciendum,
2831 734 2883 778 et
2913 724 2968 778 in
2995 741 3128 780 auro
3146 728 3355 781 solidos
3386 729 3554 800 quin-

1941 811 2138 865 decim.
2200 813 2275 866 Ad
2327 814 2610 869 basilicam
2672 825 2987 871 sanctorum
3029 827 3332 890 martyrum
3368 820 3547 875 Rufini

1941 909 1994 955 et
2027 900 2223 956 Valerii
2263 901 2318 955 in
2351 919 2483 957 auro
2513 903 2722 958 solidos
2750 905 3090 976 quindecim.
3146 908 3221 960 Ad
3268 908 3549 962 basilicam

1936 1000 2250 1044 sanctorum
2283 1001 2579 1062 martyrum
2603 992 2836 1062 Crispini
2870 1001 2924 1048 et
2955 993 3286 1065 CriSpiniani
3318 999 3434 1051 auri
3459 1014 3552 1052 so-

1939 1079 2082 1134 lidos
2121 1082 2459 1152 quindecim.
2513 1083 2588 1137 Ad
2630 1085 2968 1140 matriculam
3030 1098 3293 1156 praeterea
3351 1099 3552 1143 sancta}

1940 1173 2228 1227 Remensis
2258 1173 2504 1229 ecclesia:
2537 1179 2802 1232 nonnulla
2832 1179 3063 1234 contulit
3091 1179 3335 1233 donaria.

2012 1264 2232 1320 caeteris
2262 1281 2483 1338 quoque
2541 1269 2862 1332 matriculis,
2915 1271 3000 1324 vel
3033 1272 3556 1343 congregationibus

1941 1356 2155 1410 diversa
2184 1355 2460 1428 delegavit
2481 1373 2728 1412 munera.
2750 1359 3089 1424 Quibusdam
3116 1361 3393 1414 hairedum
3418 1377 3557 1431 quo-

1941 1467 2046 1521 que
2073 1464 2295 1503 suorum
2327 1448 2578 1518 personis
2606 1450 2811 1520 praedia
2839 1450 3097 1522 quaedam
3122 1469 3189 1508 eo
3231 1461 3422 1508 tenore
3448 1453 3552 1506 de-

1943 1537 2184 1608 reliquit,
2215 1547 2275 1591 ut
2304 1539 2370 1591 ad
2430 1538 2548 1592 loca
2604 1547 2917 1594 sanctorum
2950 1557 2980 1595 a
3023 1557 3083 1596 se
3123 1542 3396 1597 destinata
3433 1550 3555 1612 post

1941 1645 2132 1683 eorum
2173 1637 2579 1685 reverterentur
2617 1632 2926 1687 decessum.
2985 1633 3258 1706 Mancipia
3288 1635 3554 1689 nonnulla

1942 1718 2192 1772 libertate
2224 1718 2466 1783 donavit,
2527 1719 2838 1791 additisque
2871 1721 3065 1775 ditavit
3116 1723 3364 1792 peculiis.
3401 1723 3554 1787 Quod

1942 1808 2041 1861 viri
2073 1807 2166 1861 Dei
2201 1815 2582 1862 testamentum
2634 1810 2836 1882 regalis
2868 1811 3128 1881 praecepti
3161 1812 3431 1881 reperitur
3457 1829 3556 1882 pa-

1942 1899 2073 1971 gina
2098 1899 2433 1955 roboratum.

2575 1971 2784 2027 CAPUT
2824 1973 2908 2026 Vl.

2009 2061 2081 2112 De
2120 2058 2460 2126 Leudegiselo
2481 2063 2744 2131 episcopo,
2776 2063 3099 2131 Angetberto
3129 2067 3175 2116 et
3206 2063 3479 2118 Lttndone.

2010 2169 2140 2223 Post
2194 2169 2340 2224 hunc
2407 2169 2626 2224 beatum
2673 2171 2850 2225 virum
2911 2172 3326 2244 Leudegiselus,
3380 2172 3553 2227 Attilte

1933 2259 2179 2330 epis-ropi
2209 2259 2396 2326 frater,
2430 2268 2677 2332 tempore
2710 2262 3006 2336 Dagoberti
3042 2263 3186 2338 regis
3209 2264 3551 2335 episcopium

1934 2348 2240 2420 rexitquod
2266 2351 2430 2404 etiam
2491 2349 2656 2403 rebus
2715 2352 2938 2422 emptis,
2970 2352 3183 2406 scilicet
3213 2352 3387 2415 silvis,
3423 2368 3552 2422 pra-

1937 2435 2023 2501 tis,
2055 2435 2273 2490 ruribus
2291 2435 2457 2492 auxit.
2509 2438 2760 2501 Qaaedam
2782 2454 3006 2512 quoque
3036 2456 3159 2494 cum
3194 2440 3406 2494 Albone
3431 2441 3552 2494 Tri-

1933 2528 2147 2582 cassino
2178 2527 2460 2598 episcopo,
2485 2544 2580 2598 pro
2605 2530 2893 2602 utriusque
2920 2531 3092 2602 partis
3112 2526 3551 2602 Opportunitate,

1935 2617 2289 2670 commutavit
2313 2634 2326 2680 ;
2348 2617 2443 2670 sed
2477 2624 2531 2670 et
2577 2617 2685 2671 alia
2717 2619 2974 2689 quaedam
3003 2635 3127 2673 cum
3163 2619 3287 2672 aliis
3319 2619 3556 2689 quibus-

1934 2707 2056 2761 dam
2090 2707 2360 2778 personis.
2384 2708 2489 2762 Res
2512 2709 2675 2764 etiam
2703 2710 2968 2781 quasdam
3001 2710 3251 2764 ecclesiae
3283 2709 3556 2765 ordinatis

1935 2796 2212 2867 disposuit
2243 2797 2476 2851 colonis.

2008 2888 2158 2942 Hunc
2179 2889 2432 2960 sequitur
2454 2889 2838 2963 Angelbertus.
2863 2891 2982 2961 Ipse
3001 2906 3226 2963 quoque
3257 2891 3424 2945 rebus
3437 2906 3555 2944 em-

1933 2979 2040 3050 ptis
2052 2979 2270 3034 auxisse
2287 2981 2940 3052 reperiturepiscOpium.
2965 2982 3059 3036 Cui
3077 2983 3351 3038 successit
3370 2982 3555 3036 Lando

1932 3073 2015 3128 vir
2046 3073 2469 3138 illustrissimus,
2486 3081 2539 3127 et
2559 3075 2857 3128 multorum
2874 3091 3160 3144 possessor
3181 3076 3514 3146 praediorum
3541 3092 3552 3127 :

1933 3177 2168 3234 quorum
2197 3162 2662 3233 nonnullajunxit
2688 3163 2957 3229 ecclesiae,
2987 3164 3240 3234 quaedam
3267 3181 3396 3218 vero
3428 3179 3558 3234 pro-

1934 3252 2160 3322 pinquis
2187 3251 2301 3305 suis
2324 3250 2628 3306 distribuit.
2652 3251 2757 3304 Sed
2809 3259 2948 3304 etea
2980 3268 3101 3321 quae
3135 3261 3288 3306 trans
3321 3251 3553 3324 Ligerim

1939 3343 2501 3398 Rcmensisliahuerat
2517 3341 2832 3405 ecclesia,et
2850 3342 2998 3394 Felix
3016 3343 3189 3396 abbas
3210 3344 3434 3413 quidam
3455 3359 3553 3397 ec-

1937 3434 2124 3489 clesiae
2175 3432 2350 3487 sancti
2400 3429 2602 3485 Juliani
2643 3429 2896 3499 martyris
2950 3429 3198 3484 indebita
3261 3432 3553 3493 retinebat,

1938 3522 2085 3594 apud
2117 3521 2457 3589 majestatem
2492 3517 2697 3591 regiam
2724 3516 2941 3588 legibus
2962 3517 3273 3572 evindicata
3303 3519 3554 3589 recepit;

1941 3630 2040 3685 pro
2058 3611 2261 3685 quibus
2290 3611 2408 3680 jam
2450 3617 2613 3664 antea
2635 3607 3012 3679 praedecessor
3043 3609 3163 3676 ejus
3189 3609 3558 3682 Angelbertus

1941 3703 2239 3774 episcopus
2269 3717 2393 3756 cum
2459 3699 2612 3752 Gallo
2668 3696 3002 3751 Arvernensi
3045 3697 3330 3767 epiSCOpo,
3363 3713 3556 3753 coram

1941 3811 2069 3870 rege
2104 3792 2536 3850 controversiam
2571 3789 2833 3845 habuisse
2865 3788 3163 3859 reperitur.
3203 3789 3340 3844 Hinc
3374 3789 3558 3845 Laudo

1940 3887 2138 3958 praesul
2169 3885 2459 3941 ecclesiam
2479 3885 2805 3938 Remensem
2831 3897 3011 3936 rerum
3027 3897 3249 3936 suarum
3273 3897 3370 3952 per
3393 3888 3562 3936 testa-

1940 3981 2112 4035 menti
2129 3979 2387 4052 paginam
2412 3977 2515 4032 rite
2533 3975 2974 4041 fecithteredem,
2998 3981 3053 4028 et
3077 3988 3424 4045 quaecunque
3438 3972 3562 4028 aliis

1942 4073 2096 4128 dedit
2128 4071 2400 4144 personis,
2433 4070 2518 4124 vel
2543 4068 2814 4124 ecclesiis.
2836 4067 3018 4122 cidem
3046 4066 3314 4128 ecclesiae,
3339 4065 3562 4120 velsuc-

1942 4166 2145 4221 cessori
2178 4179 2277 4218 suo
2309 4160 2601 4217 constituit
2640 4159 3033 4230 dispensanda.
3095 4158 3443 4212 Diversorum
3475 4157 3558 4210 si-

1942 4257 2172 4329 quidem
2203 4264 2514 4308 sanctorum
2547 4250 2794 4305 basilicis
2827 4249 3045 4304 diversa
3074 4249 3350 4322 delegavit
3382 4248 3560 4302 dona-

1943 4346 2040 4400 ria.
2081 4342 2325 4397 Basilica}
2355 4340 2566 4395 scilicet
2589 4339 2764 4392 sancti
2822 4337 3080 4409 Remigii,
3105 4336 3200 4390 ubi
3218 4337 3558 4406 sepulturam

1944 4430 2063 4487 fieri
2090 4430 2196 4485 sibi
2228 4428 2455 4501 delegit,
2500 4426 2661 4480 villas
2700 4434 2754 4480 et
2814 4440 3064 4479 munera.
3099 4423 3343 4478 Basilicze
3382 4425 3558 4477 sancti

1944 4522 2230 4598 Gaugerici
2251 4527 2305 4574 et
2335 4517 2509 4574 sancti
2528 4516 3006 4589 Quintiniargenti
3031 4517 3180 4570 varia
3208 4516 3376 4580 dona;
3405 4515 3555 4583 item,

1941 4615 2186 4671 basilicis
2217 4622 2386 4685 atque
2409 4610 2712 4666 matriculis
2759 4608 2973 4674 Remis,
3004 4616 3317 4663 sanctorum
3350 4607 3562 4663 scilicet

1938 4704 2205 4760 Timothei
2241 4710 2296 4757 et
2325 4699 2719 4773 Appollinaris;
2753 4699 2906 4762 item,
2939 4697 3113 4752 sancti
3147 4697 3380 4762 Martini;
3405 4696 3557 4767 item,

1939 4797 2114 4852 sancti
2147 4794 2344 4850 Nicasii
2385 4810 2398 4861 ;
2433 4794 2586 4858 item,
2619 4800 2821 4847 sanctae
2853 4789 3145 4844 Genovefae
3183 4807 3196 4854 ;
3225 4789 3559 4846 monasterio

1941 4905 2165 4961 quoque
2221 4895 2535 4942 sanctorum
2576 4882 2900 4940 Theoderici
2951 4889 3006 4938 et
3035 4879 3319 4936 'l‘heodulfi
3354 4898 3368 4945 ;
3405 4881 3557 4946 item,

1941 4981 2008 5036 ad
2041 4979 2329 5035 basilicam
2358 4977 2531 5032 sancti
2576 4975 2858 5041 Germani,
2889 4981 2943 5029 et
2974 4973 3312 5029 matriculam
3337 4972 3512 5041 ipsius
3543 4991 3557 5038 ;

1942 5073 2094 5134 item,
2123 5067 2296 5123 sancti
2329 5065 2533 5120 Juliani
2561 5083 2574 5130 ;
2612 5065 2770 5131 item,
2795 5071 3111 5119 sanctorum
3145 5061 3352 5116 Cosmte
3372 5067 3427 5114 et
3455 5059 3561 5115 Da-

1941 5158 2111 5214 miani
2145 5156 2336 5222 ;item,
2367 5154 2542 5206 sancti
2589 5152 2731 5206 Petri
2784 5153 2852 5206 ad
2883 5152 3098 5207 Cortem
3131 5167 3146 5214 ;
3180 5149 3333 5213 item,
3384 5148 3557 5202 sancti

1943 5247 2169 5306 Petriad
2191 5243 2577 5299 Monasterium
2603 5243 2911 5312 puellarum
2937 5259 2950 5307 ;
2977 5243 3130 5307 item,
3163 5241 3232 5294 ad
3273 5238 3558 5293 basilicam

1941 5336 1993 5389 S.
2021 5330 2431 5405 Symphoriani,
2483 5346 2607 5401 quae
2658 5338 2884 5384 vocatur
2936 5330 3004 5383 ad
3049 5329 3329 5400 apostolos
3361 5344 3375 5394 ;
3406 5328 3558 5396 item,

1941 5426 2111 5481 sancti
2147 5423 2412 5488 Medardi,
2438 5426 2825 5475 ctsanctorum
2851 5420 3088 5492 Crispini
3120 5429 3174 5475 et
3203 5418 3560 5490 Crispiniani;

1949 5515 2302 5585 item,sancti
2359 5513 2632 5577 Victoris;
2667 5511 2819 5576 item,
2866 5514 3038 5568 sancti
3101 5511 3334 5568 Mauritii
3366 5512 3559 5577 ;item,

1950 5610 2123 5665 sancti
2157 5606 2336 5663 Basoli
2363 5606 2580 5661 diversa
2597 5605 2831 5660 contulit
2856 5605 3086 5661 donaria
3115 5624 3129 5672 ;
3159 5604 3406 5661 ecclesiae
3429 5621 3563 5674 quo-

1951 5716 2059 5770 que
2085 5696 2434 5755 Laudunensi
2467 5694 2752 5763 cujusdam
2775 5693 2916 5747 villae
2948 5695 3260 5764 portionem
3285 5710 3437 5749 suam
3462 5692 3564 5744 de-

3237 5793 3270 5848 4
