3970 6218
539 295 640 348 107

1639 289 2002 344 FLODOARDI
2082 287 2384 342 CANONlCl
2426 288 2771 345 REMENSIS.

3729 303 3810 359 108

538 424 761 496 legavit,
797 431 849 478 et
871 423 1114 477 basilicae
1145 430 1346 476 sanctae
1378 417 1668 473 Genovefae
1700 417 1908 472 ibidem
1939 414 2148 471 consti-
2173 419 2224 485 Α
2244 417 2299 470 in
2321 417 2501 472 sinum
2533 419 2781 475 sedentis
2819 422 3093 477 reclinans
3141 423 3436 488 Berecarii,
3493 427 3806 494 obdormivit,

539 521 669 568 tutae
699 513 882 568 villam
907 510 1135 580 Appiam
1160 511 1228 576 (Ie
1249 511 1448 577 village
1478 510 1729 577 d’Eppe),
1761 523 1884 562 cum
1917 507 2066 562 omni
2090 523 2148 562 re

538 606 605 659 ad
645 622 704 660 se
746 606 1055 676 pertinente
1099 605 1313 660 tribuit.
1363 605 1573 659 Turrim
1632 619 1855 676 quoque
1901 617 2146 666 auream,

539 711 703 765 quam
735 696 803 749 ad
832 705 1019 751 votum
1051 712 1210 749 suum
1242 695 1496 750 fabricari
1533 695 1757 759 fecerat,
1783 706 1950 762 super
1979 689 2148 743 altare

538 788 722 857 posuit
753 790 806 842 S.
839 789 1019 843 Mariae
1040 788 1608 848 Remensisecclesiaz.
1633 793 1928 856 etpatenas
1943 791 2070 847 tres,
2086 795 2148 833 ac

537 873 817 932 brachiale
833 877 1213 933 aureum.Fuit
1228 884 1412 932 autem
1429 874 1689 949 Sigiberti
1707 874 1854 947 regis
1872 881 2143 945 tempore.

1165 968 1373 1023 CAPUT
1405 968 1512 1022 Vll.

1054 1062 1128 1114 De
1154 1063 1339 1114 sancto
1362 1059 1626 1115 Nivardo.

608 1147 734 1202 Post
776 1131 1112 1219 praemissos,
1161 1148 1229 1202 ad
1271 1147 1589 1218 episcOpale
1648 1146 1886 1204 culmen?
1924 1145 2148 1219 eligitur

537 1240 734 1294 beatus
763 1240 917 1307 Nivo,
947 1240 1040 1312 qui
1072 1247 1126 1294 et
1158 1240 1425 1295 Nivardus
1459 1258 1472 1304 ;
1507 1249 1741 1310 utroque
1792 1255 2028 1309 namque
2061 1254 2147 1290 re-

538 1333 749 1403 peritur
790 1333 1058 1388 vocitatus
1107 1334 1358 1389 nomine.
1394 1333 1490 1387 Hic
1523 1332 1674 1402 prius
1717 1331 1773 1385 in
1805 1331 1928 1385 aula
1979 1330 2144 1402 regis,

537 1429 729 1492 utpote
763 1422 846 1476 vir
897 1421 1322 1487 illustrissimus,
1376 1420 1610 1476 traditur
1657 1429 2030 1476 conversatus.
2087 1419 2143 1472 in

537 1514 858 1584 episcopatu
886 1530 1019 1570 vero
1051 1514 1288 1586 positus,
1313 1513 1514 1584 emptis
1533 1530 1630 1584 per
1661 1513 1877 1568 diversa
1904 1513 2144 1567 locatam

537 1606 745 1672 fundis,
777 1623 941 1678 quam
973 1607 1256 1675 domibus,
1305 1622 1524 1661 necnon
1567 1605 1858 1676 mancipiis
1887 1605 2147 1659 dilatasse

537 1715 624 1754 res
676 1700 955 1754 invenitur
1007 1701 1275 1756 ecclesia'.
1332 1699 1610 1770 Disposuit
1660 1699 1825 1753 etiam
1872 1697 2146 1752 nonnulas

535 1788 804 1844 ordinatis
839 1788 1076 1842 coloniis
1095 1788 1252 1842 villas
1283 1787 1553 1858 episcOpii
1579 1805 1591 1840 :
1627 1787 1891 1858 quasdam
1920 1802 2144 1858 quoque

538 1895 624 1932 res
651 1886 1019 1932 commutasse
1069 1878 1344 1946 reperitur
1396 1893 1519 1931 cum
1568 1876 1730 1932 Attila
1791 1875 2141 1931 Laudunensi

537 1967 790 2038 praésule,
824 1983 921 2038 pro
944 1966 1232 2037 utriusque
1265 1966 1437 2036 partis
1504 1965 1942 2034 opportunitate.
1985 1964 2146 2019 Com-

537 2061 767 2115 mutavit
793 2061 959 2115 etiam
986 2077 1017 2113 a
1075 2060 1291 2113 Bavone
1339 2067 1394 2112 et
1437 2057 1852 2112 Theoderamuo
1883 2057 2147 2112 fratribus

533 2153 711 2208 locum
740 2153 1034 2224 quemdam
1084 2167 1250 2222 super
1305 2150 1534 2204 ﬂuvium
1566 2150 1860 2204 Maternam
1893 2148 1960 2203 de
1981 2149 2148 2204 rebus

535 2243 822 2298 Remensis
893 2241 1161 2306 ecclesiae,
1212 2239 1306 2294 ubi
1365 2239 1672 2294 construxit
1727 2238 2140 2303 monasterium,

533 2336 680 2406 quod
739 2333 940 2388 dicitur
1006 2331 1383 2386 Altumvillare
1443 2331 1862 2398 (Hautvilliers),
1923 2337 2144 2401 petente

534 2427 821 2481 Rerecario
851 2425 1074 2491 abbate,
1107 2424 1200 2495 qui
1225 2422 1294 2477 ab
1312 2439 1378 2478 eo
1401 2422 1637 2492 petierat
1654 2423 1832 2478 locum
1881 2422 2143 2486 sibidari,

532 2515 628 2569 ubi
659 2531 783 2569 cum
817 2513 1076 2568 fratribus
1105 2513 1222 2566 suis
1241 2512 1546 2579 monachis,
1573 2511 1676 2565 sub
1710 2511 1899 2583 regula
1925 2511 2142 2566 Patrum

529 2606 707 2660 sancti
742 2604 1028 2659 Benedicti
1061 2612 1116 2659 et
1142 2605 1316 2659 sancti
1347 2603 1695 2670 Columbani,
1725 2604 1909 2659 vivere
1932 2609 2138 2673 posset;

529 2696 679 2766 quod
711 2702 764 2749 et
787 2695 931 2748 idem
955 2694 1155 2764 praesul
1177 2695 1357 2748 facere
1378 2693 1610 2759 studuit,
1632 2699 1692 2747 ut
1721 2692 1863 2746 infra
1884 2691 2141 2748 contine-

528 2796 636 2842 tur.
671 2787 777 2840 Sed
811 2793 1018 2841 etcum
1075 2786 1199 2840 aliis
1253 2786 1585 2857 quibusdam
1641 2785 1913 2856 personis,
1978 2791 2141 2856 prout

527 2891 832 2946 congruum
855 2873 1033 2928 visum
1064 2874 1186 2936 fuit,
1218 2892 1306 2929 res
1335 2875 1601 2946 quasdam
1632 2874 2010 2930 commutavit.
2035 2875 2140 2928 De-

527 2965 609 3020 dit
664 2980 910 3036 quoque,
953 2963 1057 3018 sub
1100 2965 1226 3032 jure
1281 2964 1578 3038 privilegii,
1633 2965 1701 3019 ad
1742 2965 2135 3020 monasterium

525 3055 701 3111 sancti
734 3054 934 3121 Basoli,
978 3053 1269 3109 ecclesiam
1299 3053 1357 3108 in
1383 3053 1652 3110 Viriziaco
1686 3054 1743 3109 in
1776 3054 1985 3110 honore
2011 3072 2141 3110 san-

2249 507 2500 562 etvisum
2523 509 2681 576 vidit,
2725 510 2937 566 scilicet
2993 513 3308 569 columbam
3365 515 3540 572 locum
3570 519 3703 573 silvae
3725 521 3812 575 cir-

2249 601 2553 666 cumire,et
2581 602 2636 654 in
2660 601 2783 676 fago
2815 603 3051 673 quadam
3092 611 3214 673 post
3255 605 3397 660 hanc
3423 606 3809 666 circumitionem

2251 693 2568 760 resedisse;
2611 695 2777 767 idque
2812 697 2976 752 tertio
3037 699 3351 755 columbam
3405 701 3550 756 videt
3603 703 3810 758 eamdem

2249 782 2449 854 egisse,
2504 791 2732 855 tumque
2779 786 2950 841 caelos
2988 787 3192 856 petisse
3236 787 3330 856 (5).
3365 789 3532 854 Quam
3561 790 3808 857 visionem,

2249 873 2391 927 sicut
2412 872 2530 943 ipse
2559 873 2613 927 in
2641 875 2873 941 somnis,
2905 875 2979 930 ita
3029 877 3328 946 praedictus
3365 894 3582 950 quoque
3623 881 3810 936 Bereca-

2249 967 2362 1020 rius
2381 966 2619 1041 vigilans
2644 966 2813 1024 fertur
2841 969 3141 1040 accepisse.
3189 971 3306 1036 Quo
3334 971 3451 1028 viso
3495 983 3805 1046 compunctus

2249 1059 2396 1114 idem
2449 1061 2618 1132 caepit
2662 1062 2836 1117 abbas
2881 1063 3114 1120 fundere
3158 1065 3448 1137 lacrymas.
3500 1067 3807 1139 Experrectus

2248 1157 2430 1205 autem
2452 1151 2649 1206 beatus
2679 1153 2877 1222 praesul
2908 1169 2939 1206 a
2969 1169 3185 1220 somno,
3222 1170 3289 1208 ex
3319 1155 3568 1226 lacrymis
3597 1158 3702 1226 ejus
3724 1157 3806 1211 sibi

2249 1237 2444 1292 faciem
2470 1241 2672 1310 reperit
2717 1240 2879 1295 udam
2926 1250 3019 1303 ;et
3070 1242 3420 1312 interrogans
3447 1259 3564 1315 quas
3593 1244 3662 1297 illi
3681 1261 3808 1298 causa

2249 1328 2410 1384 fletus
2435 1330 2714 1398 existeret,
2742 1331 2943 1402 accipit
2973 1349 3097 1387 eum
3141 1341 3369 1404 propter
3409 1335 3492 1389 sui
3527 1334 3712 1389 ruinam
3737 1334 3808 1388 fle-

2248 1421 2390 1476 visse
2423 1423 2628 1493 operis.
2664 1424 3017 1496 Invicemque
3041 1425 3147 1479 sibi
3180 1424 3299 1478 visa
3322 1424 3686 1492 referentibus,
3722 1433 3806 1479 tra-

2250 1509 2398 1563 ditur
2428 1510 2674 1580 pontifex
2707 1512 2824 1567 hmc
2851 1513 3016 1567 etiam
3050 1513 3270 1567 cuidam
3309 1514 3399 1567 Dei
3432 1529 3601 1580 servo,
3629 1513 3806 1568 nomine

2249 1599 2472 1666 Banovi,
2505 1600 2664 1668 cujus
2689 1609 2808 1655 erat
2828 1601 2948 1672 ipsa
2979 1601 3278 1672 possessio,
3311 1603 3427 1657 visa
3457 1619 3700 1657 narrasse.
3727 1602 3802 1665 Qui

2248 1692 2548 1746 oratorium
2580 1692 2634 1745 in
2674 1692 2882 1747 honore
2931 1703 3132 1748 sancta:
3163 1694 3346 1748 crucis
3376 1694 3486 1749 illic
3517 1693 3718 1759 habens,
3745 1692 3803 1745 ibi

2247 1784 2694 1840 conversabatur.
2729 1784 2828 1848 Qui
2862 1785 3027 1840 etiam
3077 1795 3371 1856 postquam
3411 1787 3661 1841 visionem
3695 1802 3805 1855 prae-

2244 1876 2397 1938 sulis,
2432 1883 2486 1930 et
2515 1877 2636 1945 ejus
2653 1878 2878 1950 agnovit
2896 1877 3481 1938 voluntatem.obtulit
3507 1878 3578 1932 illi
3601 1877 3802 1932 eamdem

2247 1970 2654 2038 possessionem
2683 1979 3085 2040 suam,partem
3115 1986 3340 2042 quoque
3369 1971 3710 2042 possessionis
3733 1985 3807 2022 cu-

2241 2058 2460 2126 jusdam
2489 2059 2672 2114 fratris
2725 2061 2831 2126 sui,
2891 2061 3116 2116 nomine
3175 2061 3412 2116 Baldini.
3472 2061 3682 2115 Alterius
3706 2075 3804 2114 vero

2247 2150 2451 2218 fratris,
2473 2151 2876 2206 Theoderamni
2906 2153 3148 2214 nomine,
3204 2169 3426 2208 causam
3478 2153 3664 2218 retulit,
3689 2150 3802 2220 quod

2247 2251 2393 2296 esset
2445 2242 2656 2298 scilicet
2686 2244 2741 2297 in
2797 2243 3036 2299 factione
3080 2254 3274 2300 contra
3325 2245 3544 2300 Reolum
3573 2243 3800 2305 comitem,

2247 2331 2340 2402 qui
2365 2332 2650 2386 Remensis
2681 2340 2802 2402 post
2832 2333 3042 2388 exstitit
3073 2334 3393 2405 episcopus,
3427 2349 3520 2405 pro
3563 2331 3675 2386 ﬁliis
3693 2331 3797 2398 ejus,

2247 2437 2388 2492 quos
2435 2423 2712 2478 occiderat
2775 2425 2828 2478 in
2865 2425 3076 2480 ultione
3131 2424 3376 2480 filiorum
3433 2440 3658 2490 suorum,
3691 2436 3797 2492 quos

2248 2513 2449 2569 Reolus
2503 2531 2597 2586 pro
2653 2515 2942 2571 latrocinio
2973 2517 3122 2588 quod
3150 2517 3501 2581 exercebant,
3548 2512 3794 2585 suspendio

2248 2613 2536 2658 necaverat
2582 2605 2733 2659 Unde
2760 2605 3019 2660 dominus
3054 2606 3329 2662 Nivardus
3358 2623 3480 2662 eum
3507 2621 3618 2661 cum
3642 2601 3789 2662 Reolo,

2243 2693 2336 2763 qui
2368 2700 2590 2770 neptem
2621 2710 2774 2746 suam
2807 2693 2974 2748 filiam
3019 2695 3315 2751 Childerici
3342 2696 3568 2750 habebat
3596 2706 3790 2752 uxorem,

2243 2779 2588 2850 paciﬁcavit;
2621 2789 2676 2836 et
2731 2782 2812 2836 sic
2868 2783 2987 2854 ipse
3026 2783 3476 2840 Theoderamnus
3519 2782 3662 2838 simul
3698 2795 3791 2834 cum

2242 2870 2458 2924 caeteris
2489 2869 2751 2924 fratribus
2796 2872 2912 2925 suis
2934 2873 3186 2928 eamdem
3235 2873 3622 2945 possessionem
3646 2875 3790 2924 sancto

2243 2964 2948 3032 Nivardo,commutatione
2978 2968 3046 3022 ab
3081 2983 3147 3023 eo
3181 2978 3420 3040 sumpta,
3453 2965 3673 3022 tradidit.
3702 2962 3786 3017 Mox

2243 3058 2389 3112 idem
2422 3058 2622 3129 praesul
2651 3059 2861 3113 succidi
2885 3060 3076 3114 silvam
3094 3061 3323 3128 jubens.
3360 3061 3412 3116 in
3441 3061 3632 3116 honore
3655 3051 3784 3110 sancti

2177 1736 2226 1803 B

526 3105 701 3111 -------
734 3105 934 3121 ------,
1402 3105 1646 3110 ν---------
1776 3105 1983 3110 --------
2012 3105 2108 3110 ---
2245 3105 2389 3112 ---.--
2423 3105 2622 3129 rw---
2652 3105 2861 3113 .,-----.
2885 3105 3323 3128 -.-.-...,,..--..-.
3442 3105 3631 3116 μνη-.-
3656 3105 3751 3110 ----

525 3153 625 3201 cun
679 3144 858 3198 Mariae
913 3153 1305 3212 constructam,
1361 3159 1493 3199 cum
1544 3143 1806 3201 omnibus
1843 3146 1910 3200 ad
1965 3146 2136 3217 ipsam
2169 3105 2384 3200 CPetri
2437 3155 2492 3201 et
2539 3147 2788 3202 omnium
2819 3147 3198 3217 apostolorum
3234 3150 3311 3204 ibi
3337 3147 3621 3206 construxit
3646 3142 3782 3200 eccle-

525 3237 953 3310 pertinentibus,
983 3237 1259 3309 simulque
1309 3237 1566 3293 locellum
1593 3238 1689 3308 qui
1723 3238 2036 3294 Wasciacus
2054 3239 2139 3293 di-

521 3332 680 3384 citur.
707 3328 1112 3382 lmmunitatem
1141 3341 1364 3398 quoque
1392 3325 1529 3396 ipsis
1560 3328 1872 3394 monachis,
1903 3328 2008 3382 sub
2035 3328 2138 3382 Pe—

522 3431 679 3477 trone
725 3420 928 3476 abbate
966 3419 1180 3474 ibidem
1212 3419 1320 3474 Deo
1369 3419 1751 3474 servientibus
1782 3420 2042 3486 instituit,
2075 3429 2135 3475 ut

521 3511 705 3566 nullus
735 3509 1242 3565 ecclesiasticorum
1267 3507 1520 3576 judicum
1563 3525 1660 3564 eos
1681 3508 1932 3564 indebite
1955 3510 2010 3564 in
2031 3510 2136 3565 ali-

517 3620 626 3676 quo
659 3603 971 3674 inquietare
1023 3609 1403 3673 prsesumeret,
1437 3601 1534 3655 sed
1583 3601 1664 3656 eis
1717 3602 1908 3674 quieto
1935 3602 2133 3657 ordine

518 3696 623 3751 sub
652 3705 846 3751 sancta
893 3693 1084 3766 regula
1125 3693 1330 3757 vivere,
1385 3709 1449 3748 ac
1501 3693 1610 3748 Deo
1667 3694 1874 3748 servire
1917 3693 2130 3750 liceret.

517 3787 859 3856 Praeceptum
912 3784 1078 3839 etiam
1125 3782 1490 3838 immunitatis
1553 3799 1583 3836 a
1618 3781 1969 3838 Childeherto
2003 3798 2133 3856 rege

517 3867 909 3948 (Childebertus
927 3879 1024 3943 III)
1056 3892 1224 3946 super
1249 3875 1484 3930 teloneis
1503 3883 1558 3929 et
1597 3874 1931 3946 quibusdam
1955 3875 2135 3932 tribu-

517 3971 606 4038 tis,
632 3969 883 4026 ecclesize
919 3969 1174 4023 Remensi
1214 3967 1475 4023 obtinuit.
1509 3967 1606 4022 Cui
1658 3967 1965 4023 Ludovicus
1991 3985 2129 4040 quo-

515 4076 624 4132 que
652 4075 766 4126 rex,
796 4059 899 4114 sub
931 4057 1177 4113 ecclesia-
1213 4073 1326 4111 sua:
1359 4055 1604 4120 nomine,
1645 4071 1732 4110 res
1771 4057 2035 4126 quasdam
2071 4057 2126 4112 in

513 4147 758 4202 Malliaco
807 4160 976 4216 super
1020 4144 1247 4199 ﬂuvium
1297 4143 1570 4210 Vidulam,
1629 4159 1766 4216 quas
1791 4144 2124 4216 quibusdam

513 4237 838 4293 infidelibus
866 4237 982 4292 suis
1037 4237 1232 4306 ejectis
1288 4243 1594 4308 receperat,
1637 4236 1979 4292 auctoritatis
2015 4253 2126 4292 sua),

512 4340 788 4402 prmcepto
817 4331 1107 4386 concessit.
1168 4329 1339 4399 Hujus
1390 4329 1555 4384 etiam
1612 4337 1862 4401 tempore
1902 4327 2128 4383 tradidit

2239 3235 2398 3302 siam,
2442 3243 2496 3289 et
2527 3236 2620 3290 ubi
2657 3238 2927 3291 resedisse
2959 3237 3276 3293 columbam
3308 3239 3530 3304 viderat,
3560 3231 3780 3291 altarein-

2238 3329 2436 3395 stituit,
2469 3330 2830 3401 collectisque
2860 3332 3035 3385 servis
3066 3332 3162 3386 Dei
3201 3330 3580 3388 monasterium
3603 3324 3780 3382 ordina-

2237 3416 2332 3472 vit.
2371 3417 2471 3472 Ubi
2529 3419 2695 3472 etiam
2740 3419 2997 3488 praefatus
3045 3420 3494 3477 Theoderamnus
3540 3413 3779 3473 monachus

2237 3509 2493 3568 efficitur.
2524 3511 2630 3565 Sed
2663 3521 2718 3566 et
2745 3512 2946 3568 Reolus
2977 3513 3151 3569 ﬁlium
3185 3533 3345 3571 suum
3380 3514 3588 3572 nomine
3614 3509 3778 3564 Gedeo-

2239 3615 2388 3666 nem,
2411 3599 2480 3654 de
2502 3607 2669 3669 nepte
2696 3602 2869 3655 sancti
2916 3602 3136 3657 Nivardi
3170 3613 3505 3676 susceptum,
3543 3600 3610 3655 ibi
3633 3608 3780 3652 mona-

2236 3693 2400 3746 chum
2423 3691 2542 3745 ﬁeri
2568 3693 2728 3762 petiit
2747 3700 2802 3747 et
2819 3710 2999 3748 rerum
3013 3711 3238 3750 suarum
3253 3706 3456 3768 partem
3468 3693 3532 3749 ad
3554 3691 3678 3746 idem
3694 3698 3778 3739 m0-

2237 3781 2535 3837 nasterium
2551 3783 2900 3840 condonavit.
2938 3786 3138 3841 Beatus
3167 3794 3353 3842 autem
3384 3783 3644 3847 Nivardus,
3669 3788 3771 3830 cou-

2235 3870 2427 3925 stituto
2483 3873 2841 3937 monasterio,
2911 3873 3186 3945 quidquid
3248 3873 3632 3946 possessionum
3679 3867 3770 3917 δηιθ

2234 3963 2612 4033 episcopatum
2683 3963 2857 4019 fuerat
2921 3965 3074 4020 visus
3103 3967 3312 4024 habere
3341 3967 3408 4023 ad
3452 3966 3608 4034 ipsum
3637 3956 3770 4010 locum

2232 4051 2477 4118 tradidit,
2506 4060 2560 4106 et
2590 4053 2906 4109 exhortatus
2931 4055 3154 4111 beatum
3189 4056 3437 4122 Reolum,
3466 4044 3708 4124 religionis
3731 4035 3766 4090 ei

2228 4143 2699 4200 suasitassumere
2746 4147 3018 4202 habitum.
3072 4149 3424 4224 Privilegium
3455 4145 3767 4224 quoqueipf’f

2227 4243 2415 4289 scente
2481 4234 2708 4304 praefato
2746 4234 2946 4291 abbate
3014 4216 3325 4303 Berecario,
3370 4234 3537 4291 eidem
3588 4216 3766 4283 contulit

2228 4326 2563 4381 monasterio
2586 4346 2601 4381 :
2625 4334 2685 4381 ut
2705 4327 2914 4383 scilicet
2940 4328 3058 4400 ipse
3071 4331 3274 4400 praesul
3288 4329 3429 4383 idem
3441 4314 3761 4380 monasterium

509 4423 858 4480 Grimoaldus
885 4423 971 4477 vir
1018 4423 1249 4478 illustris
1298 4428 1490 4476 sancto
1542 4421 1793 4493 Remigio
1812 4420 1968 4475 villas
1995 4436 2123 4476 suas
2146 4427 2203 4495 D
2230 4415 2284 4468 in
2315 4416 2398 4470 sui
2427 4416 2570 4484 juris
2594 4416 3116 4472 dominationedum
3136 4418 3436 4482 adviveret,
3458 4405 3760 4469 conservaret,

510 4513 894 4569 Calmiciacum
920 4520 976 4568 et
998 4513 1365 4568 Victuriacum
1387 4512 1598 4579 (Mally,
1636 4513 1852 4579 Vecste),
1881 4525 1980 4580 pro
2003 4510 2124 4566 ani-

508 4621 611 4660 mae
637 4621 749 4660 suae
772 4605 1038 4661 remedio.

581 4697 677 4752 Hic
703 4695 899 4752 beatus
938 4696 1225 4758 Nivardus,
1287 4694 1416 4748 dum
1451 4709 1515 4748 ex
1537 4695 1816 4748 communi
1849 4709 2121 4749 consensu

507 4785 676 4840 totius
713 4785 933 4842 concilii
982 4785 1281 4856 praesulum
1305 4781 1516 4846 Galliae,
1550 4781 1851 4848 Namnetis,
1893 4783 2120 4839 Romani

500 4877 755 4946 jussione
783 4877 1084 4950 pontiﬁcis,
1117 4874 1371 4938 exhibiti,
1397 4889 1524 4948 rege
1552 4873 1790 4938 favente,
1826 4876 2121 4931 restruxis-

502 4972 586 5019 set
606 4967 896 5022 ecclesiam
950 4961 1270 5018 monasterii
1306 4978 1475 5031 super
1520 4961 1695 5032 ripam
1730 4962 1986 5018 Maternze
2015 4965 2121 5020 flu-

504 5054 691 5121 minis,
724 5055 781 5110 in
839 5055 960 5108 loco
993 5059 1310 5120 nuncupato
1350 5050 1559 5117 Villari,
1582 5051 1793 5108 dudum
1821 5052 1935 5117 siti,
1964 5055 2060 5110 sed
2088 5071 2119 5110 a

503 5145 753 5201 barbaris
783 5142 973 5207 diruti,
1023 5148 1079 5196 et
1110 5141 1179 5196 ab
1230 5157 1297 5198 eo
1338 5151 1653 5200 constructa
1702 5145 1819 5201 haec
1873 5144 2119 5201 funditus

502 5233 795 5290 cecidisset
824 5231 1082 5300 ecclesia,
1117 5231 1174 5286 in
1204 5231 1314 5289 alio
1344 5233 1466 5290 loco
1497 5249 1688 5290 rursus
1714 5234 1782 5290 ab
1806 5249 1872 5292 eo
1908 5243 2118 5291 restru-

504 5331 612 5390 cta,
644 5338 859 5378 rursum
886 5321 1120 5378 traditur
1143 5322 1442 5379 corruisse.
1477 5323 1720 5390 Quadam
1752 5339 1885 5380 vero
1906 5325 2000 5378 die
2024 5341 2122 5380 ve-

504 5415 665 5469 niens
713 5415 780 5470 de
834 5414 963 5471 villa
1010 5415 1310 5488 Sparnaco,
1367 5417 1534 5472 simul
1585 5416 1884 5473 comitante
1928 5432 2118 5472 secum

503 5503 730 5572 praefato
767 5504 970 5562 abbate
1009 5505 1321 5571 Berecario,
1371 5505 1547 5561 visum
1587 5505 1698 5560 sibi
1729 5514 1834 5572 est,
1887 5505 2116 5561 transito

502 5591 752 5663 flumine,
785 5595 992 5653 debere
1013 5593 1296 5668 paululum
1313 5593 1664 5665 requiescere
1693 5611 1706 5648 :
1732 5594 1926 5666 sicque
1950 5604 2116 5665 caput

571 5714 648 5785 (1)
689 5715 838 5771 idem
870 5714 1034 5771 latius
1067 5710 1303 5766 refertur
1331 5712 1386 5784 in
1419 5711 1535 5768 Vita
1566 5712 1600 5764 S
1655 5712 1956 5768 Bercharii.

2227 4516 2282 4560 et
2314 4516 2372 4562 ut
2398 4514 2522 4578 post
2538 4524 2698 4562 suum
2720 4508 3009 4564 decessum
3036 4509 3322 4565 Remensis
3341 4497 3759 4578 episcopusil’sum

2223 4599 2538 4654 coenobium
2567 4601 2862 4675 gubernet,
2919 4611 2976 4658 et
3034 4604 3259 4658 eosdem
3300 4597 3576 4656 monachos
3615 4591 3759 4644 contra

2221 4706 2416 4745 omnes
2444 4692 2802 4748 adversitates
2823 4693 3122 4761 defendat;
3158 4694 3262 4765 ipsi
3294 4707 3419 4748 vero
3448 4677 3758 4769 monachi

2224 4793 2476 4840 testatem
2499 4785 2740 4840 habeant
2767 4785 3055 4857 praelatum
3082 4763 3192 4842 sibi
3218 4781 3529 4860 regulariter
3547 4763 3752 4845 eligendi,

2223 4881 2385 4944 prout
2414 4874 2471 4927 in
2518 4873 2893 4944 descriptione
2933 4875 3110 4947 ipsius
3161 4871 3429 4948 privilegii
3483 4861 3752 4922 continetur.

2223 4966 2348 5022 Post
2379 4965 2494 5019 haec
2527 4964 2583 5019 in
2639 4967 2933 5023 ecclesiola
2975 4975 3178 5024 sancte
3207 4967 3403 5030 Mariae,
3441 4971 3584 5032 quam
3611 4951 3656 5004 in
3676 4958 3750 5032 eos

2219 5058 2345 5113 dem
2377 5059 2712 5115 monasterio
2769 5069 3168 5130 construxerat,
3201 5059 3405 5117 obiisse
3439 5044 3682 5138 ferturifl'
3703 5029 3751 5086 ad

2219 5149 2509 5206 ecclesiam
2531 5151 2704 5206 sancti
2735 5151 2972 5225 Remigii
3035 5152 3221 5208 Remis
3249 5149 3564 5220 deportatus,
3591 5125 3748 5188 ibidem

2221 5243 2472 5314 sepultus
2521 5252 2627 5299 est.

2829 5331 3036 5389 CAPUT
3088 5333 3227 5388 Vill.
3669 5397 3695 5407 Α,

2290 5424 2366 5476 De
2402 5424 2759 5478 translatione
2787 5428 2987 5478 sancta:
3042 5425 3253 5478 Helena:
3283 5419 3353 5474 ad
3380 5414 3538 5486 ipsius
3557 5402 3693 5460 sancti

2815 5514 3208 5568 monasterium
3219 5553 3228 5564 .

2287 5599 2364 5653 Ad
2392 5610 2757 5671 Praenotatum
2791 5605 2955 5674 hujus
2983 5604 3156 5660 sancti
3177 5600 3276 5657 viri
3304 5589 3586 5653 coenobium
3611 5575 3738 5629 beata?
