3970 6218
242 218 353 275 109

905 212 1229 269 HISTORIA}
1270 213 1599 269 ECCLESl/E
1641 211 1964 268 REMENSIS
2006 213 2181 268 LIBRI
2222 214 2529 278 QUATUOR
2594 246 2647 254 ο
2684 214 2807 268 LIB.
2853 216 2917 268 ll.

3480 222 3579 275 110

247 347 473 402 Helene
503 344 711 418 reginae
762 351 977 398 constat
1024 359 1225 414 corpus
1275 343 1343 397 ab
1376 342 1514 398 urbe
1561 343 1729 398 Roma
1762 342 1863 396 de-
1882 345 1936 411 Α
2034 341 2238 396 Deinde
2281 342 2600 397 venerando
2646 342 2751 397 hoc
2804 342 2859 397 in
2893 344 3127 399 ecclesia
3166 345 3307 400 villae
3356 347 3578 402 Falesize

246 446 488 494 vectum.
555 436 708 501 Quod
778 434 1004 507 quidam
1064 434 1355 505 presbyter
1418 434 1705 489 Remensis
1764 450 1863 504 pa-

248 530 497 595 rochiaa,
580 526 841 601 Tergisus
908 527 1132 582 nomine
1167 568 1180 593 ,
1255 528 1480 582 Romam
1543 527 1864 598 profectus,

248 620 432 675 noctis
485 616 750 687 inOpinus
818 616 873 669 in
955 615 1190 670 ecclesia
1248 632 1541 671 remanens
1596 622 1865 687 tempore,

249 707 465 763 iuratus
511 704 833 761 cautissime
880 721 1067 759 secum
1098 704 1311 760 studuit
1341 705 1572 761 deferre.
1602 704 1703 771 Qui
1736 705 1867 759 dum

242 798 362 865 jam
416 794 718 850 secundam
768 794 1113 848 mansionem
1161 792 1413 859 haberet,
1466 794 1521 848 in
1568 794 1708 848 silva
1745 808 1869 864 quae

250 885 461 941 civitati
520 883 736 952 adjacet
778 883 995 949 Sutria),
1057 883 1113 936 in
1174 883 1473 938 crastinum
1532 898 1730 937 unuse
1777 898 1871 937 co-

251 974 486 1029 mitibus
518 973 638 1041 ejus
692 972 923 1045 pignora
978 980 1165 1027 sancta
1217 972 1398 1027 levare
1442 988 1611 1043 super
1640 973 1869 1027 asellum

253 1063 523 1137 gestiens,
556 1078 621 1117 ea
660 1062 885 1116 minime
911 1062 1083 1117 valuit
1105 1076 1348 1116 movere.
1379 1061 1443 1114 At
1471 1059 1725 1130 stupidus
1756 1060 1872 1113 haec

255 1150 523 1225 magistro
553 1149 802 1205 notiﬁcat
830 1168 843 1216 ;
874 1149 967 1221 qui
996 1149 1245 1205 concitus
1262 1164 1520 1221 pergens,
1552 1149 1873 1202 thesaurum

255 1239 493 1310 pavidus
517 1238 926 1309 apprehensum
940 1238 1193 1306 jumento
1206 1238 1328 1292 sine
1358 1237 1623 1310 gravitate
1654 1236 1871 1306 ponde-

260 1331 338 1385 ris
372 1329 657 1400 imposuit,
689 1346 813 1384 cum
845 1338 991 1383 esset
1018 1328 1247 1384 inferior
1276 1328 1498 1399 repulso
1517 1327 1731 1384 viribus
1759 1342 1875 1382 cor-

261 1422 437 1493 poris.
470 1421 765 1477 Confessus
794 1431 877 1476 est
922 1432 1103 1476 autem
1134 1422 1280 1475 idem
1313 1420 1566 1475 minister
1607 1428 1878 1475 nocturno

259 1530 325 1568 se
352 1514 620 1583 pollutum
674 1513 843 1568 fuisse
878 1514 1114 1568 somnio.
1151 1511 1446 1568 Venientes
1502 1511 1570 1565 ad
1593 1509 1882 1582 rapidissi-

262 1624 417 1662 mum
452 1607 678 1663 ﬂuvium
711 1609 924 1674 Taram,
977 1624 1100 1662 cum
1151 1607 1306 1661 illum
1336 1621 1444 1660 non
1491 1605 1761 1659 auderent
1788 1602 1879 1655 in-

260 1698 447 1773 gredi,
481 1706 705 1769 propter
722 1699 1119 1754 validissimum
1156 1694 1881 1769 ipsiusimpetum,animal,

262 1805 424 1845 sacro
454 1798 631 1845 tutum
673 1807 922 1855 munere,
974 1798 1170 1861 sponte
1220 1789 1509 1844 descendit
1537 1788 1592 1842 in
1632 1786 1879 1840 ﬂumine.

266 1879 441 1943 Quem
474 1889 695 1947 secutus
714 1880 852 1934 alter
869 1880 1074 1935 asellus
1102 1878 1283 1934 ferens
1322 1877 1728 1949 presbyterum,
1756 1874 1885 1929 licet

268 1966 439 2021 undis
462 1983 603 2037 pene
647 1967 930 2022 videretur
968 1968 1281 2035 immersus,
1315 1968 1533 2023 transiit
1562 1975 1746 2022 tamen
1777 1965 1886 2019 ﬂu-

273 2058 447 2123 vium,
478 2075 599 2114 cum
631 2060 801 2113 latera
863 2058 1123 2115 ﬂuctibus
1160 2076 1274 2115 non
1304 2060 1535 2115 tinxisse
1564 2058 1889 2131 probaretur

272 2147 405 2201 almi
437 2148 686 2219 pignoris
743 2148 981 2217 bajulus.
1038 2150 1171 2204 Item
1221 2150 1350 2203 dum
1378 2156 1640 2219 superant
1669 2147 1887 2218 Alpium

263 2241 405 2315 juga
437 2241 687 2312 quaedam
720 2257 907 2296 comes
930 2241 1095 2309 hujus
1113 2242 1330 2296 itineris
1352 2241 1534 2311 puella
1566 2241 1620 2294 in
1646 2256 1889 2310 praeceps

269 2327 480 2383 labitur
536 2336 673 2384 acta.
732 2330 860 2395 Qum
908 2329 1040 2383 dum
1088 2329 1479 2384 miserabiliter
1516 2328 1753 2384 volvitur
1792 2344 1891 2398 per

276 2419 507 2485 devexa,
559 2421 694 2475 socii
746 2420 920 2475 beatae
952 2420 1155 2495 reginae
1188 2422 1591 2491 proclamantes
1622 2427 1891 2489 expetunt

274 2512 587 2582 patrocinia
621 2531 633 2566 :
667 2529 791 2568 cum
834 2513 1019 2568 subito
1065 2514 1121 2568 in
1160 2520 1436 2585 prierupto
1481 2512 1685 2567 montis
1733 2512 1890 2567 haesit

274 2599 452 2653 latere
473 2599 699 2671 delapsa
732 2618 745 2667 ;
777 2600 970 2671 sicque
1012 2600 1270 2655 demissis
1323 2600 1565 2656 fasciolis
1597 2599 1892 2655 retrahitur

278 2691 578 2745 incolumis
602 2692 670 2745 ad
701 2692 1002 2762 superiora,
1034 2691 1262 2761 nullam,
1294 2708 1396 2747 ceu
1424 2692 1602 2747 visum
1645 2692 1753 2746 sibi
1787 2700 1890 2757 est,

276 2778 565 2833 laesionem
596 2796 877 2850 perpessa.
906 2780 1115 2845 Quibus
1161 2781 1460 2852 compertis
1503 2782 1755 2836 nonnulli
1788 2781 1895 2835 mi-

280 2871 507 2937 raculis,
542 2871 797 2928 devotius
837 2874 1002 2943 hujus
1047 2873 1235 2929 oneris
1279 2873 1686 2929 lamulabantur
1731 2873 1889 2929 obse-

279 2962 453 3034 quiis.
473 2965 619 3019 lnter
649 2981 786 3036 quos
817 2982 961 3038 equo
974 2966 1197 3039 quidam
1215 2966 1503 3032 desiliens,
1527 2966 1896 3037 beatasuper—

1967 434 2151 504 posito
2180 450 2430 497 munere.
2456 434 2681 506 quidam
2714 435 2988 491 lunaticus
3007 437 3258 492 eamdem
3290 438 3578 494 basilicam

1968 533 2051 580 est
2072 525 2374 599 ingressus.
2414 526 2545 580 Tum
2573 526 2872 583 novissime
2922 537 3168 596 vexatus,
3202 530 3399 585 merita
3437 531 3578 587 bea-

1968 613 2193 669 tissimae
2215 614 2533 686 petentibus
2561 616 2776 672 cunctis
2806 617 3129 686 plenissime
3149 619 3460 692 regreditur
3482 619 3585 675 ab-

1968 706 2198 773 solutus,
2233 706 2448 780 integra
2468 707 2680 763 scilicet
2700 709 2965 780 sospitate
3006 710 3258 766 donatus.
3299 712 3354 765 In
3387 712 3580 765 eadem

1966 795 2097 850 villa
2127 796 2350 867 quidam
2400 796 2595 853 morbo
2654 798 2873 853 attritus
2930 799 3036 854 tria
3065 799 3298 873 grabato
3331 809 3585 873 exegerat

1970 888 2163 956 lustra,
2195 904 2359 944 carne
2382 888 2495 959 jam
2526 889 2602 944 ita
2629 890 2935 961 putrefacta
2967 898 3027 947 ut
3056 893 3251 967 viginti
3277 893 3378 949 tria
3405 910 3435 949 e
3456 909 3583 949 cor-

1973 996 2106 1051 pore
2132 981 2307 1052 ipsius
2344 982 2610 1037 cecidisse
2641 982 2847 1038 feratur
2866 999 2989 1039 ossa
3016 1002 3028 1039 :
3054 985 3146 1057 qui
3163 987 3230 1040 ad
3256 987 3436 1041 divam
3458 1003 3587 1057 per-

1972 1072 2115 1127 latus
2140 1074 2573 1136 medicatricem,
2604 1075 2806 1131 virtute
2851 1075 3039 1131 divina
3064 1086 3304 1145 erectus,
3334 1087 3589 1149 stupente

1975 1160 2180 1232 populo
2209 1160 2457 1215 redditur
2486 1177 2653 1216 sanus
2712 1164 2969 1227 Quaedam
3000 1180 3224 1237 quoque
3258 1168 3460 1236 puella,
3486 1183 3588 1221 no-

1977 1248 2125 1303 mine
2158 1250 2316 1313 Bava,
2346 1249 2583 1321 genibus
2604 1258 2835 1308 attracta
2874 1269 3096 1323 repens,
3131 1261 3323 1325 utpote
3355 1262 3591 1325 utroque

1978 1338 2188 1408 poplite
2222 1345 2505 1393 contracto
2527 1338 2718 1393 matris
2733 1357 2799 1394 ex
2825 1342 3246 1407 utero,basibus
3271 1343 3360 1398 hic
3390 1343 3594 1397 solida-

1976 1426 2068 1491 tis,
2102 1432 2250 1481 recto
2273 1428 2501 1483 recessit
2529 1428 2784 1503 vestigio,
2839 1446 3074 1501 quaeque
3107 1431 3455 1501 postmodum
3490 1431 3595 1485 Re-

1980 1519 2086 1573 mis
2116 1518 2171 1572 in
2202 1528 2394 1575 saneto
2444 1522 2746 1591 permansit
2776 1523 3082 1593 pr0posito.
3116 1523 3339 1578 Accedit
3376 1539 3595 1594 quoque

1990 1606 2212 1672 femina,
2245 1624 2367 1678 qum
2415 1609 2651 1679 paralysi
2683 1611 2921 1665 resoluta
2964 1610 3167 1684 linguae
3200 1611 3421 1682 penitus
3452 1611 3595 1665 ami-

1987 1701 2134 1749 serat
2187 1694 2391 1760 ofﬂcia,
2446 1696 2695 1767 laxisque
2752 1698 2956 1764 nervis,
3026 1698 3231 1753 dextrae
3290 1714 3485 1753 manus
3516 1698 3601 1751 in-

1983 1784 2140 1840 utilia
2159 1785 2553 1856 dependebant
2580 1788 2819 1843 vincula.
2854 1788 3018 1858 Cujus
3044 1791 3243 1845 allatus
3280 1790 3337 1843 in
3370 1806 3599 1844 munero

1985 1873 2265 1941 linteolus,
2318 1884 2377 1929 ut
2431 1876 2645 1931 thecam
2694 1878 2832 1931 sacri
2882 1879 3115 1953 contigit
3163 1880 3434 1949 corporis,
3478 1895 3601 1932 mu-

1986 1966 2088 2021 lier
2112 1966 2357 2038 pristinae
2383 1968 2573 2023 munia
2605 1969 2863 2039 perfectae
2888 1970 3099 2041 recepit
3126 1971 3338 2025 salutis.
3367 1972 3599 2035 Quidam

1986 2056 2187 2111 surdus
2224 2073 2254 2110 a
2302 2057 2583 2111 nativitate
2632 2074 2919 2114 vervecem
2988 2059 3236 2125 adduxit,
3304 2059 3597 2113 ecclesiam

1990 2144 2269 2218 ingressus
2292 2146 2360 2199 ad
2412 2146 2702 2201 missarum
2741 2148 2994 2202 solennia
3017 2148 3189 2203 stetit.
3228 2148 3292 2203 Ut
3325 2148 3391 2203 ad
3428 2163 3601 2202 evan—

1988 2237 2194 2309 gelium
2225 2244 2448 2292 ventum
2505 2246 2591 2292 est
2630 2239 2992 2300 recitandum.
3027 2241 3197 2295 verba
3225 2240 3349 2296 vitae
3383 2239 3605 2294 insolita

1990 2329 2159 2399 coepit
2213 2345 2344 2383 aure
2411 2330 2701 2401 percipere
2736 2348 2884 2404 ;quo
2926 2333 3170 2402 perlecto
3223 2340 3443 2387 curatus
3473 2346 3607 2385 con—

1990 2416 2167 2472 fessus
2209 2428 2290 2473 est
2341 2420 2695 2495 Evangelium
2734 2438 2795 2476 se
2853 2438 3134 2493 nunquam
3172 2423 3324 2494 prius
3364 2422 3604 2477 audisse.

1993 2512 2151 2566 Pater
2176 2511 2399 2587 quidam
2432 2512 2687 2568 lactentis
2724 2514 2951 2569 advenit
2981 2516 3160 2585 pueri,
3206 2530 3369 2585 quem
3398 2515 3465 2569 ad
3489 2515 3609 2568 exi-

1994 2603 2129 2658 tium
2151 2604 2490 2677 jamjamque
2520 2605 2602 2659 vis
2628 2606 2952 2676 impellebat
2982 2607 3347 2681 aegritudinis.
3386 2607 3611 2662 Genitor

1998 2708 2151 2764 ergo,
2174 2701 2361 2748 votum
2389 2708 2488 2764 pro
2509 2695 2621 2748 vita
2651 2710 2857 2749 vovens
2887 2696 3024 2760 nati,
3057 2695 3241 2759 rediit,
3275 2703 3327 2751 et
3350 2712 3609 2766 puerum,

1997 2784 2090 2856 qui
2114 2801 2211 2855 per
2223 2785 2472 2857 quinque
2498 2786 2611 2853 jam
2624 2785 2745 2839 dies
2761 2785 3003 2841 fomenta
3030 2794 3315 2857 spreverat
3336 2804 3613 2856 mammae,

1998 2878 2201 2948 reperit
2221 2878 2580 2941 incolumem,
2600 2878 2795 2949 lacque
2816 2886 3125 2952 sugentem.
3148 2879 3616 2951 Paralyticusqui-

1999 2965 2122 3019 dam
2135 2966 2477 3021 Trevirorum
2495 2982 2525 3021 e
2538 2964 2745 3021 ﬁnibus
2757 2975 2839 3021 est
2863 2969 3147 3033 advectus,
3170 2968 3263 3039 qui
3287 2978 3498 3039 septem
3514 2968 3618 3021 du-

282 3052 522 3123 imponit
581 3054 832 3127 pignora,
888 3056 1271 3127 descensuque
1323 3054 1528 3110 montis
1579 3062 1753 3109 artam
1813 3030 1969 3108 in-C
2000 3053 3616 3126 dumvicibusomniummembrorumsoliditatemadeptus,

281 3162 511 3220 gressus
557 3146 830 3213 semitam,
857 3147 1097 3219 prOpriis
1125 3163 1266 3203 onus
1308 3146 1784 3203 extollithumeris
1832 3148 1895 3200 At

282 3235 473 3290 subito
527 3234 739 3290 lubrica
787 3234 929 3306 pede
974 3243 1162 3291 secuto
1221 3235 1330 3291 ruit
1359 3235 1412 3289 in
1447 3252 1713 3307 praeceps,
1744 3250 1898 3289 sacra

285 3335 473 3382 tamen
519 3326 763 3382 brachiis
814 3327 1034 3382 astricta
1080 3326 1414 3383 mullatenus
1469 3327 1731 3382 omittens
1778 3343 1901 3381 mu-

288 3437 464 3476 nera:
495 3438 619 3476 cum
661 3423 933 3493 protinus,
960 3422 1122 3478 turba
1168 3428 1440 3495 sequente
1470 3436 1674 3476 nomen
1701 3419 1905 3492 reginae

289 3515 556 3588 precibus
594 3515 994 3589 ingeminante,
1054 3530 1255 3586 equus,
1304 3513 1399 3586 qui
1456 3527 1611 3567 sacra
1637 3519 1904 3585 gesserat,

288 3623 452 3663 suam
493 3607 654 3662 nihili
686 3608 940 3679 pendens
965 3607 1205 3675 ruinam,
1251 3612 1501 3662 ruentem
1532 3602 1907 3659 anterioribus

294 3700 582 3754 hominem
599 3700 855 3755 cruribus
872 3699 1175 3771 amplexus,
1198 3698 1391 3753 tandiu
1414 3714 1563 3765 eum,
1591 3698 1701 3752 Deo
1714 3712 1773 3751 se
1786 3712 1908 3751 sus-

292 3790 510 3845 tinente
543 3790 742 3857 tenuit,
770 3789 949 3844 donec
1004 3787 1073 3843 ab
1103 3787 1301 3843 incolis
1355 3787 1550 3843 subter
1578 3786 1911 3859 degentibus

290 3879 504 3955 glacies
523 3878 668 3934 ferro
700 3878 960 3949 crispata,
1013 3884 1068 3932 et
1097 3883 1207 3932 tam
1254 3878 1417 3932 homo
1457 3894 1621 3948 quam
1654 3891 1834 3948 equus
1853 3876 1908 3929 in

292 3970 494 4027 callem
524 3977 653 4025 sunt
707 3968 936 4024 funibus
973 3968 1234 4023 revocati.
1286 3967 1681 4023 Pervenientes
1725 3974 1909 4023 autem

289 4061 363 4117 ad
394 4077 595 4132 pagum
644 4059 1029 4133 Lingonicum,
1072 4059 1128 4113 in
1184 4059 1368 4115 vicum
1401 4058 1496 4131 qui
1541 4067 1768 4115 vocatur
1794 4058 1915 4113 Osi—

292 4169 471 4219 smus,
486 4152 734 4208 ecclesia
751 4151 898 4207 beati
920 4150 1255 4218 Winebaldi,
1273 4151 1445 4206 almas
1463 4151 1769 4206 intulerunt
1783 4148 1914 4205 reli-

296 4245 482 4317 quias.
515 4243 617 4298 Ubi
652 4243 901 4315 quaedam
951 4250 1230 4300 contracta
1273 4244 1512 4316 genibus
1558 4258 1760 4314 repens
1790 4258 1915 4296 mu-

2006 3141 2187 3204 toties,
2212 3143 2393 3197 carnis
2410 3160 2469 3197 se
2495 3144 2877 3214 prementibus
2893 3144 3202 3211 desideriis,
3233 3143 3621 3199 miserabiliter

2009 3242 2091 3288 est
2149 3241 2541 3290 recontractus.
2602 3235 2702 3298 Qui
2736 3244 3028 3307 postquam
3063 3236 3286 3306 propria
3332 3235 3621 3291 confessus

2010 3328 2094 3376 est
2119 3320 2385 3387 facinora,
2416 3322 2565 3393 quod
2601 3338 2710 3376 non
2750 3331 2937 3395 egerat
2960 3324 3073 3392 jam
3104 3324 3401 3380 vicesimus
3430 3325 3621 3380 volve-

2005 3411 2169 3466 batur
2198 3429 2395 3479 annus,
2439 3430 2800 3484 permansura
2843 3414 3111 3485 deinceps
3142 3424 3225 3471 est
3256 3418 3492 3471 sanitate
3522 3432 3624 3487 po-

2006 3507 2159 3561 titus.
2188 3504 2362 3559 Allata
2383 3510 2469 3557 est
2517 3502 2649 3557 item
2678 3501 2879 3557 mulier
2921 3503 3194 3573 quaedam.
3226 3505 3417 3560 dextro
3452 3507 3623 3561 latere

2008 3598 2181 3670 pestis
2221 3595 2566 3651 immunitate
2619 3594 2881 3661 resoluta,
2923 3610 3046 3665 quae
3086 3594 3385 3665 perfectam
3425 3612 3625 3653 conse-

2008 3697 2134 3744 cuta
2172 3685 2465 3753 medelam,
2520 3700 2742 3740 reversa
2806 3691 2891 3738 est
2932 3699 3085 3738 sana.
3146 3684 3304 3751 ltem,
3334 3684 3628 3741 adducitur

2008 3795 2171 3834 mane
2185 3777 2385 3833 mulier
2410 3792 2571 3839 caaca,
2602 3790 2722 3847 quae
2736 3774 2871 3829 hora
2901 3773 3163 3829 rutilante
3190 3773 3375 3840 tertia,
3408 3775 3628 3846 gemina

2010 3868 2325 3943 regreditur
2354 3866 2662 3921 illuminata
2690 3864 2933 3920 lucerna.

2082 3958 2330 4029 Denique
2378 3964 2438 4011 ut
2481 3955 2688 4026 perlata
2714 3961 2795 4009 est
2824 3954 2893 4008 ad
2948 3951 3231 4024 praefatum
3286 3950 3632 4006 Altumvilla—

2015 4069 2175 4109 rense
2197 4050 2591 4108 monasterium
2642 4046 3010 4104 sacratissima
3058 4045 3242 4118 gleba,
3298 4043 3631 4115 quihusdam

2015 4144 2403 4200 dubitantibus
2424 4158 2493 4197 an
2526 4142 2645 4212 ipsa
2669 4140 2809 4196 foret
2840 4139 3047 4193 Helena
3082 4136 3425 4193 Constantini
3447 4136 3634 4207 Augu-

2015 4234 2084 4290 sti
2115 4233 2375 4306 genitrix,
2428 4230 2721 4302 vitalisque
2754 4228 2888 4302 ligni
2919 4227 3212 4299 repertrix,
3256 4227 3311 4280 id
3355 4224 3632 4296 probabili

298 4316 557 4404 liercula,
591 4352 713 4392 mox
735 4345 794 4392 ut
820 4337 1015 4393 horum
1055 4344 1341 4411 gestamen
1374 4337 1665 4409 pignorum
1706 4334 1909 4408 attigit,
1938 4353 1997 4422 Ι)
2020 4324 2266 4422 (Σιπίξξαε
2294 4337 2610 4422 δεδξὶγθτθδτθ
2641 4321 2901 4422 άξξιξξιῐυῗ
2929 4335 3084 4422 aqu-if?
3118 4316 3634 4422 infliCiOxll'i‘duano

299 4426 371 4481 ad
394 4442 494 4481 sua
521 4423 787 4481 revocatis
817 4423 1000 4480 officia
1030 4425 1230 4489 nervis,
1260 4425 1481 4481 sanitati
1514 4424 1913 4495 perfectissime

302 4513 575 4570 redditur.
633 4513 769 4567 Inde
823 4511 1024 4567 itinere
1057 4512 1221 4567 unius
1267 4513 1377 4567 diei
1411 4519 1657 4583 peracto,
1689 4512 1915 4583 quidam

300 4605 567 4663 omnibus
589 4606 702 4674 jam
725 4619 821 4675 per
848 4604 1174 4659 sexennium
1206 4604 1507 4660 dissolutus
1530 4604 1778 4671 artubus,
1808 4604 1919 4658 lin-

302 4709 459 4755 teum
489 4699 666 4753 beata:
712 4697 917 4771 reginae
960 4713 1085 4752 cum
1120 4697 1305 4769 gladio
1356 4696 1523 4751 mittit
1567 4697 1625 4751 in
1671 4712 1917 4751 munere.

303 4788 415 4844 Sed
445 4794 740 4857 antequam
785 4786 990 4854 conjux
1026 4786 1145 4855 ejus
1174 4786 1241 4840 ad
1274 4802 1422 4851 eum,
1460 4801 1583 4857 quae
1615 4786 1732 4840 haec
1757 4785 1921 4840 detu-

306 4881 449 4935 lerat
476 4873 823 4941 munuscula,
847 4874 1074 4940 rediret,
1100 4873 1352 4930 infirmus
1371 4874 1519 4929 idem
1547 4874 1922 4931 membrorum

304 4970 559 5027 omnium
584 4973 875 5037 recuperat
902 4966 1113 5021 munia.
1146 4965 1239 5019 His
1269 4964 1493 5031 auditis,
1516 4964 1768 5036 quaedam
1801 4980 1923 5018 ma-

307 5057 411 5113 tris
435 5057 504 5111 ab
536 5063 696 5113 utero
725 5072 869 5112 caeca
897 5057 1143 5128 puellula
1181 5057 1477 5111 deducitur
1517 5057 1623 5111 huc
1638 5056 1707 5110 ad
1737 5063 1926 5110 sancta

309 5146 592 5218 praesidia,
613 5161 853 5217 moxque
878 5146 1007 5200 dum
1049 5144 1314 5200 feretrum
1345 5143 1521 5199 beata:
1544 5143 1777 5216 contigit
1813 5143 1926 5198 Do-

312 5236 502 5303 minae,
535 5234 771 5305 depulsa
786 5234 973 5289 lumen
1004 5233 1215 5305 recepit
1245 5233 1511 5288 caecitate.
1540 5228 1810 5304 Ingressis
1834 5230 1937 5285 vil-

312 5330 422 5384 lam
446 5329 717 5399 Avergam
771 5326 1019 5396 quedam
1060 5332 1231 5391 muta,
1262 5325 1359 5380 sed
1388 5332 1442 5379 et
1470 5322 1654 5380 ofﬁcio
1676 5338 1935 5377 manuum

310 5419 604 5481 destituta,
656 5416 1012 5490 progreditur
1062 5416 1305 5483 obviam,
1327 5431 1450 5487 qua:
1482 5415 1687 5481 statim,
1710 5429 1940 5484 recupe-

310 5512 449 5567 ratis
475 5508 861 5566 membrorum
915 5508 1136 5570 muniis,
1185 5513 1427 5577 optatam
1459 5504 1661 5560 meruit
1690 5501 1940 5558 invenire

311 5601 619 5661 medelam.

2018 4413 2360 4485 supplicatus
2382 4410 2617 4481 jejunio.
2673 4409 2961 4464 Mittuntur
2990 4408 3154 4462 etiam
3186 4415 3301 4462 tres
3354 4406 3550 4460 fratres
3572 4423 3637 4461 ex

2016 4507 2213 4563 eodem
2245 4504 2580 4560 monasterio
2606 4503 2858 4568 Romam,
2890 4501 2960 4555 ad
2988 4500 3357 4575 indagandam
3401 4499 3640 4553 transla-

2021 4596 2188 4651 tionis
2226 4595 2389 4664 hujus
2452 4592 2629 4648 beatze
2688 4590 2894 4666 regina)
2924 4587 3319 4645 certitudinem
3344 4605 3357 4651 ;
3384 4587 3479 4658 qui
3514 4586 3640 4641 red-

2023 4697 2220 4743 euntes
2274 4695 2329 4742 et
2358 4684 2603 4743 veritatis
2632 4682 2797 4751 hujus
2828 4681 3174 4755 indaginem,
3205 4689 3260 4736 et
3291 4679 3633 4753 geminatum

2021 4778 2308 4851 gaudium,
2340 4791 2541 4847 corpus
2591 4771 2850 4828 videlicet
2896 4771 3043 4827 beati
3084 4769 3369 4840 Polycarpi
3404 4768 3637 4840 presby-

2026 4867 2409 4939 teri,collegae
2455 4864 2629 4921 sancti
2697 4861 3033 4929 Sebastiani,
3088 4859 3221 4915 huic
3273 4858 3507 4913 attulere
3529 4874 3643 4913 coe-

2028 4959 2221 5015 nobio.
2526 4952 2535 4961 ’

2103 5047 2276 5116 Hujus
2323 5045 2495 5100 beatae
2534 5042 2740 5116 reginae
2767 5041 3047 5114 quondam
3103 5037 3270 5093 natali
3298 5036 3390 5090 die
3450 5035 3641 5090 immi-

2030 5151 2216 5206 nente,
2268 5140 2570 5211 piscatores
2617 5136 3020 5192 monachorum
3073 5141 3239 5187 noctu
3291 5128 3645 5199 capturaein-

2037 5231 2255 5286 stabant
2280 5229 2515 5301 piscium
2548 5227 2605 5281 in
2654 5226 2895 5280 Materna
2934 5221 3187 5288 ﬂumine,
3211 5233 3481 5289 cassoque
3529 5217 3648 5272 fru-

2038 5321 2192 5377 strati
2248 5334 2346 5390 per
2392 5324 2560 5372 totam
2611 5313 2726 5370 fere
2758 5319 2976 5368 noctem
3034 5310 3243 5376 labore,
3270 5308 3490 5364 tandem
3513 5323 3647 5363 con-

2041 5409 2242 5483 questi,
2274 5413 2517 5461 sanctam
2550 5403 2811 5458 Helenam
2856 5415 2955 5471 pro
3004 5415 3103 5454 sua
3142 5405 3428 5469 coeperunt
3479 5396 3652 5453 incla-

2041 5519 2193 5557 mare
2224 5497 2569 5573 fatigatione.
2624 5495 2760 5549 Tum
2793 5492 2850 5546 in
2882 5492 2999 5559 Dei,
3054 5498 3108 5547 et
3136 5490 3197 5546 in
3228 5490 3402 5561 ipsius
3427 5489 3653 5543 nomine

2043 5594 2289 5650 laxantes
2310 5597 2447 5659 rete,
2488 5584 2713 5661 gemino
2736 5581 2892 5640 ditati
2914 5581 3164 5656 gaudent
3192 5595 3373 5639 esoce.
3402 5579 3511 5635 Sed
3530 5593 3654 5635 mox
