3970 6218
492 285 590 338 111

1607 276 1972 332 FLODOARDI
2014 273 2319 330 CANONlCI
2361 275 2687 331 REMENSIS
3665 288 3746 341 112

493 430 637 470 unus
667 414 860 468 horum
896 419 1151 481 repetens
1167 419 1417 473 matrem,
1441 407 1678 479 quodam
1701 406 1905 481 gaudia
1929 405 2102 459 inter—
2125 409 2178 475 Α
2198 407 2367 475 Rieul)
2390 406 2733 478 episcopium
2772 407 2879 461 hoc
2909 412 2992 462 est
3021 406 3273 479 adeptus,
3303 408 3444 480 quod
3471 416 3569 474 tam
3602 409 3745 467 haere-

493 504 699 576 polavit
746 518 1001 557 mcerore.
1055 502 1301 572 Dumque
1378 515 1569 554 rursus
1614 505 1941 569 queruntur,
2000 497 2102 550 ite-

494 610 724 664 rumque
800 593 1080 647 dominam
1141 590 1489 644 inclamando
1561 588 1872 651 turbantur,
1935 586 2102 656 piscis

398 702 406 709 ’
491 683 713 753 elapsus
740 680 1065 735 mirabiliter
1112 678 1248 733 dans
1268 677 1465 732 saltum
1492 676 1560 730 ab
1594 676 1725 740 imo,
1758 673 2098 745 superiorem

492 773 622 828 retis
672 771 857 826 funem
893 772 1241 826 tenacissimo
1272 771 1502 841 corripit
1554 786 1761 837 morsu,
1810 776 1864 823 et
1904 770 1983 824 sic
2015 769 2103 823 in—

493 867 705 919 hzerens
721 863 836 918 funi
860 864 1148 935 pependit,
1168 864 1345 918 donec
1361 861 1701 933 stupefactus
1726 877 1852 916 eum
1879 862 2102 916 tandem

491 952 731 1027 piscator
759 960 1040 1026 gratanter
1067 950 1301 1022 excepit.

1133 1041 1343 1096 CAPUT
1399 1041 1463 1094 1X

490 1138 564 1189 De
595 1137 952 1189 translatione
1005 1136 1180 1189 sancti
1236 1132 1474 1201 Sindulﬁ
1532 1132 1606 1185 ad
1657 1131 1803 1185 idem
1831 1136 2100 1186 monaste-

1216 1227 1380 1278 rium.

560 1317 637 1370 Ad
679 1318 783 1370 hoc
812 1313 1209 1369 monasterium
1240 1312 1388 1367 beati
1422 1308 1652 1365 Sindulﬁ
1686 1311 1944 1366 translata
1972 1318 2101 1365 sunt

491 1426 636 1475 ossa,
670 1426 793 1481 qua!
843 1410 900 1462 in
956 1408 1086 1463 villa
1133 1423 1254 1478 quae
1311 1406 1515 1460 dicitur
1571 1404 1837 1468 Alsontia,
1889 1403 2101 1458 fuerant

493 1498 791 1569 posita,ubi
838 1498 949 1553 Deo
1004 1498 1150 1551 idem
1207 1504 1429 1550 sanctus
1482 1493 1565 1547 vir
1614 1492 1941 1548 sacerdotali
1975 1509 2098 1546 ser-

490 1591 666 1645 vierat
687 1588 893 1656 ofﬁcio,
926 1596 979 1643 et
1010 1588 1102 1643 ubi
1155 1586 1407 1659 pluribus
1440 1591 1563 1656 post
1584 1584 1797 1640 obitum
1830 1584 2100 1639 claruerat

494 1680 790 1735 miraculis.
825 1679 991 1747 Cujus
1023 1678 1253 1749 pignora
1286 1683 1345 1730 ut
1377 1676 1584 1745 perlata
1636 1680 1765 1728 sunt
1795 1674 1861 1728 ad
1885 1673 2091 1734 villam,

492 1788 614 1844 quze
653 1771 855 1825 dicitur
882 1769 1069 1839 Spida,
1098 1768 1298 1822 mulier
1340 1766 1589 1837 quaedam
1620 1781 1763 1820 caeca
1803 1764 2095 1835 pristinum

491 1863 681 1934 gavisa
739 1867 822 1914 est
853 1859 1038 1913 lumen
1069 1857 1287 1927 adepta.
1313 1855 1555 1926 Cumque
1586 1853 2102 1926 appropinquarent

486 1950 597 2017 jam
649 1956 815 2019 portae
872 1946 1111 2001 civitatis
1160 1945 1466 2009 Remensis,
1513 1943 1734 2003 obviam
1770 1949 2097 2013 properante

492 2041 679 2111 populi
730 2038 1109 2101 multitudine,
1146 2037 1377 2091 accessit
1425 2035 1676 2107 quaedam
1722 2044 1870 2088 muta
1905 2041 1960 2088 et
1996 2035 2098 2089 de-

489 2130 617 2185 bilis
678 2146 843 2184 manu
889 2127 1072 2199 puella
1105 2145 1118 2189 ;
1149 2142 1271 2198 quze
1306 2133 1362 2179 ut
1393 2141 1453 2179 se
1486 2132 1642 2179 teme
1672 2123 1983 2194 prostravit,
2027 2123 2095 2178 ab

488 2230 718 2291 utraque
746 2220 928 2274 sanari
952 2227 1105 2290 peste
1123 2217 1443 2289 promeruit.
1478 2217 1648 2271 Allata
1671 2224 1754 2269 est
1788 2214 1916 2269 illuc
1946 2231 2097 2286 quae».

485 2314 609 2367 dam
632 2314 959 2367 muliercula
979 2311 1258 2376 manibus,
1275 2309 1624 2384 genibusque
1647 2314 1949 2372 contracta,
1975 2321 2096 2377 quae

485 2404 772 2471 continuo,
794 2414 853 2458 ut
874 2403 1045 2458 estad
1082 2411 1282 2458 terram
1314 2400 1587 2471 deposita,
1629 2399 1849 2453 sanitati
1883 2399 2098 2452 laetatur

487 2496 757 2552 restituta.
809 2496 915 2549 Sed
968 2494 1064 2549 ubi
1120 2495 1265 2548 victa
1305 2495 1433 2548 luxu
1471 2491 1695 2562 gloriari
1727 2491 1912 2561 ccepit,
1945 2490 2094 2561 quod

488 2605 607 2643 eam
637 2588 822 2653 vellet,
851 2586 1043 2651 nollet,
1074 2586 1159 2640 vir
1197 2601 1331 2639 suus
1358 2584 1648 2655 reciperet,
1676 2584 1771 2654 qui
1796 2599 1913 2637 eam
1938 2581 2095 2636 inﬁr-

484 2680 691 2734 mitatis
713 2679 875 2747 hujus
930 2694 1096 2732 causa
1137 2677 1443 2742 dimiserat,
1491 2676 1559 2730 ad
1586 2676 1871 2745 depulsam
1904 2691 2094 2729 rursus

482 2776 567 2823 est
591 2767 870 2821 miseriam
909 2766 1175 2821 revoluta.
1203 2766 1337 2819 Item
1364 2771 1425 2819 ut
1450 2763 1630 2834 posita
1659 2772 1788 2817 sunt
1808 2762 1957 2817 beati
1990 2763 2092 2817 viri

482 2857 731 2912 membra
762 2857 816 2910 in
844 2855 1100 2920 ecclesia,
1128 2869 1311 2909 coram
1342 2852 1498 2907 altari
1532 2858 1733 2907 sanctze
1758 2852 1960 2917 Mariae,
1994 2851 2093 2905 ad-

481 2951 631 3006 venit
685 2948 935 3021 quzedam
984 2946 1168 3018 puella
1212 2954 1437 3016 reptans
1476 2944 1713 3019 genibus
1771 2950 2089 2999 contracta:

2125 1721 2173 1789 Β

2203 498 2436 561 ditariis,
2492 516 2655 572 quam
2709 499 2981 571 emptitiis
3035 501 3311 556 invenitur
3356 501 3557 557 auxisse
3598 501 3746 558 rebus.

2203 589 2302 655 Qui
2333 606 2400 644 ex
2431 599 2707 660 przecepto
2739 589 2930 646 domui
2962 589 3180 646 Nivardi
3201 606 3391 646 causas
3419 591 3553 661 apud
3582 592 3745 666 regiam

2204 682 2544 749 majestatem
2604 697 2701 753 pro
2733 682 2899 737 rebus
2929 682 3340 749 ecclesiasticis,
3373 683 3452 738 vel
3479 682 3744 739 colonorum

2204 772 2423 847 legibus
2459 773 2638 845 egisse
2669 790 2734 829 ac
2762 774 2995 829 evicisse
3013 775 3302 845 reperitur.
3320 774 3436 845 Ipse
3450 790 3570 830 vero
3596 774 3746 831 beatus

2206 861 2405 917 Reolus
2436 862 2492 916 in
2522 862 2846 934 episcOpatu
2898 864 3010 932 jam
3048 863 3257 935 positus
3308 880 3547 940 magnam
3594 863 3746 920 habuit

2205 949 2593 1019 intentionem,
2627 967 2725 1023 pro
2752 951 2919 1007 rebus
2939 953 3209 1024 praemissi
3240 952 3413 1009 sancti
3440 952 3636 1009 Nivardi
3656 952 3747 1023 epi-

2203 1039 2378 1110 scopi,
2408 1055 2532 1095 cum
2564 1040 2917 1097 Gundeberto
2946 1042 3092 1115 regis
3112 1041 3393 1113 optimate,
3423 1041 3581 1113 ipsius
3600 1042 3748 1098 domui

2203 1130 2422 1187 Nivardi
2478 1130 2643 1189 fratre
2689 1149 2973 1209 germano,
3034 1133 3253 1190 dicente
3281 1133 3610 1191 Gundeberto
3634 1134 3749 1205 quod

2201 1222 2343 1278 villze
2371 1224 2616 1296 germani
2664 1226 2749 1280 sui
2780 1226 3004 1282 Nivonis
3029 1227 3296 1299 episcopi,
3332 1236 3437 1283 tam
3469 1227 3533 1281 de
3552 1232 3750 1298 paterna,

2201 1330 2364 1384 quam
2395 1314 2466 1369 de
2513 1321 2759 1370 materna
2806 1315 3150 1383 haereditate,
3197 1332 3333 1388 quas
3387 1316 3512 1373 Nivo
3558 1314 3753 1372 moriens

2202 1406 2593 1479 dereliquerat,
2624 1406 2728 1479 ipsi
2754 1408 2877 1477 jure
2904 1407 3154 1485 legitimo
3186 1408 3528 1464 deberentur.
3566 1409 3621 1464 At
3649 1422 3751 1462 con-

2202 1502 2283 1549 tra
2314 1496 2552 1551 domnus
2583 1497 2786 1553 Reolus
2824 1497 2908 1553 vel
2948 1504 3177 1570 agentes
3215 1497 3299 1553 sui
3350 1497 3609 1562 dicebant,
3637 1494 3750 1568 quod

2201 1586 2438 1643 domnus
2467 1588 2733 1645 Nivardus
2793 1606 3015 1646 omnem
3076 1606 3192 1646 rem
3241 1607 3413 1656 suam,
3468 1605 3558 1661 pro
3594 1589 3748 1644 animae

2200 1697 2312 1735 suae
2342 1681 2608 1749 remedio,
2643 1682 2710 1736 ad
2772 1683 2889 1738 loca
2945 1692 3262 1739 sanctorum
3319 1700 3415 1756 per
3449 1699 3539 1738 sua
3590 1682 3751 1736 instru-

2199 1776 2384 1824 menta
2422 1770 2765 1836 contulisset,
2804 1771 3016 1826 scilicet
3048 1772 3117 1827 ad
3149 1772 3434 1828 ecclesiam
3463 1778 3638 1826 sancta:
3663 1768 3750 1822 Ma-

2201 1862 2315 1927 riae,
2342 1868 2397 1916 et
2426 1863 2601 1917 sancti
2668 1863 2927 1936 Remigii,
2961 1871 3124 1936 atque
3185 1865 3254 1919 ad
3299 1861 3654 1920 monasterium
3686 1860 3754 1914 Al-

2201 1953 2531 2019 tumvillare,
2574 1968 2788 2008 necnon
2818 1962 2872 2008 et
2924 1953 3276 2017 Viriziacum,
3305 1952 3400 2008 ubi
3429 1953 3643 2007 domnus
3669 1949 3750 2003 Ba-

2199 2043 2349 2097 solus
2400 2043 2455 2097 in
2493 2058 2723 2114 corpore
2771 2042 3113 2115 requiescit;
3156 2058 3279 2115 quae
3319 2040 3625 2096 monasteria
3661 2037 3751 2108 ipse

2200 2131 2436 2186 domnus
2465 2131 2600 2186 Nivo
2648 2147 2748 2187 suo
2779 2138 3179 2199 construxerat,
3209 2131 3293 2186 vel
3325 2137 3630 2185 restruxerat
3649 2140 3754 2195 ope-

2198 2237 2276 2275 re.
2304 2222 2458 2287 ltem,
2482 2220 2667 2276 Remis
2685 2222 2751 2276 ad
2775 2222 3170 2276 monasterium
3191 2220 3511 2291 puellarum,
3534 2217 3618 2273 ubi
3634 2214 3750 2270 Boba

2198 2327 2435 2382 praeesse
2465 2310 2757 2366 videbatur
2786 2311 3087 2368 abbatissa.
3124 2316 3260 2370 ltem
3292 2314 3490 2369 sanctis
3518 2309 3686 2366 Ruﬁno
3709 2314 3749 2362 et

2199 2400 2436 2468 Valerio,
2465 2400 2549 2454 vel
2598 2416 2697 2471 per
2749 2400 2965 2473 reliqua
3021 2402 3140 2459 loca
3170 2412 3497 2460 sanctorum.
3534 2399 3628 2455 Sed
3649 2397 3748 2451 dum

2199 2493 2343 2549 inter
2368 2502 2657 2564 utramque
2690 2500 2900 2563 partem
2922 2496 3039 2551 haec
3070 2497 3305 2553 intentio
3334 2500 3632 2559 verteretur,
3659 2505 3752 2544 me—

2195 2582 2477 2640 diantibus
2531 2587 2776 2657 paciﬁcis
2816 2587 3039 2643 tandem
3079 2587 3356 2658 personis,
3410 2599 3473 2640 eo
3508 2590 3674 2638 tenore
3698 2577 3748 2630 ad

2194 2692 2385 2746 pacem
2412 2679 2707 2734 concordia
2729 2680 3035 2746 redierunt,
3082 2688 3142 2735 ut
3172 2678 3548 2735 Gundebertus
3572 2690 3629 2730 ea
3659 2684 3750 2743 qua?

2197 2768 2337 2824 ultra
2392 2769 2627 2842 Ligerim
2681 2771 2899 2829 fuerant
2952 2772 3154 2827 Emmae
3206 2770 3483 2846 genitricis
3533 2768 3750 2838 ipsorum.

2195 2858 2404 2930 absque
2420 2860 2752 2931 repetitione
2782 2861 2934 2917 Reoli
2964 2860 3346 2933 episcOpi,vel
3368 2856 3625 2933 agentium
3651 2865 3754 2906 suo-

2196 2965 2339 3018 rum,
2371 2949 2425 3003 in
2453 2966 2552 3004 sua
2583 2950 2853 3021 reciperet
2881 2956 3174 3022 potestate.
3220 2949 3447 3023 Reliqua
3475 2960 3611 3010 vero,
3631 2954 3754 3013 qua?-

482 3056 605 3112 quze
634 3039 836 3096 virtute
857 3047 1058 3101 erecta,
1093 3035 1257 3105 hujus
1287 3034 1459 3089 sancti
1486 3033 1697 3088 meritis
1734 3032 1907 3088 astitit
1936 3048 2085 3087 sana.
2124 3047 2173 3116 ρ
2194 3053 2411 3110 cunque
2442 3038 2603 3095 bonae
2634 3040 2912 3096 memoriae
2958 3040 3199 3095 domnus
3248 3038 3381 3095 Nivo
3429 3036 3493 3092 ad
3529 3034 3633 3089 loca
3654 3044 3754 3083 sau-

481 3128 784 3187 Adducitur
811 3126 975 3183 etiam
1030 3124 1280 3198 quaedam
1331 3124 1446 3193 jam
1503 3138 1605 3194 per
1650 3137 1824 3177 annos
1876 3128 2088 3193 septem

480 3241 642 3289 caeca,
684 3240 805 3296 quae
838 3238 963 3279 mox
1005 3229 1065 3277 ut
1108 3221 1290 3277 valvas
1320 3218 1509 3291 templi
1557 3217 1947 3292 attigit,lumen
2002 3232 2091 3272 re-

477 3316 663 3388 cipere
682 3315 903 3370 meruit.
935 3312 1429 3370 Celebratismissze
1442 3309 1821 3379 sacramentis,
1845 3308 2092 3364 defertur

476 3408 607 3464 inde
627 3424 827 3479 corpus
853 3406 1002 3461 beati
1051 3406 1153 3461 viri
1194 3406 1263 3461 ad
1309 3405 1594 3460 basilicam
1623 3403 1797 3460 sancti
1829 3403 2085 3477 Remigii.

477 3497 535 3551 ln
562 3498 861 3552 crastinum
894 3494 1164 3567 perfertur
1190 3496 1258 3550 ad
1291 3494 1685 3550 monasterium
1713 3494 2087 3559 Avennacum,

475 3594 530 3639 et
559 3584 982 3640 occurrentibus
1030 3582 1569 3649 sanctimonialibus,
1611 3581 1833 3636 advenit
1864 3581 2087 3653 quidam

469 3676 583 3744 jam
613 3675 830 3732 duobus
850 3676 1012 3731 annis
1042 3675 1272 3731 claudus
1305 3692 1318 3741 ;
1352 3673 1446 3746 qui
1474 3672 1569 3728 ubi
1599 3689 1661 3728 se
1702 3672 1995 3744 prostravit
2026 3672 2085 3727 in

475 3767 721 3832 humum,
753 3780 987 3839 surgens
1022 3763 1262 3835 priscum
1292 3761 1462 3832 ccepit
1492 3759 1661 3833 ﬁgere
1688 3777 1958 3834 gressum.
1993 3759 2087 3815 Af-

475 3856 647 3913 fertur
675 3858 842 3913 etiam
874 3857 1125 3928 quaedam
1158 3862 1460 3921 contracta,
1519 3852 1896 3926 membrisque
1929 3869 2083 3909 reso-

472 3947 603 4008 luta.
640 3963 763 4018 quae
792 3947 915 4000 sine
947 3961 1100 4000 mora
1119 3943 1371 4015 sospitati
1401 3944 1606 4018 gaudet
1632 3943 1905 3999 restituta.
1951 3943 2082 3998 Tum

473 4035 741 4106 perlatum
773 4040 855 4089 est
883 4049 1084 4087 munus
1117 4033 1221 4089 hoc
1247 4033 1564 4088 venerabile
1595 4032 1664 4087 ad
1687 4032 2083 4088 monasterium

471 4122 966 4189 Altumvillarense,
1024 4120 1120 4176 ubi
1169 4121 1420 4193 quzedam
1475 4121 1721 4193 puellula
1776 4121 2005 4177 advecta
2058 4138 2089 4176 a

472 4216 652 4289 primo
681 4216 983 4271 nativitatis
1030 4230 1177 4270 anno
1229 4231 1393 4279 caeca,
1449 4222 1510 4271 ut
1549 4215 1617 4270 ad
1638 4215 1867 4283 januam
1896 4229 2092 4270 mona-

2193 3139 2405 3187 ctorum
2433 3148 2533 3202 per
2561 3148 2659 3187 sua
2709 3132 3075 3188 instrumenta
3107 3131 3404 3206 delegavit,
3435 3128 3499 3184 ad
3527 3127 3751 3195 integrum

2191 3222 2381 3277 eadem
2414 3232 2727 3280 sanctorum
2759 3224 2878 3280 loca
2916 3223 3325 3296 perpetualiter
3355 3221 3555 3293 absque
3583 3211 3749 3285 repeti-

2192 3312 2343 3367 tione
2392 3312 2752 3380 Gundeberti,
2812 3314 2898 3370 vel
2939 3314 3225 3368 haeredum
3278 3327 3499 3368 suorum
3545 3321 3653 3363 cum
3680 3299 3749 3355 Dei

2191 3404 2464 3474 adjutorio
2540 3407 2908 3477 possiderent.
2965 3405 3121 3462 Unde
3175 3403 3518 3463 conventiale
3576 3405 3755 3472 quoque

2190 3493 2455 3565 scriptum
2469 3493 2742 3567 digestum
2761 3495 2908 3566 apud
2927 3510 3027 3551 nos
3045 3495 3230 3551 adhuc
3248 3498 3564 3556 reservatur,
3594 3484 3755 3542 utrius-

2189 3598 2297 3654 que
2325 3584 2499 3654 partis
2530 3584 2909 3659 assignatione
2940 3581 3287 3640 roboratum.

2262 3672 2358 3728 Hic
2415 3680 2626 3744 partem
2657 3673 2801 3729 villae
2857 3673 3059 3729 Diciaci
3110 3674 3324 3745 positus
3372 3670 3427 3727 in
3479 3665 3751 3739 episcopatu

2187 3764 2358 3831 emit;
2392 3765 2544 3833 item,
2576 3781 2828 3821 mansum
2842 3775 2898 3821 et
2922 3781 3149 3838 campos
3178 3766 3236 3821 in
3279 3764 3452 3822 villari
3484 3755 3749 3816 Bersiuiaco

2190 3855 2330 3926 [ms.,
2364 3853 2699 3926 Hersiniaco]
2738 3873 2752 3921 ;
2783 3856 2935 3923 item,
2998 3870 3221 3911 mansos
3267 3854 3478 3927 aliquos
3508 3850 3748 3921 plusquam

2164 3953 2421 4018 'quatuor
2451 3946 2593 4002 infra
2656 3946 2935 4003 civitatem
2983 3946 3316 4004 Remensem
3346 3962 3378 4003 a
3406 3940 3620 4001 diversis
3646 3947 3747 4007 ρετ-

2188 4039 2360 4108 sonis,
2383 4047 2439 4094 et
2466 4038 2574 4093 alia
2631 4039 2881 4110 quaedam
2935 4039 3139 4107 ;item,
3182 4038 3490 4111 portionem
3540 4032 3600 4087 de
3626 4024 3745 4083 villa.

2190 4144 2313 4199 quae
2335 4128 2540 4184 dicitur
2569 4128 2723 4185 Mons
2746 4128 2956 4186 Allonis
2987 4146 3002 4196 ;
3027 4129 3183 4198 item,
3208 4135 3393 4202 partes
3421 4124 3646 4183 villarum
3664 4114 3749 4169 Ro-

2190 4221 2377 4277 siciaci
2408 4229 2463 4277 et
2500 4222 2797 4293 Popiciaci,
2859 4230 2913 4278 et
2950 4222 3057 4278 alia
3110 4221 3397 4288 nonnulla,
3444 4226 3543 4274 tam
3580 4203 3746 4293 P’a’dla

470 4309 623 4365 stcrii
658 4309 928 4381 pervenit,
994 4308 1175 4364 lucem
1226 4308 1418 4364 videre
1469 4307 1658 4379 erepit.
1694 4308 1808 4362 Duo
1838 4305 2088 4383 germani
2191 4327 2355 4383 quam
2396 4289 2692 4383 mancipia,
2734 4312 2854 4381 ejus
2870 4289 3747 4384 temporibustradiditvirillustris

471 4408 742 4471 provectae
768 4399 962 4455 fratres
999 4398 1174 4455 aetatis
1226 4398 1331 4454 sub
1359 4414 1470 4454 uno
1533 4412 1680 4454 anno
1722 4396 1846 4453 luce
1887 4395 2083 4468 privati
2110 4416 2163 4484 D
2189 4401 2440 4457 Wamtus
2468 4401 2537 4456 ad
2593 4401 2858 4457 ecclesias
2882 4408 3085 4457 sancta;
3137 4400 3342 4467 Mariae,
3392 4403 3446 4453 et
3471 4388 3626 4449 sancti
3645 4384 3747 4484 ,ΒΘ-

470 4492 771 4548 oratorium
830 4492 1087 4567 ingressi,
1137 4498 1197 4547 ut
1233 4507 1292 4546 se
1346 4490 1621 4546 dederunt
1667 4489 1724 4544 in
1755 4489 2081 4555 orationem,
2110 4472 2158 4484 υ
2188 4489 2547 4565 migiiRemis
2574 4489 2956 4546 Cruciniacum
2999 4491 3231 4559 (Cruny)
3262 4491 3520 4548 montem,
3551 4472 3744 4533 Curbam

470 4602 633 4641 cruor
661 4587 742 4640 eis
774 4600 874 4656 pro
906 4583 1161 4655 lacrymis
1180 4583 1353 4640 fluere
1377 4582 1547 4653 erepit
1586 4599 1653 4637 ex
1683 4580 1898 4645 oculis;
1933 4596 2088 4636 mox-
2186 4562 2370 4639 villam
2402 4583 2727 4654 (Uourville),
2772 4599 2898 4638 cum
2955 4580 3266 4646 Acciuiaco,
3320 4579 3377 4633 in
3421 4588 3554 4649 pago
3579 4562 3746 4656 Tardt?‘

470 4694 579 4750 que
610 4647 819 4732 lumine
851 4647 1095 4748 recepto,
1144 4676 1399 4731 laetantur
1426 4647 1744 4744 sepulcrum
1774 4672 1967 4727 videre
1997 4688 2088 4727 sa-
2187 4672 2369 4739 nensi,
2400 4647 2616 4745 (Arcim'
2763 4671 3104 4741 Tardenois).
3137 4668 3393 4734 Quaedam
3428 4647 3650 4730 denique
3675 4647 3744 4704 hic

470 4765 697 4821 natoris.
750 4765 1008 4831 Quaedam
1046 4766 1159 4819 Deo
1210 4769 1425 4817 sacrata
1465 4767 1651 4815 votum
1709 4759 1905 4814 habuit
1954 4776 2078 4815 cum

468 4858 657 4926 sociis,
690 4866 750 4914 ut
788 4859 892 4912 iret
929 4857 998 4912 ad
1049 4857 1229 4911 locum
1288 4851 1540 4925 pignoris
1573 4868 1588 4918 ;
1621 4866 1743 4922 quae
1787 4850 1854 4906 de
1882 4850 2082 4908 itinere

467 4948 653 5004 medio
683 4948 899 5004 caeteris
930 4947 1035 5002 iter
1092 4940 1492 5016 peragentibus
1544 4948 1787 5013 ereptum
1842 4955 2078 5010 reversa,

467 5046 527 5095 ut
552 5038 620 5092 ad
650 5054 763 5093 suae
803 5038 985 5091 locum
1016 5032 1228 5089 cellulae
1276 5029 1551 5102 pervenit,
1583 5029 1918 5110 poplitibusz
1952 5030 2082 5086 bra-

467 5126 718 5199 chiisque
771 5129 1053 5179 contracta
1116 5119 1363 5196 diriguit.
1423 5120 1634 5187 Postea,
1700 5120 1945 5192 plaustro
2011 5121 2081 5175 ad

468 5214 755 5286 praefatum
787 5213 1016 5267 devecta
1069 5209 1406 5280 ccenobium,
1440 5217 1729 5282 postquam
1755 5208 2081 5282 aliquandiu

468 5306 676 5360 ibidem
709 5306 764 5359 in
810 5304 914 5358 hac
968 5312 1052 5360 est
1107 5301 1435 5378 aegritudine
1493 5307 1786 5369 remorata,
1849 5300 2081 5357 exsultat

469 5398 690 5452 tandem
719 5396 951 5469 pristina
971 5397 1078 5453 sibi
1110 5395 1377 5467 sospitate
1398 5394 1696 5450 redhibita.

1122 5484 1333 5541 CAPUT
1356 5484 1417 5539 X.

889 5580 961 5632 De
989 5582 1173 5633 sancto
1203 5575 1360 5631 Reolo
1388 5575 1647 5644 episcopo.

539 5663 662 5722 Post
686 5666 738 5722 S.
783 5664 1078 5721 Nivardum
1117 5659 1379 5735 praefatus
1408 5662 1644 5717 domnus
1683 5664 1884 5719 Reolus
1915 5663 2080 5732 (saint

2180 4759 2377 4816 beatus
2388 4761 2586 4833 praesul
2616 4760 2819 4816 Reolus
2838 4775 2905 4815 ex
2915 4758 3085 4815 rebus
3105 4756 3356 4814 ecclesiae
3378 4749 3633 4810 invenitur
3645 4752 3743 4797 cum

2182 4832 2515 4927 quibusdam
2571 4852 2825 4924 personis
2860 4856 3250 4919 commutasse,
3305 4845 3535 4921 partium
3570 4832 3745 4893 scilicet

2181 4943 2415 4999 liberata
2441 4942 2881 5014 opportunitate.
3641 4941 3648 4947 '

2255 5032 2454 5094 Habuit
2479 5002 2652 5087 ﬁliam
2712 5032 2823 5087 Deo
2869 5036 3137 5086 sacratam
3188 5028 3245 5084 in
3273 5015 3595 5081 monasterio
3619 5002 3740 5082 quod

2182 5124 2453 5181 Ebroinus
2481 5124 2795 5182 Suessionis
2850 5121 3176 5187 construxit,
3203 5118 3307 5175 sub
3362 5119 3543 5200 sancta
3590 5097 3743 5200 ι’ςξυίίξ

2181 5221 2623 5282 conversantem,
2682 5213 2909 5271 nomine
2961 5211 3192 5277 Odilam.
3249 5222 3411 5280 quam
3449 5193 3740 5292 “18W???”

2180 5314 2498 5379 susceperat
2536 5314 2661 5363 ante
2717 5306 3038 5362 clericatum
3092 5280 3740 5375 matrimonio;cuivillas

2181 5397 2468 5468 quasdam,
2501 5405 2611 5451 tam
2656 5396 2711 5449 in
2751 5409 2893 5468 pago
2943 5391 3222 5456 Remensi,
3273 5387 3360 5443 vel
3387 5381 3736 5468 Bellovage-Ifftt

2182 5455 2347 5556 quam
2377 5455 2542 5539 etiam
2574 5484 2632 5538 in
2658 5455 2913 5561 partibus
2948 5476 3401 5554 Transligeranis,
3453 5484 3515 5526 eo
3560 5455 3738 5561 traditi-ii

2175 5571 2324 5640 iure.
2355 5579 2414 5627 ut
2441 5572 2510 5627 ad
2550 5555 2700 5627 idem
2749 5571 3145 5629 monasterium
3185 5582 3273 5622 res
3329 5564 3457 5637 ipsa:
3486 5560 3597 5628 post
3643 5555 3738 5613 eius

2182 5663 2472 5720 decessum
2498 5663 2834 5735 proficerent
2858 5663 3009 5720 omni
3036 5669 3302 5732 tempore.
