3970 6218
275 334 385 390 113

936 318 1256 375 HISTORI/E
1299 319 1630 379 ECCLESIAZ
1673 324 1998 380 REMENSIS
2039 323 2214 378 LIBRI
2255 325 2671 389 QUATUOR.—
2711 328 2834 382 LIB.
2878 329 2942 380 II.

3505 334 3604 387 114

351 458 664 516 Construxit
705 455 796 510 hic
851 451 1188 508 venerabilis
1241 453 1440 522 praesul
1495 453 1889 507 monasterium
1920 462 1965 525 Α
1992 469 2100 524 qua
2122 452 2344 508 dedisse
2403 455 2680 526 reperitur
2712 456 2767 510 in
2815 471 2950 512 auro
2990 455 3199 512 solidos
3227 460 3347 513 140.
3393 461 3546 530 Item,
3572 481 3604 518 a

273 553 640 611 Orbacensse,
660 548 713 602 in
734 548 852 601 loco
872 560 1036 616 quem
1055 543 1361 614 promeruit
1386 543 1532 598 dono
1550 544 1693 617 regis
1713 545 1891 598 Theo-

271 639 476 703 derici,
530 654 630 708 per
684 635 859 706 ipsius
910 633 1210 697 licentiam,
1269 629 1600 704 suffragante
1667 647 1888 703 quoque

269 730 518 786 Ebroino
549 727 755 795 majore
777 724 994 779 domus.
1032 723 1455 792 Impetravitque
1484 722 1720 776 domnus
1743 722 1888 776 idem

272 821 480 878 Reolus
506 837 537 874 a
567 815 904 873 monasterio
935 812 1268 868 Rasbacensi
1313 829 1408 867 sex
1437 815 1753 875 monachos,
1794 815 1886 886 qui

267 914 549 987 regimina
583 918 790 965 sanctae
824 908 1026 980 regulae
1052 906 1256 960 ibidem
1280 911 1555 972 tenerent,
1581 914 1635 960 et
1667 906 1802 962 alios
1825 924 1888 962 ea

269 1008 556 1062 docerent.
595 1003 668 1055 Ex
698 999 900 1071 quibus
946 1013 1115 1053 unum
1150 997 1545 1052 Landemarum
1578 997 1635 1068 [ί.
1673 999 1886 1054 Leudo-

272 1092 508 1164 marum]
540 1090 788 1150 nomine,
821 1088 876 1141 in
910 1087 1108 1142 eodem
1141 1086 1260 1141 loco
1293 1087 1549 1141 abbatem
1582 1087 1888 1152 constituit,

270 1186 368 1257 qui
406 1181 712 1239 rexitidem
747 1179 1146 1235 monasterium
1203 1178 1380 1232 donec
1411 1178 1564 1232 vixit.
1599 1178 1729 1232 Nam
1761 1177 1888 1232 licet

270 1280 342 1332 ab
375 1278 565 1332 Odone
622 1273 863 1346 quodam
901 1271 1067 1326 fuerit
1113 1271 1395 1341 expulsus,
1447 1288 1476 1324 a
1533 1270 1888 1326 Childeberto

269 1375 456 1421 tamen
486 1379 615 1436 rege
643 1370 834 1432 postea
865 1359 1152 1414 restitutus
1181 1366 1279 1412 est.
1317 1358 1442 1413 Post
1472 1359 1630 1427 cujus
1675 1358 1886 1414 obitum

267 1459 512 1512 domnus
541 1452 874 1527 Rigobertus
903 1451 1350 1522 archiepiscOpus
1381 1451 1559 1521 ipsum
1603 1451 1812 1520 recepit
1833 1459 1886 1506 et

267 1550 433 1605 rexit.
485 1548 655 1616 Hujus
707 1544 1030 1600 monasterii
1086 1545 1438 1608 monachum,
1481 1543 1705 1598 nomine
1742 1544 1884 1598 Huc-

269 1641 524 1705 boldum,
570 1653 745 1707 nuper
801 1636 1038 1709 Hungari
1095 1637 1556 1704 comprehensum
1611 1635 1883 1690 trucidare

269 1733 380 1788 nisi
415 1739 585 1795 sunt;
629 1729 726 1784 sed
783 1742 1129 1798 nequaquam
1188 1726 1334 1780 ferro
1405 1726 1647 1780 incidere
1681 1733 1880 1796 potue-

268 1830 396 1878 runt
428 1821 522 1889 (6).
549 1820 680 1873 Nam
736 1827 795 1872 ut
852 1816 996 1871 idem
1049 1816 1236 1884 refert,
1285 1826 1338 1870 et
1399 1816 1647 1871 nonnulli
1683 1815 1881 1885 captivi

267 1915 366 1986 qui
408 1913 681 1972 viderant,
717 1908 919 1963 reversi
982 1923 1128 1962 nunc
1157 1923 1380 1978 quoque
1437 1916 1724 1972 testantur,
1754 1907 1884 1961 dum

266 2004 488 2078 sagittis
517 2019 643 2056 eum
662 2001 870 2054 nudum
895 1999 1142 2070 undique
1164 1999 1383 2053 barbari
1421 1998 1706 2068 petissent,
1737 2009 1793 2052 ut
1815 1998 1882 2052 ab

268 2098 566 2151 adamante
596 2093 794 2156 relisae,
851 2091 929 2145 sic
983 2091 1053 2145 ab
1107 2092 1227 2159 ejus
1282 2105 1513 2160 corpore
1563 2089 1886 2144 resiliebant

267 2185 503 2257 sagittae,
539 2199 640 2236 nec
661 2182 880 2255 signum
913 2180 1052 2235 ictus
1094 2179 1266 2234 ullum
1320 2178 1622 2249 apparebat
1655 2179 1704 2232 in
1735 2187 1883 2244 cute,

266 2277 371 2332 sed
405 2285 460 2330 et
505 2275 654 2330 omni
685 2281 880 2328 conatu
933 2271 1119 2345 gladio
1153 2287 1464 2342 percussus,
1522 2270 1886 2325 nihilominus

267 2364 474 2419 mansit
531 2363 908 2416 intemeratus.
960 2360 1112 2414 Unde
1179 2367 1233 2414 et
1265 2360 1432 2414 Deum
1466 2360 1718 2413 dicentes
1758 2375 1882 2413 eum

265 2474 420 2523 esse,
451 2456 726 2510 duxerunt
778 2452 997 2508 reveriti
1053 2468 1261 2515 secum,
1296 2451 1472 2506 donec
1504 2451 1823 2521 redemptus
1855 2468 1883 2504 a

267 2545 514 2618 quodam
539 2544 823 2614 episc0po,
851 2550 1016 2612 atque
1033 2540 1295 2594 dimissus
1327 2538 1636 2593 revertitur.

915 2631 1124 2685 CAPUT
1153 2631 1238 2684 XI.

767 2728 840 2780 De
885 2728 1068 2778 sancto
1106 2724 1388 2790 Rigoberto

341 2816 574 2872 Praefato
605 2817 808 2871 domno
838 2816 1006 2871 Reolo
1036 2815 1232 2869 beatus
1272 2814 1599 2886 Rigobertus
1618 2815 1885 2869 successit

269 2909 326 2963 in
350 2906 701 2977 episcopatu,
756 2905 896 2973 ejus,
954 2912 1013 2959 ut
1062 2903 1314 2968 traditur,
1367 2903 1530 2956 etiam
1561 2919 1721 2958 carne
1751 2919 1882 2974 pro—

265 3001 514 3070 pinquus
554 2998 609 3051 in
642 2995 869 3069 regione
913 2993 1299 3048 Rihuariorum
1349 2994 1506 3060 (pays
1539 2993 1602 3045 de
1623 2993 1875 3054 Ribcmot)

1917 1776 1962 1842 B

1994 546 2228 616 quadam
2250 548 2581 602 consobrina
2603 565 2724 619 sua,
2744 550 2967 605 nomine
2997 549 3265 616 Gilsinda,
3291 553 3598 622 portionem

1992 641 2060 694 de
2091 640 2220 695 villa
2254 641 2546 696 Bracancio
2601 641 2952 713 [Briquenay]
3011 659 3179 712 super
3235 643 3458 699 ﬂuvium
3495 648 3603 703 Ro-

1992 738 2257 798 tumnam,
2292 749 2415 788 cum
2471 734 2781 804 mancipiis,
2841 734 3113 802 aedificiis,
3148 744 3203 791 et
3241 739 3502 794 omnibus
3531 741 3598 796 ad

1992 821 2164 888 ipsam
2211 823 2617 892 possessionem
2667 824 3095 894 pertinentibus.
3152 826 3282 880 Item
3315 827 3383 881 ab
3407 818 3610 884 eadem.

1991 909 2235 964 Gilsinda
2266 919 2476 982 partem
2498 913 2790 984 quamdam
2823 914 2890 967 de
2910 913 3037 968 villa
3062 914 3402 970 Bobiliniaca
3434 934 3600 989 supra

1994 999 2220 1054 ﬂuvium
2261 1001 2547 1071 Suippiam
2580 1001 2730 1072 [Boul
2768 1017 2865 1056 sur
2894 1004 3140 1073 Suippe],
3170 1020 3294 1059 cum
3317 1005 3598 1074 domibus,

1992 1088 2305 1157 mancipiis,
2358 1089 2550 1159 pratis,
2597 1088 2830 1160 campis,
2886 1099 2939 1144 et
2988 1092 3202 1145 caeteris
3248 1093 3315 1147 ad
3349 1095 3599 1150 eamdem

1993 1179 2398 1248 possessionem
2435 1180 2846 1250 pertinentibus
2894 1198 3040 1252 ;pro
3096 1185 3301 1254 quibus
3357 1189 3600 1245 rebusin

1990 1286 2122 1325 auro
2154 1271 2362 1325 solidos
2419 1281 2640 1327 centum
2693 1272 2970 1328 invenitur
3027 1273 3270 1330 dedisse.
3329 1279 3596 1343 Quasdam

1988 1375 2208 1431 quoque
2243 1376 2328 1414 res
2369 1368 2516 1415 trans
2572 1362 2805 1435 Ligerim
2864 1379 2973 1418 non
3030 1365 3248 1421 modico
3299 1370 3417 1422 auri
3472 1371 3600 1426 dato

1986 1451 2232 1521 pondere
2263 1453 2539 1523 reperitur
2561 1454 2780 1510 emisse.
2817 1456 3072 1521 Quaedam
3095 1473 3319 1531 quoque
3340 1477 3464 1515 cum
3497 1463 3602 1516 ali—

1987 1543 2191 1613 quibus
2222 1545 2472 1614 personis
2503 1545 2782 1602 invenitur
2811 1556 3201 1616 commutasse,
3232 1567 3330 1621 pro
3363 1554 3600 1622 partium

1986 1636 2198 1690 scilicet
2249 1638 2684 1708 Opportunitate.
2748 1640 2786 1693 A
2847 1640 3156 1714 Dagoberto
3211 1643 3494 1714 [Dagobert
3527 1648 3594 1718 Il]

1985 1725 2225 1795 denique
2279 1742 2406 1798 rege
2447 1735 2781 1799 praeceptum
2833 1729 3197 1787 immunitatis
3225 1751 3338 1788 suae.
3359 1735 3601 1790 obtinuit

1985 1813 2252 1880 ecclesiae,
2297 1831 2599 1888 suggerens
2619 1818 2800 1872 eidem
2832 1820 2969 1890 regi,
2993 1820 3230 1890 qualiter
3265 1822 3381 1893 ipsa
3411 1826 3596 1879 eccle-

1985 1902 2064 1955 sia
2085 1903 2186 1956 sub
2242 1905 2686 1974 praecedentibus
2731 1907 3061 1963 Francorum
3122 1910 3368 1981 regibus,
3399 1929 3428 1965 a
3462 1921 3601 1966 tem-

1987 2007 2118 2060 pore
2149 1992 2336 2046 domui
2373 1994 2606 2067 Remigii
2665 2005 2718 2050 et
2763 1996 3020 2052 Clodovei
3077 1998 3246 2070 regis,
3287 2001 3596 2070 quemipse

1986 2083 2304 2153 haptizavit,
2324 2085 2392 2138 ab
2419 2087 2569 2140 omni
2612 2087 2955 2143 functionum
2989 2088 3333 2160 publicarum
3363 2091 3498 2164 jugo
3532 2092 3602 2146 Ii—

1987 2174 2230 2229 bcrrima
2260 2191 2482 2246 semper
2534 2177 2805 2232 exstiterit
2884 2178 2982 2243 Qui
3043 2180 3305 2250 praefatus
3350 2197 3440 2235 rex
3497 2182 3601 2236 hoc

1986 2266 2319 2321 beneﬁcium
2350 2266 2678 2324 conﬁrmare
2709 2271 2793 2324 vel
2819 2270 3081 2326 innovare
3123 2272 3448 2342 disponens,
3473 2289 3594 2328 cum

1985 2360 2218 2414 consilio
2247 2376 2532 2431 procerum
2564 2377 2786 2416 suorum
2808 2363 3018 2428 statuit,
3038 2363 3105 2416 ad
3127 2365 3593 2433 praedecessorum

1987 2448 2216 2504 formam
2251 2467 2464 2522 regum,
2517 2451 2845 2521 praecipiens
2887 2459 2944 2505 ut
2966 2467 3160 2506 omnes
3193 2452 3368 2523 ipsius
3397 2464 3597 2509 sanctae

1989 2541 2080 2594 Dei
2117 2542 2362 2597 ecclesiae
2387 2560 2493 2609 res,
2540 2550 2645 2597 tam
2678 2543 2732 2596 in
2762 2543 3079 2613 Campania,
3124 2551 3178 2598 et
3212 2544 3354 2599 infra
3383 2546 3598 2612 urbem,

1989 2629 2069 2682 vel
2124 2630 2480 2694 suburbanis,
2537 2649 2700 2703 quam
2741 2632 2796 2685 in
2829 2632 3129 2710 Austrasia,
3185 2650 3282 2688 seu
3325 2635 3600 2700 Neustria,

1986 2718 2070 2771 vel
2103 2719 2438 2793 Burgundia,
2465 2736 2561 2774 seu
2622 2721 2873 2790 partibus
2902 2721 3171 2783 Massiliae,
3209 2722 3263 2776 in
3292 2723 3602 2790 Rodonico,

1984 2812 2172 2878 etiam,
2227 2812 2564 2878 Gavalitano,
2607 2812 2923 2878 Arvernico,
2967 2813 3260 2880 Turonico,
3303 2814 3599 2881 Pictavico,

1984 2903 2356 2972 Lemovicino,
2399 2907 2485 2961 vel
2541 2907 2878 2978 ubicumque
2938 2906 3078 2960 infra
3134 2923 3303 2979 regna
3331 2908 3452 2975 ejus
3484 2907 3601 2977 ipsa

1984 2998 2270 3054 Remensis
2292 3000 2546 3066 ecclesia,
2606 3001 2690 3055 vel
2750 3000 2980 3054 basilica
3022 2999 3329 3054 beatissimi
3363 2997 3596 3073 Remigii

266 3086 447 3142 nobili
477 3084 734 3157 prosapia
786 3083 1042 3157 genitus;
1086 3090 1239 3151 Patre
1280 3079 1556 3152 siquidem
1591 3096 1652 3133 ΟΧ
1684 3080 1876 3134 οοάρῐη
1915 3098 1963 3165 (ἶ
1983 3091 2141 3145 villas
2172 3101 2266 3145 aut
2316 3092 2571 3146 homines
2626 3091 2832 3145 habere
2886 3088 3199 3158 videbatur,
3250 3091 3353 3146 sub
3389 3092 3602 3165 integra

267 3195 434 3252 pago,
469 3177 692 3233 nomine
724 3174 1104 3239 Constantino,
1155 3179 1328 3226 matre
1368 3187 1496 3226 vero
1529 3188 1590 3225 ex
1625 3172 1882 3226 Porcensi

265 3270 506 3327 oriunda
559 3267 872 3328 territorio;
931 3266 1014 3320 vir
1069 3264 1176 3335 piis
1209 3263 1454 3319 moribus
1487 3263 1883 3328 instructus,et

266 3363 533 3416 virtutum
559 3359 872 3433 insignibus
904 3359 1218 3412 adornatus.
1249 3355 1348 3418 Qui
1392 3355 1656 3409 nonnulla
1684 3356 1735 3408 in
1760 3355 1882 3424 epi-

263 3448 458 3520 scopio
488 3448 727 3518 collapsa
759 3446 1065 3517 reperiens,
1101 3445 1393 3514 reparavit.
1422 3444 1526 3497 Sed
1556 3443 1875 3497 canonicam

264 3539 484 3595 clericis
509 3537 834 3611 religionem
887 3534 1126 3589 restituit
1167 3551 1230 3588 ac
1262 3531 1594 3588 sufﬁcientia
1628 3531 1884 3585 victualia

263 3629 576 3694 constituit,
626 3638 680 3683 et
727 3627 932 3698 praedia
958 3627 1208 3698 quaedam
1235 3625 1343 3678 illis
1379 3624 1630 3686 contulit,
1670 3637 1883 3678 necnon

265 3722 523 3778 aerarium
556 3736 849 3776 commune
883 3718 1078 3774 usibus
1107 3733 1295 3772 eorum
1349 3716 1600 3770 instituit.
1638 3715 1713 3768 Ad
1736 3716 1883 3785 quod

267 3815 368 3867 has
390 3811 552 3866 villas
573 3809 878 3882 delegavit;
911 3807 1228 3861 Geruiacam
1262 3813 1472 3860 cortem
1508 3806 1884 3874 (Geruieourt),

265 3903 568 3961 Musceium
605 3899 888 3963 Roceium,
921 3897 1287 3953 Wiltiniacum
1323 3891 1538 3962 Rivum,
1573 3895 1884 3960 Curcellas;

266 3997 561 4056 ecclesiam
611 4007 832 4066 quoque
864 3990 1147 4055 S.Hilarii,
1207 4006 1330 4045 cum
1373 3989 1643 4044 suburhio
1665 3989 1732 4044 ad
1766 4005 1884 4044 eam

269 4090 608 4163 pertinente,
662 4085 874 4141 scilicet
928 4093 988 4138 ut
1039 4083 1093 4136 in
1143 4099 1323 4137 annua
1383 4081 1646 4137 transitus
1675 4083 1760 4136 sui
1792 4083 1883 4136 die

267 4182 556 4238 sufﬁciens
605 4179 687 4233 eis
732 4178 862 4232 inde
918 4177 1144 4232 refectio
1176 4182 1463 4246 pararetur
1497 4194 1510 4241 ;
1540 4192 1659 4246 quae
1687 4191 1885 4245 super-

268 4275 476 4333 essent,
511 4266 688 4338 ipsius
744 4263 1112 4320 communiter
1142 4260 1441 4317 dividenda
1472 4263 1751 4317 cederent.
1784 4264 1882 4317 Fa-

271 4361 453 4416 mulos
476 4373 718 4430 quoque,
751 4364 806 4412 et
859 4372 1049 4411 eorum
1081 4355 1326 4411 colonias
1350 4354 1414 4408 ad
1449 4355 1759 4409 necessaria
1787 4372 1882 4411 ca-

1985 3183 2334 3237 immunitate
2365 3183 2513 3238 omni
2541 3192 2788 3252 tempore
2811 3192 3036 3253 possent
3067 3199 3312 3238 manere.
3349 3183 3434 3236 Sic
3463 3200 3600 3254 quo-

1985 3287 2090 3342 que
2117 3281 2176 3325 ut
2201 3272 2385 3326 nullus
2408 3272 2580 3339 judex
2627 3271 2880 3341 publicus
2913 3272 2965 3324 in
3001 3272 3148 3340 ipsas
3179 3280 3352 3326 terras
3371 3274 3602 3329 auderet

1987 3359 2224 3431 ingredi,
2261 3368 2318 3413 ut
2345 3360 2938 3414 mansionesintrando
2967 3359 3193 3426 faceret,
3215 3368 3308 3414 aut
3337 3362 3602 3432 quaelibet

1979 3450 2210 3518 judicia,
2244 3450 2330 3504 vel
2360 3451 2522 3505 xenia
2555 3450 2762 3504 ibidem
2807 3451 3026 3523 exigere
3059 3453 3336 3506 ullatenus
3385 3470 3598 3522 praesu-

1985 3547 2160 3594 meret
2189 3556 2202 3604 ;
2235 3539 2334 3592 sed
2367 3539 2740 3610 quodcunque
2780 3555 2811 3593 a
2842 3539 3344 3609 praedecessoribus
3377 3541 3490 3596 suis
3513 3558 3597 3596 re-

1983 3627 2148 3703 gibus
2194 3627 2440 3682 ecclesiae
2468 3626 2725 3680 Remensi
2755 3626 2846 3681 vel
2880 3627 3124 3683 basilicae
3154 3629 3329 3684 sancti
3365 3631 3596 3702 Remigii

1989 3721 2165 3775 fuerat
2212 3735 2556 3787 concessum,
2610 3720 2824 3775 cunctis
2861 3719 3061 3776 diebus
3127 3721 3320 3777 eadem
3369 3722 3602 3778 ecclesia

1988 3811 2197 3866 valeret
2226 3809 2436 3866 habere
2483 3819 2888 3867 conservatum.
2951 3811 3056 3866 Sed
3109 3819 3163 3865 et
3211 3827 3240 3865 a
3272 3809 3386 3866 ﬁlio
3427 3811 3604 3882 ipsius

1987 3919 2155 3973 super
2187 3901 2417 3970 hujusce
2459 3901 2801 3958 auctoritatis
2848 3900 3320 3967 corroboratione,
3352 3908 3459 3955 eta
3495 3915 3604 3955 cae-

1988 3995 2119 4050 teris
2138 3995 2222 4049 sui
2252 3994 2518 4066 temporis
2547 3994 2795 4069 regibus,
2845 3994 3230 4061 immunitatis,
3269 4010 3333 4049 ac
3352 3994 3603 4048 teloneo-

1988 4101 2107 4139 rum
2169 4083 2512 4139 remissionis
2575 4092 2852 4154 praecepta
2921 4082 3168 4140 ecclesiae
3219 4099 3332 4138 suae
3392 4081 3603 4137 studuit

1989 4175 2262 4230 obtinere.
2286 4177 2440 4238 Item,
2463 4172 2790 4228 Theoderici
2825 4173 2970 4246 regis
2994 4171 3313 4243 specialiter
3351 4186 3449 4242 pro
3470 4171 3602 4225 villa

1985 4265 2331 4330 Calmiciaco,
2351 4278 2512 4334 quam
2562 4262 2908 4317 Grimoaldus
2955 4261 3295 4316 virillustris
3351 4260 3600 4315 ecclesiae

1987 4355 2242 4411 Rcmensi
2271 4352 2596 4408 contulerat.
2631 4354 2868 4416 Quarum
2911 4352 3091 4406 adhuc
3122 4351 3389 4423 regalium
3416 4351 3602 4404 moni-

273 4449 601 4504 nunicorum
657 4444 879 4500 servitia
934 4443 1240 4514 deputavit,
1300 4452 1354 4500 et
1400 4445 1625 4499 eosdem
1686 4444 1881 4499 Christi
1911 4453 2172 4533 Dmenta
2227 4443 2660 4515 praeceptionum
2704 4443 2761 4495 in
2790 4443 3013 4498 archivo
3065 4450 3266 4498 sanctae
3301 4441 3464 4510 hujus
3497 4439 3603 4494 Re-

273 4555 548 4612 pauperes
594 4555 774 4594 rerum
817 4553 1036 4592 suarum
1083 4537 1330 4592 haeredes
1397 4536 1512 4591 fieri
1568 4538 1881 4592 destinavit.

271 4635 475 4689 Harum
523 4647 653 4686 vero
683 4646 896 4684 summa
927 4646 1108 4684 rerum
1138 4629 1192 4683 in
1223 4630 1292 4684 40
1322 4630 1405 4684 vel
1449 4630 1688 4701 amplius
1729 4647 1884 4686 man-

270 4740 364 4780 sos
437 4720 734 4795 colligitur.
804 4719 1104 4775 Nonnullas
1160 4720 1325 4773 etiam
1385 4720 1654 4790 episcOpii
1705 4720 1882 4782 villas.

271 4812 570 4883 descriptis
617 4826 809 4866 eorum
847 4809 1102 4874 coloniis,
1153 4809 1524 4880 scrvitiisque,
1562 4810 1664 4865 rite
1697 4811 1886 4882 dispo-

269 4905 402 4960 suit.

347 4993 452 5047 Res
469 4989 635 5044 etiam
668 4987 871 5059 quibus
900 4987 1245 5058 episcopium
1274 4988 1423 5042 auxit
1455 4990 1716 5061 quasdam
1761 4993 1888 5047 dato

271 5080 454 5154 pretio
475 5077 831 5148 comparavit,
866 5084 925 5130 ut
973 5077 1176 5140 villam,
1207 5077 1433 5132 nomine
1463 5078 1808 5148 Cartobram,
1832 5082 1887 5135 in

269 5190 414 5247 pago
445 5170 808 5236 Tardonensi,
856 5186 886 5222 a
945 5169 1306 5237 Gomnoaldo,
1365 5187 1464 5242 pro
1523 5189 1631 5242 qua
1671 5174 1890 5230 dedisse

272 5265 508 5321 traditur
537 5261 659 5317 auri
691 5261 901 5316 solidos
922 5261 1278 5336 quingentos,
1310 5269 1364 5316 et
1392 5262 1447 5315 in
1480 5262 1625 5331 villa,
1659 5265 1745 5319 cui
1782 5281 1886 5321 no-

269 5377 398 5415 men
416 5360 620 5426 Turba,
653 5375 876 5416 mansos
905 5360 1064 5428 duos,
1109 5378 1140 5415 a
1193 5362 1428 5416 diversis
1449 5364 1720 5432 personis.
1758 5365 1889 5417 Item

269 5453 586 5526 portionem
619 5451 690 5506 de
733 5451 863 5507 villa
907 5470 1028 5524 quae
1079 5452 1284 5508 dicitur
1336 5455 1697 5525 Campaniaca
1727 5472 1892 5526 snper

269 5541 501 5596 fluvium
535 5539 812 5605 Vidulam,
873 5540 941 5594 ab
1002 5541 1236 5596 Hosomo
1297 5542 1438 5612 [ms.,
1474 5543 1752 5615 Hosonio],
1794 5562 1890 5615 pro

341 5701 418 5772 (6)
461 5701 618 5755 Idem
656 5696 821 5752 refert
852 5705 1040 5753 auctor
1071 5701 1126 5754 in
1159 5699 1425 5754 Chronico
1463 5702 1528 5754 ad
1563 5717 1767 5756 annum
1798 5703 1919 5758 937.

1989 4539 2197 4594 mmsis
2220 4542 2617 4593 conservantur
2631 4535 2904 4590 ecclesiae.

2060 4632 2156 4687 Hic
2184 4629 2521 4686 venerabilis
2543 4628 2740 4699 praesul
2764 4628 3058 4699 Pippinum
3107 4629 3370 4697 majorem
3403 4628 3599 4682 domus

1988 4723 2152 4798 regiae
2190 4723 2426 4777 traditur
2453 4720 2848 4777 amicissimum
2881 4719 3141 4775 habuisse
3194 4721 3320 4785 ;cui
3354 4719 3603 4793 eulogias

1993 4831 2090 4885 pro
2122 4814 2512 4870 benedictione
2559 4813 2756 4868 crebro
2807 4813 3022 4868 solebat
3060 4812 3298 4867 mittere.
3325 4813 3403 4865 Ad
3435 4828 3599 4883 quem

1991 4908 2384 4975 collocuturus,
2418 4908 2547 4963 dum
2589 4909 2834 4963 venisset
2876 4905 3196 4978 aliquando,
3250 4905 3420 4975 C(Bpii
3453 4905 3600 4960 idem

1992 4997 2249 5068 princeps
2298 4997 2602 5068 requirere,
2636 4997 2769 5068 quid
2822 4997 2952 5053 huic
2997 5002 3186 5051 sancto
3220 4994 3359 5049 Patri
3387 5001 3602 5068 gratum

1992 5086 2262 5158 potuisset
2291 5085 2506 5141 offerre.
2570 5087 2881 5143 Morabatur
2919 5096 3099 5143 autem
3126 5094 3255 5142 tunc
3298 5086 3443 5156 apud
3469 5086 3604 5140 Ger-

1993 5180 2202 5234 niacam
2235 5186 2462 5244 cortem,
2524 5195 2687 5251 quam
2735 5181 2918 5235 villam
2967 5180 3148 5235 eidem
3199 5179 3460 5247 oblatam,
3507 5180 3603 5235 ubi

1989 5282 2197 5350 gratam
2218 5274 2408 5329 haberi
2441 5274 2606 5328 beato
2635 5271 2882 5344 pontiﬁci
2915 5273 3207 5342 comperit,
3258 5270 3417 5327 offert
3447 5273 3521 5339 ei,
3545 5279 3604 5328 ut

1993 5372 2259 5437 quantum
2289 5363 2455 5418 vellet
2485 5363 2539 5416 in
2585 5379 2719 5434 gyro
2748 5362 3048 5432 acciperet,
3077 5362 3162 5415 vel
3195 5367 3462 5432 quantum
3485 5361 3600 5417 cir-

1991 5456 2245 5523 cumiret,
2278 5457 2407 5510 dum
2438 5455 2528 5511 ille
2560 5454 2793 5508 meridie
2830 5454 3163 5524 quiesceret.
3192 5455 3390 5509 Beatus
3416 5453 3604 5526 itaque

1995 5545 2348 5617 Rigobcrtus,
2393 5546 2709 5617 exemplum
2759 5543 3063 5599 beatissimi
3093 5544 3326 5618 Remigii
3360 5555 3600 5612 secutus,
