3970 6218
442 348 543 402 115

1551 345 1917 401 FLODOARDI
1960 347 2264 403 CANONICI
2308 347 2632 405 REMENSIS

3640 354 3722 409 116

442 485 543 540 per
571 467 709 523 fines
737 468 832 540 qui
867 467 1317 523 manifestissime
1337 475 1544 538 patent,
1561 484 1818 541 pergens,
1852 469 2055 540 passim
2083 475 2134 542 Α
2160 471 2458 543 siquidem,
2491 490 2614 546 qua;
2636 474 2840 532 dicitur
2869 472 3190 538 Basilicaris,
3239 473 3324 528 vel
3349 473 3492 544 quod
3519 473 3727 530 basilicis

444 559 663 614 itineris
691 560 775 614 sui
826 559 1056 614 limitem
1094 559 1223 630 poni
1259 560 1543 630 praecepit,
1589 567 1648 614 ut
1669 560 1821 614 litem
1853 559 2062 616 discer-

446 657 605 705 neret
634 651 797 706 arvis.
834 650 930 704 Cui
964 666 1218 722 regresso
1239 667 1476 722 surgens
1507 651 1772 723 Pippinus
1798 669 1827 706 a
1847 666 2063 719 somno,

447 742 678 818 largitus
723 749 806 797 est
857 757 1078 798 omnem
1129 758 1292 814 quem
1325 743 1557 798 circuitu
1589 758 1691 798 suo
1720 744 2066 798 concluserat

446 835 650 890 locum.
705 834 784 888 Ad
845 833 1112 888 indicium
1172 849 1304 890 vero
1353 835 1718 891 memorabile
1762 852 1930 907 super
1961 838 2065 893 hoc

448 923 666 977 itineris
699 922 783 976 sui
821 921 1140 977 vernantior
1169 923 1321 977 omni
1363 929 1633 993 tempore,
1672 940 1835 995 quam
1875 925 1928 978 in
1957 941 2064 979 caa-

451 1013 584 1066 teris
616 1011 761 1066 circa
793 1011 948 1074 locis,
982 1010 1181 1065 visitur
1226 1011 1401 1065 herba
1427 1011 1626 1066 virere.
1681 1012 1771 1066 Est
1801 1020 1856 1067 et
1912 1012 2061 1068 aliud

450 1120 557 1160 non
586 1105 1008 1160 contemnenda:
1035 1105 1111 1157 rei
1141 1103 1488 1166 miraculum,
1509 1105 1657 1176 quod
1677 1105 1868 1175 procul
1891 1105 2062 1161 dubio

449 1198 662 1252 meritis
687 1197 863 1267 ipsius
891 1203 1107 1252 constat
1147 1196 1356 1250 eisdem
1389 1196 1554 1250 rebus
1583 1213 1612 1250 a
1661 1198 1892 1253 Domino
1925 1215 2064 1268 prae-

450 1299 719 1363 rogatum.
777 1287 1060 1358 Siquidem
1121 1296 1413 1358 postquam
1459 1287 1580 1356 ejus
1630 1305 1848 1344 cessere
1883 1290 2064 1344 domi-

454 1383 565 1446 nio,
622 1379 796 1434 fertur
852 1394 946 1433 eas
995 1395 1277 1449 nunquam
1334 1379 1537 1434 lzesisse
1582 1387 1916 1451 tempestas,
1965 1397 2067 1436 nec

452 1469 723 1524 cecidisse
758 1483 926 1539 super
969 1469 1092 1523 illas
1121 1469 1333 1542 grando
1371 1479 1462 1534 ;et
1509 1486 1634 1524 cum
1680 1471 1734 1524 in
1767 1471 1904 1526 locis
1932 1487 2066 1526 con-

455 1561 622 1634 tiguis
650 1560 944 1615 videbatur
985 1561 1204 1628 cadere,
1246 1559 1384 1615 fines
1409 1577 1598 1616 eorum
1628 1577 1736 1617 non
1785 1563 2068 1634 praesumit

456 1653 749 1724 attingere.

527 1741 779 1813 Denique
812 1757 900 1796 res
933 1741 1084 1807 istas,
1115 1742 1200 1795 vel
1244 1750 1440 1797 caetera
1485 1758 1606 1814 quae
1635 1741 1786 1797 visus
1805 1750 1890 1796 est
1918 1741 2067 1797 obti-

460 1831 669 1896 nuisse,
719 1829 869 1884 nullo
918 1829 1211 1884 mundana:
1242 1829 1560 1900 cupiditatis
1605 1831 1920 1902 impetravit
1957 1831 2066 1886 ob-

460 1925 612 1973 tentu
637 1936 651 1983 ;
675 1919 776 1972 sed
808 1918 1056 1973 ecclesia:
1078 1935 1189 1972 suae
1215 1918 1271 1972 in
1297 1919 1509 1975 cunctis
1531 1920 1828 1975 consulens
1851 1919 2063 1974 utilita-

458 2007 792 2072 tibus,illam
819 2007 1106 2061 constituit
1150 2008 1445 2062 haaredem.
1479 2007 1667 2062 Plures
1689 2008 1854 2063 etiam
1888 2025 2068 2063 rerum

459 2117 681 2155 suarum
742 2099 1039 2170 participes
1081 2099 1210 2154 fecit
1250 2100 1535 2166 ecclesias,
1580 2101 1827 2156 utvariis
1855 2101 2071 2156 charta-

461 2209 579 2248 rum
607 2193 868 2248 docemur
926 2192 1324 2247 instrumentis.
1379 2193 1492 2247 Sub
1542 2193 1716 2263 ipsius
1748 2194 2070 2264 episcopatu

462 2281 614 2336 dedit
642 2281 756 2335 Ado
791 2280 1014 2351 quidam
1034 2281 1210 2335 abbas
1246 2281 1314 2335 ad
1342 2281 1629 2337 ecclesiam
1662 2290 1865 2338 sanctae
1891 2283 2072 2337 Mariae

466 2373 750 2428 Remensis
767 2389 852 2426 res
870 2389 999 2426 suas
1020 2373 1153 2427 sitas
1185 2373 1239 2426 in
1270 2389 1412 2448 pago
1436 2374 1812 2439 Lauduuensi,
1848 2375 1900 2428 in
1929 2375 2070 2440 vico,

467 2463 558 2533 qui
587 2463 791 2517 dicitur
822 2461 1094 2516 Rausidus
1125 2463 1188 2533 [ο.
1232 2465 1268 2527 ἱ,
1305 2463 1613 2534 Raosidus],
1647 2481 1770 2520 cum
1814 2465 2075 2534 adjacen-

467 2553 556 2606 tiis
580 2568 789 2616 earum,
815 2551 1075 2606 domibus
1103 2551 1337 2618 scilicet,
1358 2552 1592 2620 colonis,
1621 2554 1848 2624 campis,
1875 2553 2074 2622 vineis,

467 2642 654 2711 pratis,
685 2641 858 2707 silvis,
885 2641 1135 2711 piscinis,
1156 2642 1338 2713 aquis,
1361 2659 1696 2714 aquarumve
1727 2644 2075 2711 decursibus,

464 2741 518 2787 et
543 2731 804 2787 omnibus
841 2733 1210 2802 appendiciis.
1258 2735 1390 2788 Item
1434 2735 1500 2788 ad
1532 2735 1874 2791 matriculam
1903 2738 2078 2793 sancti

468 2819 700 2892 Remigii
741 2835 829 2873 res
879 2820 1142 2890 quasdam
1191 2821 1246 2874 in
1279 2837 1420 2895 pago
1459 2823 1815 2891 Tardonensi,
1865 2825 1920 2877 in
1953 2825 2082 2881 villa

467 2912 797 2968 Corneciaco
823 2915 1167 2969 constitutas.
1226 2915 1462 2968 Diversze
1494 2931 1716 2986 quoque
1745 2931 1997 2987 persona:
2026 2917 2081 2972 in

468 3002 603 3056 locis
624 3002 856 3057 diversis
904 3019 992 3057 res
1030 3019 1158 3057 suas
1209 3018 1308 3073 pro
1353 3003 1662 3059 animarum
1696 3007 1943 3064 remedio
1982 3023 2080 3064 ec-

467 3089 649 3144 clesia:
689 3089 947 3145 Remensi
998 3091 1102 3145 sub
1149 3092 1254 3145 hoc
1285 3090 1439 3145 Patre
1486 3090 1806 3148 beatissimo
1836 3094 2083 3150 tradide-

2164 564 2217 617 in
2244 580 2379 638 gyro
2408 565 2492 619 sui
2543 567 2832 638 dispositis
2869 564 3251 628 abundaverit,
3277 564 3365 618 vel
3403 564 3542 634 quod
3566 566 3721 620 eunti-

2165 655 2269 710 bus
2297 656 2364 710 ad
2399 655 2656 712 basilicas
2689 659 2744 712 in
2773 658 2896 713 vico
2923 657 3096 711 sancti
3139 655 3371 728 Remigii
3423 656 3549 710 sitas
3572 659 3726 726 pervia

2166 743 2353 809 fuerit,
2408 745 2498 800 hic
2525 745 2860 801 benedictus
2909 744 3126 799 Domini
3158 742 3510 799 consuevisse
3533 744 3728 800 traditur

2165 838 2513 904 commorari,
2568 838 2717 909 quod
2779 825 2986 909 apertis
3039 835 3310 892 cmnaculi
3370 835 3453 890 sui
3490 835 3728 902 fenestris,

2168 928 2287 982 loca
2312 936 2624 984 sanctorum
2656 929 2803 984 beati
2835 927 3091 1001 Remigii,
3123 937 3554 998 ceterorumque
3570 925 3728 982 orandi

2167 1017 2340 1090 gratia
2371 1017 2760 1072 solitustuerat
2787 1016 3166 1088 contemplari.

2236 1105 2540 1160 Oratorium
2587 1122 2807 1178 quoque
2865 1122 3032 1176 super
3088 1106 3343 1160 eamdem
3399 1111 3596 1175 portam
3621 1117 3732 1158 con-

2165 1194 2511 1248 struxeratin
2542 1195 2750 1249 honore
2781 1194 2954 1248 sancti
3010 1193 3293 1248 Michaelis
3330 1191 3647 1265 archangeli,
3676 1191 3730 1244 de

2168 1299 2277 1355 quo
2308 1283 2363 1337 in
2393 1283 2715 1358 contiguam
2745 1283 2918 1338 sancti
2943 1282 3087 1337 Petri
3119 1282 3409 1338 ecclesiam
3441 1279 3733 1335 descendere

2169 1390 2376 1429 morem
2440 1373 2642 1429 fecerat
2703 1375 2968 1431 orationis
3006 1391 3212 1430 amore.
3257 1375 3413 1440 Quod
3476 1372 3731 1428 oratorium

2170 1481 2277 1520 non
2312 1479 2485 1536 pauco
2519 1471 2768 1534 tempore
2798 1464 3175 1536 perseveravit
3198 1463 3430 1527 ibidem,
3461 1462 3622 1516 donec
3648 1460 3732 1514 Lu-

2169 1553 2396 1608 dovicus
2428 1553 2727 1624 imperator
2784 1553 2932 1606 idem
2971 1552 3146 1606 sancti
3209 1551 3355 1606 Petri
3383 1548 3730 1606 monasterium

2169 1645 2382 1715 Alpaidi
2413 1643 2540 1699 filia:
2563 1662 2675 1699 sua:
2727 1645 2902 1699 dedit.
2929 1644 3094 1712 Cujus
3143 1643 3396 1697 mulieris
3418 1642 3518 1708 vir,
3548 1640 3732 1695 nomine

2169 1734 2338 1809 Bego,
2361 1733 2641 1804 praefatum
2672 1734 2815 1788 dirui
2829 1733 2994 1801 jussit
3033 1732 3338 1787 oratorium
3374 1749 3387 1796 ;
3420 1731 3541 1802 quia
3559 1729 3734 1785 scilicet

2170 1823 2406 1894 quadam
2447 1822 2536 1875 die
2563 1829 2728 1892 caput
2777 1823 2829 1875 in
2879 1820 3297 1890 superliminari
3326 1820 3564 1888 ejusdem
3583 1814 3733 1872 ostioli

2169 1915 2410 1988 graviter
2447 1913 2677 1979 eliserit,
2727 1928 2793 1968 eo
2851 1913 2998 1983 quod
3047 1921 3259 1966 statura
3305 1926 3556 1981 procerus
3583 1908 3733 1972 fuerit,

2171 2015 2226 2060 et
2257 2014 2439 2061 erecto
2469 2005 2610 2060 collo
2672 2004 3053 2069 ambulaverit,
3114 2019 3219 2058 nec
3283 2004 3350 2057 ad
3393 2001 3732 2057 introeundum

2171 2098 2416 2168 seipsum
2445 2097 2816 2152 humiliaverit
2874 2114 2886 2149 :
2924 2096 3282 2167 praetendens
3315 2095 3460 2166 quod
3487 2093 3735 2148 fenestram

2173 2188 2487 2243 obnuberet
2511 2189 2758 2242 ecclesiae
2783 2203 2892 2258 pro:
2911 2186 2995 2240 sui
3046 2186 3397 2241 celsitudine.
3427 2184 3568 2250 Quod
3589 2191 3738 2238 tamen

2175 2278 2474 2332 oratorium
2499 2283 2558 2330 ut
2584 2276 2753 2346 coepit
2783 2275 2976 2341 everti,
3021 2291 3145 2330 mox
3187 2275 3283 2329 ille
3305 2270 3735 2344 corripituradm-

2175 2384 2359 2434 mone,
2389 2375 2450 2422 ut
2474 2375 2591 2422 erat
2622 2367 2677 2421 in
2709 2383 2850 2440 pago
2904 2367 3282 2430 Laudunensi,
3317 2365 3500 2436 procul
3528 2363 3589 2418 ab
3629 2361 3738 2416 urbe

2176 2461 2456 2518 Remensi.
2500 2461 2665 2516 Porro
2728 2477 2827 2532 per
2891 2461 3052 2529 hujus
3107 2468 3282 2529 portae
3322 2459 3462 2514 viam
3516 2455 3668 2528 pulvis
3698 2462 3740 2508 et

2174 2551 2322 2605 venti
2353 2551 2559 2605 mistim
2593 2549 2933 2615 ferebantur,
2966 2548 3114 2603 unde
3143 2558 3200 2602 et
3220 2548 3462 2602 tenebne
3492 2545 3601 2600 urbi
3622 2542 3743 2597 vide-

2179 2641 2380 2696 bantur
2411 2640 2604 2695 illataiz
2650 2655 2751 2694 nec
2790 2655 2890 2710 per
2921 2637 3176 2693 eamdem
3215 2638 3359 2692 viam
3394 2635 3544 2691 facile
3563 2630 3740 2687 valebat

2179 2733 2470 2804 quisquam
2494 2732 2772 2790 incedere.
2804 2731 2913 2785 Hoc
2956 2737 3139 2784 autem
3173 2729 3475 2785 oratorium
3499 2725 3642 2781 modo
3669 2737 3740 2775 re-

2183 2829 2451 2891 paratum,
2476 2829 2531 2875 et
2571 2820 2624 2873 in
2671 2825 3086 2890 praememorato
3113 2817 3265 2872 beati
3323 2816 3585 2873 Michaelis
3609 2825 3744 2868 vene-

2184 2921 2334 2969 ratur
2362 2914 2570 2969 honore
2604 2912 2930 2967 restitutum.

2253 3001 2516 3058 Praefatus
2565 3001 2748 3072 itaque
2814 3000 3042 3055 Karolus
3097 3007 3156 3053 ut
3211 2997 3572 3070 principatum
3625 2989 3744 3045 bello

2183 3092 2416 3163 adeptus
2440 3101 2545 3158 est,
2569 3093 2716 3146 hunc
2744 3091 2921 3144 virum
2974 3088 3196 3144 Domini
3232 3088 3578 3161 Rigobertum
3598 3087 3752 3153 patro-

469 3189 616 3248 runt,
656 3190 717 3237 ut
775 3183 1078 3238 Beroaldus
1134 3184 1274 3255 [ms.,
1303 3183 1620 3255 Heroaldus]
1645 3192 1700 3240 et
1728 3186 2080 3243 Sairebertua
2111 3165 2160 3234 Ο
2182 3197 2312 3236 num
2337 3197 2519 3248 suum,
2549 3181 2666 3252 qui.
2699 3189 2757 3234 υι
2799 3177 3046 3245 πεδίων»
3095 3194 3225 3232 eum
3253 3177 3324 3231 de
3357 3176 3563 3230 lavacro
3590 3173 3745 3225 sane”

473 3272 526 3325 in
553 3280 738 3328 monte
767 3272 1024 3338 Betelini,
1075 3280 1128 3326 et
1163 3271 1479 3328 Taxovariis
1502 3272 1715 3338 domos,
1747 3290 2074 3342 arva,man-

468 3361 631 3431 cipia,
667 3361 858 3415 vineas
887 3377 950 3415 ac
991 3360 1159 3415 silvas
1201 3378 1213 3414 :
1243 3360 1598 3416 Gairefredus
1637 3373 1693 3417 et
1724 3364 2077 3418 Austreberta

469 3451 524 3504 in
557 3465 697 3523 pago
728 3449 1100 3518 Laudunensi,
1148 3449 1203 3503 in
1232 3449 1363 3505 villa
1412 3449 1685 3513 Warocio.
1709 3467 1931 3508 mansos
1951 3469 2074 3508 cum

470 3547 631 3600 terris
657 3545 1062 3614 adjacentibus,
1113 3545 1294 3600 vineis
1346 3561 1410 3599 ac
1461 3546 1773 3616 mancipiis.
1811 3547 1966 3603 Abbo
1994 3565 2082 3602 res

466 3655 594 3693 suas
617 3638 751 3692 sitas
781 3638 833 3691 in
864 3652 1005 3710 pago
1037 3637 1317 3703 Porcensi,
1354 3637 1483 3693 villa
1545 3639 1806 3712 Augusta.
1861 3639 2078 3694 Lande-

470 3747 654 3785 marus
705 3731 762 3783 in
811 3729 1180 3795 Camarciaco,
1224 3729 1280 3782 in
1334 3744 1475 3803 pago
1537 3729 1819 3797 Remensi,
1861 3746 2080 3786 mansos

471 3835 596 3872 cum
641 3816 914 3884 aedificiis,
955 3817 1283 3888 mancipiis,
1345 3817 1588 3885 ruribus,
1641 3817 1840 3883 vineis,
1902 3819 2079 3887 silvis,

470 3906 662 3976 pratis,
705 3913 759 3960 et
793 3904 1016 3959 caeteris
1059 3905 1407 3972 adjacentiis.
1460 3904 1799 3960 Rodemarus
1829 3923 1921 3961 rex
1952 3923 2082 3962 suas

467 3995 600 4049 sitas
630 3995 686 4048 in
735 3995 857 4050 vico
888 3993 1234 4048 Castricensi.
1276 3995 1410 4049 Item
1446 3994 1834 4050 Austrebertus
1877 3997 2076 4051 suasin

467 4089 661 4143 eadem
681 4088 826 4143 villa.
853 4089 1092 4153 Quarum
1132 4087 1314 4142 adhuc
1347 4087 1685 4158 exemplaria
1721 4089 2076 4146 traditionum

467 4181 614 4252 apud
634 4197 734 4236 nos
763 4180 986 4236 condita
1006 4187 1372 4236 reservantur.

1105 4267 1437 4324 CAPUTXll.

678 4362 751 4412 De
774 4359 1086 4428 expulsione
1124 4361 1294 4428 ipsius
1324 4360 1392 4414 ab
1431 4359 1566 4414 urbe
1593 4361 1862 4415 Remensi.

536 4451 664 4518 (An.
698 4448 1014 4516 7'17,Sigeb.
1044 4449 1097 4513 7,
1128 4451 1205 4516 8.)
1237 4448 1614 4521 Ortadenique
1636 4447 2081 4505 simultateinter

2177 3286 2515 3346 susceperat,
2556 3277 2876 3346 episcopatu
2908 3273 3249 3339 deturbavit,
3282 3281 3339 3327 et
3363 3271 3571 3326 cuidam
3589 3260 3742 3320 Miloni

2178 3368 2295 3422 sola
2339 3375 2565 3422 tonsura
2614 3367 2838 3430 clerico,
2872 3366 3019 3438 quod
3076 3366 3132 3436 [i,
3194 3364 3310 3436 qui]
3341 3377 3520 3419 secum
3549 3370 3738 3430 proces-

2177 3464 2324 3512 serat
2355 3457 2422 3511 ad
2453 3457 2682 3522 bellum,
2721 3455 2875 3510 dedit
2907 3457 3010 3511 hoc
3033 3455 3401 3526 epiSCOpium.
3447 3451 3535 3506 Hic
3559 3443 3744 3503 Karolus

2183 3567 2248 3604 ex
2278 3549 2492 3604 ancillae
2513 3556 2702 3619 stupro
2734 3557 2915 3614 natus,
2974 3555 3033 3602 ut
3065 3547 3120 3600 in
3185 3545 3477 3602 annalibus
3513 3534 3744 3614 regumde

2182 3654 2248 3694 eo
2275 3639 2497 3713 legitur,
2527 3640 2742 3695 caeteris
2794 3639 2885 3710 qui
2920 3646 3046 3693 ante
3077 3655 3136 3693 se
3183 3631 3740 3694 fuerantaudaciorre-

2180 3731 2367 3804 gibus,
2401 3747 2510 3786 non
2543 3731 2720 3786 solum
2751 3731 2936 3796 istum,
2961 3730 3059 3784 sed
3092 3729 3260 3785 etiam
3284 3729 3420 3784 alios
3443 3725 3743 3796 episcopatus

2182 3823 2336 3897 regni
2358 3824 2689 3878 Francorum
2723 3822 2876 3877 laicis
2913 3821 3236 3876 hominibus
3280 3828 3335 3876 et
3364 3814 3638 3874 comitibus
3663 3809 3737 3862 de-

2181 3917 2262 3971 dit
2297 3935 2310 3981 ;
2341 3916 2414 3970 ita
2436 3922 2494 3969 ut
2523 3915 2802 3986 episcopis
2833 3913 2970 3968 nihil
3002 3912 3294 3984 potestatis
3324 3911 3380 3966 in
3412 3909 3566 3964 rebus
3591 3899 3739 3956 eccle-

2179 4010 2380 4063 siarum
2413 4007 2773 4078 permitteret.
2806 4007 3004 4060 Verum
3031 4005 3179 4076 quod
3212 4013 3402 4060 contra
3432 4003 3567 4055 hunc
3594 3994 3736 4049 virum

2179 4107 2425 4154 sanctum
2455 4107 2512 4153 et
2547 4098 2684 4152 alias
2726 4097 2994 4152 ecclesias
3059 4095 3259 4152 Christi
3312 4087 3736 4166 perpetravitma-

2180 4189 2312 4254 lum,
2335 4188 2484 4256 justo
2509 4186 2720 4256 judicio
2747 4186 3010 4241 Dominus
3041 4184 3246 4240 refudit
3277 4184 3331 4238 in
3370 4188 3526 4251 caput
3550 4175 3666 4244 ejus.
3680 4169 3736 4222 De

2179 4291 2288 4348 quo
2316 4276 2534 4330 Patrum
2565 4274 2769 4346 scripta
2798 4274 3065 4329 relatione
3095 4273 3350 4338 traditur,
3391 4267 3531 4341 quod
3557 4264 3737 4355 sanctus

2181 4367 2500 4433 Eucherius,
2557 4368 2714 4438 cujus
2773 4368 2827 4421 in
2893 4365 3229 4421 monasterio
3287 4362 3456 4419 sancti
3510 4352 3736 4412 Trudonis

2178 4462 2462 4517 humatum
2525 4468 2608 4514 est
2680 4476 2902 4530 corpus,
2965 4457 3443 4514 Aurelianensium
3501 4441 3733 4530 quondm}l

467 4556 650 4614 regem
671 4541 1043 4612 Chilpericum
1057 4548 1110 4594 et
1140 4540 1390 4596 Karolum
1410 4541 1855 4613 praefatiPippini
1879 4543 2071 4609 tilium,
2095 4533 2151 4602 D
2173 4551 2488 4622 episcopus,
2521 4549 2652 4604 dum
2682 4548 2738 4602 in
2766 4525 3014 4603 oratione
3058 4547 3287 4618 positus,
3319 4551 3494 4599 mente
3535 4525 3735 4591 caelesti-

465 4631 840 4701 majoremque
861 4631 1060 4686 domus
1082 4629 1768 4702 Ragemfridum,.Karolus
1788 4632 1890 4686 iste
1903 4648 2074 4703 prope

465 4723 660 4778 urbem
690 4722 972 4777 transiens
1003 4723 1316 4785 Remorum,
1349 4721 1614 4777 clamasse
1647 4722 1821 4778 fertur
1847 4725 1916 4778 ad
1940 4724 2074 4779 bea-

466 4825 579 4868 tum
599 4813 959 4888 Rigobertum
1004 4804 1172 4884 supra
1210 4821 1426 4884 portam
1457 4812 1695 4868 civitatis
1723 4814 1910 4881 situm,
1941 4826 2000 4870 ut
2022 4816 2073 4870 ei

456 4905 682 4974 juberet
718 4905 968 4960 eamdem
997 4911 1208 4975 portam
1237 4903 1463 4974 aperiri,
1494 4911 1767 4974 quatenus
1795 4906 1865 4960 ad
1887 4907 2072 4963 eccle-

461 4999 598 5054 siam
649 5005 851 5054 sanctte
902 4997 999 5052 Dei
1041 4995 1333 5050 Genitricis
1388 5005 1600 5051 oratum
1653 5008 1839 5069 posset
1893 4999 2070 5056 abire.

463 5091 559 5148 Cui
589 5090 799 5147 crebris
838 5091 894 5144 in
929 5089 1170 5158 idipsum
1209 5085 1436 5143 vocibus
1464 5088 1686 5145 instanti
1719 5091 2073 5163 respondisse

463 5182 544 5237 vir
569 5179 787 5236 Domini
811 5176 1154 5250 perhibetur,
1187 5177 1335 5248 quod
1362 5193 1472 5234 non
1501 5178 1580 5232 illi
1613 5197 1732 5235 eam
1760 5182 1913 5252 prius
1937 5199 2073 5253 ape-

463 5275 616 5340 riret,
648 5273 827 5327 donec
852 5269 1018 5323 sciret
1041 5285 1206 5339 quem
1235 5268 1402 5325 finem
1423 5270 1491 5326 lis
1510 5281 1690 5344 coepta
1715 5274 2026 5346 perciperet
2052 5291 2068 5343 ;

463 5383 533 5421 ne
564 5365 702 5420 forte
718 5361 912 5416 urbem
927 5359 1396 5418 sibicommissam
1425 5363 1528 5437 ipsi
1558 5365 1927 5437 diripiendam
1941 5383 2071 5438 pro-

461 5459 640 5521 deret,
665 5452 761 5525 qui
792 5451 1124 5509 aliarumres
1155 5457 1448 5512 nonnullas
1470 5457 1687 5512 urbium
1721 5459 2066 5530 diripuisset.

459 5546 538 5601 Ad
569 5545 686 5598 haec
714 5541 943 5599 Karolus
959 5545 1266 5603 cominatus
1296 5547 1562 5602 asseritur
1582 5547 1902 5615 furibunde,
1917 5532 2068 5619 quod

456 5637 500 5690 si
530 5641 900 5690 reverteretur
925 5635 1098 5692 victor
1146 5637 1203 5691 in
1253 5651 1409 5708 pace,
1468 5649 1578 5690 non
1636 5636 1776 5689 ultra
1808 5637 1956 5691 idem
1986 5636 2068 5691 vir

454 5726 548 5783 Dei
579 5732 730 5784 tutus
759 5735 1008 5786 maneret
1049 5728 1106 5783 in
1139 5728 1333 5784 eadem
1364 5727 1606 5783 civitate.
1636 5726 1811 5794 Supra
1853 5735 2065 5796 portam

2175 4642 2280 4696 bus
2301 4641 2632 4705 intenderet,
2674 4639 2742 4693 ad
2781 4639 3006 4694 alteram
3050 4639 3216 4694 vitam
3266 4643 3468 4707 raptus,
3501 4629 3734 4682 intet'cw’

2175 4741 2291 4788 tera
2317 4748 2441 4803 quae
2469 4731 2700 4787 Domino
2743 4730 2850 4786 sibi
2903 4731 3121 4785 velante
3160 4725 3462 4798 conspexit,
3495 4722 3624 4774 hunc
3649 4709 3732 4764 Ka-

2175 4827 2348 4880 rolum
2380 4824 2435 4879 in
2467 4824 2686 4879 inferno
2718 4823 2966 4879 inferiori
2997 4821 3243 4894 torqueri
3264 4819 3419 4875 vidit.
3451 4811 3538 4868 Cui
3565 4807 3625 4862 de
3651 4803 3733 4856 110°

2173 4916 2473 4974 sciscitanti
2514 4932 2838 4988 responsum
2885 4925 2969 4970 est
3015 4915 3084 4969 ab
3141 4913 3335 4988 angelo
3375 4909 3584 4963 ductore
3629 4905 3728 4952 suo,

2175 5005 2322 5078 quod
2352 5015 2664 5059 sanctorum
2694 5004 2928 5073 judicio,
2961 5003 3052 5074 qui
3087 5003 3142 5056 in
3173 5002 3355 5056 futuro
3385 4990 3726 5081 examinecum

2175 5094 2407 5150 Domino
2436 5093 2787 5162 judicabunt,
2819 5109 3055 5163 quorum
3104 5107 3193 5145 res
3218 5085 3461 5148 abstulit,
3480 5079 3728 5171 sempiter:

2174 5184 2351 5239 nissit
2409 5149 2584 5254 pinnis
2625 5149 2942 5253 deputaius.
3004 5180 3104 5246 Qui
3136 5180 3330 5234 beatus
3378 5149 3727 5255 Eucheriuffd

2172 5277 2432 5332 saeculum
2462 5291 2735 5341 reversus,
2765 5283 2954 5329 sancto
2979 5271 3279 5337 Bonifacio,
3299 5266 3389 5339 qui
3420 5273 3540 5318 tunc
3555 5249 3724 5341 Galliis,

2171 5367 2238 5421 ad
2254 5365 2593 5421 restituenda
2609 5364 2732 5433 jura
2743 5363 3032 5430 canonica,
3052 5362 3229 5418 fuerat
3251 5358 3318 5414 ab
3334 5332 3723 5442 apostolieaseiie

2170 5458 2448 5528 praelatus,
2467 5464 2522 5512 et
2553 5455 2783 5512 Fulrado
2813 5455 3002 5510 abbati
3025 5449 3343 5509 monasterii
3371 5440 3535 5501 sancti
3559 5436 3723 5526 DiOPY‘

2168 5550 2260 5617 sii,
2318 5557 2372 5604 et
2423 5565 2637 5604 summo
2691 5547 2978 5619 capellano
3029 5546 3176 5619 regis
3222 5536 3453 5614 Pippini,
3510 5532 3610 5619 ῒιεξ)
3649 5531 3718 5619 Ψξ

2170 5614 2355 5692 dicare
2383 5637 2615 5704 studuit,
2643 5614 2782 5693 dans
2839 5638 2895 5692 in
2921 5614 3248 5700 assertione,
3274 5636 3332 5685 ut
3359 5627 3426 5682 ad
3453 5614 3717 5706 sepulcrum

2169 5728 2291 5796 ejus
2321 5729 2670 5797 accedentes,
2698 5731 2745 5785 si
2775 5745 2978 5800 corpus
3009 5727 3185 5798 ipsius
3208 5721 3342 5780 inibi
3381 5731 3482 5774 non
3510 5709 3715 5777 repene'
