3970 6218
248 344 356 398 117

909 338 1235 395 HISTORI/E
1274 337 1606 394 ECCLESIAE
1647 335 1973 391 REMENSIS
2016 338 2188 393 LIBRI
2234 338 2560 402 QUATUOR.
2593 366 2661 375 —-
2704 336 2824 390 LIB.
2868 338 2932 390 II.

3486 341 3584 394 118

250 473 385 538 rint,
420 486 543 541 quae
574 469 643 523 de
700 467 794 522 illo
849 467 1145 535 referebat,
1178 484 1305 523 vera
1335 484 1459 523 esse
1488 467 1709 522 scirent.
1738 466 1872 531 Qui-
1900 469 2048 537 Ade
2097 469 2424 524 Culmiciaco
2478 467 2544 521 ab
2598 473 2845 521 sanctum
2892 467 3106 521 Petrum
3160 468 3213 522 in
3262 469 3581 524 Gerniacam

249 562 358 615 bus
390 560 459 613 ad
484 560 686 621 locum,
718 556 812 611 ubi
835 572 1037 628 corpus
1064 558 1311 625 ejusdem
1352 556 1527 611 Karoli
1558 557 1698 625 (Car.
1723 558 1873 610 Mar-

247 654 383 715 telli)
425 651 703 721 sepultum
761 648 958 714 fuerat,
1020 650 1394 715 venientibus,
1447 658 1501 702 et
1555 648 1869 718 sepulcrum

248 740 430 812 ipsius
457 737 861 809 aperientibus,
913 736 1094 792 subito
1134 738 1284 791 visus
1310 744 1393 792 est
1421 752 1649 806 serpens
1682 752 1871 809 egres-

248 847 346 884 sus
375 836 467 893 ;et
485 834 657 882 totum
678 826 814 880 illud
837 826 1154 897 sepulcrum
1180 842 1412 881 vacuum
1438 825 1869 895 reperiturinte-

250 920 392 985 rius,
425 918 616 988 sicque
645 917 1015 989 denigratum,
1074 932 1137 970 ac
1189 916 1234 970 si
1282 915 1477 970 fuisset
1505 914 1741 969 flammis
1765 932 1867 969 ex-

250 1015 462 1063 ustum.
524 1007 597 1061 De
630 1004 859 1076 praafato
891 1004 1135 1075 denique
1167 1004 1369 1060 Milone
1426 1004 1713 1059 Zacharias
1728 1020 1870 1075 papa

253 1102 558 1163 Romanus,
590 1107 903 1168 praenovato
934 1106 1123 1153 sancto
1164 1096 1444 1152 Bonitacio
1479 1097 1620 1151 inter
1649 1103 1864 1161 caetera,

250 1209 379 1264 qua:
408 1192 475 1246 ad
508 1207 633 1245 eum
655 1190 911 1245 mandata
952 1190 1171 1256 dixerit,
1221 1190 1297 1244 ita
1326 1189 1519 1244 scribit
1548 1190 1869 1257 (Zacaxmxs

247 1281 453 1351 ep.12)
484 1300 499 1334 :
534 1302 556 1331 ‹‹
595 1280 664 1332 De
696 1279 897 1333 Milone
942 1286 1149 1343 autem,
1181 1285 1235 1332 et
1256 1277 1526 1346 ejusmodi
1570 1277 1864 1339 similibus.

247 1371 348 1443 qui
382 1368 634 1424 ecclesiis
661 1367 753 1421 Dei
779 1367 1075 1437 plurimum
1098 1376 1318 1421 nocent.
1371 1374 1431 1421 ut
1469 1382 1499 1420 a
1529 1366 1623 1420 tali
1656 1366 1868 1421 nefario

247 1479 425 1533 opere
457 1460 734 1525 recedant,
788 1461 941 1527 juxta
989 1458 1234 1529 Apostoli
1278 1473 1491 1523 vocem,
1533 1465 1865 1529 Opportune,

250 1554 630 1621 inopportune
665 1548 903 1618 przedica
963 1550 1032 1602 ιΙΙ
1090 1549 1227 1612 Tim,
1280 1550 1372 1615 tv).
1406 1547 1458 1599 Si
1488 1548 1867 1617 acquieverint

247 1641 729 1699 admonitionibus
776 1641 903 1707 tuis,
974 1639 1266 1693 salvabunt
1313 1639 1526 1693 animas
1577 1655 1748 1705 suas;
1781 1640 1867 1693 sin

249 1751 406 1800 vero,
431 1734 534 1803 ipsi
557 1732 819 1803 peribunt
836 1731 1081 1787 obvoluti
1102 1731 1155 1784 in
1171 1730 1409 1800 peccatis
1428 1731 1561 1795 suis;
1580 1740 1636 1784 tu
1660 1739 1866 1797 autem,

247 1828 346 1898 qui
381 1836 530 1880 recte
563 1825 850 1894 praedicas,
885 1840 994 1879 non
1050 1823 1251 1893 perdes
1280 1823 1596 1877 mercedem
1636 1832 1803 1877 tuam.
1840 1844 1867 1871 η

319 1919 587 1973 Caeterum
638 1924 861 1971 sanctus
902 1916 1116 1971 Domini
1152 1915 1521 1989 Rigobertus,
1566 1915 1869 1970 Dominicis

244 2011 688 2081 obtemperando
723 2009 1031 2079 praeceptis,
1067 2007 1522 2079 quibusjubetur
1539 2008 1639 2062 sub
1675 2024 1869 2077 perse-

247 2101 475 2156 cutione
500 2099 566 2151 de
595 2097 815 2152 civitate
874 2096 928 2149 in
983 2095 1258 2151 civitatem
1299 2095 1512 2169 fugere,
1560 2096 1867 2150 secessitin

249 2187 597 2243 Vasconiam.
662 2185 739 2238 lbi
797 2184 1121 2250 exsulando,
1160 2184 1291 2239 dum
1338 2185 1636 2239 multorum
1680 2192 1868 2240 sancto

248 2282 469 2335 fervore
500 2278 794 2332 memorias
818 2285 1131 2331 sanctorum
1156 2277 1433 2341 lustraret,
1456 2278 1749 2347 quamdam
1785 2278 1870 2331 in-

247 2384 475 2444 gressus
508 2366 813 2431 basilicam,
875 2365 1053 2419 donec
1094 2364 1300 2418 insistit
1329 2365 1697 2434 orationibus,
1717 2382 1869 2420 cam-

255 2474 419 2530 panae
453 2458 741 2527 pulsantur
801 2470 865 2509 ex
899 2468 1074 2520 more,
1133 2452 1453 2524 ibidemque
1507 2455 1617 2509 duo
1652 2455 1868 2525 pulsata

246 2552 413 2625 signa
451 2548 691 2604 sonitum
752 2548 959 2602 nullum
1012 2547 1365 2617 reperiuntur
1413 2546 1654 2601 dedisse.
1718 2548 1869 2602 Tunc

248 2642 515 2698 sacerdos
543 2640 704 2695 etalii
724 2641 1138 2697 circumstantes
1166 2638 1398 2694 sollicite
1430 2646 1865 2709 perscrutantur,

249 2737 379 2807 quis
400 2736 491 2801 sit,
526 2744 580 2789 et
619 2734 766 2789 unde
800 2736 1104 2790 advenerit.
1159 2734 1253 2788 Ille
1293 2750 1353 2787 se
1386 2732 1675 2803 profitetur
1704 2734 1867 2788 cleri-

247 2847 400 2895 cum,
430 2838 484 2883 et
515 2830 582 2882 de
614 2827 841 2883 Francia
872 2827 1198 2899 profectum.
1244 2826 1582 2893 Adjicientes
1636 2827 1733 2893 illi,
1768 2845 1864 2882 su-

249 2940 354 2993 per
415 2937 570 2976 novze
620 2921 697 2975 rei
756 2920 1103 2975 sciscitantur
1152 2926 1450 2984 eventum;
1505 2937 1603 2975 cur
1651 2921 1863 2976 scilicet

251 3010 492 3080 impulsa
539 3024 727 3063 eorum
786 3017 1049 3063 consuete
1089 3023 1199 3063 non
1259 3017 1517 3062 resonent
1562 3008 1738 3081 signa.
1803 3010 1868 3063 At

251 3103 348 3157 ille
373 3102 484 3156 duo
516 3100 708 3172 pandit
733 3101 841 3155 sibi
902 3100 971 3155 de
1025 3100 1261 3171 quadam
1292 3100 1524 3155 ecclesia
1554 3117 1651 3155 sua
1683 3100 1866 3156 furtim
1892 3136 1940 3204 Ο

249 3195 458 3258 ablata,
488 3193 852 3265 arbitrarique
880 3208 961 3261 se,
988 3197 1075 3245 ne
1116 3191 1255 3246 forte
1286 3192 1396 3246 sint
1421 3210 1503 3246 ea.
1541 3193 1869 3257 Quibussibi

249 3286 515 3353 ostensis,
547 3293 607 3339 ut
653 3285 849 3338 asserit
909 3301 1007 3338 sua
1057 3284 1247 3351 fuisse,
1299 3284 1661 3354 experimenti
1694 3285 1871 3357 gratia

248 3381 479 3447 rogatur
511 3374 730 3444 pulsare
783 3373 895 3426 illa.
945 3372 1023 3425 Ad
1055 3373 1213 3440 cujus
1254 3373 1551 3443 impulsum
1610 3373 1694 3426 his
1744 3373 1871 3427 alti-

248 3480 388 3518 sone
451 3461 831 3528 reboantibus,
891 3476 1018 3515 vera
1070 3461 1275 3515 dixisse
1336 3460 1745 3531 comprobatur.
1792 3463 1871 3515 Ita

248 3553 467 3608 cunctis
494 3568 663 3622 super
716 3550 1101 3619 hujuscemodi
1155 3550 1294 3605 facto
1328 3550 1705 3621 stupentibus,
1759 3567 1871 3605 suae

246 3642 358 3695 sibi
428 3642 568 3695 nolae
628 3639 933 3693 redduntur
1008 3656 1022 3704 ;
1068 3645 1124 3693 et
1169 3638 1289 3708 ipse
1344 3645 1453 3692 tam
1507 3638 1872 3694 admiratione

249 3750 419 3806 quam
453 3732 807 3787 veneratione
848 3731 1048 3803 dignus
1074 3730 1329 3796 habetur,
1356 3746 1478 3801 quae
1519 3731 1866 3800 postmodum

252 3823 309 3876 in
342 3821 626 3876 Franciam
654 3820 856 3886 relatze,
890 3819 1208 3874 etecclesiae
1239 3819 1518 3874 Gerniacaa
1551 3820 1719 3875 cortis
1740 3829 1867 3875 sunt

250 3914 548 3969 restitutae.

328 4003 522 4058 Fertur
554 4002 700 4055 hunc
760 4001 935 4055 virum
966 4000 1060 4054 Dei
1116 3998 1377 4070 praefatus
1409 4000 1532 4054 Milo
1594 4001 1700 4070 {cui
1740 4001 1867 4072 epi-

253 4110 485 4165 scopum
549 4094 814 4146 Remense
873 4092 1060 4146 datum
1109 4090 1288 4145 fuerat
1334 4108 1362 4144 a
1411 4092 1620 4156 Karolo)
1653 4092 1873 4149 functus

254 4186 537 4259 legatione
564 4184 708 4254 apud
736 4185 1006 4238 Vascones
1052 4180 1107 4236 in
1156 4184 1254 4238 hac
1306 4183 1533 4253 regione
1576 4186 1871 4255 reperisse,

256 4279 427 4349 eique
450 4286 509 4330 ut
548 4276 604 4329 in
656 4275 937 4330 Franciam
986 4282 1355 4329 reverteretur
1398 4277 1874 4343 suasisse,suum-

255 4386 366 4441 que
392 4368 500 4422 sibi
532 4366 938 4421 redhibendum
997 4367 1316 4437 episcopum
1347 4368 1736 4438 spopondisse.
1774 4370 1872 4434 Qui

258 4475 544 4533 regressus
607 4458 813 4528 petitur
863 4475 893 4513 a
956 4458 1178 4527 Milone,
1238 4468 1297 4516 ut
1348 4477 1435 4515 res
1488 4479 1625 4532 quas
1692 4465 1871 4520 eccle—

255 4550 353 4603 sia:
388 4549 501 4617 jam
543 4547 912 4621 delegaverat,
947 4547 1111 4616 injus
1134 4550 1419 4619 preprium
1460 4550 1565 4605 sibi
1596 4553 1867 4619 traderet;

257 4638 411 4710 quod
429 4652 495 4691 eo
514 4636 827 4691 nullatenus
857 4638 1215 4703 assentiente,
1236 4647 1289 4693 et
1319 4639 1541 4705 Milone,
1574 4657 1632 4695 se
1661 4641 1728 4696 de
1752 4644 1875 4712 pol-

257 4729 571 4786 licitatione
626 4735 905 4791 mutante,
965 4729 1137 4783 altare
1192 4736 1407 4785 tantum
1466 4732 1548 4785 vir
1604 4733 1697 4787 Dei
1765 4734 1872 4788 sibi

259 4832 414 4897 regat
455 4821 689 4877 concedi
734 4829 921 4875 sancta
950 4821 1047 4875 Dei
1090 4821 1377 4892 genitricis
1418 4822 1595 4877 Maria:
1635 4834 1694 4879 ut
1728 4826 1877 4881 scili-

259 4925 347 4970 cet
380 4914 435 4967 in
477 4928 543 4967 eo
575 4912 769 4966 missas
796 4913 902 4966 sibi
946 4912 1110 4968 liceat
1156 4913 1460 4968 celebrare.
1502 4918 1615 4980 Quo
1656 4917 1875 4972 demum

254 5008 513 5071 obtento,
569 5005 837 5059 habitavit
892 5005 946 5059 in
995 5005 1252 5060 Cerniaca
1307 5014 1457 5061 corte
1491 5016 1737 5078 tempore
1768 5026 1878 5065 non

255 5112 457 5167 pauco,
492 5095 657 5149 vitam
706 5093 761 5147 in
804 5094 1134 5160 humilitate,
1172 5095 1462 5165 parcitate,
1500 5097 1726 5169 vigiliis,
1755 5116 1880 5154 ora-

258 5185 528 5251 tionibus,
570 5191 625 5238 et
688 5182 1076 5255 eleemosynis,
1126 5193 1565 5257 czetcrorumque
1606 5188 1878 5243 bonorum

256 5295 492 5349 operum
517 5278 958 5334 exhibitionibus
1002 5296 1196 5355 agens.
1255 5281 1529 5353 Morisque
1559 5281 1660 5336 fuit
1694 5282 1766 5346 ei,
1794 5284 1877 5338 ci-

256 5372 483 5425 vitatem
544 5369 839 5422 Remorum
889 5368 1206 5441 frequenter
1246 5369 1505 5436 invisere,
1565 5378 1619 5425 et
1673 5372 1728 5424 in
1785 5390 1878 5427 ara

257 5462 435 5517 beatw
470 5458 653 5513 Maria:
712 5457 925 5525 missas,
966 5468 1024 5514 ut
1057 5468 1361 5530 Optaverat,
1403 5462 1704 5517 celebrare.
1746 5464 1877 5518 Tum

257 5570 355 5623 per
385 5552 685 5608 ecclesiam
704 5551 876 5604 sancti
925 5552 1161 5607 Mauritii
1203 5554 1271 5607 ad
1288 5563 1535 5608 sanctum
1568 5555 1877 5629 Remigium

254 5643 451 5698 orandi
484 5641 667 5716 gratia
722 5655 970 5710 pergere.
1008 5643 1139 5697 Inde
1189 5642 1361 5696 sancti
1398 5642 1723 5697 Theoderic1
1759 5659 1880 5699 mo-

256 5732 565 5788 nasterium
597 5728 847 5791 visitare,
879 5745 941 5783 ac
997 5747 1096 5799 per
1160 5729 1449 5785 ecclesiam
1496 5728 1670 5783 sancti
1702 5728 1877 5799 Cyrici

1899 4508 1951 4575 Ι)

1975 567 2183 620 cortem
2213 560 2416 617 redire.

2572 648 2781 704 CAPUT
2834 649 2976 702 XIII.

2234 746 2309 796 De
2336 739 2616 795 miraculis
2647 740 2705 790 in
2729 740 2839 790 vita
2869 739 3038 806 ipsius
3068 741 3314 792 ostensis.

2042 833 2281 906 Contigit
2330 833 2511 902 itaque
2545 828 2845 900 quondam,
2887 828 3015 882 dum
3052 828 3120 881 ab
3153 839 3401 883 sanctum
3434 830 3586 900 Cyri-

1970 942 2091 980 cum
2142 934 2351 981 oratum
2422 922 2663 976 venisset
2727 922 2781 974 in
2858 920 3269 986 Culmiciacum,
3341 923 3583 977 locutum

1972 1034 2095 1072 eum
2128 1034 2252 1071 cum
2279 1030 2569 1071 ceconomo
2622 1013 2910 1067 Remensis
2941 1013 3188 1068 ecclesia}
3221 1015 3315 1084 qui
3346 1015 3535 1068 aderat
3570 1033 3581 1067 :

1972 1117 2304 1183 rogatusque
2350 1108 2415 1162 ad
2470 1106 2787 1177 prandium,
2822 1106 3116 1171 recusavit,
3170 1114 3361 1177 utpote
3392 1108 3585 1161 missas

1970 1214 2191 1258 acturus
2221 1203 2287 1256 ad
2306 1209 2555 1256 sanctum
2590 1201 2830 1254 Petrum.
2859 1200 3071 1253 Interea
3103 1200 3301 1254 mulier
3327 1202 3581 1271 quaedam

1969 1307 2221 1345 anserem
2253 1290 2434 1344 attulit
2464 1289 2832 1354 vicedomino,
2868 1305 3031 1359 quem
3066 1290 3157 1343 ille
3189 1288 3428 1343 offerens
3459 1290 3582 1360 cpi-

1969 1394 2159 1448 scopo,
2218 1378 2355 1448 petit
2394 1387 2453 1431 ut
2487 1378 2679 1443 jubeat
2746 1376 2942 1447 recipi,
3012 1393 3312 1448 secumque
3354 1377 3578 1431 deferri.

1969 1470 2139 1533 Quem
2173 1485 2309 1539 puer
2336 1469 2437 1523 viri
2472 1469 2565 1521 Dei
2594 1468 2905 1537 suscipiens
2949 1468 3179 1535 ferebat,
3242 1486 3364 1522 cum
3396 1469 3580 1523 subito

1971 1558 2037 1611 de
2062 1558 2315 1611 manibus
2346 1559 2466 1626 ejus
2517 1558 2758 1611 evadens
2823 1558 3079 1624 avolavit,
3114 1575 3384 1629 spemque
3418 1574 3578 1612 resu-

1972 1646 2156 1698 mendi
2216 1662 2387 1715 puero
2435 1646 2679 1700 abstulit.
2744 1648 2807 1700 At
2854 1647 3011 1700 Pater
3066 1656 3288 1702 sanctus
3348 1664 3579 1717 puerum

1970 1736 2326 1789 vehementer
2373 1735 2649 1789 anxiatum
2696 1735 3067 1805 conspiciens,
3104 1736 3326 1802 blande,
3370 1752 3471 1791 ceu
3500 1737 3583 1790 vir

1973 1823 2323 1891 mitissimus,
2399 1825 2733 1889 consolatur,
2802 1824 3009 1879 docens
3067 1826 3135 1878 de
3198 1826 3583 1895 temporalium

1971 1916 2269 1970 amissione
2328 1932 2510 1969 rerum
2573 1932 2919 1986 nequaquam
2980 1916 3224 1970 ﬂendum
3301 1918 3385 1969 vel
3449 1934 3586 1971 con—

1972 2005 2338 2072 tristandum;
2391 2004 2641 2075 quinimo
2707 2021 2927 2074 semper
2985 2004 3039 2058 in
3074 2005 3327 2071 Domino,
3370 2010 3464 2074 qui
3488 2008 3586 2060 dat

1970 2099 2219 2152 omnibus
2271 2099 2553 2167 afﬂuenter
2581 2100 2711 2167 (Jac.
2748 2098 2804 2168 1),
2837 2097 3193 2167 sperandum.
3221 2097 3280 2150 Et
3305 2113 3431 2149 ecce
3466 2104 3589 2167 post

1971 2186 2195 2257 aliquod
2258 2187 2519 2256 spatium,
2581 2186 2697 2241 avis
2753 2188 2897 2242 ultro
2957 2188 3229 2253 revolans,
3280 2189 3347 2242 ad
3383 2195 3580 2243 terram

1969 2290 2151 2329 coram
2211 2283 2402 2330 sancto
2478 2276 2712 2345 praesule
2772 2276 3078 2342 descendit,
3137 2293 3375 2347 eumque
3425 2278 3580 2348 quasi

1970 2364 2197 2434 praedux
2228 2364 2484 2434 przeiens,
2519 2380 2791 2435 nusquam
2846 2381 2876 2418 a
2918 2364 3133 2418 tramite
3163 2365 3367 2430 deviat,
3402 2366 3583 2421 donec

1968 2453 2035 2507 ad
2068 2452 2385 2507 Gerniacam
2444 2459 2652 2507 cortem
2706 2469 2816 2523 quo
2872 2454 3044 2519 ibant,
3104 2454 3376 2523 pervenit.
3412 2458 3582 2518 Quam

1968 2545 2051 2599 vir
2100 2544 2314 2599 Domini
2376 2560 2485 2599 non
2546 2561 2738 2615 passus
2786 2547 2985 2612 occidi,
3034 2549 3290 2617 przeviam
3348 2548 3588 2603 habebat

1970 2637 2205 2691 itineris.
2233 2637 2423 2691 Fertur
2451 2637 2600 2690 enim
2644 2647 2770 2691 ante
2820 2655 2879 2692 sc
2911 2637 3177 2693 cursitare
3216 2639 3400 2703 solita,
3452 2640 3582 2694 dum

1966 2730 2244 2785 civitatem
2293 2728 2501 2798 adibat,
2551 2738 2644 2783 aut
2672 2730 2906 2784 redibat.
2936 2731 3103 2798 IIujus
3156 2732 3303 2787 beati
3339 2734 3587 2803 praesulis

1966 2827 2257 2893 Adrianus,
2317 2826 2468 2880 sedis
2526 2826 2844 2895 apostolica:
2904 2826 3177 2897 pontifex,
3236 2830 3489 2883 meminit
3530 2829 3585 2882 in

1967 2922 2202 2993 epistola
2222 2936 2321 2974 sua
2350 2918 2589 2989 Tilpino,
2616 2927 2741 2988 post
2777 2919 3041 2991 episcOpo
3075 2921 3331 2975 Remensi
3356 2922 3584 2983 directa.

1968 3012 2025 3065 in
2048 3028 2156 3082 qua
2195 3017 2250 3064 et
2299 3008 2702 3080 querimoniam
2752 3009 2879 3064 facit
2913 3027 3080 3080 super
3110 3026 3197 3077 eo,
3247 3012 3498 3067 scribens
3530 3013 3584 3066 in

1970 3108 2117 3160 hunc
2139 3104 2365 3159 modum
2393 3121 2405 3156 :
2443 3127 2467 3149 σε
2498 3104 2612 3157 Tua
2662 3101 2974 3156 fraternitas
3024 3102 3186 3157 nobis
3217 3104 3421 3169 retulit,
3456 3104 3587 3174 quia

1972 3196 2209 3249 faciente
2267 3192 2543 3247 discordia
2602 3192 2745 3246 inter
2807 3192 3060 3258 Francos,
3133 3193 3588 3263 archiepisc0pus

1972 3285 2279 3348 Remensis,
2304 3282 2529 3336 nomine
2578 3280 2928 3353 Rigobertus,
2968 3296 2998 3332 a
3020 3280 3150 3333 sede
3196 3291 3385 3334 contra
3415 3297 3585 3336 cano-

1973 3390 2071 3427 nes
2093 3373 2343 3440 dejectus
2375 3377 2428 3423 et
2471 3367 2732 3438 expulsus
2779 3366 2901 3432 fuit,
2943 3366 3063 3420 sine
3096 3367 3206 3420 ullo
3246 3369 3500 3433 crimine,
3530 3378 3586 3423 et

1971 3467 2091 3520 sine
2104 3465 2215 3519 ullo
2239 3464 2625 3533 episcoporum
2644 3458 2879 3527 judicio,
2906 3468 2959 3513 et
2980 3460 3101 3513 sine
3125 3460 3238 3514 ullo
3263 3461 3583 3529 apostolicae

1972 3554 2121 3609 sedis
2183 3567 2478 3614 consensu,
2547 3548 2632 3602 vel
2694 3546 3130 3619 interrogatione
3174 3565 3187 3612 ;
3238 3550 3334 3601 sed
3372 3550 3584 3603 solum-

1974 3645 2137 3699 modo
2170 3643 2319 3714 quod
2345 3648 2506 3696 antea
2521 3656 2631 3695 non
2647 3638 2931 3694 consensit
2949 3640 3003 3691 in
3028 3646 3182 3708 parte
3206 3639 3325 3709 [or.,
3352 3642 3580 3711 partem]

1970 3734 2136 3798 illius,
2170 3732 2263 3803 qui
2312 3737 2502 3801 postea
2544 3736 2754 3800 partem
2807 3728 2955 3781 illam
2988 3728 3056 3781 de
3093 3727 3187 3781 illo
3212 3744 3379 3798 regno
3412 3729 3463 3781 in
3488 3744 3587 3783 sua

1971 3828 2245 3895 potestate
2276 3820 2505 3891 accepit,
2538 3819 2592 3872 in
2625 3828 2919 3890 qua'parte
2955 3818 3237 3871 Remeusis
3278 3817 3472 3871 civitas
3505 3827 3588 3873 est

1970 3915 2050 3985 (id
2069 3918 2145 3968 est
2177 3916 2233 3967 in
2269 3928 2433 3979 regno
2473 3910 2775 3979 Austrasiw)
2824 3919 2879 3963 et
2908 3908 3165 3973 donatus,
3214 3913 3380 3977 atque
3413 3908 3586 3978 magis

1970 4014 2264 4076 usurpatus
2317 4012 2507 4060 contra
2562 4004 2731 4057 Deum
2781 4009 2835 4056 et
2894 4001 3015 4068 ejus
3070 3998 3450 4055 auctoritatem
3484 3998 3586 4052 fuit

1975 4100 2067 4153 ille
2093 4098 2466 4167 episcopatus,
2490 4096 2652 4149 simul
2702 4111 2823 4149 cum
2854 4094 2961 4149 alio
3004 4093 3350 4163 episcOpatu,
3376 4100 3430 4145 et
3460 4091 3583 4146 aliis

1974 4186 2244 4248 ecclesiis,
2274 4202 2303 4238 a
2333 4183 2690 4239 swcularibus
2724 4184 3093 4253 potestatibus
3122 4182 3307 4236 Miloni
3337 4180 3579 4244 cuidam,

1975 4277 2090 4331 sola
2122 4284 2347 4330 tonsura
2376 4274 2578 4328 clerico
2607 4273 2746 4326 nihil
2785 4272 3023 4343 sapienti
3056 4273 3125 4325 de
3167 4271 3363 4325 ordine
3396 4271 3583 4325 cccle-

1973 4365 2215 4430 siastico,
2258 4363 2423 4418 etalii
2448 4363 2799 4433 episc0patus
2824 4363 2893 4416 de
2920 4362 3036 4431 ipsa
3070 4360 3325 4415 Remensi
3359 4360 3586 4415 dioecesi

1975 4455 2194 4509 diverso
2218 4452 2381 4507 modo
2404 4460 2588 4506 essent
2619 4450 2802 4515 divisi,
2835 4460 2889 4504 et
2909 4450 3080 4520 aliqui
3116 4466 3179 4503 ex
3206 4465 3403 4521 magna
3434 4459 3587 4518 parte

1975 4549 2094 4603 sine
2125 4545 2403 4618 episcOpis
2432 4545 2818 4612 consistentes,
2852 4549 2907 4596 et
2930 4542 2996 4596 ad
3039 4542 3177 4596 alios
3203 4540 3587 4611 metropolita-

1976 4656 2076 4696 uos
2104 4638 2350 4710 episc0pi
2383 4647 2437 4693 et
2476 4637 2660 4692 clerici
2702 4636 3083 4691 ordinationes
3111 4636 3411 4706 aliquando
3442 4636 3590 4689 acci—

1977 4730 2388 4800 pienteserant,
2441 4734 2496 4781 et
2545 4724 2758 4798 rci‘ugia
2825 4725 3076 4779 indebita
3130 4725 3430 4789 habebant,
3485 4731 3591 4778 eta

1976 4824 2093 4878 suis
2119 4823 2397 4895 episcOpis
2428 4821 2657 4878 indicari
2689 4828 2744 4875 et
2774 4817 3028 4892 distringi
3072 4833 3184 4872 non
3212 4818 3587 4881 sustinebant,

1978 4921 2033 4969 et
2054 4914 2262 4978 clerici,
2308 4924 2362 4968 et
2417 4914 2751 4977 sacerdotes,
2790 4918 2844 4965 ct
2894 4908 3171 4973 monachi,
3209 4917 3263 4962 et
3290 4908 3593 4961 sanctimo-

1981 5006 2156 5060 niales
2186 5006 2306 5061 sine
2327 5006 2451 5078 lege
2478 5005 2850 5060 ecclesiastica
2898 5018 2995 5074 pro
3027 5002 3305 5056 voluntate
3339 5008 3393 5054 et
3418 5000 3595 5054 licen-

1982 5097 2055 5152 tia
2085 5098 2366 5163 vivebant,
2403 5120 2422 5147 ι
2462 5106 2567 5151 etc.

2614 5188 2821 5242 CAPUT
2854 5188 2984 5242 XIV.

2359 5280 2429 5331 De
2458 5279 2606 5332 obitu
2634 5282 2684 5331 et
2713 5277 2994 5345 sepultura
3012 5278 3207 5345 ipsius.

2052 5368 2146 5423 llic
2199 5366 2439 5438 denique
2499 5367 2693 5421 beatus
2741 5366 2941 5436 praesul
3003 5365 3332 5439 Rigobertus
3381 5363 3597 5419 actibus

1980 5457 2241 5531 egregiis,
2274 5456 2600 5531 magnisque
2634 5455 2933 5510 virtutibus
2966 5453 3199 5523 pollens,
3256 5467 3430 5507 annos
3470 5453 3600 5524 plu-

1982 5565 2069 5603 res
2126 5548 2181 5601 in
2231 5548 2333 5602 hac
2380 5546 2561 5621 exegit
2613 5544 3053 5612 conversatione,
3106 5552 3598 5623 consummataque

1980 5641 2215 5696 viriliter
2243 5642 2533 5712 praesentis
2558 5640 2684 5694 vitae
2713 5637 2931 5705 militia,
2950 5641 3191 5696 decessit
3220 5639 3399 5709 pridie
3425 5655 3599 5693 nonas

1982 5730 2250 5786 Januarii.
2308 5729 2572 5785 Humatus
2597 5736 2681 5784 est
2707 5736 2889 5782 autem
2939 5728 3333 5783 venerabiliter
3354 5743 3384 5780 a
3414 5742 3597 5780 sacer-
