3970 6218
473 308 573 363 119

1575 293 1943 350 FLODOARDI
1986 289 2291 345 ΕΑΝΟΝΙΟΙ
2339 288 2682 343 REMENSIS.

3688 274 3781 327 120

468 427 694 482 dotibus
725 426 779 479 in
810 424 1031 496 praefata
1079 422 1228 487 villa,
1276 422 1331 474 in
1378 436 1486 491 qua
1515 417 1716 473 morari
1747 416 1983 482 solebat,
2024 413 2079 467 in
2107 415 2155 483 Α
2183 413 2329 467 beati
2363 412 2540 467 fuerat
2572 409 2795 466 nomine
2846 402 3154 480 Rigoberti,
3200 397 3410 453 mulier
3435 394 3493 449 id
3540 402 3779 466 reputans

470 515 705 571 ecclesia
734 512 905 567 sancti
941 511 1106 577 Petri,
1157 510 1225 564 ad
1286 510 1580 563 australem
1625 508 1841 580 plagam
1872 502 2079 559 altaris.

474 607 573 672 Qui
607 604 795 659 multis
841 604 931 657 hic
987 610 1108 673 post
1173 609 1419 656 sanctam
1473 598 1881 670 depositionem
1933 610 2086 648 suam

477 698 756 769 refulgens
783 694 1083 753 miraculis,
1116 693 1307 765 quanti
1360 693 1431 746 sit
1481 690 1627 762 apud
1662 690 1829 745 Deum
1881 689 2087 754 meriti,

478 796 727 860 patenter
749 785 991 841 innotuit
1024 803 1038 851 ς
1072 800 1193 857 quae
1227 781 1408 838 tamen
1437 782 1575 836 mira
1600 780 1672 836 ob
1694 781 1984 846 incuriam,
2005 779 2088 834 vel

477 878 807 948 scriptorum
842 874 1144 936 raritatem,
1186 886 1294 925 non
1319 869 1471 924 fuere
1505 868 1799 938 descripta.

546 968 674 1023 Tres
704 965 980 1037 siquidem
1009 963 1190 1019 claudi
1218 963 1286 1017 ab
1320 961 1516 1016 incolis
1545 959 1795 1029 ejusdem
1833 958 1935 1013 loci
1965 972 2085 1012 me-

481 1064 765 1110 morantur
797 1053 933 1109 inibi
952 1052 1121 1107 fuisse
1145 1051 1320 1106 curati
1378 1049 1544 1115 Cujus
1572 1045 1863 1101 redhibitze
1885 1043 2091 1098 sanita—

482 1145 552 1200 tis
569 1143 774 1199 indicia
786 1141 972 1197 bacilli
987 1139 1246 1196 videlicet
1261 1136 1595 1200 acscabella,
1623 1135 1678 1188 in
1696 1133 1887 1188 eadem
1902 1132 2085 1187 eccle-

482 1237 563 1291 sia
591 1235 685 1289 diu
717 1240 1159 1296 suntreservata,
1191 1231 1370 1285 donec
1398 1227 1600 1283 exinde
1624 1226 1787 1281 beata
1820 1223 1942 1292 ejus
1968 1230 2097 1278 sunt

488 1325 719 1398 pignora
776 1321 1055 1376 translata.
1125 1317 1382 1383 Quaedam
1450 1331 1674 1390 quoque
1731 1313 1931 1368 mulier
1988 1326 2097 1366 cae-

488 1435 570 1482 ca,
632 1416 857 1472 nomine
907 1412 1147 1468 Ansildis
1193 1410 1249 1483 [i,
1308 1408 1597 1479 Ausisdis],
1658 1406 1834 1478 ipsius
1860 1404 1964 1461 loci
2000 1404 2099 1458 ha-

490 1508 735 1575 bitatrix,
784 1506 859 1560 ibi
910 1504 1202 1576 pristinum
1272 1501 1483 1557 meritis
1536 1501 1703 1569 hujus
1749 1497 2103 1569 patrocinan-

493 1597 643 1651 tibus
666 1597 848 1649 lumen
900 1590 1111 1662 recepit
1150 1591 1458 1646 oculorum.
1495 1588 1637 1642 Puer
1664 1585 1910 1657 quidem,
1940 1584 2104 1639 scho-

495 1683 704 1737 laribus
724 1680 871 1752 apud
895 1680 999 1735 loci
1018 1678 1402 1750 presbyterum
1417 1675 1618 1730 studiis
1638 1673 1879 1737 deditus,
1903 1671 2104 1727 lascive

497 1775 775 1847 quondam
824 1772 1065 1827 ludendo
1119 1785 1285 1841 supra
1343 1766 1615 1822 tumulum
1668 1766 1789 1835 ejus
1847 1763 2107 1818 subsilire

497 1866 686 1936 carpit,
720 1882 826 1919 non
856 1863 993 1917 dans
1023 1863 1288 1917 honorem
1311 1860 1439 1922 Deo,
1471 1873 1660 1928 neque
1691 1863 1881 1912 sancto
1934 1853 2110 1926 ipsius

501 1959 708 2013 ibidem
749 1956 986 2026 sepulto.
1011 1953 1117 2008 Sed
1149 1963 1209 2007 ut
1229 1952 1429 2023 sepulti
1462 1950 1720 2005 meritum
1754 1946 2110 2019 panderetur,

502 2057 557 2104 et
617 2047 932 2117 hujusmodi
1000 2044 1356 2117 praesumptio
1415 2042 1792 2105 cohiberetur,
1852 2037 2115 2093 continuo

504 2157 603 2211 pes
621 2138 768 2193 illius
796 2136 1063 2203 indoluit;
1087 2151 1323 2207 moxque
1353 2134 1586 2189 claudus
1606 2130 1855 2196 effectus,
1875 2128 2120 2185 officium

507 2229 665 2301 pedis
690 2227 855 2283 unius
884 2225 1087 2281 amisit.
1142 2225 1259 2289 Quo
1299 2229 1603 2293 comperto,
1640 2219 1930 2291 presbyter
1994 2233 2121 2272 can-

507 2319 676 2375 cellos
728 2315 868 2371 inibi
912 2315 1057 2370 circa
1111 2312 1379 2379 tumbam,
1429 2328 1499 2367 ne
1530 2310 1656 2382 quis
1690 2308 1914 2383 ignarus
1939 2304 2121 2360 simile

509 2410 643 2482 quid
678 2415 978 2481 pateretur,
1030 2404 1147 2460 fieri
1182 2402 1520 2476 procuravit.
1585 2402 1644 2455 In
1674 2399 1866 2455 eadem
1897 2396 2128 2451 basilica

510 2515 674 2554 voces
704 2504 867 2551 tanta:
894 2493 1208 2549 dulcedinis
1257 2498 1381 2563 post
1408 2491 1529 2560 ejus
1557 2489 1899 2560 sepulturam
1924 2485 2130 2556 smpius

510 2591 713 2646 auditae
746 2594 1059 2650 narrantur,
1093 2591 1155 2638 ut
1194 2582 1416 2638 nonnisi
1458 2580 1725 2655 angelica:
1754 2576 2131 2649 comproben-

515 2689 619 2735 tur.
656 2679 764 2731 Lux
813 2689 1037 2746 quoque
1081 2680 1243 2726 tanta;
1288 2670 1554 2727 claritatis
1594 2667 1793 2723 mediis
1848 2664 1987 2719 inibi
2030 2680 2129 2720 no-

514 2769 697 2824 ctibus
723 2766 971 2829 emicuit,
1006 2771 1064 2818 ut
1112 2762 1246 2817 solis
1294 2762 1563 2835 fulgorem
1599 2759 1798 2815 vicisse
1828 2756 2130 2824 videretur,

517 2878 639 2933 qua)
663 2874 866 2933 magno
898 2857 1064 2912 etiam
1087 2855 1366 2927 quondam
1412 2854 1633 2922 jubare,
1666 2848 1971 2906 sacerdotis
1998 2863 2134 2903 con-

518 2952 724 3023 tiguam
758 2945 1068 3019 penetravit
1103 2943 1411 2999 mdiculam.
1448 2944 1561 3009 Quo
1593 2944 1711 2998 viso
1758 2952 1939 2999 tantus
1971 2942 2137 2996 timor

523 3037 728 3097 invasit
758 3039 1165 3112 presbyterum,
1225 3046 1285 3091 ut
1323 3035 1526 3091 abinde
1563 3036 1831 3105 majorum
1859 3037 1988 3091 huic
2014 3037 2134 3091 loco

523 3132 886 3189 reverentiam
918 3129 1191 3197 exhibuit,
1224 3145 1386 3201 quam
1415 3138 1575 3183 antea
1605 3128 1801 3183 solitus
1828 3128 2014 3183 fuerit.
2058 3128 2135 3182 Ad

522 3232 629 3284 hoc
661 3227 761 3281 viri
802 3227 894 3281 Dei
953 3222 1269 3294 sepulcrum
1329 3220 1563 3274 diversis
1592 3219 1660 3275 ab
1710 3218 2138 3293 {egritudinibus

525 3320 680 3375 multi
711 3324 974 3373 curantur
1014 3313 1238 3370 infirmi.
1268 3312 1573 3387 Frigoritiei
1614 3313 1843 3385 quidam
1873 3329 1997 3367 cum
2029 3310 2136 3365 fide

525 3413 833 3476 venientes,
865 3408 1149 3466 candelam
1175 3407 1230 3462 in
1248 3405 1653 3470 votisofferunt,
1690 3414 1744 3460 et
1774 3405 2028 3459 abrasum
2050 3420 2139 3458 se—

526 3503 700 3576 pulcri
734 3502 1015 3572 pulverem
1045 3508 1288 3567 sumunt,
1314 3514 1478 3571 quem
1512 3513 1667 3569 aqua:
1698 3496 1917 3550 mistum
1940 3494 2142 3549 bibunt

528 3600 583 3648 et
640 3590 929 3645 sanitatem
1002 3589 1167 3659 hujus
1231 3587 1405 3642 sancti
1465 3586 1679 3640 meritis
1734 3584 2139 3655 adipiscuntur.

532 3684 785 3740 Dentium
832 3699 963 3738 vero
1019 3680 1307 3737 doloribus
1361 3678 1585 3734 cruciati
1619 3678 1768 3731 hunc
1798 3675 1987 3730 debita
2018 3691 2142 3730 cum

529 3778 885 3833 veneratione
934 3772 1205 3828 tumulum
1273 3770 1683 3829 deosculantur,
1734 3775 1787 3821 et
1838 3766 1912 3821 ita
1961 3766 2142 3821 curari

532 3872 835 3921 merentur.

1173 3949 1502 4005 CAPUTXV.

819 4052 892 4104 De
922 4034 1284 4102 translatione
1312 4048 1550 4115 corporis
1597 4044 1856 4114 ejusdem.

606 4142 794 4212 Itaque
843 4138 972 4192 dum
1036 4136 1091 4189 in
1122 4135 1244 4190 loco
1295 4134 1388 4190 hic
1438 4134 1674 4207 inclytus
1728 4132 1944 4189 Domini
2001 4148 2142 4188 con-

535 4231 709 4286 fessor
734 4226 984 4300 pluribus
1012 4222 1343 4281 clarificatus
1398 4222 1572 4297 signis
1592 4222 1876 4284 reniteret.
1912 4222 2149 4277 domnus

536 4320 733 4393 praesul
768 4316 1051 4374 Remensis
1096 4315 1420 4371 Hincmarus
1450 4315 1580 4369 hinc
1601 4331 1728 4369 eum
1765 4314 2065 4381 transtulit,
2094 4322 2147 4369 et

534 4413 600 4466 ad
630 4411 945 4468 coenobium
1002 4408 1177 4464 sancti
1219 4406 1545 4463 Theoderici
1594 4406 1813 4472 detulit,
1868 4423 1930 4462 ac
1987 4422 2148 4461 secus

537 4503 713 4575 ipsius
742 4500 889 4557 beati
938 4501 1037 4556 viri
1090 4499 1335 4555 tumbam
1384 4498 1589 4572 posuit.
1620 4498 1719 4553 Ubi
1761 4498 1890 4553 dum
1921 4497 2148 4570 aliquod

538 4594 699 4650 annis
726 4600 1038 4658 veneratur,
1084 4594 1245 4664 plura
1296 4608 1394 4662 per
1421 4606 1548 4646 eum
1596 4588 1860 4645 Dominus
1884 4588 2025 4644 mira
2050 4605 2153 4660 pa-

540 4692 680 4738 trare
698 4682 957 4757 dignatus
988 4687 1091 4735 est.
1134 4679 1285 4734 Multi
1339 4678 1618 4750 siquidem
1666 4675 1917 4730 febribus
1946 4676 2149 4740 vexati,

539 4771 625 4827 vel
657 4770 846 4825 dolore
873 4770 1119 4825 dentium
1143 4766 1376 4839 fatigati,
1409 4765 1528 4833 ejus
1547 4765 1636 4819 hic
1665 4779 1885 4836 quoque
1902 4781 2024 4820 cum
2044 4765 2151 4821 fide

543 4871 793 4934 petentes
818 4861 1103 4924 auxilium,
1137 4860 1386 4914 divinum
1407 4855 1580 4929 gavisi
1612 4863 1740 4910 sunt
1766 4855 1951 4927 adepti
1976 4872 2153 4913 reme-

542 4952 715 5006 dium.
755 4952 825 5006 Ex
857 4951 1061 5023 quibus
1086 4948 1288 5002 mulier
1317 4945 1591 5017 quaedam,
1616 4944 1839 4999 nomine
1882 4946 2153 5019 Audinga,

543 5040 612 5095 de
638 5041 873 5111 quadam
917 5037 1165 5110 proxima
1214 5033 1550 5089 monasterio
1583 5033 1734 5102 villa,
1769 5034 1992 5090 nomine
2024 5035 2155 5091 Col-

544 5129 797 5196 melecta,
830 5126 1079 5183 febribus
1103 5122 1310 5189 attrita,
1339 5121 1456 5176 haec
1473 5122 1618 5193 apud
1648 5137 1706 5177 se
1727 5137 1895 5193 super
1926 5138 2152 5194 recupe-

544 5221 717 5277 randa
770 5219 879 5275 sibi
936 5215 1172 5271 sanitate
1230 5215 1426 5271 fecisse
1467 5215 1700 5270 traditur
1754 5215 2153 5287 experimenta.

544 5312 839 5367 Tresenim
881 5307 1138 5364 candelas
1174 5308 1340 5363 unius
1395 5306 1523 5363 fecit
1551 5308 1895 5380 quantitatis,
1924 5323 2157 5379 quarum

548 5417 712 5455 unam
772 5397 999 5453 nomine
1047 5398 1220 5455 sancti
1283 5397 1630 5465 Theoderici,
1698 5399 1926 5453 alteram
1981 5396 2155 5451 sancti

545 5489 850 5556 Theodulfi,
881 5489 1097 5546 tertiam
1128 5491 1303 5547 sancti
1339 5490 1621 5564 Rigoberti
1668 5489 1953 5546 constituit
1985 5505 2156 5560 ;quas

545 5583 708 5637 simul
740 5582 1068 5651 accendens,
1117 5600 1240 5656 quae
1285 5590 1574 5655 superaret
1604 5582 1872 5648 ardendo,
1919 5580 2156 5652 probare

544 5672 833 5748 disposuit.
868 5675 985 5742 Quo
1013 5675 1174 5745 facto,
1200 5676 1330 5730 dum
1362 5673 1694 5745 superdurat
1721 5672 2003 5751 ﬂagrando
2033 5686 2155 5742 quae

2188 504 2299 558 Deo
2330 501 2613 573 placitum,
2643 498 2825 553 eidem
2847 501 3036 550 sancto
3075 487 3197 544 fieri
3227 493 3423 541 votum
3451 499 3606 537 suum
3638 481 3780 537 insti-

2190 570 2630 648 tuit.VContinuo
2686 587 2849 641 aliam
2897 585 3215 639 instaurans
3276 573 3586 636 candelam,
3640 570 3779 640 hujus

2189 682 2317 739 almi
2336 682 2438 737 viri
2456 670 3076 735 duntaxatvenerationi
3091 667 3364 731 dicatam,
3382 661 3708 732 veniensque
3726 660 3782 713 ad

2191 775 2373 828 locum
2404 770 2774 843 designatum,
2790 760 3180 819 munusculum
3205 753 3440 819 obtulit;
3456 760 3511 807 ct
3526 759 3783 822 antequze-

2191 862 2479 920 sitasancti
2499 842 2591 915 Diei
2610 859 2841 933 pignora
2862 850 3315 928 postorationem
3330 843 3608 907 dormivit,
3627 842 3783 915 evigi—

2191 956 2421 1026 lausque
2433 952 2802 1007 desideratam
2824 964 2883 1003 se
2895 945 3223 1018 sospitatem
3240 936 3525 1008 recepisse
3538 933 3784 1006 probavit.

2262 1025 2388 1101 Post
2434 1060 2609 1100 annos
2640 1057 2835 1098 novem
2866 1039 3033 1108 hujus
3080 1033 3234 1090 beati
3283 1028 3538 1103 praesulis
3556 1041 3670 1081 ossa
3694 1025 3789 1079 lte-

2195 1154 2408 1194 morum
2442 1136 2792 1209 perferuntur
2849 1132 2903 1186 in
2936 1129 3154 1193 urbem,
3210 1134 3269 1182 et
3302 1124 3361 1177 in
3395 1121 3617 1177 basilica
3635 1117 3785 1174 sancti

2198 1233 2440 1305 Dionysii
2475 1233 2686 1287 honore
2739 1228 2918 1285 dicata
2961 1227 3243 1290 locantur,
3285 1220 3386 1277 ubi
3430 1218 3787 1276 canonieorum

2198 1323 2489 1396 sepultura
2544 1317 2899 1374 Remensium
2954 1326 3087 1370 tunc
3140 1311 3483 1368 habebatur.
3540 1307 3656 1362 Erat
3678 1312 3787 1360 tunc

2200 1413 2450 1486 quaedam
2482 1409 2682 1464 mulier
2702 1422 2867 1472 caeca,
2900 1405 2956 1459 in
2974 1403 3103 1460 villa
3132 1417 3305 1474 quam
3341 1402 3539 1454 vocant
3565 1396 3788 1449 Alaman-

2204 1518 2398 1558 norum
2429 1507 2634 1555 cortem
2676 1493 3102 1569 [Aumencourt],
3134 1506 3263 1563 qum
3294 1486 3574 1544 dormiens
3609 1480 3789 1538 audivit

2205 1594 2261 1648 in
2293 1588 2503 1646 somnis
2530 1603 2717 1643 vocem
2751 1585 3025 1640 dicentem
3058 1582 3202 1637 sibi:
3240 1578 3387 1645 Quid
3416 1576 3505 1630 hic
3531 1573 3655 1627 facis
3677 1569 3790 1624 ἔσω-

2207 1684 2359 1752 jaces
2383 1680 2411 1733 ?
2441 1677 2687 1733 Crastina
2725 1675 2817 1729 die
2864 1672 3110 1744 pontifex
3142 1670 3478 1724 Hincmarus
3498 1672 3550 1718 et
3568 1656 3786 1717 canonici

2216 1778 2512 1832 Remenses
2563 1778 2810 1826 sanctum
2842 1765 3178 1823 transferent
3240 1759 3614 1835 Rigobertum.
3667 1751 3789 1805 Vade

2211 1865 2279 1919 ad
2302 1862 2479 1926 illum,
2528 1868 2582 1914 et
2618 1859 2713 1915 ille
2745 1867 2799 1914 te
2853 1854 3156 1924 adjuvabit.
3194 1852 3263 1906 At
3289 1850 3387 1905 illa
3413 1844 3644 1900 diluculo
3670 1854 3786 1895 con-

2213 1966 2447 2024 surgens
2484 1947 2831 2013 acceleravit,
2886 1942 3171 2000 candelam
3200 1953 3399 1994 secum
3430 1932 3685 1994 deferens,
3710 1925 3789 1978 ad-

2218 2044 2425 2100 venire.
2453 2044 2580 2108 Quae
2605 2057 2724 2096 mox
2756 2039 2821 2094 ad
2843 2036 3085 2093 loculum
3114 2030 3271 2086 beati
3307 2024 3555 2103 pignoris
3582 2017 3796 2108 accessit,

2222 2136 2409 2190 lumen
2437 2130 2568 2187 olim
2620 2129 2880 2184 amissum
2912 2124 3160 2194 recipere
3197 2118 3424 2174 meruit.
3454 2111 3646 2169 Surdus
3661 2104 3797 2161 etiam

2223 2225 2447 2298 quidam
2479 2220 2857 2279 translationis
2871 2216 3039 2285 hujus
3074 2229 3241 2285 aaque
3275 2210 3370 2265 die
3396 2205 3634 2266 veniens,
3662 2203 3714 2252 ut
3732 2196 3798 2249 lo-

2226 2295 2424 2374 cellum
2464 2315 2605 2372 sacri
2657 2312 2906 2384 corporis
2934 2307 3188 2377 hajulum
3223 2301 3428 2376 tetigit,
3457 2295 3683 2353 auditum
3702 2296 3792 2384 sta-

2228 2411 2326 2467 tim
2346 2407 2576 2479 recepit,
2608 2405 2702 2478 qui
2736 2378 2829 2460 tali
2859 2416 3081 2474 quoque
3102 2397 3279 2454 modo
3304 2412 3367 2451 se
3396 2389 3575 2448 retulit
3603 2378 3799 2440 accersi-

2231 2510 2363 2555 tum.
2395 2498 2565 2552 Noctu
2587 2493 2864 2567 siquidem
2895 2492 2951 2545 in
2976 2487 3294 2543 diversorio
3325 2483 3675 2556 quiescentem
3692 2485 3794 2567 per-

2230 2607 2365 2647 sona
2394 2560 2674 2662 quaedam-
2704 2582 2988 2659 incognita
3033 2579 3231 2635 leviter
3282 2577 3340 2648 [i,
3374 2567 3580 2639 leniter]
3601 2560 3792 2659 huncin

2231 2681 2397 2736 latere
2429 2674 2699 2749 percussit
2727 2681 2782 2728 et
2833 2669 3110 2736 excitavit,
3151 2666 3562 2732 excitatumque
3594 2648 3784 2711 vocavit.

2235 2748 2527 2825 Sensitille
2575 2769 2916 2837 tangentem,
2954 2760 3051 2814 sed
3112 2772 3230 2812 non
3252 2750 3482 2816 audivit,
3502 2748 3674 2837 utpote
3695 2752 3791 2837 sure

2238 2864 2361 2927 dus,
2390 2864 2696 2915 vocantem.
2730 2853 3035 2909 Audierunt
3059 2857 3249 2905 tamen
3280 2845 3374 2918 qui
3404 2854 3583 2898 secum
3610 2833 3791 2889 aderant

2239 2953 2295 3007 in
2326 2926 2491 3007 domo
2530 2963 2722 3004 vocem
2745 2944 2811 2998 ad
2843 2950 3093 2997 sanctum
3119 2936 3483 3013 Rigobertum
3512 2929 3584 2982 ire
3606 2926 3794 3013 quanto:

2237 3038 2358 3094 cius
2390 3054 2516 3093 eum
2539 3037 2957 3098 admonentem,
2982 3031 3110 3085 licet
3142 3027 3391 3085 viderint
3422 3018 3690 3076 neminem.
3717 3007 3789 3103 Olli

2237 3127 2525 3187 confestim
2557 3126 2719 3193 abiit,
2741 3134 2794 3181 et
2820 3123 3053 3178 salutem
3082 3120 3179 3175 diu
3226 3115 3585 3173 desideratam
3609 3100 3789 3196 invenit.

2313 3220 2481 3288 Hujus
2524 3217 2670 3272 beati
2724 3214 2895 3270 Patris
2951 3210 3203 3266 membra
3230 3200 3556 3264 veneranda,
3579 3198 3786 3288 quoniam

2238 3308 2469 3366 ecclesia
2500 3312 2801 3379 praenotata
2826 3302 3152 3359 necessitate
3214 3296 3356 3354 muri
3383 3279 3789 3379 civitatis.oblin-

2240 3399 2586 3455 festationem
2637 3409 2977 3470 paganorum
3034 3384 3418 3449 construendi,
3477 3369 3784 3470 θνθξίθδδίξίξ

2240 3489 2405 3544 Fulco
2447 3451 2653 3557 praesul
2703 3451 2825 3540 u’rbi
2856 3481 3208 3554 postmodum
3250 3471 3453 3537 intulit,
3503 3464 3619 3521 etin

2241 3544 2491 3635 ecclesia:
2546 3575 2722 3631 beatae
2778 3544 2873 3627 Dei
2925 3569 3211 3644 genitricis
3264 3563 3444 3623 Mariae
3496 3558 3609 3627 post

2242 3680 2443 3727 sanctae
2473 3668 2653 3725 crucis
2692 3663 2983 3723 collocavit
3015 3680 3030 3728 ;
3062 3658 3157 3716 ubi
3196 3659 3384 3730 plures
3412 3647 3567 3706 etiam
3587 3651 3692 3694 cum
3706 3626 3786 3730 fide

2244 3760 2572 3816 accedentes
2626 3761 2870 3828 Optatam
2924 3721 3213 3823 reperere.
3241 3742 3524 3804 medelam.
3578 3730 3675 3828 llis-
3702 3721 3786 3822 fere

2246 3853 2444 3909 diebus
2464 3852 2770 3908 monachus
2791 3848 3019 3921 quidam
3060 3842 3307 3901 cmnobii
3337 3826 3621 3896 beatissimi
3650 3822 3788 3876 Remi-

2246 3948 2343 4023 gii,
2371 3946 2598 4002 nomine
2628 3940 2969 4016 Sigloardus,
3000 3937 3345 3993 validissima
3374 3928 3522 3985 febre
3541 3918 3785 4023 corretlll‘l:

2246 3999 2425 4109 ῗηιροε
2481 3999 2722 4106 Quoque;
2758 3999 2967 4087 mentis.
3016 4027 3161 4084 effici
3212 4022 3519 4083 videbatur.
3567 4002 3654 4109 Qui

2245 4125 2481 4196 quadam
2530 4134 2689 4180 nocte
2728 4124 2975 4180 cubitum
3025 4117 3380 4192 perrexisset,
3438 4091 3784 4196 ίοοωηδωῗῗξ.

2248 4169 2481 4196 Ἱππ...
2531 4169 2689 4180 ..νυν
2730 4169 2975 4180 πωπω.
3367 4169 3378 4179 .
3754 4169 3763 4177 .

2248 4236 2396 4285 men,
2415 4218 2766 4290 etquiescere
2788 4215 3101 4270 nullatenus
3112 4211 3410 4269 sineretur,
3433 4196 3645 4290 ποίθυξδ
3662 4169 3782 4290 ωῗῖ

2247 4329 2377 4385 quc,
2392 4312 2614 4366 beatum
2632 4308 2992 4384 Rigobertum
3014 4303 3282 4360 auxilium
3299 4292 3547 4354 sibiferre
3572 4276 3782 4385 claﬂ‘lansi

2252 4405 2491 4465 invocat,
2517 4412 2571 4457 et
2589 4408 2829 4473 optatam
2848 4399 3101 4470 protinus
3120 4397 3408 4452 sanitatem
3433 4369 3733 4473 recuperat;

2325 4493 2452 4548 Post
2521 4453 2863 4563 aliq‘uantuni
2942 4485 3208 4557 temporis
3290 4453 3787 4563 deferunlur‘ﬁ'ﬂ‘f

2250 4585 2426 4641 sancti
2478 4584 2581 4639 viri
2657 4583 2889 4657 pignora
2946 4580 3001 4635 in
3088 4593 3289 4651 pagum
3358 4549 3783 4657 Veromandenf:

2251 4677 2319 4731 ad
2378 4674 2563 4730 villam
2631 4638 2956 4727 l‘lemincum
2989 4711 3004 4736 ,
3088 4638 3256 4739 quam
3317 4652 3580 4717 Odalricus
3642 4638 3785 4739 09"“?

2252 4767 2500 4825 ecclesiae
2554 4763 2809 4820 Remensi
2887 4769 3019 4818 tunc
3074 4757 3338 4831 temporis
3418 4723 3786 4831 οοηιιιιθτὲίχιθί

2254 4857 2418 4912 Fulco
2496 4853 2694 4926 praesul
2787 4813 3204 4907 canonicoruml
3275 4838 3435 4901 victui
3514 4813 3784 4926 deputari.

2257 4950 2353 5007 ubi
2438 4948 2661 5021 quidam
2746 4943 3132 5001 commanebat
3227 4940 3284 4995 in
3377 4912 3783 5021 PFOXim°,_,£r,f:

2261 4996 2353 5007 *ν’
2441 4996 2661 5021 ’νην-ν·-
2751 4996 3025 5001 -νν-ν-έηηίν
3056 4996 3127 4998 ν
3378 4996 3391 5004 -
3618 5001 3628 5011 .

2258 5039 2466 5111 sbyter,
2500 5036 2725 5093 nomine
2784 5033 3067 5109 Signinus,
3125 5029 3222 5103 qui
3263 5034 3452 5095 magno
3502 4996 3782 5111 (ξςυωξῗξξῗξ

2258 5079 2321 5095 συ
2368 5079 2466 5103 ....,
2501 5079 2725 5093 ..ν......ν
2784 5079 2836 5089 η.
2883 5079 3067 5097 ....-_-,
3128 5079 3222 5103 ν-
3351 5079 3383 5095 η

2258 5079 2510 5182 dentium
2532 5125 2745 5180 dolore.
2760 5079 2876 5178 Hi:
2878 5121 3112 5177 audiens
3134 5121 3249 5175 haec
3269 5111 3495 5190 pretiosa
3511 5097 3626 5190 illuc

2260 5170 2510 5182 .............
2534 5170 2745 5180 ww.-.
2763 5170 2857 5178 ---ν
2879 5170 3109 5177 ..η-----
3134 5170 3245 5175 ---η
3271 5170 3293 5190 ,τ
3617 5176 3626 5187 ο

2260 5214 2527 5281 membra,
2560 5212 2822 5285 quoniam
2861 5210 3038 5266 victus
3093 5203 3414 5282 aegritudine
3450 5170 3781 5299 impedlibﬂz

2261 5260 2527 5281 ....,......_,
2562 5260 2822 5285 Ἵππη---
2875 5260 3033 5266 ._-__-
3096 5260 3129 5262 η
3706 5260 3715 5266 ,

2259 5306 2433 5373 adire,
2474 5305 2761 5361 candelam
2823 5303 2918 5359 illo
2964 5260 3179 5357 studuit
3217 5288 3577 5356 transmittere.

2258 5399 2460 5455 absens
2516 5412 2771 5468 corpore,
2813 5393 3075 5467 precibus
3128 5401 3311 5448 tamen
3360 5373 3655 5468 etlaCrymlS

2259 5448 2458 5455 —~—--—~
2521 5448 2771 5468 ν--τ-η,
2813 5448 2839 5467 τ
2891 5448 2937 5450 η
3062 5448 3065 5449 ν
3759 5458 3770 5468 ,

2258 5500 2406 5548 ctum
2438 5490 2653 5546 Domini
2685 5488 3045 5563 Rigobertum
3074 5501 3184 5541 non
3228 5476 3431 5539 distulit
3452 5448 3770 5563 θκοΐξῖξῗνηίξῗξ.

2257 5590 2419 5635 lenus
2449 5595 2548 5650 per
2578 5578 2752 5649 ipsius
2774 5576 3144 5631 interventum
3166 5569 3423 5628 medelam
3438 5564 3567 5650 mere

2256 5684 2410 5742 pere.
2440 5668 2541 5733 Qui
2578 5682 2703 5721 mox
2735 5673 2794 5721 ut
2845 5662 3232 5719 munusculum
3264 5658 3376 5727 ejus
3404 5666 3432 5705 a
