3970 6218
209 263 313 317 121

878 262 1203 318 HISTORl/E
1242 264 1580 321 ECCLESUE
1621 266 1948 322 REMENSIS
1989 269 2163 324 LIBRI
2205 267 2528 334 QUATUOR.
2555 297 2626 306 —
2665 265 2789 320 LIB.
2835 267 2898 320 II.

3448 266 3548 322 122

215 392 332 446 lum
367 392 643 462 pervenit,
699 392 975 448 medicum
1034 394 1315 449 caelestem
1366 395 1476 450 sibi
1505 396 1720 464 adesse,
1751 415 1837 453 re-
1860 404 1911 472 Α
1939 398 2170 455 nifacius
2219 399 2671 468 archiepiscopus
2709 405 2765 449 et
2813 395 3025 467 legatus
3055 402 3258 450 sanctae
3291 395 3546 450 Romanae

213 492 379 553 cepta
411 484 670 551 sanitate,
725 484 933 538 sentire
989 486 1308 554 promeruit.
1365 487 1424 541 Et
1455 489 1744 544 confestim
1767 491 1834 545 ad

213 574 401 628 locum
434 574 570 629 sacri
605 574 959 630 medicatoris
991 576 1272 646 profectus
1325 588 1426 643 est,
1461 589 1745 652 totumque
1777 598 1836 636 se

215 670 273 723 in
303 670 557 741 lacrymis
578 680 703 726 ante
737 671 908 741 ipsius
928 671 1218 727 effundens
1260 675 1602 739 memoriam,
1634 675 1838 746 gratias

209 759 430 825 retulit,
470 767 524 813 et
550 769 756 831 quanta
793 760 901 814 sibi
932 778 1032 831 per
1065 762 1184 829 ejus
1225 761 1626 818 invocationem
1664 764 1838 818 Patris

209 851 415 906 fecerit
443 852 722 916 Dominus,
744 852 1149 907 indicavit.Nec
1171 854 1394 928 longum
1426 864 1548 926 post
1569 856 1684 910 haec
1711 855 1834 910 urbi

211 943 520 996 Remorum
535 960 688 997 sacra
702 945 951 998 membra
972 954 1318 1011 revocarunt,
1339 954 1390 1000 ct
1405 947 1639 1001 ecclesia
1659 947 1835 1002 sancti

214 1035 463 1105 Dionysii
497 1045 649 1088 extra
680 1052 897 1090 murum
929 1036 1576 1092 civitatiscanonicorum
1601 1039 1834 1093 Remen-

212 1124 362 1176 sium
377 1124 1016 1196 studio,sumptibusque
1033 1126 1534 1192 restructa,ibidem
1549 1143 1672 1180 cum
1690 1127 1834 1182 beati

209 1211 501 1266 Theodulfi
526 1212 854 1286 pignoribus
878 1212 1181 1268 honorifice
1222 1225 1550 1270 Venerantur
1594 1215 1760 1270 illata.

833 1300 1042 1356 CAPUT
1103 1303 1232 1356 XVI.

655 1392 727 1443 De
772 1391 907 1444 Abel
943 1393 1058 1460 ejus
1088 1408 1402 1446 successore.

293 1479 526 1532 Beatum
563 1477 920 1553 Rigobertum
959 1488 1184 1533 secutus
1214 1480 1348 1533 Abel
1399 1481 1450 1534 in
1487 1481 1838 1552 episcopatus

214 1567 422 1622 ordine
479 1567 769 1636 reperitur,
809 1568 1062 1638 quamvis
1104 1585 1229 1621 eum
1271 1569 1492 1640 quidam
1525 1570 1838 1641 corepisco-

219 1675 355 1727 pum
394 1664 601 1710 tantum
631 1655 793 1710 fuisse
829 1657 1066 1710 tradant.
1105 1656 1426 1711 Pontificem
1461 1669 1642 1712 tamen
1685 1659 1836 1713 illum

216 1750 497 1804 exstitisse
525 1749 760 1802 diversis
783 1749 1098 1804 invenimus
1125 1750 1552 1817 assertionibus,
1589 1761 1641 1805 ct
1665 1751 1838 1806 maxi-
1864 1718 1912 1784 Β

219 1856 310 1892 me
343 1839 399 1891 in
421 1836 673 1907 epistolis
714 1836 984 1891 Zacharize
1019 1854 1173 1909 papae
1205 1839 1273 1892 ad
1331 1847 1579 1893 sanctum
1608 1840 1833 1895 Bonifa-

217 1931 372 1985 cium
404 1929 627 1984 directis
682 1929 932 1996 (lacum.
991 1931 1146 1998 epist.
1190 1930 1280 1996 85,
1309 1939 1444 1984 tom.
1476 1931 1544 1984 Ill
1589 1932 1832 2002 0012011.},

220 2019 278 2071 in
303 2033 537 2088 quarum
579 2033 688 2070 una
734 2026 1145 2080 commemorat,
1203 2017 1474 2072 indicasse
1511 2019 1832 2089 praedictum

218 2107 444 2160 beatum
487 2103 828 2159 Bonil'acium
869 2104 985 2159 suis
1045 2105 1241 2160 litteris
1273 2106 1414 2161 inter
1435 2116 1652 2172 caetera,
1686 2109 1833 2180 quod

216 2210 330 2256 tres
379 2199 672 2270 episcopos
729 2215 830 2269 per
879 2199 1125 2272 singulas
1181 2200 1636 2270 mctropolitanas
1667 2200 1835 2255 urbes

213 2291 552 2354 ordinasset,
584 2290 635 2344 id
666 2298 766 2356 est,
792 2290 1105 2345 Grimonem
1139 2289 1198 2344 in
1237 2291 1455 2346 civitate
1481 2306 1602 2361 qum
1634 2291 1835 2346 dicitur

215 2383 520 2450 Rodomus,
553 2383 858 2438 secundum
875 2398 1001 2437 vero
1018 2383 1149 2437 Abel
1167 2383 1220 2436 in
1233 2383 1457 2437 civitate
1481 2400 1602 2454 quae
1634 2383 1836 2438 dicitur

213 2477 511 2531 Remorum
547 2493 560 2528 :
595 2475 819 2530 tertium
849 2473 1087 2545 denique
1148 2474 1496 2529 Hartbertum
1524 2475 1579 2528 in
1611 2475 1832 2529 civitate

208 2586 339 2640 quae
367 2567 568 2622 dicitur
597 2567 832 2622 Senonis
867 2584 879 2619 :
919 2589 940 2616 ‹‹
969 2567 1067 2631 Qui
1113 2575 1166 2620 et
1196 2565 1344 2636 apud
1381 2582 1504 2632 nos,
1546 2566 1829 2638 inquiens,

205 2660 334 2725 fuit,
365 2668 419 2713 ct
449 2669 537 2713 tua
571 2658 732 2713 nobis
772 2658 997 2727 pariter,
1031 2665 1085 2712 et
1136 2657 1484 2712 Karlomanni
1517 2666 1680 2728 atque
1708 2658 1833 2729 Pip-

203 2748 322 2819 pini
360 2747 560 2802 detulit
623 2747 847 2816 scripta,
898 2763 997 2817 per
1035 2763 1156 2817 qua:
1215 2746 1560 2820 suggessisti,
1615 2755 1671 2800 ut
1731 2747 1831 2800 tria

199 2841 375 2912 pallia
439 2839 632 2894 iisdem
694 2839 868 2893 tribus
931 2839 1344 2910 praenominatis
1392 2839 1832 2910 metropolitanis

201 2929 451 3004 dirigere
507 2927 859 2994 deberemus,
938 2928 1085 2998 quod
1133 2938 1186 2982 et
1251 2928 1433 2999 largiti
1483 2945 1674 2982 sumus
1731 2945 1828 2999 pro

205 3021 550 3076 adunatione
583 3027 637 3073 et
679 3019 1066 3074 reformatione
1089 3020 1450 3074 Ecclesiarum
1486 3019 1598 3074 Dei.
1637 3044 1661 3065 η
1699 3022 1828 3075 ltem

207 3114 267 3166 in
302 3111 407 3166 alia
440 3111 616 3182 ipsius
657 3111 722 3165 ad
742 3111 996 3166 eumdem
1030 3111 1266 3181 epistola
1306 3111 1553 3180 (laenae.
1582 3114 1737 3180 epist.
1773 3115 1826 3178 9,
1859 3085 1908 3153 Ο

207 3205 282 3266 al,
310 3206 365 3271 4)
401 3221 413 3256 :
451 3225 477 3250 ιι
535 3204 606 3257 De
653 3203 932 3274 episcOpis
983 3218 1109 3256 vero
1163 3203 1628 3274 metropolitanis,
1666 3205 1715 3257 id
1747 3215 1829 3259 est

209 3295 493 3361 Grimone,
527 3311 692 3366 quem
723 3295 945 3362 nosjam
971 3303 1316 3367 compertum
1350 3296 1642 3358 habemus,
1673 3297 1828 3363 Abel,

208 3385 330 3439 sive
371 3383 676 3450 Hariberto,
711 3401 848 3455 quos
879 3401 978 3455 per
999 3401 1446 3458 unamquamque
1475 3385 1826 3456 metropolim

215 3493 318 3548 per
342 3475 656 3546 provincias
715 3477 1073 3538 constituisti,
1121 3478 1222 3532 hos
1264 3494 1361 3548 per
1393 3484 1543 3532 tuum
1586 3477 1833 3532 testimo-

215 3564 374 3618 nium
405 3562 817 3630 confirmamus,
867 3574 922 3619 et
979 3565 1146 3635 pallia
1196 3565 1486 3639 dirigimus
1516 3567 1582 3618 ad
1639 3580 1831 3618 eorum

216 3652 430 3707 firmam
471 3653 847 3718 stabilitatem,
903 3661 955 3708 et
1008 3653 1266 3708 Ecclesia:
1298 3652 1392 3706 Dei
1452 3662 1830 3726 augmentum,

215 3753 280 3800 ut.
302 3745 375 3798 ita
416 3743 627 3798 meliori
650 3743 897 3814 proficiat
927 3753 1089 3800 statu.
1126 3745 1532 3810 Qualitcrcnim
1561 3745 1616 3817 [i,
1647 3745 1829 3817 etiam]

215 3849 338 3888 mos
371 3834 517 3904 pallii
548 3835 638 3902 sit,
684 3834 768 3888 vel
828 3835 1109 3906 quomodo
1171 3833 1334 3889 fidem
1367 3852 1521 3890 suam
1552 3851 1832 3906 exponere

215 3923 461 3978 debeant
493 3923 580 3977 hic
602 3923 693 3994 qui
737 3923 884 3992 pallii
917 3923 996 3976 uti
1053 3923 1275 3977 licentia
1323 3925 1722 3989 conceduntur,
1756 3925 1836 3979 eis

216 4013 546 4078 direximus,
608 4014 968 4069 informantes
1003 4031 1120 4080 eos,
1179 4023 1236 4068 ut
1295 4015 1604 4086 sciatquod
1641 4017 1757 4088 [ms.
1793 4020 1830 4085 ἰ,

215 4107 374 4179 quid]
415 4107 484 4161 sit
514 4107 663 4178 pallii
718 4125 869 4173 usus,
928 4117 981 4163 et
1035 4108 1301 4177 subjectis
1360 4108 1500 4162 viam
1531 4109 1831 4179 praedicare

215 4200 435 4264 salutis,
468 4209 525 4253 ut
556 4200 929 4255 ecclesiastica
961 4200 1252 4270 disciplina
1283 4201 1338 4254 in
1371 4201 1623 4255 ecclesiis
1639 4218 1830 4257 eorum

216 4293 546 4348 immutilate
587 4299 855 4356 servetur,
896 4302 949 4347 et
989 4302 1209 4348 maneat
1261 4295 1588 4349 inconcussa
1623 4301 1716 4350 :et
1746 4311 1834 4350 sa-

216 4381 528 4446 cerdotum,
563 4381 708 4452 quod
742 4381 796 4434 in
823 4381 903 4436 eis
931 4381 1096 4437 fuerit
1126 4398 1233 4437 non
1264 4383 1557 4454 pollutum,
1591 4391 1649 4438 ut
1670 4391 1834 4438 antea

1940 488 2221 553 Ecclesiae,
2244 497 2298 541 et
2327 486 2586 557 praefatus
2617 483 3047 540 amabilissimus
3081 484 3346 538 Fulradus
3377 484 3550 538 Fran-

1937 577 2034 632 cia:
2063 576 2524 648 archipresbyter,
2595 581 2843 644 tempore
2894 581 3302 627 antecessorum
3331 580 3550 626 nostro-

1939 684 2057 721 rum
2115 666 2387 720 Zacharite
2443 673 2497 718 et
2554 663 2816 734 Stephani
2847 664 3052 733 (Steph.
3120 660 3550 730 ll)succcssoris

1939 755 2104 820 illius,
2129 756 2360 809 multum
2392 753 2795 818 laboraverunt,
2826 759 2886 806 ut
2925 751 3084 806 bonae
3112 750 3392 805 memoria)
3410 764 3550 819 prae-

1938 845 2198 898 decessor
2221 851 2406 898 noster
2435 843 2671 896 domnus
2701 841 2982 895 Zacharias
3009 839 3234 910 pallium
3267 837 3548 908 archiepi-

1937 949 2107 1003 scopo
2160 931 2441 998 Remensi,
2474 930 2606 984 Abel
2667 930 2914 995 nomine,
2974 947 3072 999 per
3096 927 3546 999 deprecationem

1938 1022 2298 1094 suprascripti
2360 1021 2620 1076 Bonifacii
2667 1022 3079 1085 transmitteret,
3142 1019 3292 1090 quod
3328 1019 3386 1088 [i,
3428 1017 3542 1089 qui]

1937 1113 2005 1167 ab
2036 1113 2128 1166 illo
2153 1112 2480 1167 constitutus
2510 1109 2630 1176 luit,
2653 1109 2751 1163 sed
2784 1109 2858 1162 ibi
2891 1123 3216 1179 permanere
3247 1105 3549 1176 permissus

1939 1218 2047 1255 non
2105 1200 2227 1267 fuit,
2285 1201 2382 1253 sed
2427 1199 2600 1272 magis
2651 1206 2840 1252 contra
2899 1197 3064 1249 Deum
3111 1195 3318 1262 ejectus
3357 1201 3441 1247 est
3493 1205 3550 1247 et

1940 1290 2227 1359 Remensis
2260 1289 2499 1343 Ecclesia
2527 1305 2622 1359 per
2653 1287 2824 1340 multa
2855 1293 3126 1354 tempora,
3146 1291 3199 1337 et
3223 1299 3320 1352 per
3351 1282 3552 1335 multos

1937 1357 2112 1434 annos
2132 1378 2252 1432 sine
2279 1357 2539 1449 episcopo
2563 1375 2684 1441 fuit,
2725 1385 2886 1428 etres
2911 1373 3162 1427 ecclesiae
3194 1371 3260 1423 de
3296 1369 3386 1424 illo
3419 1369 3548 1439 epi-

1939 1480 2167 1540 scopatu
2197 1469 2391 1523 ablatae
2431 1476 2578 1532 sunt,
2604 1477 2658 1521 et
2689 1482 2785 1537 per
2811 1466 2982 1520 laicos
3013 1464 3202 1517 divisae
3232 1471 3384 1524 sunt,
3407 1461 3553 1514 sicut

1940 1571 1994 1618 et
2032 1563 2101 1617 de
2139 1562 2261 1616 aliis
2287 1560 2722 1632 episcopatibus,
2785 1557 3019 1612 maxime
3065 1564 3247 1610 autem
3294 1552 3547 1607 Remensi

1940 1656 2360 1728 metropolitana
2387 1654 2624 1709 civitate.

2542 1744 2751 1798 CAPUT
2789 1743 2946 1797 XVII.

2436 1841 2505 1892 De
2539 1837 2752 1905 Tilpino
2782 1837 3043 1904 episcopo.

2009 1930 2324 1984 Praemissos
2385 1929 2438 1981 in
2499 1927 2826 1998 episcopatu
2880 1926 3132 1996 sequitur
3176 1923 3447 1994 Tilpinus,
3483 1938 3548 1974 ex

1938 2021 2268 2076 monasterio
2318 2020 2490 2074 sancti
2541 2017 2784 2089 Dionysii
2816 2024 3152 2087 assumptus,
3195 2015 3280 2069 cui
3314 2028 3550 2088 magnus

1937 2113 2163 2168 Karolus
2193 2112 2261 2166 ab
2292 2112 2530 2165 Adriano
2563 2127 2703 2181 papa
2734 2110 3057 2180 impetrasse
3088 2109 3314 2179 pallium
3336 2104 3552 2175 reperi-

1936 2214 2041 2272 tur,
2078 2207 2218 2260 sicut
2249 2205 2499 2272 ejusdcm
2559 2221 2713 2274 papae
2769 2205 2835 2258 ad
2877 2204 3054 2274 ipsum
3116 2203 3326 2256 directa
3357 2198 3552 2271 pandit

1935 2298 2187 2368 epistola,
2214 2312 2334 2368 quae
2367 2297 2441 2350 ita
2470 2296 2663 2366 incipit
2698 2313 2710 2349 :

2012 2409 2029 2433 ι
2057 2387 2329 2440 ADRIANUS
2361 2383 2677 2454 cpiscopus,
2735 2400 2928 2438 servus
2990 2397 3272 2436 servorum
3316 2379 3434 2442 Dei,
3461 2395 3550 2433 re-

1937 2477 2336 2532 verendissimo
2367 2487 2420 2530 et
2442 2476 2792 2531 sanctissimo
2823 2474 3083 2529 confratri
3109 2481 3300 2527 nostro
3331 2471 3552 2525 TILPINO

1936 2569 2192 2624 Ecclesiw
2223 2569 2506 2622 Remensis
2535 2567 2956 2638 archiepisc0po
2984 2567 3080 2633 t7).

2006 2685 2030 2707 κ
2073 2660 2210 2724 Quia
2230 2661 2295 2713 ad
2337 2659 2659 2730 petitionem
2709 2658 2973 2728 spiritalis
3003 2657 3098 2710 filii
3137 2655 3308 2710 nostri
3340 2661 3394 2708 et
3421 2653 3550 2724 glo-

1935 2751 2063 2806 riosi
2088 2751 2232 2823 regis
2261 2751 2589 2806 Francorum
2632 2749 2831 2814 Karoli,
2885 2747 3170 2818 praebente
3204 2746 3300 2800 tibi
3338 2746 3545 2800 bonum

1934 2843 2307 2897 testimonium
2337 2843 2406 2896 de
2429 2843 2722 2897 sanctitate
2749 2849 2801 2895 et
2824 2840 3073 2895 doctrina
3100 2839 3370 2892 Fulrando
3401 2853 3553 2890 ama-

1933 2935 2208 2988 bilissimo
2229 2934 2452 3000 abbate,
2477 2935 2716 2988 Francia;
2785 2931 3293 3003 archipresbytero,
3324 2928 3553 3000 pallium

1930 3023 2235 3078 secundum
2267 3023 2727 3078 consuetudinem
2760 3022 2860 3077 tibi
2892 3019 3263 3076 transmisisse
3295 3033 3394 3072 nos
3426 3033 3552 3071 cum

1932 3115 2222 3186 privilegio
2254 3123 2312 3169 ut
2350 3115 2674 3185 metrOpolis
2732 3113 2970 3168 Ecclesia
3035 3111 3322 3166 Bernensis
3364 3111 3418 3163 in
3453 3124 3553 3163 suo

1931 3212 2075 3258 statu
2108 3211 2374 3268 maneret,
2435 3211 2487 3256 et
2529 3203 2644 3272 [ms.
2676 3205 2711 3254 ἱ.
2749 3205 2897 3256 omit.
2953 3201 3022 3272 et]
3089 3201 3232 3255 bene
3267 3214 3548 3253 memora-

1933 3311 2088 3348 mus:
2137 3317 2156 3343 »
2187 3295 2246 3347 Et
2277 3303 2398 3362 post
2425 3294 2724 3363 aliquanta,
2751 3308 2873 3362 quae
2900 3293 2968 3345 de
3001 3302 3192 3346 sancto
3227 3291 3548 3362 Rigoberto,

1933 3391 1987 3437 et
2016 3382 2149 3436 Abel
2179 3381 2436 3450 superius
2461 3381 2571 3448 jam
2627 3379 2917 3449 praemissa
2957 3390 3108 3446 sunt,
3145 3396 3267 3435 cum
3295 3378 3362 3432 de
3387 3377 3555 3432 rebus

1933 3473 2180 3529 ecclesiae
2209 3472 2493 3527 Remensis
2533 3471 2730 3525 ablatis
2761 3471 3081 3541 loqueretur
3115 3491 3126 3525 :
3162 3494 3187 3519 ιι
3227 3472 3283 3524 Et
3317 3479 3428 3535 tua,
3463 3469 3555 3522 in—r

1935 3566 2076 3637 quit,
2103 3564 2411 3618 fraternitas
2435 3564 2548 3631 jam
2577 3579 2641 3616 ex
2676 3578 2872 3635 magna
2905 3570 3058 3632 parte
3117 3563 3262 3633 ipsas
3295 3578 3381 3616 res
3407 3561 3555 3631 apud

1935 3656 2232 3730 gloriosum
2271 3653 2441 3709 tilium
2475 3662 2722 3709 nostrum
2775 3653 3053 3714 Karolum,
3089 3665 3144 3707 et
3175 3660 3301 3706 ante
3339 3653 3406 3706 ad
3425 3652 3554 3706 Car-

1937 3749 2254 3804 lomannum
2288 3746 2507 3801 fratrem
2538 3746 2657 3814 ejus
2698 3746 3013 3816 impetratas
3057 3745 3248 3807 habes,
3291 3752 3346 3798 et
3400 3744 3554 3799 ordi-

1939 3853 2063 3891 nem
2091 3852 2155 3890 ex
2186 3835 2371 3907 aliqua
2403 3843 2577 3907 parte,
2613 3843 2665 3889 ct
2698 3834 2752 3888 in
2793 3832 3095 3904 episcopis,
3131 3833 3261 3887 etin
3314 3831 3438 3885 aliis
3460 3848 3555 3885 se-

1937 3929 2175 3984 cundum
2207 3929 2552 3994 canonicam,
2587 3935 2641 3982 et
2667 3934 2869 3982 sanctae
2905 3925 3054 3980 sedis
3088 3925 3346 3979 Romanae
3365 3931 3556 3979 aucto-

1937 4021 2152 4076 ritatem
2184 4021 2454 4076 directum
2503 4019 2673 4074 habes
2705 4037 2719 4086 ;
2756 4027 3046 4089 propterea
3101 4015 3283 4086 petisti
3305 4032 3335 4068 a
3369 4014 3552 4082 nobis,

1939 4109 2038 4164 tibi
2068 4119 2122 4163 et
2149 4109 2396 4163 ecclesia:
2440 4116 2545 4162 tua:
2577 4107 2693 4162 fieri
2754 4107 3100 4178 privilegium
3130 4121 3192 4159 ex
3225 4101 3556 4158 auctoritate

1936 4200 2080 4254 beati
2139 4200 2276 4254 Petri
2336 4199 2603 4270 principis
2656 4200 3030 4269 apostolorum
3065 4205 3119 4252 et
3172 4204 3374 4250 sanctze
3409 4195 3558 4250 sedis

1937 4293 2214 4355 Romanae,
2274 4307 2338 4344 ac
2392 4298 2595 4351 nostra,
2631 4298 2689 4344 ut
2739 4291 2887 4360 quod
2943 4287 3247 4358 perfectum
3301 4285 3472 4339 habes
3500 4286 3555 4342 in

1933 4391 2057 4439 ante
2083 4383 2263 4438 valeat
2316 4397 2664 4453 permanere,
2722 4388 2776 4436 et
2824 4381 2972 4452 quod
3025 4379 3205 4434 adhuc
3239 4377 3554 4449 perfectum

216 4471 338 4535 fuit,
390 4471 485 4524 sed
542 4470 829 4537 mundum,
879 4481 932 4525 et
988 4481 1273 4542 acceptum
1328 4474 1434 4527 Deo
1476 4489 1598 4528 esse
1641 4473 1831 4542 possit,
1866 4451 2043 4527 Dnon
2086 4471 2276 4537 habes,
2325 4487 2424 4542 per
2452 4480 2693 4525 nostram
2724 4471 3108 4525 auctoritatem
3161 4467 3360 4539 possis,
3397 4466 3556 4520 auxi-

215 4567 483 4630 quantum
515 4559 748 4613 humana
768 4559 1089 4614 conditione
1116 4561 1193 4631 [or
1212 4576 1336 4626 ms.,
1360 4561 1621 4632 conditio]
1658 4562 1832 4625 valet;

216 4648 290 4700 ita
323 4655 380 4700 nt
411 4646 836 4718 nullusreperiri
873 4649 1469 4719 possitsacrisdeviare
1502 4650 1828 4717 canonibus,

217 4743 274 4790 et
302 4733 629 4790 sacriﬁcium
689 4738 953 4791 mundum
992 4754 1181 4793 eorum
1232 4739 1300 4792 ab
1349 4739 1429 4794 eis
1468 4740 1828 4806 immoletur;

220 4830 297 4882 ita
325 4837 383 4883 ut
410 4829 556 4882 Deus
587 4831 641 4884 in
661 4844 850 4884 eorum
873 4831 1120 4899 placetur
1151 4831 1500 4900 muneribus,
1533 4839 1587 4887 ct
1614 4832 1834 4903 pOpulis

218 4921 312 4976 Dei
341 4919 662 4990 purificatus
689 4921 970 4976 mentibus
1001 4940 1065 4976 ex
1095 4923 1246 4978 omni
1267 4923 1524 4995 squalore
1555 4924 1831 4979 sincerum

215 5009 481 5064 exhibere
541 5011 761 5065 valeant
800 5011 1120 5067 Christianae
1169 5013 1453 5088 religionis
1503 5013 1827 5069 officium.»

215 5098 324 5152 Sed
357 5106 411 5152 et
451 5099 704 5169 quaedam
736 5101 936 5156 chartae
970 5102 1141 5173 ipsius
1183 5104 1428 5176 episcOpi
1460 5105 1830 5176 reperiuntur,

219 5190 446 5246 nomine
470 5191 717 5246 titulataa.

290 5282 366 5335 De
405 5298 517 5354 quo
541 5281 705 5337 etiam
743 5283 1002 5353 praefatus
1029 5285 1298 5341 Adrianus
1330 5305 1472 5360 papa
1504 5289 1558 5343 in
1591 5304 1829 5360 praeme-

219 5381 426 5427 morata
453 5372 691 5441 epistola
733 5374 800 5426 ad
858 5373 1130 5444 Tilpinum
1184 5377 1683 5448 archiepiscopum,
1712 5388 1835 5451 post

219 5463 486 5533 illa,quae
557 5461 816 5531 superius
875 5464 1160 5532 praemissa
1233 5476 1378 5532 sunt,
1429 5467 1501 5521 ita
1559 5468 1833 5525 subinfert

217 5555 464 5621 (Anam.
489 5553 530 5617 I,
564 5553 662 5606 ubi
688 5567 876 5622 supra,
899 5570 946 5607 c.
985 5554 1097 5623 t3):
1134 5574 1158 5604 «
1192 5555 1402 5610 Sancta:
1433 5557 1831 5615 memoriacBo—

288 5670 365 5739 (7)
407 5669 532 5724 Non
568 5674 743 5722 exstat
774 5669 915 5724 inter
943 5671 1064 5741 ejus
1092 5671 1370 5742 epistolas.

1941 4565 2105 4619 Iiante
2129 4563 2260 4630 Deo,
2293 4573 2347 4618 et
2379 4563 2413 4616 B
2470 4563 2628 4616 Petro
2643 4563 2897 4633 apostolo
2925 4563 2990 4616 ad
3007 4561 3406 4632 perfectionem
3428 4575 3556 4630 per-

1935 4653 2158 4707 ducere.
2195 4653 2294 4706 Pro
2326 4667 2436 4722 quo
2477 4658 2530 4706 et
2551 4667 2652 4706 nos
2677 4651 2892 4705 ardenti
2917 4650 3122 4716 animo,
3155 4658 3209 4704 et
3239 4647 3431 4702 divino
3455 4647 3552 4716 ju-

1935 4741 2149 4795 vaminc
2172 4739 2474 4811 apostolica
2494 4739 2613 4794 fulti
2647 4737 2994 4804 auctoritate,
3025 4754 3134 4792 non
3157 4738 3336 4792 solum
3361 4743 3551 4791 vetera

1933 4833 2241 4887 secundum
2270 4849 2455 4888 sacros
2478 4848 2738 4898 canones,
2762 4840 2816 4886 et
2835 4829 3136 4902 apostolica
3166 4829 3328 4898 hujus
3345 4837 3557 4884 sancta:

1934 4921 2082 4975 sedis
2111 4922 2332 4976 decreta
2375 4921 2688 4987 statuimus,
2747 4919 2845 4974 sed
2904 4928 2957 4974 et
2985 4934 3125 4973 nova
3164 4917 3262 4973 tibi
3325 4935 3424 4988 pro
3461 4926 3556 4972 tuo

1936 5014 2081 5067 bono
2112 5012 2295 5068 studio
2325 5012 2707 5076 concedimus,
2735 5018 2916 5082 atque,
2943 5009 3265 5065 auctoritate
3309 5011 3368 5062 B.
3409 5009 3554 5064 Petri

1936 5100 2203 5170 principis
2234 5100 2732 5171 apostolorum,cui
2756 5101 3029 5154 dataesta
3062 5100 3170 5153 Deo
3191 5107 3243 5153 et
3273 5100 3555 5155 Salvatore

1935 5200 2122 5246 nostro
2171 5192 2298 5245 Jesu
2357 5191 2571 5246 Christo
2630 5191 2858 5264 ligandi,
2892 5191 3259 5262 solvendique
3306 5198 3556 5262 potestas

1937 5292 2158 5355 peccata
2210 5283 2499 5338 hominum
2561 5283 2612 5336 in
2649 5284 2787 5339 coelo
2817 5292 2871 5338 et
2928 5284 2984 5337 in
3017 5291 3160 5338 terra
3189 5284 3384 5349 (Matth
3414 5300 3502 5337 xvr
3536 5300 3550 5347 ;

1932 5377 2086 5430 Joan.
2120 5378 2251 5440 χιιι),
2285 5373 2682 5430 confirmamus
2735 5383 2899 5446 atque
2958 5373 3281 5431 solidamus.
3316 5375 3555 5430 Remen-

1933 5484 2048 5522 sem
2077 5467 2366 5522 ecclesiam
2421 5469 2564 5525 sicut
2595 5477 2655 5524 et
2701 5468 3014 5541 antiquitus
3046 5468 3167 5534 fuit,
3199 5466 3548 5539 metrOpolim

1935 5575 2370 5631 permansuram,
2393 5569 2448 5617 et
2464 5561 2695 5633 primam
2718 5577 2832 5617 suae
2855 5560 3185 5632 dioeceseos,
3202 5561 3393 5617 sedem
3406 5575 3550 5626 esse,
