3970 6218
422 324 523 380 123

1517 324 1892 380 FLODOARDI
1937 323 2241 380 CANONICI
2284 322 2630 378 REMENSIS.

3654 323 3763 377 124

418 463 473 509 et
506 462 559 510 te
590 455 707 527 qui,
733 456 786 511 in
817 456 1010 510 eadem
1033 456 1187 523 sede,
1221 464 1556 527 cooperante
1583 456 1714 521 Deo,
1748 455 2035 512 ordinatus
2059 462 2107 527 Α
2136 454 2508 520 ordinatione,
2539 460 2592 508 et
2612 453 2776 508 ﬁdem
2811 468 2876 507 ac
2897 451 3204 507 doctrinam
3236 449 3405 517 illius,
3435 459 3604 524 atque
3623 469 3762 509 con—

418 563 498 610 es,
529 547 816 617 primatem
850 545 1025 617 ipsius
1055 545 1315 602 dimcesis
1346 563 1486 612 esse,
1511 564 1634 604 cum
1667 547 1926 602 omnibus
1943 547 2027 603 ci-

416 638 678 694 vitatibus
707 656 829 711 quae
880 639 948 694 ab
981 639 1210 710 antiquo
1248 647 1495 711 tempore
1527 641 1783 695 Remensi
1817 649 2026 696 metro-

416 727 526 797 poli
558 727 806 782 ecclesise
835 728 1098 796 subjectae
1127 729 1376 794 fuerunt,
1428 736 1595 801 atque
1627 730 1791 785 etiam
1825 747 2028 801 perpe-

415 815 522 869 tuis
552 815 894 886 temporibus
925 817 1027 870 tibi
1060 825 1118 872 et
1144 817 1563 873 successoribus
1597 819 1706 872 tuis
1723 819 1793 872 sit
1822 817 2027 874 confir-

417 914 642 960 matum.
679 907 741 961 Et
768 907 872 962 hoc
893 907 1312 975 interdicentes,
1351 916 1408 964 ut
1438 910 1621 965 nullus
1663 910 2027 978 audeatjuxta

411 1003 728 1050 sanctorum
760 1012 1036 1051 canonum
1086 995 1462 1064 traditionem,
1523 1013 1587 1051 ex
1644 998 1753 1053 alio
1808 998 2028 1069 episco-

412 1095 541 1156 patu
569 1085 773 1141 ibidem
815 1088 1158 1153 translatare,
1193 1097 1285 1143 aut
1330 1088 1670 1143 constituere
1703 1090 2024 1161 episcopum

413 1191 534 1250 post
555 1189 702 1236 tuam
753 1183 822 1238 de
877 1185 981 1239 hoc
1034 1185 1236 1240 saeculo
1268 1185 1671 1240 evocationem.
1707 1185 1893 1256 Neque
1924 1187 2027 1240 ali-

411 1271 538 1341 quis
598 1279 720 1326 tuas
778 1274 1086 1342 parochias,
1137 1282 1233 1329 aut
1294 1274 1580 1338 ecclesias,
1636 1275 1720 1328 vel
1780 1274 2026 1330 civitates

410 1359 758 1426 subtrahere,
781 1377 961 1432 neque
987 1362 1273 1417 dioecesim
1291 1363 1619 1418 Remensem
1645 1363 1756 1418 ullo
1780 1380 2024 1435 unquam

413 1457 655 1520 tempore
687 1450 958 1519 dividere,
981 1453 1077 1507 sed
1110 1453 1321 1528 integra
1350 1463 1588 1520 maneat,
1622 1436 2024 1526 sicutantiqui-

412 1545 498 1591 tus
538 1537 658 1603 fuit,
684 1549 737 1593 et
763 1541 903 1595 sacri
924 1557 1166 1597 canones
1215 1555 1269 1597 et
1302 1543 1772 1614 prmdecessorum
1807 1554 2023 1600 nostro-

412 1642 530 1680 rum
563 1625 819 1694 firmavit,
849 1637 902 1684 et
935 1639 1121 1684 nostra
1151 1628 1331 1686 ﬁrmat
1359 1631 1679 1688 auctoritas.
1729 1633 1791 1688 Et
1822 1643 1895 1700 te,
1930 1645 2023 1690 aut

411 1713 609 1769 futuris
665 1718 1008 1787 temporibus
1065 1719 1389 1774 Remensem
1441 1722 1788 1792 episcopum,
1821 1732 1876 1778 et
1906 1724 2022 1794 pri-

411 1811 610 1858 matem
634 1805 782 1860 illius
812 1805 1088 1873 ditecesis,
1130 1823 1241 1863 non
1276 1821 1594 1879 praesumat,
1631 1826 1809 1882 neque
1847 1812 2026 1866 valeat

411 1908 654 1962 unquam
676 1894 877 1966 aliquis
903 1896 972 1950 de
997 1898 1319 1968 episcopatu
1343 1898 1584 1967 dejicere
1605 1899 1727 1953 sine
1755 1900 2024 1956 canonico

404 1982 640 2051 judicio,
672 1995 725 2040 et
783 2002 962 2059 neque
1024 1989 1080 2042 in
1140 1989 1231 2044 illo
1266 1989 1384 2060 [ms.
1418 1993 1456 2056 i,
1500 1991 1630 2062 ullo]
1659 1991 1872 2059 judicio
1903 1992 2024 2046 sine

408 2086 685 2128 consensu
739 2075 967 2131 Romani
1027 2078 1327 2150 pontiﬁcis,
1385 2081 1430 2135 si
1483 2082 1552 2135 ad
1612 2082 1751 2136 hanc
1780 2089 2023 2136 sanctam

407 2166 596 2221 sedem
622 2168 942 2233 Romanam,
995 2188 1118 2242 quae
1145 2180 1311 2244 caput
1340 2189 1460 2228 esse
1500 2173 1845 2246 dignoscitur
1870 2174 2024 2228 orbis

407 2267 585 2323 terra},
613 2261 978 2331 appellaverit
1009 2263 1198 2333 inipso
1223 2265 1454 2336 judicio.
1491 2265 1597 2319 Sed
1630 2265 1684 2319 in
1707 2266 1824 2320 sola
1839 2265 2027 2337 subje-

409 2352 592 2406 ctione
643 2353 872 2408 Romani
937 2355 1214 2426 pontificis
1267 2373 1624 2427 permanens,
1657 2357 1946 2414 dimcesim
1975 2368 2027 2414 et

409 2441 725 2510 parochiam
761 2443 1107 2510 Remensem,
1131 2445 1428 2514 adjuvante
1459 2447 1712 2512 Domino,
1749 2456 1804 2502 et
1839 2456 2025 2503 nostra

408 2537 574 2599 atque
601 2531 659 2584 Β.
694 2529 838 2584 Petri
867 2531 1036 2587 fultus
1061 2550 1128 2588 ex
1178 2535 1282 2589 ista
1303 2546 1496 2590 sancta
1518 2537 1652 2590 sede
1678 2538 2024 2602 auctoritate,

410 2620 714 2673 secundum
745 2629 964 2677 sanctos
991 2638 1234 2678 canones
1253 2632 1308 2679 et
1328 2625 1490 2694 hujus
1511 2634 1712 2680 sanctae
1729 2627 1876 2681 sedis
1910 2644 2029 2698 pre-

411 2713 717 2784 ceptiones,
748 2714 848 2769 tibi
877 2715 1160 2784 subjectos
1192 2717 1265 2772 ita
1305 2728 1482 2772 certes
1512 2720 1806 2775 etstudeas
1827 2720 2032 2796 guber-

411 2821 563 2871 nare,
584 2807 801 2860 utillam
821 2807 1246 2863 desiderabilem
1265 2825 1455 2865 vocem
1473 2809 1685 2864 Domini
1706 2811 1877 2866 nostri
1898 2811 1922 2866 J
1932 2828 2031 2867 esu

408 2896 605 2952 Christi
631 2899 812 2953 valeas
849 2914 973 2953 cum
1033 2900 1225 2954 electis
1264 2901 1385 2968 ejus
1403 2901 1596 2955 audire
1631 2919 1642 2954 :
1677 2903 1851 2969 Euge,
1883 2917 2034 2956 serve

415 2990 544 3043 bone
572 2995 620 3044 et
665 2989 858 3058 ﬁdelis,
911 2993 1046 3061 quia
1086 2995 1144 3047 in
1193 3009 1376 3062 pauca
1415 2995 1578 3062 fuisti
1605 2996 1800 3063 ﬁdelis,
1858 3010 2031 3064 supra

2134 545 2498 599 versationem
2549 551 2604 598 et
2635 557 2839 607 mores,
2890 557 2955 596 ac
2995 541 3160 596 vitam
3207 540 3547 615 investiges;
3605 549 3663 596 ut
3711 544 3756 597 si

2131 643 2293 706 aptus
2323 633 2484 687 fuerit
2544 641 2602 687 et
2655 631 2855 706 dignus
2885 631 2952 684 ad
2993 621 3366 701 episcopalem
3429 630 3750 686 cathedram

2129 721 2547 797 gubernandam
2607 719 2916 790 expositam
2956 725 3012 773 et
3069 717 3462 788 conscriptam,
3497 723 3553 770 et
3581 729 3752 768 manu

2129 833 2228 871 sua
2256 815 2479 886 propria
2530 811 2898 881 subscriptam
2932 809 3258 865 catholicam
3299 815 3354 862 et
3385 806 3754 863 orthodoxam

2129 905 2293 960 ﬁdem
2317 921 2416 975 per
2444 902 2641 957 missos
2668 917 2797 955 suos
2835 916 2960 955 cum
2982 898 3182 954 litteris
3201 913 3266 952 ac
3305 895 3624 952 testimonio
3657 901 3753 950 tuo

2127 1014 2226 1052 seu
2258 996 2490 1051 aliorum
2524 995 2932 1064 episeOporum,
2966 1007 3107 1063 quos
3140 998 3324 1045 tecum
3355 1004 3480 1045 esse
3507 989 3752 1043 manda-

2126 1090 2326 1156 vimus,
2367 1087 2435 1142 ad
2487 1101 2588 1140 nos
2636 1085 2859 1158 dirigat,
2918 1090 2978 1138 ut
3015 1081 3244 1154 pallium
3301 1081 3381 1134 illi
3440 1080 3751 1135 secundum

2127 1177 2589 1234 consuetudinem
2622 1171 3564 1233 transmittamus.etordinationem
3599 1169 3755 1224 illius

2129 1269 2341 1324 firmam
2373 1270 2708 1338 judicemus,
2733 1267 2861 1322 etin
2894 1266 3090 1320 eadem
3120 1271 3311 1318 sancta
3359 1261 3595 1317 ecclesia
3627 1260 3750 1317 Mo-

2126 1362 2357 1435 guntina
2389 1360 2865 1432 archiepiscOpum
2909 1357 3279 1415 constitutum
3312 1369 3433 1410 esse
3457 1354 3750 1411 faciamus.

2130 1451 2277 1505 Bene
2305 1450 2423 1504 vale
2483 1471 2504 1500 ι

2193 1543 2293 1607 Qui
2331 1541 2530 1613 praesul
2549 1557 2635 1596 res
2668 1540 2920 1595 ecclesiae
2952 1539 3172 1594 diversa
3203 1555 3302 1609 per
3327 1539 3449 1594 loca
3475 1538 3749 1609 direptas,

2124 1643 2231 1689 tam
2261 1651 2358 1705 per
2386 1650 2443 1688 se
2471 1634 2618 1704 apud
2653 1632 2860 1707 regiam
2914 1631 3281 1700 majestatem,
3313 1647 3480 1702 quam
3513 1647 3615 1702 per
3640 1647 3745 1685 au-

2121 1732 2301 1778 ctores
2320 1722 2586 1786 ecclesiae,
2621 1721 2868 1775 diversos
2914 1720 3060 1791 apud
3088 1719 3307 1788 judices
3330 1719 3549 1793 legibus
3590 1718 3747 1773 obti-

2055 1782 2102 1850 B
2127 1815 2265 1881 nuit,
2307 1823 2360 1868 et
2381 1813 2752 1868 ecclesiastico
2801 1812 2913 1880 juri
2940 1811 3180 1866 restituit
3221 1829 3234 1876 ;
3266 1810 3620 1882 maximeque
3653 1828 3756 1882 per

2127 1904 2420 1976 quemdam
2474 1901 2815 1966 Achabbum,
2868 1893 2963 1972 qui
3031 1909 3144 1954 tam
3195 1900 3249 1953 in
3289 1898 3540 1965 Francia,
3581 1916 3752 1971 quam

2125 1994 2292 2047 etiam
2334 2001 2484 2046 trans
2515 1990 2750 2062 Ligerim
2797 2004 2893 2060 pro
2943 1989 3112 2044 rebus
3137 1989 3388 2043 ecclesiae
3424 1989 3759 2043 revocandis

2124 2097 2357 2152 Operose
2416 2079 2706 2145 laboravit,
2763 2086 2816 2132 et
2873 2087 2982 2132 tam
3033 2076 3240 2147 praedia
3271 2092 3437 2147 quam
3473 2076 3758 2148 mancipia

2128 2173 2299 2228 multa
2326 2171 2543 2246 legibus
2577 2170 2888 2224 evindicata
2938 2168 3180 2223 Ecclesia
3229 2167 3571 2223 reformavit.
3613 2169 3753 2224 Pos-

2126 2261 2472 2317 sessionibus
2509 2275 2729 2331 quoque
2759 2259 2847 2311 vel
2879 2256 3170 2328 mancipiis
3196 2273 3228 2310 a
3257 2255 3594 2328 quibusdam
3622 2257 3751 2313 dato

2127 2350 2303 2422 pretio
2343 2349 2632 2418 coemptis,
2669 2363 2755 2401 res
2810 2348 3032 2401 auxisse
3073 2345 3276 2417 praesul
3327 2345 3431 2400 iste
3473 2347 3752 2417 reperitur

2126 2442 2375 2497 ecclesiae
2409 2458 2423 2506 ;
2450 2441 2842 2496 nonnullarum
2873 2454 3094 2511 quoque
3119 2439 3244 2508 jura
3273 2437 3529 2494 villarum
3557 2438 3755 2511 dispo-

2129 2535 2248 2590 sitis
2274 2533 2560 2589 ordinasse
2610 2533 2860 2588 coloniis.
2917 2530 3022 2586 Sed
3052 2539 3106 2586 et
3157 2547 3435 2586 sacrarum
3463 2532 3754 2588 codicibus

2131 2626 2557 2695 Scripturarum,
2573 2622 2778 2694 quibus
2791 2623 2973 2676 adhuc
2988 2619 3266 2691 aliquibus
3279 2635 3505 2692 quoque
3527 2622 3752 2686 utimur,

2133 2717 2273 2769 hanc
2299 2713 2554 2767 instruxit
2585 2711 2908 2767 Ecclesiam.
2934 2712 2994 2765 ln
3018 2710 3275 2766 coenobio
3308 2710 3557 2782 denique
3579 2713 3754 2767 sancti

2134 2807 2368 2878 Remigii
2396 2805 2700 2860 monachos
2729 2803 3042 2870 ordinasse,
3073 2819 3136 2857 ac
3169 2802 3477 2858 monastica
3509 2802 3624 2856 vita
3655 2819 3753 2859 eos

2135 2897 2705 2963 traditurinstituisse,
2739 2912 2862 2950 cum
2883 2895 3185 2951 canonicos
3215 2895 3370 2965 prius
3401 2894 3550 2948 idem
3569 2911 3759 2951 emno-

2132 2989 2283 3043 bium
2316 3005 2346 3042 a
2379 2996 2628 3058 tempore
2687 2984 2985 3039 Gibehardi
3041 2983 3280 3049 abbatis,
3344 2983 3439 3054 qui
3498 2985 3756 3040 eamdem

413 3082 587 3134 multa
615 3086 664 3135 te
706 3083 1028 3138 constituam
1056 3101 1070 3147 ;
1097 3085 1246 3138 intra
1304 3087 1362 3139 in
1391 3087 1658 3153 gaudium
1707 3087 1915 3140 domini
1945 3088 2026 3139 tui
2071 3155 2093 3157 ._
2128 3079 2637 3153 congregationem,
2666 3077 2737 3132 ob
2794 3092 3039 3131 amorem
3071 3075 3166 3129 Dei
3225 3083 3282 3130 et
3311 3075 3485 3130 sancti
3525 3074 3762 3151 Remigii

415 3170 631 3235 (Matth.
665 3171 807 3240 xxv).
834 3171 896 3227 Et
928 3174 1076 3244 quod
1108 3173 1176 3228 ad
1207 3181 1456 3229 nostram
1486 3174 1737 3230 notitiam
1765 3175 2027 3246 perduxi-
2050 3155 2097 3219 Ο
2128 3173 2400 3244 reperitur
2425 3187 2774 3247 aggregasse,
2809 3171 2874 3224 ad
2909 3171 3208 3241 hocusque
3237 3176 3458 3240 tempus
3493 3169 3761 3226 habuisse

413 3259 506 3324 sti,
539 3259 666 3331 quia
698 3261 767 3315 ad
798 3262 935 3317 alios
950 3261 1242 3333 episcopos
1259 3263 1328 3316 de
1361 3263 1481 3334 ipsa
1511 3262 1736 3318 dioecesi
1772 3263 2026 3318 Remensi

412 3351 636 3422 quidam
657 3353 1007 3424 accipiebant
1055 3354 1452 3419 ordinationes,
1487 3363 1540 3410 et
1563 3353 1844 3409 habebant
1873 3355 2031 3408 inde-

415 3440 533 3495 bita
563 3441 798 3516 refugia,
826 3443 1000 3498 ethoc
1021 3459 1120 3513 per
1140 3443 1326 3498 omnia
1360 3443 1747 3514 prohibemus,
1770 3443 1866 3497 sed
1889 3443 2030 3498 sicut

410 3547 564 3586 sacra
584 3532 746 3588 docet
770 3534 1087 3599 auctoritas,
1119 3544 1174 3590 et
1205 3535 1262 3589 in
1293 3536 1522 3606 synodis
1549 3535 2033 3606 comprovinciali-

414 3621 518 3677 bus
538 3625 913 3680 convocandis
946 3634 998 3680 et
1057 3626 1346 3694 faciendis,
1371 3636 1426 3681 et
1466 3627 1522 3681 in
1555 3625 2026 3691 ordinationibus,

415 3730 478 3768 ac
501 3715 1015 3784 dijudicationibus,
1067 3719 1354 3775 Remensis
1377 3720 1632 3786 ecclesia,
1671 3727 1726 3775 et
1754 3717 2030 3789 archiepi-

415 3819 637 3876 scOpus,
671 3807 769 3878 qui
809 3807 864 3861 in
896 3824 963 3862 ea
1016 3809 1350 3864 constitutus
1383 3807 1571 3874 fuerit,
1611 3808 1775 3863 talem
1828 3808 2030 3862 habeat

417 3898 820 3965 auctoritatem,
851 3900 996 3954 sicut
1037 3901 1178 3955 sacri
1229 3916 1501 3975 canones,
1531 3911 1586 3955 et
1613 3901 1776 3969 hujus
1822 3907 2027 3953 sancta).

420 3986 674 4042 Ecclesia:
713 3989 1138 4045 constitutiones
1185 3989 1404 4045 docent.
1438 3990 1501 4044 Et
1522 3989 1706 4044 nullus
1731 4005 1830 4060 per
1857 3987 2026 4042 ullum

417 4090 660 4147 unquam
689 4085 909 4148 tempus
940 4077 1061 4144 tibi,
1083 4077 1168 4133 vel
1197 4078 1450 4133 Remensi
1474 4078 1753 4144 Ecclesiae,
1771 4078 1840 4131 de
1863 4077 2028 4131 rebus

413 4167 482 4221 ad
514 4168 661 4223 illam
692 4169 882 4225 debite
913 4171 1324 4241 pertinentibus
1353 4171 1681 4228 divisionem
1704 4170 1790 4226 vel
1813 4171 2028 4224 violen-

417 4257 571 4321 tiam,
629 4259 770 4314 sicut
820 4268 979 4315 antea
1027 4261 1232 4316 factum
1288 4261 1410 4328 fuit,
1469 4261 1647 4316 facere
1705 4267 2024 4333 praesumat.

417 4347 551 4400 Nam
581 4347 646 4416 si,
693 4349 842 4420 quod
889 4365 1000 4406 non
1054 4352 1352 4417 credimus,
1385 4352 1512 4423 quis
1562 4351 1653 4405 ille
1709 4350 1897 4417 fuerit,
1932 4348 2024 4421 qui

413 4447 606 4491 contra
638 4437 780 4493 hanc
827 4446 1068 4495 nostram
1101 4440 1526 4512 przeceptionem
1561 4439 1857 4495 temerario
1888 4455 2025 4493 ausu

2131 3266 2356 3319 feratur.
2419 3263 2784 3318 lmmunitatis
2843 3261 3088 3332 denique
3135 3268 3474 3334 praeceptum
3507 3279 3538 3315 a
3567 3262 3763 3319 Karlo-

2131 3371 2332 3411 manno
2367 3371 2495 3430 rege
2526 3354 2640 3408 ﬁlio
2673 3353 2912 3425 Pippini,
2945 3353 3126 3424 primo
3160 3368 3286 3407 mox
3319 3352 3476 3427 regni
3507 3354 3762 3421 ejusdem

2131 3461 2296 3506 anno,
2321 3444 2569 3498 ecclesiae
2611 3443 2870 3496 Remensi
2933 3441 3193 3507 obtinuit,
3243 3442 3311 3495 ad
3345 3443 3628 3514 exemplar
3658 3443 3764 3498 im-

2132 3537 2464 3591 munitatum
2519 3551 2657 3606 quas
2713 3533 2886 3605 ipsius
2943 3533 3382 3604 prmdecessores
3442 3550 3603 3608 reges
3632 3535 3766 3590 huic

2131 3629 2476 3684 contulerant
2531 3627 2826 3682 ecclesia}:
2889 3642 3122 3698 quarum
3181 3625 3484 3681 ostendere
3534 3643 3764 3698 quoque

2131 3720 2342 3775 curavit
2373 3722 2425 3774 ei
2469 3719 2808 3775 monimenta
2840 3737 2852 3783 ;
2878 3726 2938 3774 ut
2991 3719 3178 3773 nullus
3203 3717 3419 3774 scilicet
3442 3719 3618 3787 judex
3648 3737 3760 3790 pu-

2131 3810 2308 3864 blicus
2338 3809 2393 3862 in
2422 3811 2587 3879 hujus
2642 3807 2891 3864 ecclesiae
2949 3816 3126 3862 terras
3165 3808 3399 3863 auderet
3431 3809 3648 3883 ingredi
3680 3811 3756 3865 ad

2132 3900 2449 3954 mansiones
2502 3898 2830 3970 parandum,
2871 3897 2956 3952 vel
3011 3897 3277 3968 quaelibet
3299 3898 3516 3967 judicia
3546 3898 3756 3965 facere,

2129 3999 2223 4047 aut
2251 3991 2473 4062 penitus
2493 3990 2654 4044 xenia
2689 3989 2765 4044 ibi
2801 3989 3104 4060 requirere.
3128 3989 3236 4044 Sed
3261 4006 3629 4062 quzecumque
3659 4008 3760 4046 an-

2130 4092 2437 4138 tecessores
2475 4083 2594 4151 ejus
2637 4082 2819 4137 eidem
2875 4089 3268 4137 concesserant
3307 4083 3581 4150 ecclesiae,
3618 4099 3755 4154 per-

2131 4175 2423 4247 petualiter
2468 4174 2676 4228 habere
2729 4174 2942 4229 valeret
2999 4173 3236 4229 indulta.
3291 4174 3490 4230 Postea
3528 4192 3759 4248 quoque

2128 4267 2290 4322 aliam
2322 4267 2571 4335 ejusdem
2606 4265 2753 4340 regis
2783 4265 2854 4320 de
2887 4266 3134 4322 omnium
3167 4266 3518 4322 teloncorum
3549 4269 3758 4323 remis-

2127 4359 2286 4413 sione
2308 4355 2621 4428 impetravit
2645 4354 3071 4427 przeceptionem
3093 4372 3106 4420 ;
3127 4353 3280 4420 item,
3305 4354 3472 4409 aliam
3490 4355 3562 4410 de
3585 4365 3759 4427 ponte

2129 4449 2491 4515 Baisonensi;
2557 4449 2687 4504 item
2740 4448 2811 4501 de
2866 4447 3069 4502 chartis
3097 4449 3483 4512 concrematis,
3519 4464 3756 4519 quarum

415 4531 606 4586 νθηίτε
636 4532 950 4600 lenm/erit,
975 4533 1078 4588 niSi
1103 4551 1162 4589 $0
1193 4535 1323 4600 οίῑον
1352 4543 1407 4588 et
1447 4535 1684 4589 ῐηᾶκίῖηθ
1716 4539 1841 4604 90$t
1871 4546 2022 4586 ϐοτη·
2051 4523 2106 4590 Ι)
2130 4548 2262 4596 tunc
2293 4538 2559 4610 temporis
2613 4553 2713 4608 per
2753 4535 3152 4610 negligentiam
3197 4535 3479 4591 acciderat
3509 4537 3755 4604 exustio,

414 4621 781 4677 monitionem
816 4627 1138 4688 correxerit,
1193 4627 1330 4681 sciat
1360 4642 1419 4679 se
1458 4634 1666 4680 aeterno
1701 4624 1797 4678 Dei
1813 4623 2027 4692 judicio

415 4711 782 4766 anathematis
821 4713 1042 4769 vinculo
1081 4731 1202 4768 esse
1251 4714 1576 4768 innodatum
1612 4731 1625 4779 ;
1655 4713 1702 4767 si
1743 4713 1868 4784 quis
1898 4728 2027 4768 vero

414 4801 715 4872 apostolica
750 4804 1048 4857 servaverit
1093 4808 1388 4873 przecepta,
1415 4809 1471 4856 et
1511 4816 1758 4856 normam
1795 4811 1958 4856 rectae
1976 4808 2030 4856 et

415 4892 735 4948 orthodoxae
765 4890 894 4947 ﬁdei
924 4893 1410 4957 fueritassecutus,
1456 4893 1866 4948 benedictionis
1900 4910 2027 4967 gra-

419 4983 547 5038 tiam
579 4993 968 5054 consequatur.
1031 4985 1152 5038 Haec
1182 5000 1214 5037 a
1263 4983 1424 5039 nobis
1455 4983 1690 5040 difﬁnita
1731 5000 1828 5056 per
1865 4985 2030 5054 hujus

418 5083 616 5133 nostra;
645 5073 1079 5131 conﬁrmationis
1108 5075 1385 5150 paginam,
1418 5078 1475 5131 in
1515 5086 1607 5132 tua
1628 5078 1860 5133 ecclesia
1892 5095 2025 5150 per-

417 5171 595 5243 petuis
622 5169 968 5239 temporibus
1000 5185 1097 5240 pro
1117 5169 1199 5224 sui
1214 5171 1638 5228 confirmatione
1650 5173 2031 5228 conservanda

419 5281 540 5320 esse
572 5263 915 5318 mandamus.
954 5264 1298 5339 lnjungimus
1320 5266 1482 5321 etiam
1512 5265 1795 5322 fraternati
1809 5274 1937 5337 tuae,
1968 5275 2028 5322 ut

417 5357 549 5428 quia
592 5355 661 5410 de
687 5353 1036 5412 ordinatione
1087 5357 1356 5430 episc0pi.
1391 5359 1617 5414 nomine
1675 5359 1790 5426 Lul,
1825 5367 2029 5415 sanctae

417 5442 750 5519 Moguntina:
780 5441 1036 5502 Ecclesiae
1081 5448 1150 5502 ad
1197 5465 1297 5505 nos
1346 5451 1597 5522 quaedam
1637 5457 2028 5517 pervenerunt,

420 5531 716 5603 assumptis
759 5538 939 5590 tecum
999 5537 1259 5614 Viomago
1285 5548 1340 5594 et
1388 5554 1708 5611 possessore
1730 5538 2029 5610 episc0pis,

418 5635 474 5684 et
512 5626 697 5682 missis
732 5625 956 5702 gloriosi
1015 5648 1078 5687 ac
1128 5631 1393 5702 spiritalis
1461 5630 1558 5686 ﬁlii
1626 5633 1798 5687 nostri
1852 5631 2029 5686 Karoli

420 5715 752 5774 Francorum
784 5717 949 5792 regis,
981 5719 1277 5794 diligenter
1307 5719 1559 5791 inquiras
1578 5719 1764 5774 omnia
1784 5719 1851 5774 de
1884 5718 2033 5773 illius

2130 4640 2187 4687 ut
2209 4648 2317 4698 res,
2359 4637 2414 4685 et
2444 4629 2732 4685 facultates
2761 4626 3033 4693 ecclesiae,
3063 4642 3201 4698 quas
3227 4642 3294 4682 eo
3336 4635 3587 4697 tempore
3620 4645 3754 4700 pos-

2126 4723 2363 4782 sidebat.
2397 4723 2471 4776 ita
2518 4727 2906 4792 permanerent
2952 4719 3165 4790 absque
3209 4719 3588 4775 diminutione
3616 4736 3753 4776 con-

2128 4809 2355 4866 ﬁrmatae
2404 4810 2508 4881 ipsi
2573 4809 2824 4864 ecclesia:
2883 4824 2984 4878 per
3044 4807 3253 4881 regiam
3293 4808 3415 4876 ejus
3446 4809 3755 4864 auctorita-

2131 4912 2285 4971 tem;
2351 4903 2481 4958 item
2540 4902 2611 4957 de
2675 4900 2968 4966 militibus,
3021 4900 3117 4971 qui
3175 4900 3228 4953 in
3282 4899 3410 4955 villa
3465 4900 3754 4957 Juviniaco

2129 4996 2436 5051 residentes
2491 5001 2648 5050 erant
2698 5009 2868 5064 super
2918 4999 3123 5047 terram
3177 4998 3380 5046 sanctae
3447 4991 3652 5054 Mariae.
3697 5001 3756 5047 et

2127 5087 2300 5142 sancti
2361 5085 2614 5161 Remigii,
2673 5099 2957 5149 concessa,
3019 5083 3357 5154 remissaque
3419 5083 3556 5154 ipsis
3599 5083 3752 5138 omni

2129 5193 2291 5247 quam
2316 5173 2599 5229 debebant
2637 5173 2924 5229 exactione
2949 5171 3178 5226 militiae.
3215 5172 3373 5238 Item,
3407 5171 3560 5226 aliud
3585 5172 3653 5226 de
3670 5172 3753 5226 his

2129 5267 2220 5339 qui
2255 5267 2309 5321 in
2341 5265 2692 5332 Cruciniano,
2755 5263 2940 5320 Curba
2980 5263 3130 5330 villa,
3179 5264 3264 5317 vel
3324 5263 3380 5316 in
3421 5264 3575 5318 omni
3610 5279 3752 5339 pago

2128 5355 2464 5411 Tardonensi
2496 5354 2639 5409 infra
2687 5362 2890 5409 terram
2931 5352 3219 5408 Remensis
3249 5351 3503 5408 ecclesiae
3545 5353 3752 5408 reside-

2133 5448 2286 5506 bant.
2318 5447 2479 5502 Dedit
2516 5447 2682 5502 etiam
2722 5446 2871 5500 idem
2920 5445 3323 5500 Karlomannus
3377 5459 3472 5498 rex
3514 5444 3616 5498 sub
3651 5445 3751 5499 hoc

2134 5535 2393 5608 pontiﬁce
2421 5554 2519 5607 per
2539 5537 2849 5591 chartarum
2873 5535 3260 5598 instrumenta,
3300 5550 3398 5604 pro
3427 5536 3548 5589 loco
3573 5535 3750 5605 sepul-

2136 5638 2266 5683 turae
2293 5628 2378 5682 vel
2413 5628 2657 5684 remedio
2697 5627 2896 5682 animae
2923 5642 3055 5691 suae,
3089 5626 3272 5679 villam
3307 5625 3666 5680 Novilliacum
3700 5625 3749 5677 in

2135 5732 2277 5792 pago
2291 5717 2509 5773 Urtinse
2541 5716 2724 5782 sitam,
2740 5732 2865 5772 cum
2889 5715 3517 5770 omnibusterminisvel
3540 5728 3750 5784 appen-
