3970 6218
136 336 240 393 125

786 332 1114 388 HISTORl/E
1152 332 1482 389 ECCLESIxE
1523 335 1849 391 REMENSIS
1888 338 2064 392 LIBRI
2107 337 2431 401 QUATUOR.
2461 368 2530 377 —-
2570 337 2694 391 LIB.
2738 338 2802 391 lI.

3366 339 3466 394 126

129 464 280 519 ditiis
334 462 473 523 suis.
530 460 794 532 omnique
847 461 1183 535 integritate,
1233 463 1299 516 ad
1352 462 1631 519 basilicam
1659 465 1745 519 vel
1773 474 1823 540 Α
1848 468 2013 523 etiam
2043 475 2331 539 postquam
2352 467 2851 538 praesulordinatus
2868 476 2973 533 est,
3010 467 3468 538 plurainvenitur

130 554 525 611 monasterium
559 553 734 607 sancti
752 553 1008 627 Remigii,
1042 553 1135 607 ubi
1167 556 1503 623 sepulturam
1524 571 1747 627 quoque

132 648 335 702 habere
369 644 732 719 dignoscitur.
760 644 929 713 Cujus
948 661 1244 718 germanus
1260 646 1487 701 Karolus
1519 647 1750 718 impera-

132 746 213 793 tor
242 752 480 808 magnus
509 735 639 789 huic
671 734 1124 805 praesuliTilpino
1156 736 1384 805 pallium
1420 753 1516 807 per
1542 738 1752 812 legatos

136 837 186 883 et
214 828 423 882 litteras
468 842 597 880 suas
649 825 890 881 obtinuit
942 825 1011 879 ab
1043 826 1282 881 Adriano
1316 844 1477 898 papa,
1535 828 1749 884 sicutin

136 919 379 987 ejusdem
432 932 587 987 papze
638 916 838 971 litteris
878 916 945 970 ad
1009 916 1187 986 ipsum
1233 934 1417 988 regem
1451 935 1619 989 super
1650 921 1751 975 hac

135 1011 302 1080 ipsius
358 1008 629 1080 petitione
687 1008 932 1075 directis,
992 1009 1325 1064 continetur.
1386 1011 1751 1067 lmmunitatis

134 1115 350 1171 quoque
383 1105 724 1169 praeceptum
750 1098 817 1152 ab
853 1100 953 1153 hoc
983 1098 1147 1153 etiam
1182 1115 1330 1173 rege,
1357 1100 1515 1167 juxta
1543 1118 1751 1171 praece-

133 1187 375 1241 dentium
417 1186 761 1256 exemplaria
794 1203 1007 1258 regum,
1043 1187 1297 1241 Remensi
1327 1189 1577 1243 ecclesize
1602 1189 1747 1244 idem

136 1278 318 1348 praesul
356 1277 673 1347 impetravit
704 1277 894 1343 ;item,
956 1277 1104 1332 aliud
1137 1286 1473 1349 princeptum
1510 1280 1577 1333 de
1599 1280 1749 1334 mili-

139 1369 279 1423 tibus
334 1367 461 1438 pagi
518 1368 905 1430 Tardonensis,
956 1369 1111 1436 juxta
1157 1369 1467 1424 cessionem
1497 1372 1743 1444 germani

135 1460 212 1513 sui
241 1460 592 1513 Karlomanni
628 1460 772 1531 regis
807 1478 820 1524 ;
857 1459 1008 1525 item,
1032 1461 1101 1515 de
1121 1460 1324 1515 chartis
1345 1462 1743 1529 concrematis;

137 1554 277 1615 item,
311 1551 381 1605 de
428 1550 849 1607 confirmatione
902 1552 1216 1607 traditionis
1258 1553 1468 1622 praifati
1499 1554 1745 1625 germani

134 1644 210 1697 sui
242 1642 405 1715 regis,
440 1659 553 1713 qua
584 1643 964 1709 Novilliacum,
997 1644 1391 1699 etBebriacum
1422 1645 1579 1699 villas
1600 1646 1745 1701 idem

140 1752 221 1789 rex
252 1735 317 1789 ad
348 1734 635 1788 basilicam
657 1736 831 1789 sancti
866 1736 1100 1809 Remigii
1130 1737 1483 1791 condonavit.
1514 1737 1747 1792 Praeter-

136 1840 194 1877 ea
222 1824 374 1878 multi
406 1823 521 1877 sub
554 1824 716 1891 hujus
748 1824 995 1894 praesulis
1023 1825 1347 1895 episcopatu
1392 1843 1479 1879 res
1518 1843 1645 1881 suas
1677 1828 1744 1881 ad

136 1912 411 1966 ecclesiam
486 1913 833 1974 Remensem,
898 1922 1005 1966 tam
1067 1920 1273 1967 sanctae
1335 1913 1533 1976 Mariae,
1585 1930 1748 1985 quam

134 2012 306 2058 sancto
337 2003 618 2077 Remigio,
662 2004 1036 2058 contulerunt.
1089 2004 1187 2067 Qui
1222 2004 1416 2073 praisul
1452 2006 1751 2060 defunctus

138 2105 211 2149 est
236 2111 375 2150 anno
406 2094 501 2149 sui
532 2094 885 2165 episcOpatus
908 2097 975 2149 47
1012 2114 1024 2159 ;
1058 2096 1215 2163 cujus
1249 2112 1454 2167 corpus
1485 2098 1552 2151 ad
1579 2099 1751 2168 pedes

136 2187 295 2241 sancti
321 2187 564 2261 Remigii
620 2187 966 2252 tumulatum,
1030 2188 1345 2255 hujusmodi
1373 2188 1620 2244 cernitur
1653 2190 1751 2243 ha-

144 2275 259 2330 bere
288 2277 512 2331 titulum

192 2367 750 2432 Hacrrequiescitbomo
779 2367 1009 2432 Tilpinus
1037 2368 1467 2432 praesulghonoris,

249 2429 417 2480 Vivere
442 2429 544 2492 qui
571 2429 796 2477 Christus
811 2430 914 2478 vita
943 2438 990 2477 et
1010 2429 1146 2478 obire
1170 2430 1279 2477 fuit.

195 2492 326 2561 Hu_nc
349 2492 496 2541 Remi
527 2493 711 2561 populo
737 2500 923 2561 martyr
948 2492 1209 2561 Dionysihus
1232 2492 1393 2541 almus

251 2555 500 2604 Pastorem
533 2554 733 2615 vigilem
761 2554 911 2609 misit,
937 2562 983 2601 et
1006 2570 1109 2602 esse
1134 2554 1343 2603 Patrem.

196 2616 339 2675 Quem
375 2631 589 2680 pascens
610 2616 940 2680 quadragenis
974 2624 1048 2664 est
1070 2616 1287 2680 amplius
1312 2616 1473 2673 annis,

255 2678 419 2729 Vestes
437 2678 710 2728 senectutis
732 2678 1037 2740 despoliatus
1070 2678 1191 2733 abit,

196 2742 392 2799 Quartas
415 2756 534 2789 cum
565 2741 728 2787 Nonas
754 2741 938 2788 mensis
960 2741 1246 2799 September
1283 2741 1499 2797 haberet,

253 2804 437 2852 Mortua
460 2802 670 2867 quando
699 2803 789 2850 fuit
827 2818 957 2850 mors
982 2802 1075 2867 sibi
1102 2803 1204 2867 vita
1229 2811 1415 2867 manet.

197 2865 251 2913 Et
272 2865 508 2928 quoniam
530 2865 666 2913 locus
686 2872 843 2928 atque
890 2865 1074 2927 gradus
1101 2866 1190 2913 hos
1220 2866 1473 2928 junxerat,
1508 2865 1747 2916 Hincmar

295 2926 370 2978 ilic
393 2929 512 2978 fecit
538 2926 806 2983 tumulum,
823 2928 1103 2991 composuit
1130 2926 1349 2976 titulum.

740 3006 947 3060 CAPUT
965 3007 1122 3060 XVIII

625 3102 696 3152 De
730 3100 979 3165 Vulfario
1000 3100 1242 3168 episcopo

1851 556 2098 612 ecclesia:
2115 555 2481 626 conquisisse,
2516 563 2569 610 et
2600 572 2685 609 res
2711 564 2764 609 et
2794 556 3045 621 colonos,
3073 566 3180 611 tam
3204 558 3349 627 apud
3379 573 3467 611 re-

1851 648 1997 725 giam
2028 649 2370 717 majestatem
2402 665 2564 720 quam
2598 648 2743 719 apud
2784 649 3012 703 colonos
3036 656 3090 703 et
3116 649 3337 717 judices
3356 666 3463 719 pu-

1850 739 2045 804 blicos,
2080 755 2181 793 nec
2212 739 2391 793 solum
2450 754 2547 808 per
2576 744 2829 791 auctores
2860 737 3127 803 ecclesiae,
3174 738 3270 791 sed
3300 737 3465 791 etiam

1850 830 2074 902 quando
2113 846 2210 899 per
2263 828 2345 881 sui
2397 826 2768 897 praesentiam.
2817 827 2912 880 tlui
2974 827 3129 880 valde
3157 825 3465 881 credidisse

1850 925 2075 981 Carolus
2115 924 2411 994 imperator
2468 937 2699 993 magnus
2756 936 2820 975 ex
2861 936 2926 975 eo
2988 920 3273 990 probatur,
3315 918 3464 990 quod

1852 1015 2093 1070 illustres
2130 1014 2405 1067 Saxonum
2452 1010 2678 1065 obsides
2710 1009 3028 1080 quindecim
3069 1024 3209 1079 quos
3238 1007 3467 1062 adduxit

1852 1107 1919 1161 de
1950 1105 2205 1167 Saxonia,
2240 1103 2411 1173 ipsius
2432 1101 2561 1155 ﬁdei
2594 1102 2991 1156 custodiendos
3023 1100 3317 1155 commisit.

1924 1194 2020 1248 Hic
2044 1192 2315 1262 synodum
2349 1190 2627 1243 invenitur
2651 1189 2911 1243 habuisse
2943 1205 3087 1244 anno
3119 1189 3188 1242 ab
3214 1189 3467 1243 incarna-

1854 1286 2001 1341 tione
2029 1284 2243 1339 Domini
2278 1284 2448 1340 nostri
2482 1286 2611 1338 Jesu
2639 1283 2837 1337 Christi
2869 1283 2974 1335 8H
3005 1282 3059 1334 in
3094 1281 3327 1335 ecclesia
3358 1282 3469 1335 No-

1850 1375 2143 1441 viomensi,
2169 1382 2436 1447 regnante
2479 1374 2754 1429 Ludovico
2789 1372 2899 1427 ﬁlio
2936 1372 3135 1435 Karoli,
3160 1387 3467 1445 congrega-

1850 1465 1921 1520 tis
1960 1481 2147 1519 secum
2196 1464 2545 1534 coepiscopis
2604 1463 2718 1517 suis
2763 1460 3078 1523 Hildoardo,
3135 1459 3465 1524 Ermenone,

1846 1556 2020 1619 Jesse,
2056 1553 2448 1627 Ragumberto,
2506 1551 2847 1614 Grimboldo,
2892 1548 3191 1614 Rothardo,
3221 1547 3469 1601 Wendil-

1848 1658 2021 1706 mare,
2055 1642 2359 1705 Ostroaldo,
2386 1649 2440 1695 et
2466 1640 2880 1710 chorepiSCOpis
2914 1637 3198 1703 Waltario,
3233 1637 3463 1706 Sperno,

1850 1750 2065 1790 necnon
2094 1743 2147 1787 et
2178 1733 2472 1787 abbatibus
2525 1731 2858 1795 Adalbardo,
2895 1730 3176 1796 Nantario,
3210 1728 3463 1789 Fulrado.

1779 1793 2065 1889 BEricho,
2112 1822 2405 1888 llilderico,
2439 1821 2710 1892 Remigio,
2744 1793 2993 1880 Ebbone,
3027 1793 3308 1887 Sigbaldo,
3339 1834 3463 1872 cum

1849 1920 2047 1967 caetero
2078 1912 2245 1977 clero,
2282 1908 2622 1980 presbyteris
2653 1916 2707 1962 et
2738 1908 3068 1961 diaconibus
3101 1924 3115 1969 ;
3147 1906 3466 1961 convocatis

1848 2004 2013 2058 etiam
2076 2002 2373 2057 comitibus
2425 2000 2766 2066 Gunthardo,
2831 1998 3099 2060 Rotfrido,
3133 1997 3461 2064 Cisleberto,

1850 2096 2070 2150 Otnero.
2108 2095 2199 2148 llis
2247 2093 2506 2149 omnibus
2549 2090 2942 2157 residentibus,
2966 2089 3245 2143 sententia
3277 2088 3461 2144 venti-

1851 2190 1959 2243 lata
1995 2195 2078 2242 est
2106 2188 2249 2242 inter
2271 2185 2704 2240 Wendilmarum
2734 2192 2788 2237 et
2810 2182 3143 2237 Rothardum
3172 2180 3467 2251 episc0pos

1851 2278 1919 2331 de
1950 2276 2204 2331 terminis
2261 2274 2646 2344 parochiarum
2687 2288 2928 2335 suarum,
2959 2280 3014 2325 et
3046 2270 3372 2341 requisitum
3404 2286 3468 2324 ac

1852 2368 2140 2423 delinitum
2168 2376 2271 2433 est,
2303 2366 2452 2437 quod
2519 2366 2633 2419 haec
2664 2365 2783 2418 loca
2814 2371 2962 2417 trans
3015 2363 3238 2415 fluvium
3264 2363 3466 2415 lsaram

1853 2458 1910 2511 in
1941 2472 2080 2529 pago
2098 2454 2448 2510 Noviomensi
2483 2454 2759 2524 pertinere
2778 2452 3046 2506 deberent
3062 2451 3129 2505 ad
3151 2449 3465 2521 parochiam

1853 2549 2099 2603 ecclesia:
2128 2546 2533 2609 Noviomensis,
2577 2545 2630 2599 id
2664 2554 2765 2610 est,
2809 2544 3041 2610 Varinze,
3072 2543 3465 2613 Urbscampus,

1853 2640 2170 2710 Trapiacus,
2202 2638 2529 2703 Jerusalem,
2562 2635 3047 2695 Harhaudianisva,
3084 2634 3197 2688 sive
3234 2634 3469 2688 ecclesia

1852 2733 2028 2787 sancti
2060 2729 2548 2803 Leodcgarii,cum
2582 2728 2812 2799 reliquis
2843 2727 2984 2781 villis
3021 2727 3088 2779 ad
3124 2726 3226 2780 has
3277 2726 3463 2780 cccle-

1852 2824 1963 2878 sias
2007 2821 2492 2878 convenientibus.
2529 2822 2737 2875 Cretera
2776 2834 2905 2873 vero
2939 2820 3059 2873 loca
3089 2828 3239 2873 trans
3266 2834 3468 2889 supra-

1848 2915 2052 2970 dictum
2082 2914 2332 2978 ﬂuvium,
2366 2913 2419 2967 in
2454 2912 2715 2983 praedicto
2773 2927 2935 2983 pago,
2970 2911 3153 2965 omnia
3185 2910 3467 2980 pertinere

1849 3007 2121 3062 deberent
2149 3008 2218 3061 ad
2268 3006 2586 3076 parochiam
2643 3004 2889 3059 ecclesia:
2925 3003 3310 3058 Suessionicze.
3346 3002 3467 3057 Haec

1850 3096 2275 3172 diligentissime
2302 3096 2629 3167 investigata
2651 3102 3057 3149 consenserunt
3078 3110 3242 3163 supra
3274 3091 3466 3161 scripti

207 3190 471 3261 'I‘ilpinum
536 3189 788 3259 sequitur
834 3164 1136 3252 rVull‘ar—ius,
1172 3164 1372 3260 —quiab
1417 3190 1748 3260 imperatore
1780 3164 2121 3258 Cepiscopi,
2154 3192 2209 3239 et
2264 3164 2667 3253 chorepiscopi,
2735 3182 2985 3245 abbates,
3041 3180 3351 3251 presbyteri
3411 3189 3467 3235 et

146 3278 355 3347 prmfato
406 3293 610 3352 magno
669 3276 862 3331 Karolo
907 3276 1108 3331 missus
1163 3277 1473 3333 dominicus
1499 3278 1565 3331 ad
1601 3286 1746 3333 recta

141 3370 335 3437 judicia
365 3369 791 3425 determinanda
807 3368 986 3424 fuerat
1005 3376 1132 3423 ante
1148 3370 1525 3440 episc0patum
1539 3370 1747 3424 consti-

145 3469 279 3517 tutus
307 3480 473 3533 super
510 3468 679 3517 totam
738 3461 1089 3532 Campaniam
1127 3479 1139 3515 :
1173 3462 1225 3515 in
1260 3463 1343 3516 his
1387 3477 1609 3532 quoque
1640 3478 1741 3531 pa-

141 3554 236 3625 gis,
268 3555 597 3609 Dolomense
636 3553 866 3619 scilicet,
911 3553 1199 3624 Vangense
1233 3551 1593 3608 Castricense.
1620 3553 1743 3606 Sta-

143 3646 397 3714 donense,
430 3647 854 3711 Catalaunense,
888 3646 1144 3701 Otmense
1181 3646 1575 3718 [alOrmense],
1601 3646 1747 3701 Lau-

146 3732 401 3797 dunense,
433 3735 711 3789 Vadense.
754 3734 1011 3789 Portiano
1058 3735 1445 3798 Tardunense,
1479 3734 1742 3790 Suessio-

150 3836 327 3886 nense,
367 3822 509 3877 sicut
542 3830 596 3876 et
629 3822 722 3875 alii
763 3822 987 3894 quidam
1031 3824 1333 3893 sapientes,
1385 3829 1438 3877 et
1469 3823 1638 3877 Deum
1673 3823 1743 3877 ti-

152 3922 345 3967 mentes
375 3914 727 3969 habebantur
780 3914 1011 3969 abbates
1054 3930 1150 3984 per
1180 3930 1400 3969 omnem
1434 3914 1659 3969 Galliam
1692 3924 1747 3969 et

158 4004 482 4061 Germaniam
507 4023 541 4060 a
569 4006 793 4077 praefato
826 4006 1157 4077 imperatore
1189 4006 1450 4078 delegati,
1478 4022 1588 4078 quo
1619 4006 1748 4062 dili-

159 4101 337 4164 genter
366 4094 733 4165 inquirerent,
766 4095 1004 4165 qualitcr
1034 4094 1283 4166 episcOpi
1308 4095 1558 4162 abbates,
1577 4096 1753 4151 comi-

162 4188 233 4233 tes
256 4192 306 4235 et
329 4182 621 4237 abbatissa:
651 4199 747 4253 per
789 4184 1038 4257 singulos
1063 4200 1233 4255 pagos
1259 4190 1505 4259 agerent,
1531 4184 1749 4256 qualem

158 4274 492 4328 concordiam
522 4283 577 4330 et
607 4274 907 4329 amicitiam
938 4274 1005 4329 ad
1038 4275 1274 4330 invicem
1305 4283 1579 4339 tenerent,
1613 4283 1668 4331 et
1697 4284 1757 4332 ut

158 4360 319 4419 bonos
339 4374 391 4420 et
414 4367 645 4421 idoneos
672 4367 1030 4422 vicedomnos
1046 4376 1102 4421 et
1123 4367 1418 4422 advocatos
1459 4367 1749 4431 haberent,

1846 3274 2084 3339 diaconi,
2130 3282 2184 3327 et
2228 3288 2354 3341 pars
2407 3270 2654 3325 ecclesiae
2698 3269 3102 3331 Noviomeusis,
3164 3267 3351 3322 clerici
3411 3277 3467 3324 et

1846 3363 2005 3425 laici;
2050 3370 2104 3415 et
2135 3377 2261 3430 pars
2297 3359 2543 3413 ecclesiae
2574 3357 2939 3421 suessonicw,
2966 3355 3222 3410 similiter
3253 3355 3463 3423 clerici,

1845 3464 1900 3509 et
1930 3454 2083 3519 laici,
2108 3461 2162 3507 et
2187 3469 2297 3507 uno
2331 3452 2513 3505 animo
2553 3464 2776 3519 unoque
2808 3464 3083 3503 consensu
3135 3447 3467 3503 confirmare

1846 3545 2226 3598 decreverunt.
2254 3541 2364 3594 Nec
2384 3556 2495 3593 sua:
2524 3545 2736 3593 tantum
2769 3538 3095 3601 dimceseos,
3130 3538 3265 3607 quin
3293 3537 3464 3593 etiam

1844 3633 2145 3689 Trevericw
2213 3632 2346 3686 urbs
2390 3629 2870 3700 archiepiscopum
2928 3628 3282 3695 Amalarium,
3340 3645 3465 3684 cum

1844 3733 2130 3788 Adalmaro
2161 3731 2336 3801 ipsius
2393 3727 2747 3799 coepiscopo,
2781 3734 2835 3781 et
2868 3724 3184 3791 Herilando,
3214 3726 3465 3793 jussione

1845 3825 2193 3899 imperatoris
2216 3824 2398 3897 magni
2443 3821 2641 3887 Karoli,
2676 3820 2742 3874 ab
2776 3818 2971 3875 eodem
3003 3817 3213 3872 scilicet
3244 3819 3463 3875 Vultfa-

1849 3922 1929 3975 rio
1956 3917 2381 3989 metrOpolitano
2412 3923 2771 3971 convocatum
2800 3912 2869 3965 ad
2900 3910 3310 3966 ordinationem
3344 3914 3466 3981 epi-

1848 4009 2129 4080 scopalem
2168 4008 2456 4079 cujusdam
2490 4004 2791 4069 Frotharii,
2842 4000 3079 4073 praefata:
3111 4000 3467 4058 Treverensis

1852 4100 2099 4155 ecclesiae
2130 4097 2460 4170 presbyteri,
2494 4096 2677 4151 eidem
2706 4097 2954 4168 paruisse
2985 4094 3311 4165 reperimus.
3353 4092 3467 4149 Hoc

1859 4190 2024 4245 etiam
2064 4188 2305 4244 Vulfario
2345 4188 2577 4259 praesule
2605 4188 2917 4253 ordinante,
2942 4191 3335 4259 congregatum
3368 4199 3463 4237 re-

1857 4281 2068 4353 peritur
2100 4281 2282 4335 Remis
2335 4280 2403 4334 ab
2436 4280 2768 4350 imperatore
2802 4277 2996 4332 Karolo
3043 4277 3236 4349 Magno
3269 4275 3464 4329 conci-

1856 4374 1988 4427 lium
2026 4370 2389 4441 plurimorum
2422 4368 2662 4434 Patrum,
2699 4368 2753 4421 in
2786 4382 2896 4437 quo
2928 4366 3228 4421 constituta
3257 4365 3347 4430 43,
3377 4364 3463 4419 le-

156 4464 205 4509 et
233 4459 593 4532 undecunque
652 4477 880 4516 necesse
946 4461 1159 4528 fuisset,
1203 4470 1307 4517 tam
1353 4462 1554 4534 regias,
1586 4480 1749 4534 quam
1782 4533 1815 4537 _
1851 4472 2055 4537 guntur
2079 4460 2419 4533 capitula,in
2451 4459 2655 4531 quibus
2682 4459 2751 4513 de
2789 4457 2917 4511 ﬁdei
2945 4457 3157 4511 ratione
3186 4462 3352 4526 atque
3370 4455 3466 4510 Dei

156 4546 497 4603 θθθιθδίειτυῐη
549 4550 641 4603 Dei
701 4550 966 4618 ἱιιδῐίῐίὶιεν
1048 4551 1335 4605 Viduafum
1401 4567 1622 4622 quoque
1700 4533 2108 4611 etDEcclesiaz
2140 4554 2369 4619 honore,
2390 4549 2973 4623 rectorumqueipsius
2996 4566 3059 4604 ac
3088 4548 3464 4603 ministrorum

153 4635 533 4703 orphanorum,
562 4639 658 4693 sed
696 4646 750 4693 et
801 4646 1125 4694 caaterorum
1174 4639 1458 4694 hominum
1493 4638 1749 4710 inquire-

156 4730 285 4787 rent,
335 4732 387 4778 et
440 4725 788 4796 perﬁcerent,
840 4736 894 4782 et
923 4728 1294 4800 quodcunque
1341 4729 1750 4783 emendandum

154 4823 287 4867 esset
312 4818 608 4872 emendare
665 4820 975 4885 studerent,
1020 4821 1073 4874 in
1106 4829 1371 4892 quantum
1426 4821 1623 4875 melius
1654 4837 1753 4891 po-

153 4900 389 4967 tuissent,
416 4915 470 4960 et
508 4911 655 4977 quod
708 4910 1007 4964 emendare
1040 4926 1138 4981 per
1162 4927 1221 4965 se
1254 4910 1659 4982 nequivissent,
1694 4912 1749 4966 in

152 4997 485 5059 praesentiam
520 5000 865 5071 imperatoris
912 5002 1109 5057 adduci
1172 5002 1434 5069 facerent,
1476 5010 1531 5057 et
1560 5004 1629 5057 de
1662 5004 1747 5059 his

151 5086 395 5143 omnibus
425 5091 605 5146 eidem
639 5094 877 5165 principi
933 5095 1172 5151 ﬁdeliter
1201 5095 1518 5151 renuntiare
1546 5096 1741 5150 stude-

149 5183 275 5227 rent.
306 5176 572 5233 Residens
604 5182 772 5252 igitur
816 5182 1073 5254 praefatus
1103 5184 1185 5238 vir
1212 5184 1446 5239 illustris
1469 5183 1745 5239 Vulfarius

148 5259 207 5310 ad
234 5261 473 5330 injuncta
502 5268 608 5323 sibi
639 5270 957 5327 deﬁnienda
978 5273 1209 5340 judicia,
1242 5290 1366 5329 cum
1411 5274 1743 5345 quibusdam

148 5353 428 5447 comitibus
456 5360 510 5412 in
563 5363 719 5417 malis
774 5363 1035 5434 publicis,
1087 5366 1199 5433 jam
1259 5382 1484 5438 quoque
1517 5376 1743 5422 vocatus

147 5452 426 5513 cPlSCOpus
456 5447 635 5505 adhuc
683 5452 847 5506 etiam
906 5462 1200 5524 antequam
1258 5454 1624 5519 ordinaretur,
1652 5468 1740 5508 res

146 5530 394 5594 quasdam
425 5534 681 5593 Remensi
711 5541 981 5607 ecclesias,
1030 5542 1127 5595 sed
1182 5551 1236 5597 et
1289 5543 1563 5613 mancipia
1600 5559 1742 5598 non-

147 5618 302 5686 nulla,
352 5625 437 5679 vel
510 5629 735 5685 colonos
791 5633 1202 5704 reimpetrasse,
1257 5652 1319 5689 ac
1386 5635 1602 5708 legibus
1640 5651 1742 5706 per

145 5710 380 5770 ecclesia
411 5718 703 5777 advocatos
758 5725 1102 5781 evindicasse
1148 5727 1445 5797 reperitur.
1514 5727 1737 5784 Necnon

1853 4643 2241 4715 dispositione,
2273 4642 2529 4715 regisque
2579 4639 2868 4706 ﬁdelitate,
2924 4646 3087 4710 atque
3116 4637 3285 4693 totius
3307 4637 3463 4711 regni

1853 4737 2089 4794 utilitate
2122 4746 2413 4792 tractatum
2445 4743 2547 4790 est.

1924 4830 2194 4894 Quasdam
2253 4837 2515 4900 praeterea
2570 4828 2725 4882 villas
2765 4824 3012 4880 ecclesia:
3044 4823 3332 4878 Remensis
3362 4822 3464 4877 rite

1853 4918 2160 4973 distributis
2207 4926 2375 4989 atque
2432 4917 2723 4988 descriptis
2761 4913 3037 4970 ordinavit
3068 4910 3319 4967 coloniis.
3355 4909 3461 4965 Sed

1851 5020 1905 5067 et
1938 5028 2023 5065 res
2052 5012 2299 5066 CCCICSIEL‘
2331 5012 2565 5081 aliquas,
2628 5007 3034 5079 mancipiaque,
3054 5021 3178 5059 cum
3210 5000 3463 5073 personis

1848 5103 2179 5175 quibusdam
2214 5118 2312 5173 pro
2352 5103 2586 5173 partium
2635 5099 2993 5155 commutavit
3022 5094 3457 5167 Opportunitate.

1847 5196 1921 5249 De
1943 5194 2215 5248 thesauris
2244 5194 2407 5247 etiam
2440 5199 2649 5246 sancta:
2688 5191 2887 5255 Mariw,
2921 5206 2984 5244 ac
3024 5186 3198 5242 sancti
3229 5184 3460 5255 Remigii

1846 5286 2113 5341 nonnulla
2166 5301 2289 5339 cum
2350 5283 2663 5339 testimonio
2712 5283 2950 5337 virorum
2994 5277 3313 5340 illustrium,
3349 5282 3458 5329 tam

1844 5374 2167 5429 clericorum
2200 5390 2364 5444 quam
2419 5373 2679 5427 laicorum
2730 5370 2963 5425 mutavit
2999 5369 3114 5439 [al.,
3143 5364 3457 5435 mutuavit],

1843 5472 1898 5519 et
1926 5470 2249 5519 ornamenta
2300 5463 2385 5517 vel
2434 5478 2563 5517 vasa
2623 5459 2995 5515 ecclesiastica
3036 5459 3257 5525 exinde,
3294 5467 3459 5530 prout

1843 5554 2069 5628 dignum
2097 5552 2201 5607 sibi
2232 5553 2406 5607 visum
2429 5551 2551 5615 fuit,
2595 5548 2846 5603 fabricari
2911 5548 3058 5604 tecit.
3086 5548 3263 5603 Eundi
3297 5547 3458 5604 deni-

1843 5658 1951 5714 que
1993 5641 2218 5697 Romam
2276 5658 2441 5697 causa
2493 5638 2755 5695 orationis
2806 5640 2874 5693 ad
2932 5649 3181 5696 sanctum
3234 5639 3453 5698 Petrum

1842 5731 2117 5786 licentiam
2148 5730 2216 5785 ab
2249 5732 2576 5803 imperatore
2603 5746 2660 5786 se
2688 5730 2969 5801 accepisse
3000 5731 3054 5785 in
3087 5728 3323 5800 quadam
3355 5746 3455 5784 sua
