3970 6218
464 291 567 347 127

1576 294 1942 352 FLODOARDI
1983 294 2285 353 CANONICI
2325 300 2658 357 REMENSIS

3688 314 3800 370 128

461 417 715 493 designat
745 418 978 489 epistola
1012 436 1022 470 :
1056 418 1155 472 sed
1194 425 1376 473 utrum
1404 418 1547 485 ierit,
1588 428 1798 474 certum
1833 415 1943 475 non
1975 420 2075 476 ha—
2098 428 2150 493 Α
2173 422 2278 477 bus
2308 423 2573 495 Stephani
2628 442 2807 498 papas,
2852 445 2917 484 ac
2958 429 3219 487 Ludovici
3268 433 3626 504 Imperatoris
3655 437 3799 493 insi-

462 511 675 565 bemus.
710 509 978 564 Redditus
1001 517 1179 565 autem
1208 510 1456 566 villarum
1498 510 1857 582 quarumdam
1884 511 2070 567 eccle-

460 604 553 657 siae
573 603 627 656 in
650 602 1003 674 eleemosyna
1014 602 1393 674 probabiliter,
1411 619 1508 675 pro
1526 604 1868 675 suicorporis
1887 605 2075 660 etani-

462 705 563 743 ma:
584 689 761 743 salute
781 690 1078 751 distributi.
1113 690 1445 763 quibusdam
1477 693 1659 747 adhuc
1688 692 2076 764 descriptioni-

460 775 564 830 bus
587 784 717 832 tunc
746 777 904 833 factis
940 778 1226 851 leguntur;
1259 780 1314 834 in
1346 780 1550 852 quibus
1571 780 2076 836 inveniunturinter

457 869 793 936 Termidum,
834 869 1102 925 Grandem
1163 878 1401 943 pratum,
1440 873 1749 937 Vindicum,
1786 872 2072 928 Furvillam

461 958 602 1029 [ms.,
658 958 996 1029 Furnillam],
1043 959 1371 1014 Gramadum
1432 960 1821 1034 [Graviagum],
1856 960 2072 1026 Pidum,

456 1048 828 1115 Cadevellum,
877 1059 932 1106 et
985 1051 1198 1107 Cortem
1259 1052 1551 1127 Magnaldi,
1587 1053 1642 1106 in
1674 1050 2074 1107 distributione

454 1140 821 1211 eleemosynw
839 1141 908 1195 de
928 1157 1151 1197 annona
1177 1142 1500 1199 modiil975
1530 1143 1589 1213 [i,
1612 1141 1750 1213 167].
1771 1142 1846 1195 De
1863 1140 2073 1195 anima-

457 1228 603 1284 libus
643 1231 786 1286 inter
814 1232 1021 1300 majora
1050 1239 1105 1286 et
1147 1232 1358 1287 minora
1410 1231 1591 1302 capita
1624 1230 1742 1285 168.
1771 1230 1905 1284 ltem
1934 1229 2077 1283 inter

457 1317 616 1373 villas
660 1319 886 1393 Fagum,
936 1320 1051 1374 sive
1137 1319 1460 1383 Boleticum,
1512 1329 1566 1374 et
1614 1319 1750 1373 alias
1806 1318 2072 1390 quasdam

457 1422 691 1461 annonae
747 1407 918 1463 modii
960 1408 1128 1474 1052,
1174 1409 1287 1464 vini
1331 1409 1479 1465 mod.
1528 1409 1619 1474 64,
1662 1406 1791 1462 salis
1821 1406 1991 1461 modii
2015 1405 2068 1471 5,

457 1511 580 1548 cum
610 1496 840 1551 diversis
890 1498 1238 1560 animalibus,
1295 1508 1350 1552 et
1398 1498 1520 1552 aliis
1562 1497 1727 1552 variis
1786 1495 1950 1551 rebus
1979 1510 2073 1550 ex-

459 1602 649 1656 pensa.
685 1588 761 1641 Ad
802 1604 942 1659 opus
967 1606 1191 1661 quoque
1223 1590 1449 1646 fratrum
1482 1590 1807 1645 Orbacensis
1829 1587 2069 1643 coenobii

458 1685 722 1745 quantum
774 1677 1051 1733 sufﬁceret
1098 1680 1196 1734 eis.
1248 1679 1401 1734 Unde
1480 1680 1639 1734 datur
1696 1677 1950 1751 intelligi,
2013 1676 2068 1730 in

460 1768 762 1836 majoribus
781 1786 1003 1842 quoque
1034 1772 1168 1827 locis
1198 1774 1367 1827 multa
1411 1779 1542 1827 tunc
1572 1772 1729 1843 plura
1755 1750 1924 1824 fuisse
1955 1769 2070 1822 dis-
2096 1750 2143 1816 Β

456 1860 651 1930 sipata.
680 1863 1044 1919 lmmunitatis
1066 1880 1287 1937 quoque
1320 1874 1656 1936 praeceptum
1719 1863 1787 1917 ab
1836 1863 2074 1933 impera-

459 1950 902 2015 tore'Ludovico,
960 1954 1263 2009 secundum
1298 1955 1729 2025 praeceptionem
1755 1949 1933 2006 Karoli
1964 1951 2072 2003 Au-

455 2040 601 2112 gusti
629 2042 797 2112 patris
827 2044 1020 2114 ipsius,
1053 2046 1301 2101 ecclesia:
1324 2046 1601 2112 Remensi,
1626 2043 2071 2112 monasteriaque

455 2132 629 2187 sancti
668 2134 900 2207 Remigii
922 2135 1180 2193 obtinuit.

1061 2228 1279 2285 CAPUT
1330 2230 1461 2285 XIX.

983 2321 1058 2372 De
1098 2319 1281 2374 Ebone
1306 2320 1556 2389 praesule.

527 2402 662 2457 Huic
682 2405 949 2460 successit
982 2405 1117 2473 Ebo,
1142 2407 1224 2461 vir
1244 2407 1545 2462 industrius
1576 2416 1630 2461 et
1653 2408 1975 2466 liberalibus
1990 2411 2075 2465 di-

457 2491 707 2562 sciplinis
737 2494 1008 2567 eruditus,
1038 2498 1213 2568 patria
1259 2497 1724 2555 Transrhenensis
1754 2518 1817 2556 ac
1847 2503 2072 2557 Genna-

462 2581 638 2647 nicus,
664 2582 1028 2654 imperatoris,
1062 2594 1121 2641 ut
1160 2586 1351 2654 fertur,
1385 2588 1643 2643 Ludovici
1674 2589 2071 2656 collectaneus,

461 2672 1019 2740 etconscholasticus,
1078 2674 1172 2746 qui
1210 2676 1396 2730 multis
1427 2677 1717 2731 ecclesiam
1748 2679 1958 2733 curavit
1988 2679 2075 2732 in-

460 2768 673 2814 struere
712 2762 1036 2828 commodis,
1084 2772 1139 2817 et
1196 2765 1470 2835 prmeipue
1523 2764 1827 2822 artificibus
1874 2768 2077 2839 quibus

462 2849 834 2922 undecunque
852 2851 1102 2907 collectis
1126 2855 1287 2908 sedes
1304 2855 1475 2921 dedit,
1494 2863 1548 2909 et
1568 2855 1856 2912 beneficiis
1876 2875 2075 2915 mune-

464 2938 617 2992 ravit.
652 2938 921 3011 Mancipia
944 2942 1034 2995 vel
1057 2943 1285 2999 colonos
1315 2945 1582 3016 quosdam
1615 2945 1862 3002 ecclesiae
1886 2948 2078 3002 deser-

463 3038 611 3085 tores
638 3037 745 3085 tam
769 3049 871 3103 per
899 3033 1165 3106 seipsum,
1197 3053 1360 3108 quam
1414 3054 1513 3109 per
1540 3037 1885 3110 Radulphum
1926 3040 2075 3095 vice-

2174 512 2408 585 gnitum.

2238 601 2518 674 Eudovicus
2538 603 2704 654 Caesar
2723 606 2882 655 factus
2904 618 3169 659 coronante
3183 610 3452 674 Stephano.

2238 663 2336 736 Hac
2362 664 2413 736 in
2436 667 2565 724 sede,
2592 682 2722 731 papa
2751 683 2946 736 magno,
2972 678 3092 736 tunc
3107 663 3291 736 etEbo
3319 673 3547 736 pontifex

2238 726 2857 794 {undamenta’renovavit
2879 726 3057 781 cuncta
3080 734 3175 784 loci
3194 726 3356 794 istius,

2239 787 2382 837 Urbis
2400 791 2514 854 jura
2538 791 2632 841 sibi
2653 793 2886 852 subdens,
2914 796 3095 858 praesul
3122 787 3464 847 auxitoninia.

2246 869 2428 924 Matris
2456 871 2702 939 ejusdem
2756 873 2960 930 Ebonis
2988 875 3308 946 hujusmodi
3329 879 3571 935 habetur
3613 882 3798 952 epita-

2173 957 2381 1029 phium.

2235 1049 2343 1121 Mss
2364 1048 2488 1121 τρῖιθ
2514 1049 2555 1121 si
2578 1049 2788 1121 ηθειιιίτίε
2815 1052 3050 1121 temporis
3074 1052 3237 1121 inﬁtia-

2237 1111 2366 1178 θείῳ
2388 1110 2739 1178 Karolifuisse
2780 1110 3036 1178 regnifsub
3060 1110 3339 1178 primordia
3369 1133 3383 1178 ;

2240 1172 2493 1223 Ludovico
2518 1172 2857 1229 triumphante
2878 1177 2985 1225 dies
3011 1172 3159 1227 ﬂuxit
3188 1172 3382 1229 ultima;

2237 1235 2439 1299 Rhenus
2465 1236 2653 1299 primos
2672 1235 2801 1286 lavit
2834 1253 3010 1298 mores,
3042 1240 3212 1289 alveus
3240 1240 3583 1293 Germanicus.

2238 1296 2363 1345 Hinc
2387 1296 2598 1346 nutrivit
2619 1307 2667 1347 et
2689 1300 2930 1349 secundos
2962 1296 3105 1354 Liger
3128 1304 3293 1352 amnis
3312 1305 3549 1354 Gallicus.

2236 1358 2466 1422 §equana
2487 1360 2613 1410 fovit
2631 1362 2908 1422 juventam,
2936 1358 3102 1413 sordes
3124 1366 3330 1415 sordens
3352 1367 3557 1418 Vidula.

2235 1420 2421 1487 l’raesul
2442 1431 2547 1471 erat
2574 1420 2709 1487 urbis
2732 1424 2882 1487 hujus
2910 1426 3034 1475 mihi
3058 1434 3203 1477 natus
3224 1428 3418 1487 unicus,

2234 1482 2378 1548 idem
2394 1498 2471 1533 me
2496 1485 2734 1534 conduxit
2753 1482 2849 1535 sibi
2874 1489 3057 1537 sociam
3080 1488 3349 1548 laboribus,

2234 1546 2524 1616 groximum
2556 1548 2713 1597 ruinae
2738 1548 2898 1598 locum
2925 1551 3206 1616 renovandi
3221 1546 3451 1616 cupidus,

2235 1607 2409 1679 Qecem
2436 1609 2589 1658 ferme
2612 1624 2770 1673 nuper
2803 1626 2960 1679 annos
2983 1613 3241 1679 simulghic
3260 1607 3557 1679 peregimus.

2233 1670 2339 1736 Eho
2364 1680 2538 1736 rector,
2563 1686 2651 1734 ego
2680 1670 2839 1736 {pater
2861 1673 3179 1724 Himiltrudis
3205 1670 3432 1736 humilis,

2239 1732 2746 1801 fundamenta—sedis
2774 1745 2956 1801 sanctae
2979 1738 3166 1801 pariter
3185 1732 3453 1797 ereximus,

2236 1795 2332 1861 l_)eo
2355 1795 2579 1861 debitum
2602 1796 2962 1861 laboremidum
2981 1795 3181 1861 gerebat
3205 1795 3445 1861 pontifex,

2235 1857 2386 1923 [fessa
2415 1858 2630 1923 quietem
2657 1860 2939 1923 quaerebam
2969 1857 3117 1920 {ecce
3142 1857 3233 1911 sub
3260 1864 3353 1913 hoc
3379 1857 3579 1915 tumulo

2233 1919 2523 1992 Quinto—me
2557 1919 2845 1984 September
2872 1919 3056 1973 mensis
3082 1924 3422 1992 Kalendarum
3446 1928 3638 1992 rapuit.

2234 1986 2274 2030 υ
2307 1981 2485 2040 viator,
2512 1981 2807 2033 esto'cautus
2836 2000 3030 2040 semper
3057 1988 3122 2036 ab
3147 1989 3446 2039 excessibus.

2236 2043 2412 2115 {fateor
2434 2058 2535 2115 non
2554 2046 2905 2115 profuisse,__ut
2924 2043 3090 2115 debui,
3108 2049 3229 2099 dum
3254 2051 3392 2115 potui
3421 2067 3432 2099 :

2238 2106 2463 2165 Veniam,
2487 2106 2567 2155 dic
2588 2122 2678 2170 pro
2706 2109 2944 2169 vindicta,
2981 2111 3045 2160 da
3066 2106 3209 2170 Deus,
3233 2106 3574 2177 peccantibus.

2247 2207 2417 2275 Hujus
2446 2207 2695 2277 praesulis
2747 2210 2964 2266 hortatu
3023 2212 3349 2286 Halitgarius
3379 2214 3800 2273 Camaracensis

2174 2299 2469 2371 episcOpus
2495 2316 2588 2355 sex
2608 2300 2826 2358 libellos
2846 2303 2918 2357 De
2950 2305 3208 2359 remediis
3232 2314 3611 2376 peccatorum,
3647 2318 3799 2364 etor-

2175 2388 2303 2443 dine
2336 2390 2419 2443 vel
2440 2389 2665 2458 judiciis
2690 2390 3030 2461 poenitentiae
3082 2393 3428 2465 conscripsit.
3488 2394 3570 2449 Ad
3629 2411 3797 2467 quem

2175 2480 2298 2534 talis
2336 2482 2458 2550 ejus
2486 2490 2667 2538 exstat
2693 2482 2945 2553 epistola.

2249 2593 2273 2621 α
2316 2573 2791 2631 Reverendissimo
2846 2575 2903 2630 in
2944 2574 3155 2631 Christo
3213 2577 3362 2633 fratri
3405 2594 3476 2634 ac
3520 2578 3639 2636 filio
3686 2581 3793 2635 Ha-

2177 2679 2414 2721 LlTGARlO
2465 2665 2747 2737 episcopo,
2809 2666 2918 2723 an
2978 2668 3238 2740 indignus
3293 2670 3600 2742 episcopus
3651 2671 3796 2727 salu-

2179 2759 2309 2809 tem.

2259 2846 2416 2901 «Non
2450 2846 2642 2903 dubito
2674 2856 2779 2904 tua;
2809 2849 2863 2903 id
2897 2857 3087 2906 notum
3129 2866 3251 2906 esse
3282 2851 3559 2920 charitati,
3594 2864 3801 2926 quanta

2180 2934 2340 2990 nobis
2364 2936 2748 2993 ecclesiasticae
2770 2938 3096 3010 disciplinae,
3122 2941 3461 3013 quantisque
3482 2949 3800 2998 nostrorum

2180 3026 2625 3094 necessitatibus,
2660 3028 2860 3099 quibus
2890 3030 3139 3101 quotidie
3176 3033 3469 3107 agitamur,
3503 3050 3643 3088 cura
3670 3050 3804 3090 con-

463 3123 750 3179 dominum
784 3134 838 3180 et
862 3127 1109 3183 ecclesiae
1166 3130 1514 3197 advocatum,
1546 3131 1693 3201 apud
1718 3131 1936 3200 judices
1967 3149 2072 3203 pu-

2186 3113 2422 3188 stringat.
2481 3115 2712 3185 Idcirco,
2772 3126 2831 3171 ut
2894 3125 3073 3172 tecum
3157 3121 3390 3189 contuli,
3451 3137 3519 3177 ex
3578 3123 3801 3180 Palmm

464 3214 639 3271 blicos
671 3216 887 3290 legibus
934 3221 1274 3277 evindicatos
1302 3228 1359 3276 et
1388 3222 1671 3287 obtentos,
1705 3224 2079 3280 ecclesiastico

456 3307 566 3375 juri
616 3309 870 3366 restituit.
906 3312 1177 3377 Quasdam
1222 3326 1444 3384 quoque
1496 3328 1583 3366 res
1608 3312 1878 3380 ecclesiae,
1912 3321 2079 3386 atque

464 3403 761 3475 mancipia,
783 3422 908 3461 cum
930 3408 1208 3480 aliquibus
1239 3408 1490 3480 personis
1530 3403 1636 3479 pro'
1656 3407 1890 3478 partium
1920 3424 2074 3463 com-

463 3489 728 3546 meditate
743 3497 1118 3552 commutavit.
1152 3498 1257 3552 Sed
1290 3496 1613 3569 temporalia
1629 3513 1798 3569 super
1826 3498 2075 3566 ejusdem

463 3581 988 3640 commutationibus
1036 3597 1310 3658 prazcepta
1351 3587 1592 3643 obtinuit
1636 3588 1714 3642 Ab
1745 3589 2075 3660 imperatore

462 3682 686 3740 quoque
716 3671 991 3729 Ludovico
1022 3674 1230 3731 litteras
1258 3676 1327 3731 ad
1360 3677 1656 3733 Hobertum
1689 3678 1946 3733 comitem
1979 3693 2077 3750 pro

463 3762 956 3822 ecclesiasticarum
1013 3786 1192 3825 rerum
1250 3770 1573 3826 defensione
1632 3775 1793 3844 (quas
1848 3773 2072 3845 quidam

466 3851 767 3919 pervadere
814 3855 1206 3923 moliebantur)
1270 3857 1598 3928 impetravit.
1646 3859 1901 3915 Colonias
1946 3876 2075 3915 vero

469 3943 764 3998 nonnullas
793 3946 1060 4013 ecclesiae,
1094 3948 1383 4020 descriptis
1400 3966 1498 4021 per
1524 3958 1779 4007 strenuos
1806 3952 1952 4007 viros
1982 3967 2077 4007 co-

466 4035 628 4103 lonis,
652 4054 957 4113 eorumque
995 4043 1250 4110 servitiis,
1282 4043 1574 4098 ordinavit.

532 4125 824 4181 Archivum
857 4129 1104 4186 ecclesia:
1128 4131 1415 4187 tutissimis
1443 4130 1711 4196 aedificiis,
1740 4148 1865 4188 cum
1887 4143 2077 4205 crypta

466 4216 520 4269 in
548 4216 756 4274 honore
804 4225 978 4280 sancti
1037 4225 1200 4297 Petri,
1258 4228 1620 4300 omniumque
1672 4230 2073 4300 apostolorum,

465 4318 781 4380 martyrum,
810 4314 1211 4385 confessorum,
1269 4334 1332 4373 ac
1375 4318 1648 4393 virginum
1680 4318 1954 4383 dedicata,
1978 4315 2074 4372 ubi

464 4396 575 4452 Deo
606 4400 845 4471 pr0pitio
872 4403 1148 4460 deservire
1192 4406 1464 4473 videmur,
1494 4421 1662 4477 Opere
1693 4406 1910 4463 decenti
1942 4421 2079 4461 con-

2181 3206 2363 3273 dictis,
2383 3222 2769 3279 canonumque
2826 3211 3116 3265 sententiis
3139 3212 3207 3267 ad
3259 3228 3401 3283 opus
3428 3218 3803 3273 consacerdo-

2182 3305 2293 3351 tum
2353 3307 2660 3354 nostrorum
2713 3316 3009 3372 excerpere
3077 3302 3514 3360 Paenitentialem
3573 3307 3803 3363 minime

2180 3389 2345 3456 valui,
2380 3391 2510 3462 quia
2526 3393 2744 3447 animus
2764 3409 2888 3447 cum
2908 3393 3172 3450 dividitur
3191 3413 3293 3467 per
3310 3398 3502 3465 multa,
3530 3398 3594 3454 ﬁt
3620 3401 3804 3457 minor

2180 3479 2247 3532 ad
2279 3480 2512 3555 singula.
2550 3480 2613 3536 Et
2642 3482 2748 3537 hoc
2776 3490 2860 3537 est
2888 3483 3037 3553 quod
3069 3484 3124 3538 in
3157 3486 3261 3540 hac
3291 3502 3349 3541 re
3380 3504 3473 3544 me
3500 3490 3666 3546 valde
3695 3492 3805 3547 solo

2180 3573 2369 3638 licitat,
2403 3572 2662 3644 quoniam
2714 3574 2786 3629 ita
2840 3576 3071 3632 confusa
3121 3584 3252 3632 sunt
3277 3578 3490 3649 judicia
3517 3582 3803 3651 paeniten-

2179 3665 2312 3719 tium
2341 3665 2396 3719 in
2457 3666 2900 3737 presbyterorum
2951 3679 3266 3725 nostrorum
3298 3674 3610 3741 opusculis,
3640 3681 3807 3747 atque

2178 3756 2412 3821 diversa,
2447 3764 2502 3812 et
2527 3757 2671 3814 inter
2722 3775 2781 3815 se
2828 3760 3219 3832 discrepantia,
3254 3770 3310 3817 et
3339 3762 3555 3819 nullius
3614 3775 3809 3823 aucto-

2178 3848 2335 3903 ritate
2364 3848 2604 3917 suﬂulta,
2637 3858 2698 3907 ut
2752 3853 2837 3907 vix
2898 3862 3126 3925 pr0pter
3153 3854 3556 3911 dissonantiam
3590 3859 3807 3927 possint

2177 3940 2433 3995 discerni.
2471 3942 2624 3997 Unde
2674 3940 2733 3997 fit
2787 3950 2845 3998 ut
2903 3943 3361 4000 concurrentibus
3390 3946 3461 4001 ad
3493 3951 3803 4006 remedium

2179 4029 2661 4098 pmnitentize,tam
2676 4031 3048 4102 prolibrorum
3061 4033 3410 4097 confusione,
3441 4051 3612 4107 quam
3636 4039 3803 4094 etiam

2180 4133 2276 4188 pro
2315 4118 2523 4191 ingenii
2562 4120 2835 4186 tarditate,
2880 4122 3193 4178 nullatenus
3222 4123 3444 4181 valeant
3473 4125 3799 4185 subvenire.

2178 4210 2537 4282 Quapropter,
2592 4213 2911 4269 charissime
2961 4215 3146 4281 frater,
3208 4217 3322 4273 noli
3362 4217 3609 4288 teipsum
3642 4224 3806 4280 nobis

2180 4317 2401 4375 negare,
2436 4306 2530 4376 qui
2552 4322 2772 4377 semper
2825 4308 2881 4361 in
2928 4307 3129 4363 divinis
3159 4311 3375 4368 ardenti
3407 4318 3597 4373 animo
3624 4318 3802 4375 disci-

2182 4391 2366 4462 plinis,
2409 4409 2472 4447 ac
2500 4395 2686 4450 solerti
2733 4412 2862 4451 cura
2883 4396 3286 4468 Scripturarum
3341 4405 3805 4464 meditationibus

462 4491 659 4546 struxi:
700 4510 713 4546 ε
751 4492 847 4548 ubi
904 4499 1200 4554 multorum
1261 4507 1369 4554 tam
1401 4498 1851 4570 apostolicomm.
1912 4486 2151 4569 quamn
2175 4479 2575 4550 perfectissimo
2606 4483 2720 4539 otio
2746 4483 3000 4541 floruisti.
3052 4487 3267 4558 Arripe,
3302 4506 3515 4561 quaeso,
3549 4496 3676 4552 sine
3706 4515 3805 4554 ex-

464 4590 787 4639 cmterorum
818 4597 1131 4646 sanctorum
1187 4590 1411 4646 condita
1443 4590 1674 4665 pignora
1703 4596 2070 4644 reservantur.

470 4670 529 4723 in
549 4687 660 4742 qua
699 4678 976 4733 nonnullae
1022 4679 1415 4734 illustrationes
1460 4685 1697 4733 ostensa:
1752 4685 2071 4732 noscuntur.

466 4764 587 4818 Vidi
617 4766 891 4839 siquidem
925 4772 1208 4826 nutritoris
1224 4771 1333 4824 mei
1363 4768 1657 4834 Gundacri,
1689 4768 1746 4822 in
1778 4778 2073 4839 prospectu

468 4856 641 4926 ipsius
669 4859 914 4915 ecclesiae
966 4860 1389 4925 commanentis,
1439 4875 1680 4924 servum,
1707 4859 1838 4913 dum
1869 4868 2075 4918 temere

466 4958 638 5014 prope
663 4945 955 5002 fenestram
986 4949 1150 5016 hujus
1192 4956 1394 5017 cryptae
1452 4945 1771 5001 accessisset
1800 4947 2073 5023 mingere,

465 5032 697 5087 terribili
727 5035 962 5104 quadam
1016 5035 1171 5106 quasi
1201 5036 1395 5090 armati
1424 5037 1708 5106 cujusdam
1737 5042 1837 5097 viri
1866 5043 2075 5099 visione

466 5126 539 5179 ita
565 5123 908 5191 deterritum,
940 5133 1001 5180 ut
1057 5134 1345 5197 putaretur
1374 5130 1627 5186 amittere
1689 5148 1913 5189 sensum
1969 5134 2075 5190 Sed

468 5226 525 5274 et
551 5217 862 5288 Rohingum
885 5221 1200 5289 quemdam,
1226 5221 1391 5292 hujus
1407 5225 1512 5280 loci
1533 5225 1825 5282 diaconum
1859 5245 1890 5283 a
1911 5229 2076 5284 simili

470 5307 899 5383 praesumptione
930 5314 1045 5383 pari
1098 5313 1280 5371 ferunt
1304 5317 1515 5375 visione
1553 5320 1877 5376 cohibitum.
1920 5321 2077 5377 Unde

471 5404 692 5456 cautum
717 5397 981 5472 deinceps
1008 5419 1071 5459 ac
1101 5403 1461 5476 prohibitum,
1486 5424 1554 5463 ne
1581 5409 1706 5481 quis
1736 5410 1899 5465 talem
1932 5425 2075 5481 pm-

473 5501 691 5543 sumere
709 5487 909 5562 gestiat
934 5508 1148 5549 ausum.

548 5576 719 5646 Hujus
747 5577 993 5636 ecclesias
1041 5582 1396 5655 pinnaculum
1440 5584 1605 5640 talem
1663 5585 1879 5640 videtur
1941 5602 2083 5656 prae-

478 5678 781 5727 monstrare
825 5670 1056 5742 titulum,
1120 5676 1372 5745 personis
1410 5677 1571 5732 etiam
1653 5677 1737 5732 vel
1829 5678 2085 5753 imagini—

2176 4572 2478 4627 cusationis
2506 4574 2695 4640 verbo,
2752 4575 2917 4649 hujus
2946 4578 3173 4634 sarcinae
3225 4583 3445 4651 pondus
3494 4602 3526 4640 a
3558 4604 3649 4643 me
3682 4574 3810 4663 qui-j

2177 4660 2301 4716 dem
2329 4662 2430 4717 tibi
2476 4664 2814 4735 impositum,
2860 4668 2958 4721 sed
2990 4684 3020 4722 a
3052 4669 3284 4727 Domino
3314 4675 3479 4743 cujus
3508 4692 3657 4735 onus
3686 4660 3806 4738 leve

2177 4759 2280 4818 est,
2311 4753 2524 4813 (Matth.
2549 4759 2647 4823 χι),
2678 4756 3049 4830 levigandum.
3080 4760 3200 4816 Noli
3231 4762 3446 4830 timere,
3478 4783 3666 4840 neque
3697 4771 3808 4827 for-

2174 4842 2354 4898 mides
2374 4846 2538 4917 hujus
2566 4851 2751 4920 operis
2787 4855 3227 4928 magnitudinem
3264 4873 3276 4910 :
3307 4856 3407 4911 sed
3429 4856 3675 4916 fidenter
3702 4879 3802 4919 ac-

2175 4938 2332 5001 cede,
2353 4938 2481 5009 quia
2512 4940 2687 4997 aderit
2741 4944 2839 4998 tibi
2890 4948 2983 5016 qui
3043 4947 3180 5001 dixit
3213 4964 3227 4999 :
3261 4948 3427 5019 Aperi
3457 4965 3522 5005 os
3546 4959 3731 5021 tuum,
3752 4964 3804 5010 et

2175 5036 2280 5096 ego
2309 5022 2625 5095 adimplebo
2654 5027 2788 5085 illud
2820 5034 2986 5099 (Psal.
3026 5050 3183 5096 cxxx,
3219 5033 3305 5103 ll)
3365 5034 3483 5091 Scis
3516 5041 3666 5095 enim
3701 5058 3806 5114 op-

2178 5123 2309 5178 time
2327 5122 2509 5193 parvis
2540 5139 2706 5194 parva
2731 5127 3008 5197 sufﬁcere,
3036 5146 3139 5185 nec
3168 5130 3237 5185 ad
3274 5146 3527 5187 mensam
3560 5150 3801 5209 magna-

2178 5216 2355 5264 torum
2401 5227 2703 5283 pauperum
2736 5217 2948 5273 turbam
3006 5233 3168 5289 posse
3198 5219 3488 5275 accedere.
3541 5222 3664 5279 Noli
3698 5233 3803 5278 tuae

2176 5300 2484 5356 devotionis
2510 5303 2675 5359 nobis
2704 5308 3029 5364 subtrahere
3082 5309 3373 5363 scientiam
3409 5329 3424 5376 ;
3458 5314 3575 5368 noli
3606 5333 3802 5371 accen-

2176 5414 2291 5454 sam
2320 5399 2376 5451 in
2406 5405 2458 5453 te
2486 5398 2590 5454 sub
2621 5403 2807 5459 modio
2840 5420 3047 5475 ponere
3073 5404 3378 5465 lucernam,
3410 5404 3511 5458 sed
3541 5405 3798 5475 praecelsa

2183 5506 2303 5545 eam
2334 5506 2649 5562 superpone
2679 5497 3033 5565 candelabro,
3076 5503 3136 5550 ut
3179 5496 3363 5552 luceat
3393 5496 3681 5565 omnibus,
3710 5496 3795 5569 qui

2185 5582 2241 5635 in
2268 5581 2433 5637 domo
2464 5584 2559 5638 Dei
2581 5594 2709 5639 sunt
2735 5584 2990 5640 fratribus
3029 5585 3137 5640 tuis
3158 5584 3373 5649 (Matth.
3408 5601 3462 5653 v,
3495 5585 3570 5655 3),
3593 5594 3648 5641 et
3676 5600 3797 5656 pro-

2185 5678 2267 5734 fer
2287 5677 2449 5735 nobis
2487 5676 2655 5733 veluti
2698 5677 2880 5734 scriba
2908 5677 3105 5734 doctus
3148 5677 3364 5745 (Matth.
3401 5694 3519 5747 xm,
3542 5678 3633 5748 52)
3654 5676 3793 5750 quod
