3970 6218
166 279 256 332 ﬁt)

794 277 1115 333 HISTORle
1156 279 1485 335 ECCLESUE
1525 282 1855 338 REMENSIS
1898 284 2070 339 LIBRI
2113 285 2436 349 QUATUOR.
2473 318 2541 326 —
2584 288 2706 341 LIB.
2752 288 2816 342 II.

3371 290 3473 348 130

171 402 411 471 accepisti
441 401 739 465 aDomino.
771 404 955 459 Aderit
980 405 1078 460 tibi
1133 407 1298 477 hujus
1338 408 1539 464 laboris
1557 411 1757 467 itinere
1784 421 1832 483 Α
1860 430 1983 467 eum
2007 414 2276 482 [maximis
2322 415 2627 469 muneravit
2670 415 2850 481 donis,
2896 416 3255 486 amplioribus
3300 420 3472 475 multo

173 493 306 547 illius
352 492 539 566 gratia,
599 495 692 565 qui
736 494 954 550 duobus
1019 498 1305 569 discipulis
1357 501 1620 556 euntibus
1649 512 1760 558 ter-

172 586 288 638 tium
311 600 367 638 se
397 586 603 639 socium
663 587 874 641 addidit
924 589 977 641 in
1022 591 1128 654 via,
1161 600 1215 644 et
1254 593 1469 661 aperuit
1502 593 1607 648 illis
1634 611 1763 649 sen-

168 692 293 739 sum,
325 684 383 730 ut
423 686 640 731 sanctas
680 677 1051 751 intelligerent
1101 681 1406 753 Scripturas
1438 684 1584 753 (Luc,
1614 703 1757 752 xxiv,

165 763 263 831 32).
292 764 519 833 Spiritus
558 766 865 835 paracletus
919 769 1069 822 omni
1126 771 1367 826 veritatis
1412 773 1661 829 doctrina
1706 788 1760 834 et

166 853 389 923 perfecta
413 856 694 910 charitatis
724 857 957 913 scientia
1008 868 1101 915 tua
1132 864 1481 933 resplendeat
1514 877 1757 941 pectora,

163 948 467 1003 charissime
492 948 673 1003 frater.
710 950 860 1005 Vale.
898 973 921 1001 »

226 1036 300 1090 Ad
322 1054 441 1108 quae
473 1039 617 1093 idem
660 1039 789 1094 talia
820 1041 1071 1097 rescribit
1105 1044 1451 1120 Halitgarius.

230 1148 250 1176 α
282 1128 491 1184 Domno
516 1141 570 1186 et
599 1134 898 1189 venerabili
952 1136 1090 1190 Patri
1142 1138 1195 1190 in
1239 1136 1450 1193 Christo
1482 1140 1646 1195 anm
1672 1159 1760 1197 ar-

160 1217 523 1291 chiepiscopo,
558 1223 932 1291 HALITGARIUS,
966 1227 1228 1281 minimus
1270 1229 1463 1284 Christi
1497 1230 1756 1303 famulus,

159 1305 397 1361 salutem.

227 1398 591 1471 «Postquam,
647 1406 963 1460 venerande
1010 1407 1186 1477 Pater,
1235 1409 1471 1464 directas
1521 1411 1761 1469 beatitu-

158 1488 293 1543 dinis
320 1499 513 1546 vestrae
551 1495 739 1564 accepi
792 1495 1022 1562 litteras,
1069 1500 1270 1570 quibus
1325 1517 1410 1554 me
1443 1502 1646 1556 hortari
1678 1503 1762 1556 di—

159 1582 296 1653 gnati
328 1582 480 1647 estis,
543 1599 611 1637 ne
668 1585 869 1639 mentis
897 1602 1127 1641 acumen
1188 1588 1371 1651 inerti,
1409 1591 1761 1662 torpentique

157 1672 259 1727 otio
284 1672 684 1739 submitterem,
708 1676 805 1729 sed
837 1676 1139 1748 cognitioni
1163 1695 1227 1733 ac
1251 1680 1595 1735 meditationi
1627 1699 1760 1753 quo-

160 1763 281 1818 tidie
306 1780 472 1819 sacrae
499 1766 789 1835 Scripturae
815 1784 904 1822 me
932 1768 1223 1842 vigilanter
1254 1772 1524 1826 traderem
1547 1790 1559 1826 :
1588 1783 1641 1827 et
1673 1775 1760 1828 in-

156 1870 310 1926 super
329 1873 392 1911 ex
408 1865 727 1913 sanctorum
777 1859 1016 1925 Patrum,
1048 1879 1435 1937 canonumque
1468 1869 1758 1923 sententiis

158 1943 587 2001 Poenitentialem
620 1947 675 2001 in
706 1964 817 2003 uno
834 1950 1114 2007 volumine
1145 1970 1524 2029 aggregarem,
1561 1958 1757 2013 durum

164 2034 371 2102 quidem
401 2037 565 2102 mihi,
588 2043 643 2091 et
687 2037 847 2092 valde
878 2038 1121 2107 difficile,
1155 2045 1614 2118 trcmendumque
1657 2048 1762 2102 hoc

166 2121 256 2178 fuit
281 2126 598 2197 imperium,
632 2129 860 2195 utlhanc
905 2133 1239 2203 susciperem
1272 2138 1562 2205 sarcinam,
1597 2155 1760 2211 quam

163 2226 189 2264 a
206 2214 571 2281 prudentibus
591 2232 864 2290 cognosco
884 2222 1148 2277 relictam.
1172 2225 1511 2299 Multumque
1552 2230 1765 2284 renisus

162 2317 269 2357 sum
312 2306 585 2361 voluntati
630 2316 840 2376 vestrae,
895 2328 1004 2367 non
1048 2314 1196 2369 velut
1248 2319 1553 2386 procaciter
1576 2320 1761 2387 durus,

162 2395 248 2448 sed
266 2400 505 2469 propriae
536 2400 869 2458 infirmitatis
894 2406 1227 2462 admonitus.
1262 2409 1370 2464 Hac
1411 2412 1615 2467 etenim
1640 2429 1767 2469 cura

162 2488 412 2546 sollicitus
441 2492 823 2547 necessarium
855 2494 1006 2562 duxi,
1036 2504 1095 2551 ut
1116 2497 1436 2569 aliquandiu
1467 2519 1554 2556 me
1578 2518 1607 2556 a
1634 2504 1769 2558 scri-

164 2573 315 2631 bendi
348 2580 663 2634 temeritate
719 2583 1143 2652 suspenderem,
1185 2587 1315 2657 quia
1338 2588 1478 2642 sicut
1499 2591 1766 2659 perpendi

164 2661 378 2731 injuncti
434 2668 631 2739 Operis
682 2668 1060 2726 difficultatem
1106 2691 1118 2727 :
1182 2674 1256 2729 ita
1314 2685 1368 2730 et
1427 2676 1765 2751 injungentis

164 2758 457 2814 auctoritati
502 2775 607 2813 nec
635 2759 805 2827 volui,
841 2777 941 2816 nec
970 2763 1133 2817 debui
1190 2783 1590 2838 usquequaque
1621 2770 1763 2823 resi-

162 2850 313 2915 stere,
344 2856 539 2903 certus
561 2850 688 2920 quia
740 2850 1177 2906 imbecillitatem
1230 2872 1405 2909 meam
1450 2857 1619 2912 multo
1648 2875 1767 2911 am—

164 2938 294 3006 plius
322 2951 513 2998 vestra
566 2942 849 3012 adjuvaret
908 2946 1279 3015 praecipientis
1310 2949 1568 3022 dignitas,
1604 2968 1764 3022 quam

162 3040 559 3100 gravaretmeie
582 3034 903 3105 ignorantiae
936 3035 1250 3093 difﬁcultas.
1285 3040 1488 3095 Valete.
1526 3066 1549 3091 ι)

1861 525 2022 580 quam
2056 508 2474 578 suscepissetab
2498 523 2584 571 eo,
2619 507 2826 561 dimisit
2848 524 2971 562 eum
2990 526 3113 563 cum
3144 510 3341 584 legatis
3358 513 3473 565 suis

1863 597 2084 652 Romam
2120 599 2335 663 reverti,
2374 598 2575 669 quibus
2640 599 2887 669 praecipit
2940 599 3146 671 ubique
3188 602 3241 655 in
3275 602 3471 656 itinere

1863 687 2152 741 honestum
2187 687 2235 740 ei
2264 687 2542 741 servitium
2568 689 2846 742 exhibere.

1935 773 2173 844 Cupiens
2205 790 2336 847 ergo
2385 774 2638 844 przefatus
2700 776 2939 846 pontifex
2978 776 3091 832 Ebo
3115 778 3336 833 domum
3372 795 3469 834 cc-

1862 867 2045 921 clesiaa
2090 873 2291 920 sanctae
2324 865 2417 918 Dei
2484 865 2766 939 genitricis
2817 866 2994 921 Mariae
3042 867 3299 922 diuturna
3328 884 3471 939 pene

1864 960 2260 1032 lapsabundam
2302 964 2567 1013 vetustate
2611 975 2883 1028 reparare,
2928 960 2981 1013 in
3045 977 3150 1030 qua
3179 961 3340 1014 etiam
3375 977 3470 1015 se-

1859 1052 2073 1106 cundus
2104 1052 2415 1121 Stephanus
2444 1068 2586 1121 papa
2616 1051 2846 1121 Pippino
2880 1052 2992 1124 regi
3025 1052 3251 1113 duddm,
3284 1059 3336 1106 et
3369 1052 3473 1107 Leo

1861 1144 2050 1197 tertius
2074 1143 2266 1198 Karolo
2289 1158 2489 1216 magno
2518 1141 2832 1210 imperatori
2854 1139 3158 1209 apostolica
3195 1140 3475 1209 reperiun-

1861 1242 1946 1289 tur
1976 1236 2162 1288 munia
2195 1236 2518 1297 contulisse,
2554 1242 2610 1288 ut
2642 1236 2695 1288 in
2753 1234 2985 1304 epistola
3015 1241 3475 1288 commemoratur

1861 1323 2206 1393 imperatoris
2236 1323 2470 1377 Lotharii
2525 1322 2689 1377 Leoni
2739 1330 2956 1393 quarto,
2999 1337 3098 1391 pro
3130 1338 3294 1376 causa
3325 1338 3474 1376 com-

1860 1412 2230 1466 mendationis
2292 1411 2563 1465 Hincmari
2621 1411 3025 1481 archiepiscopi
3067 1411 3272 1466 directa
3304 1414 3477 1479 {infra

1863 1499 2106 1564 lib.iu,c
2180 1499 2290 1563 10),
2346 1499 2501 1569 petiit
2531 1516 2561 1552 a
2596 1499 2879 1568 praemisso
2939 1499 3267 1569 imperatore
3302 1499 3477 1552 Ludo-

1863 1590 1982 1645 vico
2014 1592 2080 1644 ad
2100 1591 2471 1646 renovandam
2492 1598 2544 1645 et
2574 1589 3023 1661 amplificandam
3058 1590 3308 1643 eamdem
3326 1589 3475 1643 basi-

1865 1682 2024 1736 licam
2044 1699 2259 1737 murum
2282 1684 2515 1738 civitatis
2546 1684 2651 1737 sibi
2683 1682 2937 1737 concedi.
2973 1682 3124 1745 Quod
3148 1682 3291 1735 idem
3327 1682 3478 1751 prin-

1866 1786 1997 1841 ceps
2041 1773 2383 1843 quietissima
2416 1789 2549 1843 pace
2592 1773 2797 1837 fruens,
2832 1779 2881 1825 et
2912 1772 3125 1841 imperii
3174 1772 3478 1842 praeclaris-

1861 1863 1999 1917 sima
2022 1871 2290 1935 potestate
2321 1865 2614 1931 subnixus,
2646 1865 2823 1918 nullas
2843 1864 3197 1919 barbarorum
3227 1872 3479 1918 metuens

1862 1950 2232 2017 incursiones,
2266 1968 2613 2023 nequaquam
2647 1951 2919 2017 refutavit,
2954 1953 3051 2005 sed
3077 1951 3477 2025 benignissime

1863 2044 1934 2098 ob
1966 2060 2207 2099 amorem
2240 2045 2358 2111 Dei,
2400 2052 2453 2099 et
2483 2045 2657 2115 ipsius
2709 2044 2864 2098 alma:
2896 2044 3177 2115 genitricis
3208 2046 3475 2100 honorem

1865 2133 2157 2199 concessit,
2189 2140 2352 2203 atque
2377 2133 2646 2201 jussionis
2667 2148 2778 2186 suae
2806 2133 3147 2187 monimento
3182 2132 3297 2186 fieri
3324 2132 3479 2186 dele—

1865 2226 2029 2299 gavit,
2063 2226 2377 2293 hujusmodi
2409 2243 2577 2297 super
2622 2230 2725 2284 hoc
2774 2244 2885 2284 suae
2919 2229 3058 2284 dans
3090 2222 3479 2301 praeceptionis

1868 2315 2111 2369 decreta.

1944 2430 1968 2452 ‹‹
2005 2406 2063 2459 In
2093 2406 2315 2460 nomine
2348 2407 2564 2462 Domini
2586 2407 2679 2461 Dei
2739 2415 2792 2463 et
2826 2408 3122 2464 Salvatoris
3154 2410 3324 2464 nostri
3349 2409 3481 2463 Jesu

1869 2491 2087 2557 Christi,
2122 2493 2425 2548 Ludovicus
2456 2496 2643 2550 divina
2681 2497 2971 2551 ordinante
3012 2496 3359 2566 providentia
3387 2499 3483 2551 im-

1868 2599 2086 2661 perator
2139 2592 2432 2664 Augustus.
2484 2590 2536 2643 Si
2599 2589 2732 2644 locis
2778 2588 3190 2643 venerabilibus
3239 2606 3302 2643 ea
3360 2605 3482 2660 quae

1868 2679 2066 2735 exinde
2096 2696 2127 2734 a
2162 2677 2665 2750 praedecessoribus
2696 2676 3160 2750 nostris,regibus
3188 2678 3271 2731 vel
3309 2678 3483 2748 impe-

1870 2766 2158 2829 ratoribus,
2178 2767 2245 2821 ad
2300 2766 2615 2837 reipublicae
2646 2781 2780 2820 usus
2821 2765 3201 2838 exigebantur,
3226 2764 3485 2839 religiosa

1866 2854 2197 2909 liberalitate
2221 2855 2273 2908 in
2306 2854 2632 2908 utilitatibus
2652 2861 2704 2908 et
2728 2854 3151 2909 necessitatibus
3164 2854 3485 2907 eorumdem

1868 2952 2182 3000 sanctorum
2215 2946 2456 2999 locorum
2490 2946 2873 3016 expendendis
2906 2946 3327 3017 remittimus,et
3353 2945 3489 3002 fide-

1871 3033 2001 3088 lium
2039 3044 2347 3090 nostrorum
2390 3035 2769 3088 saluberrimis
2802 3050 2899 3104 pro
2929 3035 3031 3088 hac
3046 3035 3240 3089 eadem
3274 3051 3331 3089 re
3359 3051 3491 3106 sug-

226 3121 313 3176 Hic
343 3122 453 3178 Ebo
482 3124 691 3193 praesul
716 3140 879 3193 supra
918 3135 1276 3181 memoratum
1310 3147 1506 3200 papam
1534 3132 1769 3203 Stepha-
1792 3110 1839 3175 C
1867 3127 2212 3197 gestionibus
2240 3144 2301 3180 ac
2334 3127 2693 3197 petitionibus
2726 3126 3028 3199 benignum
3075 3127 3491 3182 commodamus

162 3223 278 3263 num
308 3227 427 3265 cum
464 3211 751 3266 Ludovico
793 3227 920 3285 rege
973 3213 1155 3268 Remis
1180 3219 1766 3293 suscepit,!postquam

164 3316 249 3353 rex
278 3302 419 3356 idem
452 3303 685 3357 S-clavos
734 3304 790 3355 in
823 3304 1039 3359 Oriente
1072 3308 1276 3376 positos
1306 3309 1514 3365 directo
1546 3313 1767 3380 devicit,

169 3395 493 3464 etOppressit
520 3396 767 3450 exercitu
806 3398 1058 3467 :quando
1090 3402 1345 3469 praefatus
1372 3420 1513 3474 papa
1545 3406 1767 3475 Stepha-

168 3497 279 3546 nus,
315 3484 407 3553 qui
441 3483 615 3539 Leoni
646 3494 1003 3550 successerat,
1036 3488 1247 3561 legatos
1276 3506 1403 3546 suos
1419 3493 1486 3545 ad
1510 3496 1766 3548 eumdem

170 3570 459 3640 principem
492 3571 805 3637 destinans,
829 3575 1101 3629 intimavit
1122 3578 1359 3650 ei,quod
1388 3580 1627 3635 libenter
1646 3600 1768 3637 eum

167 3659 343 3715 videre
396 3659 568 3716 vellet
622 3661 676 3714 in
734 3662 854 3717 loco
906 3663 1225 3737 ubicunque
1288 3668 1391 3738 ipsi
1452 3670 1771 3739 placuisset.

168 3747 312 3810 Quod
351 3751 593 3805 audiens
643 3766 755 3817 rex,
816 3767 1016 3825 magno
1075 3754 1314 3825 repletus
1356 3758 1580 3830 gaudio,
1612 3757 1778 3826 jussit

166 3838 371 3894 obviam
390 3844 597 3897 missos
617 3858 747 3896 suos
803 3843 881 3897 ire
920 3861 1135 3900 summo
1170 3845 1436 3916 pontifici,
1472 3857 1527 3903 et
1556 3850 1778 3905 servitia

170 3948 465 4004 praeparare
541 3936 669 3990 Post
695 3951 834 4006 quos
862 3944 915 3989 et
949 3952 1039 3990 rex
1088 3940 1207 4007 ipse
1251 3942 1491 4009 perrexit
1526 3959 1540 4006 ;
1574 3942 1774 3998 obvia-

167 4035 461 4099 veruntque
482 4026 593 4082 sibi
634 4027 689 4081 in
719 4042 913 4095 campo
945 4042 1145 4098 magno
1182 4028 1559 4102 Remensium,
1591 4041 1646 4088 et
1678 4035 1777 4088 de-

169 4118 372 4172 scendit
394 4127 636 4190 uterque
668 4119 736 4173 ab
759 4136 902 4191 equo
946 4136 1067 4175 suo.
1100 4121 1161 4176 Et
1195 4124 1454 4195 princeps
1486 4128 1776 4196 prostravit

167 4220 221 4258 se
246 4206 303 4260 in
334 4215 534 4263 terram
561 4208 724 4263 tertio
758 4217 882 4262 ante
912 4209 1083 4278 pedes
1114 4211 1247 4265 tanti
1276 4213 1551 4282 pontiﬁcis
1585 4231 1597 4277 ;
1624 4215 1775 4269 salu-

170 4301 525 4369 taveruntque
558 4312 619 4351 se
648 4296 879 4350 invicem
911 4296 1221 4370 magnifice,
1248 4308 1301 4353 et
1324 4301 1701 4370 amplexantes
1716 4319 1777 4357 se

167 4382 461 4442 deosculati
506 4393 639 4441 sunt
687 4385 935 4457 pacifice,
990 4397 1459 4459 perrexeruntque
1504 4391 1570 4443 ad
1595 4390 1776 4445 eccle-

1872 3230 2160 3268 assensum
2218 3216 2513 3269 maximum
2547 3222 2599 3269 et
2645 3215 2841 3267 animae
2899 3221 3115 3277 nostrae,
3178 3222 3229 3268 et
3282 3216 3394 3285 regi
3427 3231 3492 3269 ac

1874 3322 2043 3378 regno
2088 3307 2440 3374 providemus
2487 3308 2822 3365 consultum,
2885 3307 3012 3375 quia
3058 3307 3190 3359 nihil
3251 3307 3495 3359 cernitur

1874 3395 2187 3465 reipublicae
2209 3395 2577 3457 imminutum,
2606 3394 2873 3464 quidquid
2898 3410 2963 3446 ex
2983 3394 3173 3447 eadem
3209 3395 3494 3464 republica

1873 3485 1978 3553 piis
2005 3483 2236 3549 actibus,
2268 3491 2321 3536 et
2360 3483 2494 3537 locis
2541 3481 2839 3552 religiosis,
2896 3498 2957 3533 ac
3005 3482 3363 3535 ecclesiarum
3399 3484 3491 3539 Dei

1874 3576 2220 3639 utilitatibus,
2282 3590 2380 3628 seu
2439 3589 2721 3627 servorum
2766 3573 2856 3625 Dei
2907 3572 3067 3625 fuerit
3117 3574 3493 3629 commoditati

1879 3664 2169 3717 indultum.
2205 3664 2547 3733 Quapropter
2574 3668 2760 3716 notum
2794 3677 2917 3714 esse
2958 3660 3209 3715 volumus
3235 3661 3494 3716 omnibus

1878 3754 1974 3808 Dei
2006 3752 2283 3817 fidelibus,
2316 3751 2680 3823 praesentibus
2735 3750 2946 3804 scilicet
2981 3756 3034 3803 et
3066 3750 3279 3815 futuris,
3304 3753 3494 3820 praeci-

1879 3862 1985 3916 pue
2004 3860 2224 3916 quoque
2253 3844 2671 3899 successoribus
2729 3842 2932 3897 nostris
2983 3842 3038 3895 in
3069 3843 3355 3911 potestatis
3379 3844 3495 3896 cul-

1879 3938 2025 3991 mine
2110 3938 2163 3990 in
2218 3953 2327 4008 quo
2358 3952 2570 4002 sumus,
2602 3943 2825 3990 auctore
2881 3934 3132 3995 Domino,
3188 3934 3495 4000 constituti,

1878 4026 1946 4080 ab
1974 4027 2169 4081 eodem
2205 4027 2556 4081 dominorum
2592 4024 2821 4079 Domino
2844 4024 3109 4093 deinceps
3156 4024 3498 4077 constituen-

1879 4117 2001 4173 dis:
2036 4117 2161 4187 quia
2202 4115 2316 4170 Ebo
2362 4113 2695 4170 venerabilis
2727 4114 3177 4182 archiepiscopus
3208 4112 3499 4168 Remensis

1878 4205 2158 4269 Ecclesiae,
2192 4211 2245 4257 et
2302 4202 2780 4257 reverendissimaa
2842 4201 2993 4255 sedis
3036 4201 3210 4254 sancti
3245 4201 3495 4272 Remigii,

1877 4298 2261 4369 gloriosissimi
2320 4293 2619 4367 pontificis,
2655 4301 2708 4347 et
2763 4293 3022 4363 specialis
3077 4293 3291 4361 patroni
3324 4294 3497 4346 nostri

1880 4389 2100 4461 praesul,
2129 4387 2434 4443 clementiae
2476 4392 2675 4439 nostrae.
2738 4384 2995 4447 innotuit,
3057 4384 3184 4453 quia
3217 4385 3499 4438 vetustatis

166 4474 314 4542 siam,
348 4478 444 4532 ubi
480 4495 608 4533 cum
666 4478 759 4532 diu
817 4487 1086 4542 orassent,
1138 4481 1311 4534 erexit
1335 4497 1392 4535 se
1422 4481 1687 4552 pontifex,
1722 4490 1775 4537 et
1804 4475 1856 4541 D
1882 4480 2039 4534 senio
2083 4478 2316 4533 contrita
2344 4477 2455 4545 jam
2510 4474 2667 4528 dictm
2723 4472 3043 4542 metropolis
3103 4471 3252 4525 urbis
3307 4480 3497 4552 sgncta

165 4568 373 4624 excelsa
400 4586 539 4625 voce
592 4586 714 4623 cum
763 4572 931 4627 choro
984 4586 1083 4625 suo
1116 4570 1245 4626 fecit
1306 4573 1421 4647 regi
1455 4571 1650 4625 laudes
1682 4589 1773 4627 re-

166 4657 326 4727 gales.
394 4659 592 4713 Postea
636 4658 879 4728 pontifex
937 4661 1223 4715 honoravit
1279 4678 1403 4715 eum
1475 4661 1690 4730 magnis
1721 4670 1779 4715 et

167 4748 347 4803 multis
376 4749 706 4809 honoribus,
737 4766 800 4804 ac
827 4749 1072 4824 reginam
1104 4749 1308 4819 pariter
1330 4748 1775 4822 Hirmingardim,

168 4839 291 4894 dein
311 4850 365 4895 et
398 4842 697 4912 optimates
738 4850 905 4915 atque
931 4842 1209 4897 ministros
1239 4858 1449 4902 eorum.
1490 4841 1775 4896 Proxima-

167 4946 269 5001 que
291 4930 383 4984 die
410 4931 721 5000 Dominica,
752 4934 808 4986 in
841 4932 1076 4987 ecclesia
1097 4940 1223 4986 ante
1252 4932 1542 4986 missarum
1576 4932 1779 4987 solem-

166 5028 271 5094 nia,
313 5044 501 5083 coram
556 5027 702 5081 clero
748 5034 802 5079 et
847 5022 998 5079 omni
1056 5022 1286 5092 populo,
1336 5022 1680 5076 consecravit
1728 5031 1781 5077 et

166 5115 316 5170 unxit
340 5131 472 5170 eum
530 5114 589 5167 in
621 5113 1029 5184 imperatorem,
1060 5124 1319 5165 coronam
1359 5109 1508 5163 mirae
1537 5110 1782 5179 pulchri-

165 5206 369 5260 tudinis
422 5220 673 5269 auream,
732 5199 1177 5273 prestiosissimis
1226 5200 1458 5275 gemmis
1513 5210 1781 5268 ornatam,

165 5315 324 5370 quam
352 5314 548 5353 secum
580 5295 873 5361 detulerat,
929 5294 1219 5363 imponens
1263 5309 1429 5363 super
1459 5299 1623 5363 caput
1643 5292 1779 5360 ejus.

167 5387 430 5461 Reginam
456 5384 760 5456 appellavit
816 5384 1135 5455 Augustam,
1189 5393 1246 5437 et
1273 5397 1531 5437 coronam
1563 5398 1783 5437 auream

168 5476 352 5544 posuit
390 5490 568 5546 super
630 5480 794 5544 caput
845 5472 984 5541 ejus.
1038 5471 1099 5524 Et
1157 5471 1399 5541 quandiu
1456 5469 1657 5525 mansit
1707 5470 1783 5524 ibi

168 5564 510 5634 apostolicus
543 5578 704 5633 papa,
746 5561 995 5635 quotidie
1050 5560 1389 5631 colloquium
1440 5559 1684 5615 habuere
1715 5560 1785 5615 de

166 5651 406 5707 utilitate
427 5655 641 5705 sanctae
670 5649 766 5705 Dei
790 5648 1069 5705 Ecclesiae.
1088 5648 1152 5705 At
1173 5654 1461 5719 postquam
1487 5648 1787 5718 imperator

1880 4574 2052 4621 mater
2104 4573 2291 4620 nostra
2335 4562 2591 4630 ecclesia,
2625 4561 2679 4614 in
2730 4560 2938 4614 honore
2991 4566 3216 4625 sanctae,
3246 4534 3494 4630 semeper-

1879 4673 1985 4727 que
2017 4655 2243 4730 virginis
2268 4670 2327 4707 ac
2353 4651 2636 4724 genitricis
2665 4648 2840 4703 Mariae
2898 4656 3236 4715 consecrata,
3295 4650 3496 4704 existe-

1880 4756 1978 4804 ret.
2015 4751 2073 4802 ln
2096 4764 2204 4819 qua
2234 4752 2451 4801 auctore
2476 4745 2615 4825 Deo,
2640 4748 2694 4797 et
2733 4748 3092 4811 cooperatore
3127 4740 3270 4809 [ms.,
3297 4756 3497 4811 coope-

1883 4837 2054 4908 rante]
2098 4836 2152 4889 S.
2216 4834 2467 4908 Remigio
2529 4847 2668 4904 gens
2729 4836 2913 4885 nostra
2967 4828 3321 4895 Francorum,
3370 4844 3494 4883 cum

1883 4929 2164 5001 aequivoco
2215 4936 2400 4983 nostro
2457 4942 2583 4998 rege
2641 4924 2889 4994 ejusdem
2921 4922 3121 4995 gentis,
3156 4921 3296 4974 sacri
3328 4920 3496 4975 fontis

1884 5019 2212 5087 baptismate
2270 5016 2438 5081 ablui,
2497 5030 2560 5068 ac
2617 5011 2952 5084 septiformis
3016 5008 3251 5079 Spiritus
3317 5009 3494 5061 sancti

1886 5107 2055 5181 gratia
2083 5106 2341 5160 illustrari
2390 5104 2713 5175 promeruit.
2755 5101 2860 5155 Sed
2892 5107 2945 5155 et
2998 5099 3118 5169 ipse
3141 5111 3233 5149 rex
3262 5095 3494 5151 nobilis-

1886 5196 2056 5250 simus
2082 5194 2150 5248 ad
2181 5194 2386 5268 regiam
2412 5199 2733 5264 potestatem
2767 5189 3001 5262 perungi
3050 5186 3143 5241 Dei
3199 5184 3494 5240 clementia

1886 5283 2087 5356 dignus
2115 5282 2372 5336 inventus
2403 5280 2522 5334 fuit.
2559 5279 2658 5334 Ubi
2707 5279 2869 5333 etiam
2902 5283 2956 5331 et
2978 5291 3080 5330 nos
3100 5274 3284 5328 divina
3300 5273 3494 5345 digna-

1886 5372 2035 5428 tione
2085 5386 2182 5441 per
2231 5385 2428 5424 manus
2478 5368 2665 5424 domui
2715 5364 2978 5436 Stephani
3049 5362 3277 5418 Romani
3344 5377 3497 5416 sum-

1886 5465 1960 5520 mi
2014 5460 2314 5534 pontiﬁcis,
2374 5462 2443 5516 ad
2501 5476 2705 5517 nomen
2762 5465 2816 5513 et
2859 5462 3182 5528 potestatem
3240 5454 3497 5525 imperia—

1886 5555 1994 5610 lem
2051 5553 2304 5609 coronari
2358 5552 2679 5607 meruimus.
2741 5551 2909 5614 Quam
2969 5562 3069 5619 pro
3131 5545 3295 5601 tantis
3323 5545 3498 5600 bene-

1887 5642 2026 5699 ﬁciis
2079 5640 2241 5699 nobis
2284 5640 2493 5698 ibidem
2569 5657 2599 5693 a
2657 5640 2771 5694 Deo
2823 5635 3036 5694 collatis
3090 5647 3355 5691 renovare
3399 5646 3495 5685 cu-
3566 5679 3578 5689 .
