3970 6218
520 254 617 308 131

1643 245 2005 301 FLODOABDI
2047 244 2348 300 CANONICI
2391 245 2722 301 REMENSIS

3774 247 3893 302 132

515 392 752 462 pientes,
801 395 854 442 et
901 386 968 441 ad
1020 386 1073 439 id
1129 385 1540 456 exsequendum
1593 383 2124 440 loci‘incommodi-
2147 386 2200 453 Α
2298 404 2325 434 ι
2371 385 2430 439 ln
2490 385 2714 440 nomine
2769 383 2984 440 Domini
3053 384 3147 439 Dei
3203 391 3257 440 et
3304 384 3621 440 Salvatoris
3695 388 3889 439 nostri

514 488 678 535 tatem
735 484 1046 542 cernentes,
1094 476 1452 531 concedimus
1508 477 1576 531 ad
1629 477 1733 532 hoc
1783 494 1946 548 opus,
1975 486 2029 532 et
2053 478 2122 532 ad

514 577 707 624 caetera
732 582 963 639 quaque
1023 581 1122 636 pro
1180 581 1460 620 servorum
1504 566 1595 619 Dei
1653 565 1856 620 ibidem
1913 568 2122 640 degen-

515 662 645 714 tium
667 657 1090 713 necessitatibus
1115 658 1460 724 aediﬁcanda,
1488 675 1703 713 murum
1735 675 1956 714 omnem
1997 673 2121 713 cum

515 748 685 819 portis
723 749 898 819 ipsius
945 749 1198 815 civitatis,
1221 754 1276 802 et
1304 763 1525 802 omnem
1557 763 1780 818 operam
1826 765 1948 803 cum
1987 763 2121 801 cun-

511 837 612 892 ctis
639 837 957 908 impendiis,
985 852 1106 907 qua
1165 852 1230 890 ex
1291 836 1455 891 rebus
1483 843 1536 890 et
1583 835 1929 891 facultatibus
1951 837 2123 907 ipsius

512 931 760 986 ecclesia
792 938 844 984 et
873 930 1223 1001 episcOpatus
1278 929 1565 984 Remensis
1596 931 1764 1000 Aquis
1793 929 1991 1000 palatio
2022 945 2121 986 no-

511 1033 622 1080 stro
655 1024 806 1095 regio
852 1023 1038 1094 peragi
1087 1030 1140 1077 et
1163 1023 1368 1078 exsolvi
1426 1024 1645 1078 solitum
1669 1024 1862 1092 fuerat,
1895 1025 1950 1079 in
1973 1024 2121 1078 elee-

514 1130 744 1185 mosyna
770 1113 1027 1167 videlicet
1059 1121 1266 1177 nostra,
1308 1120 1361 1168 et
1385 1129 1485 1184 pro
1525 1115 1773 1169 remedio
1803 1113 2000 1168 anima
2023 1111 2122 1167 do-

515 1205 628 1258 mni
665 1221 730 1259 ac
757 1205 1024 1276 genitoris
1080 1205 1275 1268 nostri,
1327 1213 1489 1276 atque
1555 1214 1875 1261 caterorum
1912 1203 2122 1274 prade—

514 1309 794 1348 cessorum
857 1300 1192 1359 nostrorum,
1256 1295 1348 1365 qui
1428 1295 1682 1349 eumdem
1743 1293 2119 1364 episc0patum

513 1393 703 1443 contra
759 1387 991 1441 salutem
1038 1401 1192 1439 suam
1243 1385 1566 1457 aliquandiu
1615 1391 1925 1450 tenuerant,
1983 1389 2036 1437 et
2068 1381 2122 1436 in

517 1490 650 1529 suos
701 1490 836 1528 usus
887 1482 1078 1530 contra
1133 1474 1536 1528 ecclesiasticas
1554 1475 1792 1545 regulas,
1825 1481 1879 1526 et
1933 1489 2019 1527 res
2061 1486 2124 1525 ac

516 1562 799 1618 facultates
820 1563 1069 1617 ecclesiae
1102 1563 1272 1633 ipsius
1291 1563 1666 1632 expenderant
1693 1570 1775 1626 ;et
1796 1562 1866 1615 ob
1899 1563 2004 1617 hoc
2021 1561 2122 1614 mi-

517 1670 621 1707 nus
652 1669 815 1724 quam
847 1653 1113 1707 debuerat
1171 1653 1416 1706 utilitatis
1467 1654 1634 1708 sacris
1673 1653 1806 1707 locis
1838 1653 1892 1706 in
1925 1653 2122 1706 eodem

515 1749 834 1819 episcopatu
888 1744 1198 1802 constitutis
1234 1745 1432 1798 exinde
1489 1752 1834 1814 prevenerat.
1864 1742 2126 1796 Volumus

2223 478 2350 533 Iesu
2383 476 2578 532 Christi
2644 478 2951 534 Ludovicus
3007 485 3060 532 et
3116 477 3428 543 Lotharius,
3461 476 3675 530 divina
3722 477 3890 530 ordi-

2225 576 2391 625 nante
2411 571 2756 641 providentia
2820 571 3179 642 imperatores
3235 569 3483 644 Augusti.
3557 567 3621 621 Si
3663 567 3884 622 libera-

2224 657 2391 712 litatis
2413 665 2611 713 nostra
2641 674 2867 714 munere
2888 659 3024 715 locis
3053 660 3165 714 Deo
3195 659 3389 714 dicatis
3420 655 3716 729 quiddam
3739 671 3883 710 con-

2224 748 2453 804 ferimus
2482 749 2760 817 beneﬁcii,
2791 760 2844 807 et
2891 753 3247 808 necessitates
3305 750 3744 806 ecclesiasticas
3777 763 3882 803 no-

2224 845 2336 892 stro
2368 837 2674 894 relevamus
2727 841 3031 908 juvamine,
3064 841 3118 894 id
3161 839 3323 896 nobis
3357 845 3413 894 et
3448 839 3524 893 ad
3557 837 3876 894 mortalem

2223 929 2389 984 vitam
2442 929 2818 1000 temporaliter
2869 930 3304 1002 transigendam,
3364 936 3421 984 et
3470 928 3548 983 ad
3583 933 3873 982 aeternam

2223 1021 2454 1076 feliciter
2482 1019 2841 1076 obtinendam
2883 1019 3227 1089 profuturum
3269 1019 3480 1090 liquido
3542 1016 3871 1072 credimus.

2225 1111 2434 1166 Idcirco
2474 1117 2662 1166 notum
2698 1109 2816 1165 ﬁeri
2873 1111 3125 1165 volumus
3158 1109 3422 1165 omnibus
3457 1105 3752 1161 ﬁdelibus
3771 1120 3878 1158 no-

2223 1203 2370 1265 stris,
2405 1203 2771 1274 prasentibus
2827 1203 3039 1258 scilicet
3079 1211 3133 1258 et
3163 1202 3376 1264 futuris,
3403 1197 3561 1271 quod
3599 1203 3872 1251 sanctam

2225 1291 2549 1347 Remensem
2594 1293 2908 1355 ecclesiam.
2952 1294 3005 1347 in
3046 1309 3155 1364 qua
3203 1292 3660 1363 pradecessores
3689 1292 3874 1347 nostri

2227 1400 2386 1456 reges
2415 1385 2671 1440 videlicet
2701 1385 3027 1440 Francorum
3074 1383 3239 1439 ﬁdem
3283 1392 3338 1440 et
3375 1384 3521 1439 sacri
3540 1383 3874 1455 baptisma-

2225 1473 2294 1527 tis
2323 1474 2548 1545 gratiam
2592 1479 2978 1546 perCeperunt,
3033 1475 3088 1528 in
3119 1490 3228 1546 qua
3268 1481 3322 1528 et
3352 1489 3455 1530 nos
3489 1489 3595 1544 per
3627 1473 3874 1545 imposi-

2224 1566 2430 1622 tionem
2461 1581 2656 1620 manus
2686 1566 2872 1621 domni
2895 1566 3157 1636 Stephani
3189 1585 3346 1640 papa
3364 1569 3692 1639 imperialia
3706 1586 3872 1624 sum—

2226 1656 2435 1727 psimus
2483 1658 2726 1730 insignia
2781 1657 2852 1712 ob
2903 1659 3260 1713 reverentiam
3307 1657 3438 1714 ﬁdei
3491 1659 3865 1723 Christiana,

2225 1751 2278 1798 et
2308 1744 2379 1799 ob
2407 1745 2604 1800 anima
2647 1753 2845 1802 nostra
2879 1745 3132 1813 salutem,
3193 1745 3263 1800 ab
3297 1747 3407 1802 imo
3433 1748 3696 1802 construi
3730 1747 3868 1803 feci-

513 1837 699 1902 etiam,
740 1843 797 1889 ut
853 1835 1094 1899 vassalli,
1141 1842 1194 1886 et
1246 1835 1564 1904 quicunque
1612 1833 1806 1886 fideles
1840 1832 2011 1886 nostri
2061 1848 2126 1886 ex
2151 1801 2204 1869 B
2226 1849 2368 1887 mus.
2400 1849 2634 1906 eamque
2667 1836 2721 1888 in
2741 1836 3004 1891 honorem
3028 1837 3245 1893 Domini
3276 1838 3447 1892 nostri
3478 1838 3616 1893 Iesu
3650 1837 3860 1893 Christi

515 1928 680 1982 rebus
727 1929 974 1997 ejusdem
1023 1927 1371 1998 episcopatus
1425 1926 1632 1997 aliquid
1684 1924 1910 1988 habent,
1944 1924 2125 1978 eidem

515 2020 669 2090 Operi
710 2021 1028 2087 inserviant,
1084 2023 1223 2076 sicut
1270 2020 1621 2076 constitutum
1651 2025 1734 2071 est
1764 2033 1794 2070 a
1824 2015 1982 2071 bona
2013 2032 2128 2070 me-

515 2107 702 2162 moria
731 2109 938 2164 domno
979 2117 1032 2163 et
1087 2109 1335 2181 genitore
1370 2115 1580 2172 nostro,
1612 2114 1664 2160 et
1684 2106 1824 2160 sicut
1844 2105 2122 2158 decretum

513 2202 647 2249 esta
689 2198 790 2268 pia
845 2198 1245 2252 recordationis
1283 2199 1488 2253 domno
1514 2203 1568 2251 et
1586 2211 1688 2250 avo
1729 2201 1915 2250 nostro
1938 2192 2124 2264 Pippi-

513 2303 605 2354 no,
636 2289 879 2343 decimas
902 2297 954 2342 et
986 2306 1096 2344 non
1124 2290 1305 2344 eidem
1333 2289 1582 2343 ecclesia
1621 2294 1822 2341 sancta
1846 2303 1910 2340 ex
1936 2286 2121 2353 rebus,

510 2391 646 2447 quas
673 2378 873 2431 exinde
933 2378 1158 2445 habent,
1197 2377 1534 2448 persolvant.
1566 2375 1690 2428 Vias
1751 2374 1913 2428 etiam
1941 2371 2122 2443 publi-

507 2484 600 2521 cas
629 2483 845 2535 omnes,
879 2485 1000 2540 qua
1039 2469 1183 2524 circa
1209 2468 1461 2523 eamdem
1493 2466 1781 2522 ecclesiam
1813 2466 2040 2532 vadunt,
2069 2468 2124 2518 et

512 2559 908 2629 impedimento
939 2578 1059 2616 esse
1110 2568 1343 2632 possunt
1368 2560 1435 2614 ad
1465 2559 1719 2624 claustra,
1761 2565 1814 2610 et
1839 2571 2120 2610 servorum

514 2653 607 2706 Dei
663 2654 974 2710 habitacula
1029 2654 1426 2716 construenda,
1491 2659 1550 2706 ut
1607 2649 1890 2704 transferri
1959 2654 2122 2718 atque

515 2741 787 2796 immutari
839 2743 1071 2813 possint,
1134 2742 1510 2797 concedimus.
1573 2739 1635 2794 Et
1700 2739 1747 2792 si
1797 2736 2004 2808 aliquid
2047 2736 2121 2790 ibi

515 2827 648 2884 fisco
702 2839 887 2887 nostro
945 2832 1198 2898 habetur,
1245 2847 1340 2900 per
1399 2830 1500 2884 hoc
1554 2835 1755 2882 nostra
1787 2825 2123 2880 auctoritatis

516 2925 847 2989 praeceptum
881 2928 1148 2991 perpetuo
1204 2934 1361 2990 aque
1409 2915 1788 2981 concedimus,
1835 2922 1894 2969 ut
1942 2913 2126 2967 nullus

2228 1921 2522 1978 Salvatoris
2574 1923 2787 1990 mundi,
2843 1925 3006 1980 simul
3059 1933 3113 1980 et
3179 1927 3233 1980 in
3289 1927 3561 1982 honorem
3592 1928 3861 1999 ejusdem

2229 2017 2432 2066 sancta
2472 2020 2526 2066 et
2582 2013 2919 2069 intemerata
2966 2015 3261 2090 genetricis
3303 2016 3483 2071 Maria
3532 2019 3863 2072 consecrari

2225 2099 2587 2156 decrevimus.
2649 2103 2858 2174 Itaque,
2889 2103 3072 2158 divina
3103 2104 3464 2176 inspiratione
3493 2107 3859 2176 compuncti,

2225 2197 2278 2245 et
2308 2192 2548 2246 calestis
2596 2194 2784 2264 patria
2839 2211 3026 2251 amore
3083 2197 3360 2262 succensi,
3412 2197 3679 2268 quadam
3714 2213 3859 2268 pra-

2224 2282 2336 2350 dia,
2370 2299 2492 2355 qua
2511 2285 2692 2340 eidem
2724 2295 2926 2343 sancta
2957 2289 3076 2343 sedi
3104 2288 3385 2360 quondam
3415 2289 3602 2343 ablata
3633 2288 3857 2344 fuerant

2223 2377 2420 2432 devota
2448 2386 2632 2435 mente
2664 2382 2876 2436 restitui
2893 2381 3183 2450 jussimus,
3204 2381 3259 2436 id
3289 2388 3396 2449 est,
3429 2381 3485 2435 in
3504 2380 3853 2436 suburbanis

2222 2472 2397 2543 ipsius
2423 2480 2626 2528 sancta
2643 2471 3124 2527 ecclesiatitulum
3155 2471 3380 2538 S.Sixti,
3414 2486 3640 2526 necnon
3660 2479 3720 2526 et
3732 2471 3855 2526 titu-

2225 2565 2337 2620 lum
2356 2565 2409 2622 S.
2425 2565 2664 2632 Martini,
2679 2580 2803 2619 cum
2818 2563 3170 2634 appendiciis
3186 2578 3400 2619 eorum.
3416 2563 3672 2618 Exterius
3685 2564 3848 2618 etiam

2225 2657 2282 2712 in
2309 2659 2502 2713 eadem
2530 2657 2813 2729 parochia,
2833 2656 2890 2710 in
2920 2662 3100 2711 castro
3121 2655 3394 2710 Vonzensi
3415 2655 3640 2710 titulum
3676 2655 3852 2726 bapti-

2223 2746 2471 2813 smalem,
2492 2753 2546 2802 et
2575 2745 2791 2800 titulum
2822 2745 2878 2798 in
2895 2744 3089 2799 eadem
3104 2743 3366 2814 parochia
3382 2743 3696 2799 SJoannis
3706 2746 3853 2799 simi-

2226 2834 2351 2889 liter
2380 2834 2754 2904 baptimalem.
2792 2834 2908 2888 suis
2936 2849 3061 2888 cum
3092 2832 3461 2904 appendiciis,
3488 2839 3544 2887 et
3575 2834 3855 2890 Bretinia—

2226 2938 2390 2977 cum:
2422 2922 2607 2977 villam
2649 2937 2870 2994 quoque
2914 2922 3248 2992 Sparnacum
3307 2937 3432 2977 cum
3494 2927 3854 2995 appendiciis

509 3010 700 3079 judex,
722 3026 931 3078 comes,
959 3016 1051 3063 aut
1100 3008 1322 3074 missus,
1368 3006 1483 3060 sive
1515 3005 1716 3076 aliquis
1745 3020 1810 3059 ex
1835 3001 2126 3072 judiciaria
2164 3074 2200 3083 Α
2227 3011 2363 3078 suis,
2390 3019 2444 3066 ει
2473 3012 2529 3066 in
2545 3011 2673 3068 vina
2703 3028 2824 3083 qua;
2876 3018 3101 3067 vocatur
3142 3011 3344 3066 Lucida
3377 3011 3593 3083 [Lude],
3626 3031 3849 3071 necnon

515 3074 800 3172 potestate,
834 3074 1000 3156 ullam
1061 3100 1192 3154 inde
1253 3099 1430 3153 eidem
1477 3074 1678 3152 sancta
1733 3096 1828 3150 Dei
1856 3094 2122 3166 praedicta

2228 3109 2283 3158 et
2308 3074 2364 3157 in
2394 3103 2696 3161 Proviliaco
2722 3074 3024 3174 ’[Ρνοαίιιῃ]
3055 3103 3110 3158 in
3157 3103 3356 3159 eodem
3377 3074 3530 3176 .pago
3549 3074 3850 3163 lliemensi.

516 3192 774 3247 Remensi
833 3191 1081 3245 ecclesia
1137 3187 1595 3260 inquietudinem.
1656 3192 1747 3240 aut
1811 3184 1982 3240 ullum
2037 3198 2128 3236 ca-

514 3282 735 3338 lumnia
786 3281 1241 3351 impedimentum
1293 3277 1492 3331 inferre
1543 3291 1784 3346 unquam
1812 3278 2127 3345 prasumat,

2231 3197 2289 3250 ln
2321 3211 2462 3268 pago
2489 3213 2619 3253 vero
2640 3197 2990 3252 Dulcomensi
3011 3195 3216 3258 villam,
3241 3211 3364 3266 qua
3384 3203 3616 3252 vocatur
3643 3198 3850 3255 Cavera

2235 3285 2292 3355 [i,
2317 3284 2564 3356 Canera],
2598 3302 2814 3343 necnon
2845 3294 2899 3341 et
2931 3286 2984 3340 in
3022 3285 3152 3340 villa
3182 3301 3304 3357 qua
3349 3286 3553 3342 dicitur
3581 3288 3766 3344 Verna
3795 3291 3850 3344 in

513 3372 872 3430 obsecrantes
893 3383 1243 3424 successores
1280 3373 1518 3432 nostros,
1553 3371 1611 3418 ut
1648 3377 1922 3418 memores
1941 3359 2122 3415 salutis

2233 3387 2374 3446 pago
2401 3372 2755 3430 Vertudense.
2802 3373 2894 3429 Vel
2946 3373 2991 3428 si
3043 3373 3179 3428 forte
3227 3373 3496 3445 deinceps
3544 3376 3617 3432 de
3680 3377 3852 3432 rebus

514 3479 650 3528 sua,
683 3462 972 3534 praesentis
1021 3460 1232 3515 scilicet
1284 3464 1339 3512 et
1374 3465 1610 3519 aterna,
1655 3469 1928 3510 memores
1958 3452 2121 3506 etiam

515 3555 932 3615 beneﬁciorum.
964 3569 1086 3625 qua
1114 3551 1274 3607 nobis
1297 3558 1352 3604 et
1380 3549 1531 3622 genti
1559 3555 1760 3604 nostra
1807 3561 1872 3600 ac
1912 3543 2124 3616 praede-

513 3647 827 3703 cessoribus
855 3646 1055 3701 nostris
1083 3645 1138 3698 in
1171 3643 1367 3698 eodem
1419 3648 1610 3697 sancto
1633 3642 1776 3707 loco,
1805 3654 1902 3709 per
1931 3637 1989 3690 Β.
2021 3635 2125 3689 Re-

513 3739 762 3814 migium,
796 3737 1004 3792 meritis
1051 3736 1105 3791 S.
1165 3734 1342 3790 Maria
1407 3733 1604 3788 collata
1653 3738 1800 3796 sunt,
1830 3731 1970 3785 sicut
2026 3741 2126 3780 sua

514 3829 658 3882 bene
711 3834 864 3901 gesta
910 3844 942 3881 a
992 3826 1106 3880 suis
1133 3823 1547 3880 successoribus
1592 3821 1904 3878 conservari
1934 3819 2124 3873 volue-

513 3923 642 3990 rint,
689 3922 760 3975 ita
805 3936 928 3992 qua
981 3934 1079 3990 pro
1122 3933 1309 3972 amore
1348 3917 1463 3981 Dei,
1501 3923 1555 3970 et
1583 3921 1788 3969 sancta
1819 3914 1939 3982 ejus
1967 3911 2125 3986 geni-

511 4009 661 4065 tricis
697 4026 762 4064 ac
798 4009 943 4063 beati
1002 4005 1327 4078 protectoris
1356 4004 1527 4060 nostri
1583 4002 1816 4076 Remigii
1838 4017 1986 4074 sape
2017 3999 2124 4054 fato

511 4107 702 4157 sancto
734 4101 855 4156 loco
886 4098 1236 4164 contulimus,
1269 4100 1534 4166 perpetuo
1575 4092 1967 4149 inviolabiliter
1991 4106 2125 4146 con-

512 4211 731 4250 servare
779 4198 1091 4264 procurent.
1138 4190 1200 4244 Et
1255 4195 1318 4242 ut
1374 4189 1491 4242 hac
1530 4192 1715 4242 nostra
1745 4181 2126 4239 concessionis

510 4283 802 4338 auctoritas
862 4297 961 4352 per
1025 4279 1204 4334 futura
1266 4283 1515 4347 tempora
1564 4273 1867 4345 pleniorem
1929 4271 1983 4324 in
2028 4268 2124 4323 Dei

509 4375 733 4430 nomine
790 4373 1037 4428 obtineat
1095 4369 1367 4425 ﬁrmitatis
1399 4368 1666 4441 vigorem,
1699 4364 1891 4421 annuli
1952 4362 2126 4418 nostri

510 4466 874 4539 impressione
901 4464 1297 4538 subtersignari
1327 4463 1694 4517 decrevimus.
1718 4478 1749 4510 υ

580 4560 688 4616 Sed
718 4566 772 4613 et
797 4558 1092 4628 quemdam
1161 4555 1374 4610 fabrum
1427 4569 1644 4609 servum
1684 4567 1863 4614 suum,
1898 4549 2122 4606 nomine

513 4651 837 4708 Bumaldum
891 4649 958 4703 ad
987 4646 1306 4718 petitionem
1357 4644 1628 4712 ejusdem,
1661 4642 1913 4712 prasulis
1944 4640 2122 4696 eccle-

511 4745 607 4798 sia
633 4739 893 4796 Remensi
951 4735 1244 4802 concessit,
1277 4741 1334 4787 ut
1375 4734 1466 4788 hic
1495 4734 1563 4787 de
1595 4732 1801 4788 talento
1831 4749 1861 4786 a
1892 4733 2122 4788 Domino

511 4831 618 4885 sibi
649 4828 870 4894 collato,
904 4826 1056 4894 juxta
1110 4823 1257 4878 vires
1312 4819 1512 4874 diebus
1573 4820 1696 4875 vita
1741 4835 1854 4873 sua
1886 4819 2120 4889 proﬁce-

513 4928 592 4976 ret
623 4937 638 4986 ;
679 4920 849 4984 Quam
875 4917 1038 4971 etiam
1097 4911 1406 4966 cessionem
1436 4911 1654 4980 apicum
1685 4911 2041 4966 adnotatione
2068 4920 2122 4967 et

509 5011 700 5068 annuli
729 5009 812 5064 sui
851 5004 1185 5078 sigillatione
1212 5002 1506 5058 roboravit.
1547 5001 1706 5057 Aliud
1737 5016 1959 5073 quoque
1980 5019 2119 5073 pra-

511 5110 732 5175 ceptum
759 5101 829 5154 de
857 5099 1003 5154 vitiis
1025 5095 1262 5167 publicis
1289 5094 1719 5150 transmutandis
1749 5093 1820 5150 ob
1852 5095 2116 5164 quasdam

511 5197 793 5252 clausuras
836 5192 892 5246 in
947 5189 1081 5246 locis
1109 5189 1304 5245 vicinis
1358 5187 1528 5260 ipsius
1555 5187 1710 5243 urbis
1738 5187 2038 5256 faciendas,
2065 5196 2120 5245 et

513 5283 835 5339 multimoda
917 5280 1166 5336 ecclesia
1218 5280 1570 5351 compendia,
1630 5279 1810 5336 eidem
1871 5279 2118 5351 pontiﬁci

514 5373 687 5438 dedit,
716 5371 863 5442 quod
895 5377 948 5427 et
1013 5371 1216 5427 annulo
1260 5386 1360 5428 suo
1413 5371 1714 5446 insignivit.
1765 5371 2034 5428 Praeterea
2051 5372 2120 5427 de

514 5462 864 5518 restituendis
915 5463 1096 5519 eidem
1145 5470 1347 5518 sancta
1401 5463 1520 5518 sedi
1579 5463 1817 5532 pradiis,
1869 5478 1992 5536 qua
2039 5464 2118 5518 illi

513 5551 791 5622 quondam
836 5551 1051 5607 fuerant
1092 5552 1294 5618 ablata,
1351 5567 1463 5606 una
1514 5566 1638 5605 cum
1686 5549 1800 5608 ﬁlio
1867 5552 2117 5608 Lotliario

513 5637 726 5698 Caesare
753 5641 918 5699 talem
949 5642 1208 5714 praecepti
1239 5640 1394 5698 dedit
1410 5638 1810 5697 auctoritatem.

2227 3461 2498 3533 praedicta
2519 3469 2718 3518 sancta
2775 3461 3023 3517 ecclesiae
3071 3461 3414 3532 temporibus
3435 3465 3640 3520 nostris
3669 3467 3852 3521 adhuc

2226 3550 2708 3622 superaddendum
2765 3551 3132 3616 decrevimus,
3205 3552 3518 3616 statuimus,
3590 3570 3696 3625 per
3750 3556 3854 3611 hoc

2228 3650 2426 3699 nostra
2467 3644 2806 3700 auctoritatis
2848 3652 3206 3716 praceptum,
3253 3652 3313 3699 ut
3362 3661 3476 3701 non
3531 3655 3752 3704 tantum
3782 3651 3852 3704 de

2229 3732 2348 3787 istis
2394 3733 2674 3798 restitutis,
2715 3733 2816 3788 sed
2849 3733 3011 3788 etiam
3044 3734 3426 3799 restituendis,
3473 3737 3757 3809 quidquid
3782 3739 3853 3794 de

2226 3825 2362 3897 ipsis
2389 3825 2478 3880 vel
2521 3824 2577 3878 in
2607 3824 2745 3894 ipsis
2774 3830 3014 3879 rectores
3038 3832 3093 3879 et
3132 3825 3367 3880 ministri
3411 3839 3852 3898 pramemorata

2226 3915 2475 3971 ecclesiae
2523 3917 2813 3992 elegerint,
2852 3916 2923 3970 ita
2952 3915 3192 3972 debeant
3222 3919 3626 3988 perpetualiter
3664 3924 3850 3992 possi-

2227 4005 2380 4072 dere,
2402 4011 2567 4076 atque
2588 4004 2867 4073 ordinare,
2898 4004 2981 4060 vel
3035 4006 3200 4060 etiam
3232 4004 3436 4075 facere,
3456 4017 3849 4084 proutcunque

2226 4094 2330 4148 sibi
2361 4095 2692 4166 propensius
2729 4094 3024 4161 voluerint,
3066 4102 3126 4149 ut
3171 4095 3380 4168 absque
3438 4097 3610 4154 ullius
3641 4100 3848 4170 injusta

2225 4183 2660 4240 contradictione
2688 4183 2946 4240 ordinent
2991 4189 3155 4254 atque
3184 4183 3503 4254 disponant,
3557 4194 3614 4241 et
3640 4187 3848 4245 faciant

2225 4271 2495 4344 quidquid
2547 4271 2763 4327 utilitati
2808 4270 3083 4343 praedicta
3139 4271 3389 4327 ecclesia
3436 4288 3752 4348 congruere
3795 4286 3847 4331 et

2227 4363 2523 4420 convenire
2553 4364 2954 4436 prospexerint.
2989 4363 3052 4417 Et
3079 4370 3138 4418 ut
3178 4364 3296 4418 hac
3321 4371 3523 4420 nostra
3544 4370 3844 4425 auctorita-

2144 4443 2290 4514 Dtis
2329 4451 2673 4509 conﬁrmatio
2724 4453 3087 4524 prasentibus
3136 4452 3442 4526 futurisque
3493 4458 3845 4529 temporibus

2225 4544 2524 4600 firmiorem
2572 4543 2630 4598 in
2680 4541 2938 4598 omnibus
2975 4557 3198 4614 semper
3257 4542 3509 4599 obtineat
3565 4547 3841 4622 vigorem,

2224 4636 2479 4692 manibus
2508 4634 2746 4707 propriis
2773 4632 3323 4704 subterﬁrmavimus,
3358 4643 3414 4692 et
3441 4640 3639 4694 annuli
3670 4643 3840 4698 nostri
3922 4632 3936 4707 ᾗ

2225 4729 2588 4800 impressione
2617 4726 2822 4800 signari
2839 4727 3126 4796 jussimus.
3164 4748 3190 4778 ι)

2295 4820 2538 4876 Obtinuit
2566 4818 2728 4874 etiam
2760 4819 2906 4874 idem
2943 4819 3142 4890 praesul
3174 4819 3242 4874 ab
3273 4819 3472 4876 eodem
3505 4821 3836 4894 imperatore

2223 4909 2497 4965 Ludovico
2563 4905 2820 4962 Remensi
2876 4907 3124 4964 ecclesia
3159 4951 3175 4976 ,
3242 4909 3550 4965 secundum
3617 4914 3836 4986 antiqua

2220 5001 2557 5072 exemplaria
2611 5003 2916 5073 priscorum
2970 5017 3157 5076 regum
3215 5001 3580 5057 immunitatis
3635 5021 3832 5074 prace-

2219 5098 2393 5164 ptum.
2419 5092 2576 5147 Aliud
2605 5106 2824 5164 quoque
2847 5096 3179 5162 praeceptum
3211 5090 3280 5144 de
3313 5097 3482 5150 ponte
3507 5093 3834 5148 Bansionen—

2218 5181 2286 5247 si,
2316 5186 2370 5236 et
2386 5179 2642 5249 teloneis,
2662 5180 2750 5236 vel
2769 5177 3151 5235 exactionibus
3177 5175 3418 5248 publicis
3448 5195 3463 5243 ;
3500 5178 3655 5245 item,
3689 5181 3830 5234 aliud

2221 5274 2292 5328 de
2338 5270 2545 5327 chartis
2574 5267 2947 5324 concrematis
2979 5266 3288 5322 secundum
3318 5267 3705 5322 auctoritatem
3739 5269 3828 5322 im-

2221 5362 2491 5435 peratoris
2533 5358 2733 5415 -Karoli
2783 5375 2798 5425 ;
2849 5358 3002 5422 item,
3075 5373 3108 5411 a
3147 5355 3385 5427 Pippino
3440 5357 3825 5428 Aquitanorum

2220 5470 2353 5528 rege
2417 5458 2751 5524 praeceptum
2809 5447 3169 5504 immunitatis
3232 5447 3301 5502 de
3323 5446 3495 5502 rebus
3557 5447 3827 5504 Remensis

2217 5545 2468 5600 ecclesia
2496 5544 2550 5599 in
2586 5558 2728 5616 pago
2775 5540 3056 5597 Avernico
3077 5539 3220 5594 sitis.
3244 5539 3317 5594 De
3350 5538 3485 5595 villa
3513 5555 3649 5595 vero
3677 5540 3825 5610 Spar-

2217 5653 2356 5696 naco
2386 5637 2640 5696 semotim
2698 5649 2921 5710 quoque
2973 5638 3305 5706 praeceptum
3355 5631 3648 5702 Ludovici,
3679 5639 3824 5702 atque
