3970 6218
232 226 346 281 133

230 634 389 687 mani
412 635 689 706 pontiﬁcis
710 640 1046 709 praedicandi
1092 644 1267 715 gratia
1296 645 1365 699 ad
1384 648 1651 702 terminos
1682 664 1854 718 usque

228 722 511 779 Danorum
558 728 810 795 accessit,
861 745 925 784 ac
953 730 1152 786 multos
1209 748 1273 787 ex
1317 734 1398 788 eis
1454 736 1521 789 ad
1564 736 1726 791 ﬁdem
1758 751 1852 791 ve-

224 817 450 873 nientes
469 819 783 890 baptizavit.

304 910 431 965 Orta
477 912 719 985 denique
762 914 1035 971 simultate
1096 917 1239 971 inter
1285 926 1493 988 patrem
1556 928 1608 976 et
1677 922 1849 977 ﬁlium

228 1003 589 1070 Ludovicum,
671 1007 881 1063 scilicet
955 1010 1362 1080 imperatorem,
1414 1018 1467 1065 et
1537 1012 1848 1067 Lotharium

226 1095 484 1165 partibus
515 1094 612 1151 ﬁlii
667 1096 814 1163 favit,
868 1105 920 1153 et
974 1116 1096 1155 cum
1130 1101 1342 1155 czeteris
1370 1103 1648 1174 episcopis
1678 1106 1847 1160 corri-

224 1186 350 1254 puit
376 1185 761 1255 imperatorem
797 1187 1128 1243 Ludovicum
1151 1206 1250 1260 pro
1274 1191 1604 1262 quibusdam
1629 1195 1843 1260 erratis,

214 1296 351 1350 quae
372 1280 421 1334 ei
454 1280 880 1349 objiciebantur,
909 1285 1131 1355 quando
1161 1284 1257 1339 ﬁlii
1289 1286 1372 1340 sui
1404 1287 1844 1358 comprehende-

216 1375 354 1423 runt
393 1386 539 1436 eum,
585 1378 639 1426 et
683 1372 971 1428 Lotharius
1006 1373 1233 1427 adduxit
1289 1390 1483 1429 senum
1537 1381 1747 1445 patrem
1777 1378 1841 1431 ad

215 1455 624 1527 Compendium
664 1461 1019 1533 (Compiégne)
1046 1464 1328 1533 palatium,
1371 1465 1465 1519 ubi
1500 1481 1623 1519 eum
1654 1466 1845 1520 afﬂixit

223 1562 356 1599 cum
389 1548 665 1619 episc0pis
697 1557 750 1604 et
774 1552 985 1605 czeteris
1017 1553 1300 1607 nonnullis
1332 1555 1689 1625 optimatibus
1726 1556 1841 1626 [ηις.

212 1639 261 1702 i,
318 1639 686 1711 primatibus],
734 1644 827 1713 qui
879 1644 1167 1712 jusserunt
1221 1654 1278 1700 ut
1336 1648 1390 1702 in
1442 1649 1838 1703 monasterium

214 1731 349 1797 iret,
384 1739 436 1785 et
463 1740 609 1787 esset
640 1733 714 1787 ibi
743 1736 954 1790 cunctis
1004 1737 1202 1793 diebus
1250 1740 1373 1794 vitae
1403 1758 1534 1795 suae.
1568 1741 1721 1805 Quod
1750 1740 1842 1795 ille

215 1838 486 1889 renuens,
527 1842 633 1880 non
690 1830 973 1883 consensit
1004 1829 1268 1885 voluntati
1299 1847 1512 1889 eorum.
1545 1833 1693 1887 Tunc
1724 1849 1842 1887 om-

216 1927 326 1965 nes
356 1914 602 1985 episcopi
631 1917 724 1986 qui
743 1919 991 1984 aderant,
1017 1920 1232 1975 molesti
1261 1922 1311 1976 ei
1331 1922 1504 1977 fuisse
1528 1929 1841 1986 narrantur,

213 2006 272 2053 et
301 2000 743 2073 improperantes
772 2006 847 2059 illi
874 2014 1096 2076 peccata
1118 2026 1237 2075 sua,
1271 2010 1620 2066 abstulerunt
1652 2013 1701 2065 ei
1724 2011 1841 2085 gla-

220 2087 377 2145 dium
410 2107 440 2144 a
470 2091 674 2147 femore
706 2110 825 2161 suo,
855 2096 1151 2151 induentes
1184 2115 1309 2152 eum
1339 2100 1537 2155 cilicio.

297 2183 434 2237 Dum
468 2183 787 2256 frequenter
816 2188 979 2259 igitur
1008 2188 1119 2243 Ebo
1167 2193 1366 2261 pnesul
1410 2193 1462 2245 in
1486 2192 1686 2263 palatio
1714 2202 1842 2250 tunc

220 2280 552 2340 moraretur,
585 2276 899 2343 hujusmodi
954 2277 1023 2331 de
1064 2295 1129 2333 eo
1176 2280 1231 2334 in
1294 2284 1631 2338 monasterio
1663 2288 1840 2341 sancti

218 2359 457 2451 Remigii
488 2363 626 2417 visio
676 2363 911 2418 revelata
965 2374 1068 2419 est.
1100 2367 1223 2422 Erat
1276 2369 1350 2423 ibi
1382 2374 1687 2427 monachus
1716 2375 1838 2445 qui-

216 2450 630 2516 dam,'nomine
682 2453 984 2519 Raduinus,
1037 2470 1244 2527 genere
1300 2458 1715 2532 Longobardus,
1746 2465 1839 2534 qui

216 2537 397 2592 abbas
455 2542 732 2610 quondam
816 2543 1095 2597 exstiterat
1174 2548 1495 2601 monasterii
1576 2551 1723 2620 quod
1780 2550 1836 2604 in

218 2640 411 2688 monte
444 2633 709 2687 Bardonis
733 2634 786 2687 in
847 2634 996 2688 [talia
1032 2635 1337 2692 beatissimi
1370 2639 1600 2712 Remigii
1631 2642 1839 2697 celebri

217 2728 394 2798 pollet
454 2728 736 2784 memoria.
811 2729 1146 2785 Moderamni
1199 2732 1542 2788 Redoncnsis
1591 2735 1837 2807 episeOpi

213 2816 403 2871 studio
433 2815 703 2872 dedicata.
759 2818 819 2873 In
873 2836 981 2890 quo
1040 2822 1396 2889 monasterio,
1428 2823 1555 2876 dum
1580 2823 1837 2894 praefatus

217 2907 504 2962 Raduinus
563 2910 865 2969 monachize
941 2913 1307 2982 professionis
1364 2923 1582 2987 gereret
1634 2915 1835 2983 ofﬁcia,

888 235 1213 292 HISTORUE
1252 240 1584 297 ECCLESl/E
1622 242 1952 298 REMENSIS
1994 245 2169 304 LIBRI
2212 252 2542 316 QUATUOR.
2573 288 2641 298 —
2682 260 2804 316 LIB.
2849 262 2915 317 Il.

227 362 533 431 separatim
557 370 748 434 postea
775 376 1107 439 praeceptum
1142 372 1380 428 Lotharii
1426 374 1521 429 ﬁlii
1553 378 1672 445 ejus
1698 391 1855 447 repe-
1884 380 1932 447 Α

232 450 380 507 ritur
443 456 749 526 accepisse.
819 457 914 512 llic
994 463 1191 531 praesul
1258 464 1372 519 Ebo
1429 482 1552 520 cum
1621 468 1855 524 consilio

229 540 502 597 Ludovici
554 543 919 614 imperatoris,
977 555 1031 602 et
1069 552 1389 608 auctoritate
1446 555 1724 610 Paschalis
1752 558 1857 613 Ro-

3475 278 3574 335 134

1956 381 2178 450 quando
2204 381 2439 440 ﬁliorum
2472 404 2695 444 suorum
2728 395 3075 451 contumeliis
3097 399 3360 471 agebatur
3408 407 3577 479 impe-

1960 476 2105 523 rator
2136 470 2790 551 Ludovicus.En,inquit,
2832 484 2960 539 huic
2986 470 3318 565 (astringens
3351 470 3572 553 manum

1959 564 2131 657 sancti
2184 566 2432 642 Remigii)
2493 577 2786 631 auctoritas
2846 586 2949 646 est,
3001 598 3033 635 a
3087 564 3297 641 Christo
3354 591 3570 657 tradita,

1960 650 2290 710 Francorum
2339 673 2760 728 perseveranter
2814 667 3029 740 imperii
3111 673 3378 745 Equidem
3430 681 3571 736 sicut

1958 738 2099 794 hanc
2152 750 2373 816 gentem
2426 764 2525 803 sua
2556 751 2803 809 doctrina
2845 738 3091 831 percepit
3124 738 3193 817 ab
3244 764 3568 824 inﬁdelitate

1952 832 2179 902 gratiam
2199 841 2577 909 convertendi,
2594 846 2674 901 sic
2691 848 2853 903 etiam
2878 851 3084 908 donum
3099 870 3321 927 semper
3338 859 3566 915 inviola-

1954 920 2062 976 bile
2094 926 2340 994 possidet
2366 931 2447 984 eis
2477 949 2662 1005 regem
2694 938 2777 991 vel
2801 938 3183 1010 imperatorem
3226 947 3567 1003 constituen-

1951 1010 2026 1067 di.
2088 1016 2213 1080 Qure
2268 1018 2586 1077 beatissima
2633 1026 2728 1079 Dei
2789 1030 3061 1088 Genitrice
3115 1034 3352 1103 dicente,
3401 1035 3568 1092 frater

1952 1120 2402 1177 przememoratus
2435 1118 2709 1190 evigilavit
2740 1132 2990 1194 repente.

2578 1208 2791 1267 CAPUT
2832 1215 2939 1269 XX.

2412 1298 2484 1349 De
2508 1298 2709 1353 Ebonis
2747 1303 3099 1373 depositione.

2022 1378 2209 1449 Itaque
2241 1388 2531 1453 postquam
2579 1388 2885 1447 Ludovicus
2915 1394 2984 1448 ab
3012 1398 3292 1467 zequivoco
3320 1398 3432 1455 ﬁlio
3462 1418 3564 1457 suo

1949 1472 2231 1525 restitutus
2270 1481 2357 1528 est
2412 1477 2465 1531 in
2520 1496 2749 1552 regnum
2814 1493 2865 1540 et
2917 1487 3177 1543 honorem
3235 1509 3416 1559 suum,
3451 1495 3562 1550 Ebo

1952 1574 2180 1637 prepter
2210 1570 2807 1639 hujuscemodifactum
2831 1581 3115 1651 depositus
3145 1592 3227 1637 est
3257 1586 3325 1640 ab
3353 1587 3565 1657 episco-

1952 1663 2099 1724 patu,
2132 1674 2229 1727 pro
2289 1660 2611 1720 inﬁdelitate
2669 1668 3034 1740 imperatoris.
3094 1674 3195 1729 Pro
3227 1693 3333 1747 qua
3365 1679 3562 1749 reipse

1940 1750 2051 1818 jam
2105 1752 2263 1808 Jesse
2316 1756 3107 1833 Ambianensiumfprzesulem
3159 1768 3364 1822 dudum
3397 1772 3565 1842 depo-

1946 1841 2125 1895 suisse
2156 1844 2405 1913 traditur,
2454 1849 2553 1903 sed
2606 1866 2753 1907 nunc
2801 1868 2925 1908 eum
2986 1872 3274 1911 revocasse
3312 1841 3559 1915 ferturin

1944 1932 2171 2003 gradum
2207 1935 2444 2004 priorem

2018 2020 2091 2075 De
2122 2022 2324 2078 Ebonis
2342 2032 2521 2079 autem
2555 2026 2925 2099 depositione,
2947 2033 3262 2105 requirente
3320 2046 3560 2107 postmo-

1945 2110 2247 2205 dum‘papa
2274 2118 2494 2175 Nicolao
2546 2121 2615 2176 ab
2666 2125 2943 2196 episcopis
2970 2128 3175 2196 Gallize,
3208 2132 3556 2205 maximeque

1947 2198 2176 2271 Belgicze
2243 2206 2558 2273 provincia},
2631 2212 2748 2266 hzec
2808 2214 2949 2268 inter
3006 2217 3111 2271 alia
3166 2219 3218 2271 in
3272 2224 3556 2291 responsis

1944 2291 2153 2360 accepit
2234 2294 2387 2357 Quod
2447 2298 2559 2355 Ebo
2619 2301 2912 2359 Remorum
2945 2308 3242 2379 episcopus
3273 2319 3496 2383 accepta
3526 2331 3556 2367 a

1945 2384 2196 2443 Lothario
2252 2406 2349 2459 pro
2411 2395 2582 2462 patris
2638 2398 2951 2466 proditione
2995 2401 3214 2457 abbatia
3242 2406 3414 2460 sancti
3453 2408 3558 2462 Ve-

1942 2478 2101 2545 dasti,
2148 2481 2408 2537 falsarum
2466 2486 2839 2555 objectionum
2893 2491 3144 2548 incentor
3188 2496 3475 2564 exstiterit,
3504 2507 3558 2555 et

1941 2566 2137 2623 daliter
2179 2572 2523 2629 criminatum
2556 2579 2812 2633 eumdem
2846 2581 3232 2650 imperatorem
3265 2585 3409 2639 idem
3444 2587 3554 2644 Ebo

1941 2674 1971 2711 a
1998 2660 2112 2714 suis
2139 2662 2501 2733 complicibus
2557 2685 2587 2721 a
2620 2669 2903 2726 liminibus
2945 2672 3193 2727 ecclesia}
3224 2676 3549 2746 projectum,

1940 2762 2003 2800 ac
2034 2748 2266 2817 publicae
2298 2752 2633 2822 paenitentiae
2690 2761 3081 2831 mancipatum.
3116 2764 3377 2819 custodiri
3408 2766 3554 2823 fece-

1941 2837 2008 2890 rit
2066 2837 2227 2908 [anno
2283 2841 2429 2907 834),
2489 2860 2665 2917 usque
2697 2849 2825 2903 dum
2882 2851 2936 2903 in
2969 2867 3116 2906 anno
3158 2852 3553 2911 incarnationis

1938 2925 2234 2983 Dominicae
2283 2932 2741 3005 octingentesimo
2795 2936 3075 2994 tricesimo
3114 2948 3329 3011 quarto,
3366 2943 3557 2999 Lotha-

212 2999 418 3054 ductus
474 3016 661 3056 amore
718 3003 1036 3058 meritorum
1092 3004 1238 3059 beati
1299 3005 1551 3080 Remigii,
1602 3009 1841 3079 sepulcri
1866 3013 1915 3082 C
1942 3018 2054 3073 rius
2081 3022 2303 3077 territus
2332 3034 2606 3082 conventu
2636 3027 2860 3083 fratrum
2912 3045 3157 3099 suorum,
3192 3049 3256 3087 ac
3285 3034 3552 3103 plurimo-

212 3092 470 3161 ejusdem
498 3094 689 3150 limina
733 3096 908 3166 petiit.
972 3096 1071 3160 Qui
1111 3114 1234 3151 cum
1291 3096 1553 3154 fratribus
1583 3100 1833 3169 ejusdem

210 3179 321 3236 loci
356 3181 517 3235 vitam
549 3182 757 3237 ducens
816 3183 1148 3256 religiosam,
1191 3185 1357 3258 digne
1398 3204 1521 3242 sese
1571 3189 1638 3242 ad
1670 3191 1835 3244 ϐαλιο-

211 3277 359 3324 stem
411 3270 693 3344 satagebat
751 3289 1061 3343 praeparare
1109 3275 1379 3333 militiam.
1432 3280 1671 3344 Quadam
1704 3296 1835 3336 vero

211 3361 331 3427 die,
359 3378 525 3417 sacrae
558 3363 769 3419 scilicet
817 3366 1215 3435 assumptionis
1272 3376 1473 3425 sanctae
1529 3373 1622 3427 Dei
1672 3372 1835 3426 Geni-

212 3456 391 3519 tricis,
423 3464 545 3526 post
572 3464 821 3511 exactum
854 3459 1137 3513 matutina:
1169 3463 1536 3519 solemnitatis
1567 3465 1832 3531 ofﬁcium,

210 3547 448 3619 reliquis
506 3548 762 3603 fratribus
815 3551 1056 3620 quietem
1126 3554 1467 3621 petentibus,
1526 3557 1613 3611 ille
1655 3560 1835 3628 precis

208 3639 391 3712 gratia
418 3640 568 3695 solus
601 3642 863 3696 remansit
919 3642 971 3696 in
1003 3642 1192 3711 choro,
1234 3647 1558 3702 custodibus
1586 3650 1833 3707 ecclesiae

210 3730 653 3802 quiescentibus.
688 3735 751 3787 At
770 3734 864 3788 ubi
896 3735 1234 3806 psalmorum
1264 3740 1679 3797 continuatione
1712 3743 1833 3799 fati-

209 3828 397 3894 gatus,
432 3823 660 3879 irruenti
714 3828 881 3898 erepit
937 3830 1182 3899 seporari
1243 3846 1460 3899 somno,
1510 3832 1645 3887 vidit
1701 3851 1731 3889 a
1762 3837 1835 3891 lo-

210 3929 277 3969 co
303 3916 551 3984 sepulcri
608 3919 781 3973 sancti
842 3920 1117 3988 pontiﬁcis
1151 3922 1223 3992 [se
1257 3922 1503 3998 Remigii]
1534 3926 1834 3995 procedere

209 4002 591 4059 beatissimam
613 4006 709 4060 Dei
738 4007 1068 4062 Genitricem
1103 4009 1274 4065 nimio
1307 4011 1513 4068 lumine
1545 4030 1835 4071 coruscan-

208 4102 346 4161 tem,
376 4096 530 4165 cujus
565 4096 847 4152 hasrebant
907 4099 1172 4155 lateribus
1200 4104 1538 4177 evangelista
1566 4106 1830 4173 Joannes,

209 4190 266 4238 et
296 4185 416 4255 ipse
437 4204 592 4243 sacer
608 4188 892 4262 Remigius
912 4208 926 4257 ;
945 4191 1136 4262 sicque
1165 4207 1225 4246 se
1242 4192 1345 4247 visi
1372 4198 1835 4267 suntcompositis

207 4274 368 4328 adire
422 4276 703 4349 gradibus.
740 4279 1096 4350 Superposita
1127 4297 1258 4337 vero
1315 4298 1482 4339 manu
1522 4284 1682 4358 Virgo
1712 4287 1831 4361 glo-

1937 3126 2056 3164 rum
2088 3111 2330 3168 ﬁdelium
2365 3118 2535 3187 patris
2583 3119 2951 3192 imperatoris,
2982 3118 3110 3195 fuga
3132 3122 3320 3193 lapsus
3342 3132 3553 3194 patrem

1938 3215 2095 3253 suum
2150 3203 2329 3257 adhuc
2376 3206 2444 3258 ab
2504 3208 2757 3281 ingressu
2841 3212 3089 3266 ecclesiae
3147 3220 3551 3284 sequestratum

1938 3291 2161 3346 dimisit.
2192 3294 2322 3349 Cum
2353 3311 2462 3367 quo
2490 3297 2634 3351 inter
2654 3299 2790 3353 alios
2829 3302 2993 3355 etiam
3026 3301 3248 3373 quidam
3280 3306 3551 3376 episcopi,

1937 3377 2177 3435 fautores
2200 3381 2373 3450 ipsius
2405 3384 2459 3437 in
2490 3384 2815 3441 adversitate
2848 3389 3018 3457 patris
3048 3390 3153 3459 sui,
3184 3392 3388 3447 relictis
3419 3408 3553 3448 con-

1937 3483 2019 3531 tra
2072 3492 2226 3530 sacra
2274 3479 2492 3550 regulas
2537 3481 2765 3535 sedibus
2818 3482 2933 3536 suis
2990 3493 3371 3553 perrexerunt,
3397 3487 3554 3540 Jesse

1934 3564 2189 3621 videlicet
2216 3567 2623 3632 Ambianensis,
2658 3577 2711 3623 et
2743 3570 3089 3626 Hereboldus
3136 3574 3553 3629 Antisiodoreu-

1936 3661 2034 3727 sis,
2068 3658 2392 3728 Agobardus
2440 3658 2852 3730 Lugdunensis,
2880 3667 2933 3714 et
2960 3660 3387 3716 Bartholomzeus
3418 3661 3553 3715 Nar-

1936 3749 2203 3805 bonensis
2226 3748 2544 3819 episcopus,
2577 3758 2631 3803 et
2661 3748 3124 3813 abscedenteillo,
3142 3751 3233 3820 qui
3257 3750 3552 3806 adfuerunt

1935 3839 2183 3910 episcopi
2242 3840 2628 3911 imperatorem
2689 3842 2742 3895 in
2801 3841 3035 3896 ecclesia
3090 3844 3264 3897 sancti
3304 3844 3549 3915 Dionysii

1937 3932 2447 3999 reconciliaverunt,
2476 3940 2529 3987 et
2558 3933 2944 3989 ecclesiasticée
2984 3934 3360 3989 communioni
3391 3936 3552 3989 resti-

1937 4032 2177 4079 tuerunt.
2212 4024 2364 4089 Quod
2396 4023 2509 4078 Ebo
2540 4024 2794 4089 audiens,
2828 4023 3154 4095 quihusdam
3188 4023 3551 4079 familiaribus

1936 4114 2051 4168 suis
2096 4113 2499 4184 plenitudinem
2550 4130 2772 4170 suorum
2829 4115 3103 4189 delegavit
3156 4115 3462 4181 hominum,
3497 4127 3551 4173 et

1936 4210 2144 4257 certum
2176 4204 2256 4257 eis
2288 4204 2543 4273 placitum
2576 4204 2749 4270 dedit,
2780 4204 2876 4259 ubi
2915 4213 2968 4259 et
2998 4204 3218 4277 quando
3250 4204 3446 4259 iterum
3479 4205 3546 4260 ad

1938 4309 2062 4348 cum
2092 4294 2361 4347 venirent.
2419 4292 2689 4361 Adjicitur
2742 4295 2903 4348 etiam
2955 4296 3102 4367 quod
3144 4296 3257 4351 Ebo
3288 4296 3547 4366 plurima,

207 4363 361 4417 riosa
414 4363 613 4420 leniter
666 4367 785 4436 ejus
846 4368 1042 4441 capiti:
1103 4370 1241 4435 Quid
1297 4373 1407 4441 hic,
1458 4375 1653 4446 inquit,
1684 4379 2047 4455 agis,un2e
2103 4383 2173 4438 de
2239 4382 2589 4437 facultatibus
2647 4363 3037 4442 ecclesiasticis
3105 4386 3249 4441 ferre
3290 4363 3433 4441 tunc
3489 4363 3543 4440 in

204 4454 411 4510 fratrer
443 4457 687 4514 Raduine
723 4458 751 4512 ?
777 4476 886 4531 quo
908 4476 1033 4515 mox
1065 4462 1239 4532 pedes
1268 4464 1412 4520 illius
1438 4468 1673 4523 osculari
1706 4486 1827 4539 pro-

202 4547 526 4617 cumbente,
557 4552 757 4620 adjecit
792 4552 931 4607 :Ubi
980 4554 1145 4608 modo
1190 4547 1342 4629 degit
1392 4558 1503 4614 Ebo
1535 4560 1825 4618 Remensis

202 4641 658 4713 archiepiscopus
711 4643 739 4697 ?
782 4645 895 4710 Quo
928 4645 1298 4716 respondente
1355 4666 1367 4702 :
1402 4650 1641 4720 palatina
1666 4654 1826 4725 jussu

204 4728 358 4801 regis
386 4732 704 4803 exsequitur
735 4733 974 4807 negotia.
1010 4734 1072 4788 Et
1128 4735 1463 4808 cur,inquit,
1491 4745 1598 4794 tam
1631 4743 1826 4799 sedulo

202 4820 399 4891 palatii
430 4822 554 4877 terit
582 4822 807 4879 limina?
833 4841 1061 4896 prorsus
1079 4827 1209 4883 hinc
1239 4844 1586 4902 nequaquam
1619 4836 1825 4904 majore

204 4908 475 4966 dilabitur
526 4915 828 4971 sanctitatis
886 4916 1152 4975 efﬁcacia.
1213 4920 1405 4977 Veniet
1435 4924 1604 4989 enim,
1644 4926 1827 4981 veniet

202 4999 497 5060 celerrime
554 5012 792 5078 tempus,
847 5011 1069 5081 quando
1132 5028 1243 5068 non
1301 5015 1716 5086 prosperabitur
1768 5018 1822 5073 in

204 5088 431 5148 talibus.
454 5093 624 5158 Quem
657 5097 793 5151 nihil
851 5099 920 5153 ad
960 5101 1078 5155 haec
1133 5102 1430 5158 audentem
1459 5106 1822 5177 respondere,

201 5184 302 5237 tali
325 5201 671 5259 prosequens
722 5188 916 5245 affatur
945 5192 1274 5249 allocutione
1318 5195 1483 5261 :Quae
1517 5204 1821 5254 vestrorum

200 5280 459 5330 versatur
487 5276 635 5347 apud
663 5277 917 5334 homines
948 5297 1140 5356 regum
1172 5283 1499 5355 disceptatio
1527 5285 1555 5339 ?
1575 5286 1725 5342 Tunc
1755 5304 1821 5345 eo

202 5369 632 5438 respondente:
684 5371 914 5427 Domina
969 5373 1212 5430 Genitrix
1260 5376 1557 5432 Salvatoris
1610 5382 1822 5450 mundi,

201 5466 311 5513 tuae
341 5460 543 5515 melius
598 5461 750 5516 novit
804 5463 907 5519 hoc
957 5467 1259 5521 sanctitatis
1316 5468 1676 5539 incorruptio,
1727 5474 1821 5544 ait,

198 5546 335 5618 quid
359 5553 526 5603 tantae
552 5546 700 5601 malo
758 5551 1070 5620 cupiditatis
1110 5552 1277 5607 illecti
1324 5569 1466 5609 vana
1496 5570 1643 5609 nunc
1666 5574 1823 5631 gras-

194 5644 391 5695 santur
447 5636 706 5693 audacia.
762 5637 899 5695 Illud
956 5641 1102 5697 enim
1156 5649 1288 5698 tunc
1339 5642 1526 5699 aderat
1577 5650 1818 5719 tempus,

1926 4480 2155 4547 argento
2183 4480 2235 4528 et
2255 4488 2388 4528 auro
2423 4474 2619 4544 potuit,
2652 4490 2838 4530 secum
2893 4490 3203 4543 assumens,
3263 4489 3387 4529 cum
3420 4474 3545 4545 qui-

1928 4570 2161 4627 busdam
2218 4571 2570 4639 Normannis,
2618 4570 2711 4640 qui
2771 4568 2874 4625 iter
2928 4578 2981 4625 et
3038 4576 3228 4640 portus
3269 4568 3437 4622 maris
3484 4584 3549 4623 ac

1928 4659 2216 4714 ﬂuminum
2269 4675 2421 4715 mare
2472 4659 2819 4714 inﬂuentium
2853 4666 3013 4715 notos
3065 4658 3367 4714 habebant.
3416 4673 3539 4714 cum

1927 4748 2116 4818 paucis
2143 4764 2365 4820 quoque
2391 4748 2513 4803 aliis
2542 4749 2860 4805 domesticis
2890 4750 3027 4815 suis,
3060 4747 3212 4803 nullo
3241 4748 3544 4817 impetente

1926 4836 2013 4890 vel
2040 4843 2432 4908 persequente,
2464 4845 2626 4893 noctu
2655 4838 2839 4894 Remis
2873 4838 3102 4910 aufugit,
3137 4845 3190 4891 et
3221 4852 3330 4892 non
3363 4835 3540 4890 solum

1927 4925 2243 4994 parochiam
2293 4941 2471 4992 suam,
2520 4942 2709 4981 verum
2741 4934 2794 4983 et
2821 4927 3092 4999 Belgicam
3122 4926 3408 4999 regionem
3442 4926 3541 4980 de-

1924 5018 2115 5087 seruit,
2171 5025 2226 5074 et
2276 5018 2378 5072 iter
2430 5016 2497 5071 ad
2546 5017 2910 5084 Normannos,
2970 5016 3172 5089 quibus
3231 5033 3261 5069 a
3292 5014 3540 5070 Paschali

1926 5121 2068 5176 papa
2128 5106 2394 5177 [Paschal.
2451 5104 2523 5174 I],
2570 5122 2785 5161 necnon
2845 5106 2914 5161 ab
2968 5106 3213 5180 Eugenio
3275 5105 3432 5176 [Eug.
3464 5102 3537 5173 Il]

1925 5210 2247 5251 successore
2273 5195 2469 5262 ipsius,
2504 5195 2644 5249 sicut
2674 5196 2924 5266 epistolis
2974 5195 3297 5251 eorumdem
3329 5210 3537 5265 praesu-

1924 5283 2035 5337 lum
2063 5284 2130 5337 ad
2184 5284 2365 5353 ipsum
2419 5298 2519 5354 pro
2575 5285 2678 5339 hac
2730 5301 2789 5339 re
2843 5285 2985 5339 datis
3015 5284 3334 5350 edocemur,
3362 5284 3539 5339 fuerat

1927 5371 2251 5443 praedicator
2280 5373 2609 5440 destinatus,
2658 5376 2904 5447 arripuit.
2949 5377 3103 5442 Quod
3131 5373 3537 5431 manifestanti-

1927 5465 2030 5521 hus
2051 5467 2152 5533 eis,
2176 5483 2299 5521 cum
2332 5466 2533 5538 quibus
2570 5468 2676 5523 hoc
2726 5469 3017 5524 consilium
3073 5470 3213 5534 iniit,
3249 5469 3539 5538 imperato-

1925 5573 2038 5613 rem
2087 5557 2255 5612 latere
2285 5571 2396 5613 non
2428 5557 2620 5628 potuit.
2665 5557 3009 5630 Quapropter
3064 5558 3364 5630 imperator
3408 5572 3534 5610 eum

1924 5664 2021 5721 per
2067 5648 2383 5722 episcopos,
2416 5646 2742 5711 .Rothadum
2802 5647 3013 5706 scilicet
3040 5648 3452 5714 Suessonicam,
3483 5651 3535 5701 et
