3970 6218
503 250 600 305 131

499 389 736 459 pientes,
785 391 837 438 et
885 383 952 438 ad
1004 383 1057 436 id
1113 382 1524 454 exsequendum
1578 380 2108 438 loci‘incommodi-
2131 383 2183 451 Α

497 484 661 532 tatem
720 481 1029 539 cernentes,
1079 473 1436 528 concedimus
1492 473 1561 528 ad
1613 474 1717 530 hoc
1767 491 1929 546 opus,
1959 483 2014 530 et
2037 475 2106 530 ad

497 573 691 621 catera
716 579 949 636 quaque
1007 577 1106 633 pro
1164 578 1443 618 servorum
1488 563 1580 616 Dei
1636 563 1840 638 ibidem
1896 565 2105 638 degen-

498 658 630 711 tium
651 654 1074 710 necessitatibus
1099 654 1444 722 aediﬁcanda,
1472 672 1687 710 murum
1719 671 1940 712 omnem
1981 671 2104 710 cum

498 746 669 816 portis
708 746 882 816 ipsius
929 745 1182 812 civitatis,
1205 752 1259 799 et
1288 760 1509 800 omnem
1541 760 1765 815 Operam
1810 762 1932 800 cum
1970 760 2104 799 cun-

495 834 595 888 ctis
623 834 940 904 impendiis,
969 849 1090 905 qua
1149 849 1214 887 ex
1274 834 1439 888 rebus
1467 840 1521 888 et
1567 833 1913 888 facultatibus
1935 834 2107 905 ipsius

495 928 744 983 ecclesia
776 935 828 980 et
858 927 1207 998 episcOpatus
1262 927 1548 982 Remeusis
1580 928 1747 998 Aquis
1776 927 1974 998 palatio
2005 943 2104 983 no-

495 1029 606 1077 stro
639 1020 790 1092 regio
836 1021 1022 1091 peragi
1071 1027 1123 1074 et
1147 1020 1352 1076 exsolvi
1410 1021 1628 1076 solitum
1653 1022 1845 1089 fuerat,
1879 1023 1934 1076 in
1957 1021 2105 1076 elee-

497 1127 727 1183 mosyna
753 1111 1012 1164 videlicet
1043 1118 1250 1175 nostra,
1292 1118 1345 1165 et
1368 1127 1468 1181 pro
1509 1112 1756 1166 remedio
1787 1111 1984 1166 anima
2006 1108 2105 1164 do-

498 1202 612 1256 mni
649 1218 713 1256 ac
741 1202 1008 1272 genitoris
1064 1203 1259 1266 nostri,
1311 1210 1473 1274 atque
1539 1211 1859 1258 caterorum
1895 1200 2105 1272 prade—

497 1305 777 1344 cessorum
840 1298 1175 1356 nostrorum,
1239 1292 1331 1362 qui
1411 1292 1666 1347 eumdem
1726 1291 2103 1362 episcopatum

495 1389 685 1440 contra
743 1385 974 1438 salutem
1021 1398 1175 1436 suam
1227 1382 1548 1454 aliquandiu
1598 1388 1908 1446 tenuerant,
1967 1386 2020 1434 et
2051 1379 2105 1434 in

500 1487 632 1526 suos
684 1487 820 1525 usus
871 1478 1061 1526 contra
1116 1471 1518 1525 ecclesiasticas
1537 1472 1775 1542 regulas,
1809 1479 1862 1524 et
1917 1486 2003 1525 res
2044 1484 2107 1522 ac

498 1559 782 1615 facultates
803 1560 1052 1614 ecclesia
1085 1559 1256 1630 ipsius
1275 1560 1649 1629 expenderent
1677 1566 1759 1624 ;et
1780 1560 1850 1613 ob
1883 1560 1987 1614 hoc
2004 1558 2106 1612 mi-

500 1666 604 1704 nus
635 1666 798 1720 quam
831 1649 1097 1704 debuerat
1153 1650 1400 1704 utilitatis
1449 1651 1616 1705 sacris
1656 1650 1790 1704 locis
1821 1650 1874 1703 in
1909 1650 2105 1704 eodem

497 1745 819 1816 episcopatu
872 1741 1182 1798 constitutis
1217 1741 1415 1795 exinde
1471 1748 1817 1810 provenerat.
1849 1739 2109 1794 Volumus

497 1833 682 1900 etiam,
723 1839 780 1886 ut
835 1832 1078 1896 vassalli,
1125 1838 1178 1884 et
1229 1831 1547 1902 quicunque
1595 1829 1789 1883 ﬁdeles
1823 1829 1993 1882 nostri
2043 1844 2108 1883 ex

499 1925 663 1979 rebus
711 1926 959 1994 ejusdem
1006 1924 1354 1995 episcopatus
1408 1923 1615 1994 aliquid
1667 1921 1893 1986 habent,
1927 1920 2108 1975 eidem

498 2017 653 2087 Operi
693 2019 1012 2084 inserviant,
1068 2019 1207 2073 sicut
1253 2017 1604 2074 constitutum
1634 2022 1718 2069 cst
1747 2031 1777 2068 a
1807 2013 1965 2068 bona
1994 2029 2111 2068 me-

499 2104 686 2159 moria
715 2106 921 2162 domno
963 2113 1016 2160 et
1071 2107 1318 2178 genitore
1353 2113 1562 2170 nostro,
1595 2110 1648 2157 et
1667 2103 1807 2157 sicut
1827 2102 2105 2156 decretum

496 2200 631 2247 esta
672 2194 774 2265 pia
827 2195 1228 2250 recordationis
1266 2195 1471 2250 domno
1497 2201 1551 2248 et
1569 2209 1670 2248 avo
1712 2199 1898 2247 nostro
1921 2189 2107 2262 Pippi-

495 2300 588 2352 no,
619 2286 863 2340 decimas
885 2294 937 2340 et
970 2303 1080 2341 non
1108 2287 1288 2341 eidem
1316 2285 1565 2340 ecclesia
1605 2291 1806 2338 sancta
1829 2299 1893 2338 cx
1918 2283 2103 2351 rebus,

493 2389 630 2445 quas
656 2375 857 2429 exinde
916 2374 1141 2441 habent,
1181 2374 1517 2445 persolvant.
1549 2373 1674 2426 Vias
1734 2372 1896 2426 etiam
1923 2368 2104 2440 publi-

489 2481 583 2519 cas
612 2480 828 2532 omnes,
862 2482 984 2537 qua
1022 2467 1166 2521 circa
1191 2465 1444 2520 eamdem
1476 2463 1765 2518 ecclesiam
1795 2463 2023 2529 vadunt,
2052 2466 2107 2516 et

495 2557 891 2627 impedimento
921 2575 1042 2614 esse
1093 2564 1326 2630 possunt
1351 2557 1419 2611 ad
1448 2556 1702 2621 claustra,
1744 2562 1797 2608 et
1821 2568 2102 2607 servorum

496 2650 589 2703 Dei
645 2651 956 2707 habitacula
1012 2651 1409 2714 construenda,
1475 2656 1533 2703 ut
1590 2646 1873 2702 transferri
1941 2651 2105 2715 atque

497 2738 770 2794 immutari
823 2741 1054 2811 possint,
1117 2739 1492 2794 concedimus.
1555 2736 1618 2791 Et
1683 2736 1728 2789 si
1780 2733 1986 2805 aliquid
2028 2732 2104 2787 ibi

496 2825 629 2882 ﬁsco
685 2835 869 2884 nostro
927 2829 1180 2896 habetur,
1227 2844 1323 2898 per
1380 2827 1482 2881 hoc
1536 2831 1737 2880 nostra
1769 2822 2106 2877 auctoritatis

497 2922 830 2987 praceptum
863 2925 1130 2988 perpetuo
1186 2932 1343 2987 aque
1391 2912 1770 2977 concedimus,
1817 2918 1876 2965 ut
1925 2910 2108 2964 nullus

490 3008 681 3076 judex,
703 3023 913 3074 comes,
941 3013 1034 3061 aut
1083 3005 1304 3072 missus,
1350 3003 1466 3058 sive
1497 3001 1696 3073 aliquis
1726 3016 1792 3055 ex
1817 2997 2108 3070 judiciaria

1626 242 1989 299 FLODOARDI
2031 241 2332 298 CANONICI
2375 243 2705 299 REMENSIS

3731 248 3847 304 ηε

2281 401 2308 431 ι
2355 382 2414 436 In
2473 381 2699 438 nomine
2753 381 2969 437 Domini
3037 381 3132 437 Dei
3189 389 3243 437 et
3291 382 3588 440 Salvatoris
3655 387 3842 440 nostri

2206 475 2334 530 Jesu
2366 474 2562 530 Christi
2627 475 2935 532 Ludovicus
2992 483 3045 531 et
3101 475 3411 542 Lotharius,
3443 475 3637 529 divina
3683 476 3845 531 ordi-

2208 573 2375 623 nante
2394 568 2740 638 providentia
2805 569 3164 639 imperatores
3221 567 3465 643 Augusti.
3532 566 3590 621 Si
3627 566 3842 622 libera-

2208 655 2374 710 litatis
2397 662 2595 711 nostra
2625 672 2851 712 munere
2873 657 3009 713 locis
3038 658 3150 712 Deo
3181 656 3374 712 dicatis
3405 655 3677 728 quiddam
3703 671 3842 710 con-

2207 746 2436 802 ferimus
2465 747 2744 816 beneﬁcii,
2775 757 2828 805 et
2875 751 3232 806 necessitates
3291 748 3708 806 ecclesiasticas
3739 763 3842 804 no-

2207 841 2319 890 stro
2350 835 2658 892 relevamus
2711 838 3016 906 juvamine,
3049 838 3103 892 id
3145 837 3308 894 nobis
3343 843 3398 893 et
3432 837 3504 893 ad
3534 836 3838 894 mortalem

2206 926 2372 982 vitam
2426 926 2802 998 temporaliter
2852 928 3290 1000 transigendam,
3349 934 3406 982 et
3455 927 3526 982 ad
3561 933 3838 982 aternam

2206 1018 2437 1074 feliciter
2465 1017 2826 1074 obtinendam
2867 1017 3212 1086 profuturum
3254 1017 3465 1089 liquido
3521 1015 3836 1071 credimus.

2207 1107 2417 1164 Idcirco
2457 1115 2646 1164 notum
2681 1107 2800 1163 ﬁeri
2857 1108 3109 1163 volumus
3143 1107 3407 1163 omnibus
3442 1104 3720 1160 ﬁdelibus
3738 1119 3841 1158 no-

2207 1200 2353 1262 stris,
2389 1200 2754 1272 prasentibus
2811 1201 3024 1256 scilicet
3065 1208 3118 1256 et
3147 1201 3360 1263 futuris,
3389 1195 3539 1270 quod
3578 1201 3838 1250 sanctam

2208 1289 2532 1344 Remensem
2578 1290 2892 1353 ecclesiam.
2936 1292 2990 1345 in
3031 1307 3140 1363 qua
3188 1290 3629 1361 pradecessores
3656 1291 3838 1346 nostri

2211 1397 2370 1454 reges
2398 1382 2654 1437 videlicet
2684 1383 3013 1438 Francorum
3060 1381 3224 1437 ﬁdem
3268 1389 3323 1438 et
3359 1382 3500 1438 sacri
3520 1381 3837 1453 baptisma-

2209 1471 2278 1525 tis
2306 1471 2532 1542 gratiam
2575 1475 2962 1544 perceperunt,
3018 1473 3074 1526 in
3105 1488 3213 1544 qua
3253 1479 3308 1527 et
3337 1487 3438 1528 nos
3473 1487 3574 1542 per
3604 1471 3838 1544 imposi-

2207 1563 2413 1619 tionem
2444 1579 2640 1618 manus
2669 1563 2856 1619 domni
2880 1564 3143 1634 Stephani
3175 1582 3329 1638 papa
3347 1567 3661 1638 imperialia
3676 1583 3836 1622 sum—

2209 1653 2418 1723 psimus
2467 1655 2709 1727 insignia
2765 1655 2836 1710 ob
2887 1656 3245 1711 reverentiam
3292 1655 3421 1712 ﬁdei
3475 1657 3830 1722 Christiana,

2207 1747 2261 1795 et
2291 1741 2362 1796 ob
2390 1742 2587 1797 anima
2631 1750 2829 1799 nostra
2863 1743 3117 1813 salutem,
3177 1743 3248 1798 ab
3282 1745 3390 1800 imo
3417 1746 3665 1801 construi
3700 1745 3834 1800 feci-

2134 1797 2188 1866 B
2209 1845 2350 1884 mus.
2383 1846 2617 1903 eamque
2650 1833 2705 1886 in
2725 1833 2989 1889 honorem
3011 1835 3230 1891 Domini
3261 1835 3431 1890 nostri
3461 1836 3595 1891 Jesu
3625 1835 3830 1891 Christi

2211 1919 2505 1975 Salvatoris
2556 1921 2771 1988 mundi,
2827 1923 2990 1978 simul
3044 1931 3098 1978 et
3163 1925 3219 1979 in
3273 1925 3542 1980 honorem
3572 1925 3832 1996 ejusdem

2212 2015 2415 2064 sancta
2455 2017 2509 2064 et
2564 2011 2903 2067 intemerata
2950 2013 3246 2088 genetricis
3288 2015 3465 2070 Maria
3513 2016 3832 2070 consecrari

2208 2097 2571 2154 decrevimus.
2633 2101 2841 2172 Itaque,
2873 2101 3057 2157 divina
3088 2102 3447 2174 inspiratione
3475 2105 3830 2175 compuncti,

2208 2194 2261 2243 et
2291 2189 2531 2245 caelestis
2579 2193 2767 2263 patria
2823 2209 3010 2250 amore
3067 2195 3344 2261 succensi,
3396 2195 3652 2266 quadam
3685 2211 3831 2267 pra-

2207 2280 2319 2347 dia,
2353 2297 2475 2352 qua
2495 2283 2676 2338 eidem
2708 2293 2910 2342 sancta
2941 2287 3060 2342 sedi
3089 2287 3368 2359 quondam
3399 2287 3581 2342 ablata
3613 2286 3832 2343 fuerant

2206 2374 2402 2430 devota
2431 2384 2616 2433 mente
2647 2381 2860 2435 restitui
2877 2380 3167 2450 jussimus,
3188 2380 3242 2435 id
3273 2386 3379 2447 est,
3412 2380 3467 2434 in
3486 2378 3828 2435 suburbanis

2206 2469 2380 2540 ipsius
2406 2478 2610 2526 sancta
2627 2469 2878 2525 ecclesia
2892 2470 3107 2525 titulum
3140 2471 3195 2526 S.
3209 2470 3362 2537 Sixti,
3397 2485 3617 2526 necnon
3635 2477 3692 2524 et
3705 2469 3829 2524 titu-

2208 2563 2319 2618 lum
2339 2563 2392 2620 S.
2408 2563 2647 2629 Martini,
2663 2578 2788 2617 cum
2802 2562 3155 2633 appendiciis
3171 2577 3382 2618 eorum.
3399 2562 3645 2617 Exterius
3658 2562 3824 2617 etiam

2209 2654 2264 2709 in
2292 2657 2486 2711 eadem
2513 2655 2796 2727 parochia,
2817 2655 2873 2709 in
2905 2661 3084 2710 castro
3105 2654 3377 2710 Vonzensi
3399 2653 3618 2709 titulum
3650 2652 3828 2725 bapti-

2206 2744 2454 2811 smalem,
2475 2751 2528 2800 et
2559 2743 2775 2798 titulum
2805 2742 2862 2796 in
2879 2743 3073 2797 eadem
3089 2743 3349 2813 parochia
3365 2742 3830 2798 SJoannissimi-

2209 2831 2334 2886 liter
2362 2831 2737 2902 baptimalem.
2775 2832 2892 2887 suis
2921 2847 3045 2886 cum
3077 2831 3442 2903 appendiciis,
3469 2837 3524 2886 et
3553 2832 3832 2888 Bretinia-

2209 2935 2373 2975 cum:
2405 2920 2589 2976 villam
2632 2935 2854 2992 quoque
2898 2920 3232 2991 Sparnacum
3291 2937 3416 2976 cum
3475 2924 3830 2994 appendiciis

2210 3009 2346 3076 suis,
2373 3017 2427 3064 et
2456 3010 2512 3064 in
2528 3009 2656 3066 villa
2686 3026 2807 3082 qua
2861 3016 3085 3066 vocatur
3125 3010 3328 3065 Lucida
3361 3010 3573 3082 [Lude],
3605 3029 3828 3070 necnon

497 3071 783 3170 imi-estate;
817 3071 982 3153 “nam
1043 3097 1175 3152 inde
1234 3096 1413 3150 eidem
1458 3071 1660 3149 Sane—t3?
1714 3093 1810 3148 θθί
1837 3091 2111 3163 lmﬁdictae
2137 3071 2186 3140 C
2211 3106 2265 3155 et
2291 3071 2346 3154 in
2378 3100 2678 3158 Proviliaco
2705 3071 3008 3173 ⁵[Ρνοιιὶιιςί]
3040 3103 3095 3157 in
3141 3102 3339 3158 eodem
3361 3071 3826 3176 .pagodflemensi.

499 3189 756 3244 Remensi
815 3188 1063 3243 ecclesia
1119 3185 1576 3257 inquietudinem.
1637 3189 1729 3238 aut
1793 3181 1964 3237 ullum
2019 3195 2110 3234 ca-

496 3279 718 3336 lumnia
767 3278 1223 3348 impedimentum
1274 3274 1473 3329 inferre
1524 3288 1765 3344 unquam
1794 3275 2109 3342 prasumat,

496 3369 854 3427 obsecrantes
875 3381 1225 3422 successores
1262 3369 1500 3430 nostros,
1534 3367 1592 3416 ut
1629 3375 1904 3416 memores
1923 3356 2114 3412 salutis

496 3477 631 3526 sua,
665 3459 954 3531 prasentis
1004 3457 1214 3512 scilicet
1266 3461 1320 3509 et
1356 3461 1592 3516 aeterna,
1637 3467 1910 3507 memores
1941 3449 2104 3504 etiam

497 3552 914 3612 beneficiorum,
947 3565 1069 3622 qua
1097 3547 1256 3604 nobis
1279 3554 1334 3600 et
1362 3546 1512 3619 genti
1541 3552 1742 3601 nostra
1789 3559 1854 3598 ac
1894 3541 2107 3614 prade-

495 3643 809 3700 cessoribus
838 3643 1037 3697 nostris
1066 3641 1120 3694 in
1153 3640 1349 3694 eodem
1401 3645 1592 3694 sancto
1613 3639 1757 3704 loco,
1787 3651 1884 3706 per
1912 3635 1971 3688 Β.
2003 3633 2107 3687 Re-

495 3735 744 3810 migium,
777 3733 986 3788 meritis
1033 3732 1086 3788 S.
1147 3731 1324 3786 Maria
1389 3731 1587 3785 collata
1635 3736 1782 3794 sunt,
1812 3728 1953 3782 sicut
2008 3738 2108 3777 sua

495 3825 640 3879 bene
694 3830 846 3898 gesta
891 3841 924 3878 a
974 3823 1088 3877 suis
1115 3821 1529 3877 successoribus
1574 3819 1886 3876 conservari
1916 3816 2106 3872 volue-

495 3919 623 3986 rint,
671 3918 742 3972 ita
787 3933 910 3988 qua
962 3931 1061 3987 pro
1104 3929 1291 3969 amore
1331 3914 1445 3978 Dei,
1483 3921 1537 3967 et
1565 3919 1770 3967 sancta
1801 3912 1920 3980 ejus
1948 3908 2107 3984 geni-

493 4006 643 4062 tricis
678 4022 743 4060 ac
779 4005 925 4060 beati
983 4002 1309 4074 protectoris
1337 4001 1508 4056 nostri
1564 4000 1798 4074 Remigii
1820 4015 1967 4072 sape
1999 3996 2106 4052 fato

493 4103 684 4154 sancto
715 4098 836 4152 loco
867 4095 1218 4161 contulimus,
1252 4097 1516 4163 perpetuo
1557 4089 1948 4147 inviolabiliter
1973 4103 2106 4144 con-

494 4207 714 4247 servare
761 4195 1074 4261 procurent.
1119 4187 1182 4241 Et
1237 4192 1300 4240 ut
1355 4186 1473 4238 hac
1511 4189 1698 4239 nostra
1727 4178 2108 4236 concessionis

492 4279 784 4335 auctoritas
845 4293 944 4349 per
1007 4276 1186 4331 futura
1248 4279 1497 4343 tempora
1545 4269 1850 4342 pleniorem
1910 4268 1965 4322 in
2009 4265 2106 4320 Dei

490 4372 714 4428 nomine
772 4369 1020 4426 obtineat
1077 4365 1349 4422 ﬁrmitatis
1382 4364 1647 4437 vigorem,
1681 4361 1872 4418 annuli
1934 4359 2107 4416 nostri

492 4464 856 4537 impressione
883 4461 1279 4535 subtersignari
1309 4459 1676 4514 decrevimus.
1699 4475 1731 4506 n

561 4559 670 4614 Sed
700 4563 753 4611 et
779 4555 1074 4626 quemdam
1143 4553 1355 4607 fabrum
1409 4566 1626 4606 servum
1665 4564 1845 4611 suum,
1879 4546 2104 4602 nomine

495 4649 818 4706 Rumaldum
872 4646 939 4700 ad
968 4643 1289 4716 petitionem
1339 4641 1608 4709 ejusdem,
1642 4639 1894 4710 prasulis
1925 4637 2103 4692 eccle-

491 4743 588 4798 sia
613 4737 874 4795 Remensi
932 4735 1225 4802 concessit,
1257 4740 1315 4787 ut
1357 4732 1447 4786 hic
1475 4731 1544 4786 de
1577 4730 1782 4786 talento
1813 4747 1843 4784 a
1873 4729 2103 4786 Domino

491 4831 598 4885 sibi
629 4827 850 4894 collato,
884 4825 1036 4894 juxta
1090 4823 1238 4880 vires
1293 4819 1493 4875 diebus
1554 4819 1678 4877 vita
1722 4833 1835 4874 sua
1868 4817 2102 4890 proﬁce-

492 4928 572 4977 ret
603 4937 618 4987 ;
659 4920 829 4985 Quam
855 4918 1018 4973 etiam
1077 4914 1386 4970 cessionem
1416 4913 1635 4984 apicum
1665 4911 2022 4966 adnotatione
2049 4917 2104 4967 et

488 5012 679 5069 annuli
709 5012 792 5067 sui
830 5009 1164 5084 sigillatione
1192 5007 1486 5063 roboravit.
1527 5004 1687 5061 Aliud
1718 5019 1940 5075 quoque
1962 5020 2101 5075 pra-

489 5112 710 5179 ceptum
737 5105 808 5160 de
835 5105 982 5160 vitiis
1003 5102 1242 5175 publicis
1269 5098 1700 5156 transmutandis
1729 5096 1801 5154 ob
1833 5096 2098 5167 quasdam

489 5201 771 5257 clausuras
813 5201 870 5255 in
925 5198 1060 5256 locis
1087 5196 1284 5254 vicinis
1339 5195 1508 5266 ipsius
1536 5191 1691 5248 urbis
1719 5190 2019 5258 faciendas,
2047 5197 2101 5246 et

489 5290 812 5347 multimoda
895 5289 1146 5347 ecclesia
1197 5286 1551 5358 compendia,
1612 5283 1793 5340 eidem
1853 5282 2100 5354 pontiﬁci

491 5381 664 5446 dedit,
693 5382 841 5452 quod
872 5388 926 5438 et
991 5379 1196 5436 annulo
1241 5393 1341 5435 suo
1394 5375 1696 5450 insignivit.
1746 5375 2017 5430 Praterea
2033 5374 2101 5429 de

491 5471 842 5526 restituendis
894 5471 1076 5528 eidem
1125 5475 1327 5525 sancta
1382 5467 1501 5523 sedi
1561 5465 1800 5536 pradiis,
1851 5480 1974 5538 qua
2022 5465 2100 5519 illi

490 5557 769 5627 quondam
814 5561 1031 5616 fuerant
1073 5558 1275 5623 ablata,
1332 5571 1445 5611 una
1496 5569 1620 5608 cum
1669 5551 1782 5610 ﬁlio
1848 5552 2099 5608 Lothario

492 5641 704 5704 Caesare
732 5650 896 5708 talem
926 5647 1189 5722 pracepti
1221 5645 1374 5702 dedit
1392 5640 1792 5698 auctoritatem.

2214 3195 2272 3248 ln
2305 3209 2445 3266 pago
2471 3210 2601 3251 vero
2623 3195 2976 3251 Dulcomensi
2996 3194 3200 3256 villam,
3225 3210 3347 3266 qua
3367 3202 3595 3251 vocatur
3624 3197 3826 3254 Cavera

2218 3283 2275 3353 [i,
2300 3282 2546 3355 Canera],
2580 3301 2797 3342 necnon
2829 3292 2883 3339 et
2914 3285 2969 3339 in
3006 3284 3137 3339 villa
3166 3299 3288 3356 qua
3333 3284 3535 3341 dicitur
3561 3286 3741 3343 Verna
3771 3288 3825 3342 in

2215 3386 2356 3444 pago
2384 3371 2738 3430 Vertudense.
2785 3372 2878 3428 Vel
2929 3372 2974 3426 si
3027 3371 3164 3428 forte
3212 3371 3479 3444 deinceps
3528 3375 3599 3430 de
3659 3375 3828 3431 rebus

2209 3459 2480 3532 praedicta
2501 3467 2700 3517 sancta
2759 3460 3006 3517 ecclesia
3053 3461 3398 3532 temporibus
3419 3464 3621 3519 nostris
3648 3465 3830 3520 adhuc

2208 3549 2690 3620 superaddendum
2748 3550 3116 3617 decrevimus,
3190 3552 3502 3616 statuimus.
3571 3570 3671 3624 per
3725 3554 3831 3610 hoc

2211 3648 2408 3697 nostra
2449 3643 2788 3699 auctoritatis
2832 3651 3190 3716 praceptum,
3239 3652 3296 3700 ut
3347 3661 3459 3701 non
3515 3654 3725 3702 tantum
3756 3649 3830 3703 de

2210 3730 2330 3785 istis
2376 3731 2657 3798 restitutis,
2698 3731 2798 3787 sed
2832 3733 2996 3788 etiam
3027 3734 3410 3800 restituendis,
3457 3736 3730 3808 quidquid
3756 3738 3830 3792 de

2207 3822 2344 3894 ipsis
2371 3823 2460 3877 vel
2503 3823 2559 3877 in
2590 3823 2728 3894 ipsis
2757 3829 2997 3879 rectores
3022 3832 3076 3879 et
3115 3825 3351 3881 ministri
3395 3835 3830 3897 pramemorata

2208 3913 2458 3969 ecclesia
2506 3915 2796 3990 elegerint,
2835 3915 2906 3970 ita
2935 3915 3176 3971 debeant
3206 3918 3606 3989 perpetualiter
3644 3921 3827 3990 possi-

2208 4002 2361 4070 dere,
2385 4009 2550 4074 atque
2571 4003 2850 4072 ordinare,
2881 4004 2965 4060 vel
3018 4005 3184 4059 etiam
3215 4004 3420 4073 facere,
3439 4015 3826 4082 proutcunque

2207 4091 2312 4146 sibi
2343 4093 2674 4163 propensius
2712 4093 3008 4162 voluerint,
3049 4101 3109 4149 ut
3154 4094 3365 4168 absque
3423 4097 3590 4152 ullius
3620 4099 3826 4168 injusta

2207 4181 2642 4238 contradictione
2671 4181 2930 4238 ordinent
2975 4188 3138 4254 atque
3167 4182 3486 4254 disponant,
3539 4193 3593 4240 et
3619 4186 3825 4242 faciant

2207 4270 2477 4342 quidquid
2529 4269 2746 4325 utilitati
2790 4269 3066 4341 pradicta
3122 4271 3374 4327 ecclesia
3420 4287 3727 4347 congruere
3771 4283 3824 4329 et

2209 4361 2506 4418 convenire
2535 4363 2938 4434 prospexerint.
2973 4363 3036 4418 Et
3063 4369 3123 4417 ut
3161 4363 3281 4418 hac
3306 4370 3506 4420 nostra
3527 4367 3824 4422 auctorita-

2125 4441 2272 4512 Dtis
2310 4450 2656 4509 conﬁrmatio
2706 4453 3071 4524 prasentibus
3119 4452 3426 4526 futurisque
3477 4455 3825 4528 temporibus

2206 4542 2507 4598 ﬁrmiorem
2555 4542 2613 4596 in
2663 4541 2922 4597 omnibus
2959 4557 3182 4614 semper
3241 4542 3492 4599 obtineat
3547 4546 3821 4621 vigorem,

2205 4635 2461 4690 manibus
2490 4634 2730 4707 prOpriis
2756 4633 3306 4705 subterﬁrmavimus,
3342 4643 3396 4692 et
3424 4639 3619 4694 annuli
3649 4641 3821 4696 nostri

2206 4728 2570 4800 impressione
2600 4726 2807 4800 signari
2823 4727 3110 4796 jussimus.
3149 4748 3174 4778 ι›

2276 4819 2520 4875 Obtinuit
2549 4819 2711 4874 etiam
2743 4819 2889 4874 idem
2926 4819 3126 4890 prasul
3158 4819 3225 4874 ab
3257 4820 3456 4876 eodem
3487 4821 3817 4895 imperatore

2204 4908 2479 4965 Ludovico
2545 4905 2804 4963 Remensi
2859 4907 3108 4964 ecclesia
3143 4951 3158 4976 ,
3226 4909 3533 4966 secundum
3599 4913 3818 4985 antiqua

2201 5002 2540 5072 exemplaria
2594 5003 2899 5074 priscorum
2953 5018 3142 5077 regum
3198 5001 3563 5057 immunitatis
3617 5021 3816 5074 prace-

2202 5098 2375 5164 ptum.
2400 5092 2557 5147 Aliud
2587 5107 2807 5164 quoque
2829 5097 3162 5162 praceptum
3194 5091 3264 5145 de
3297 5097 3465 5152 ponte
3489 5092 3818 5148 Bansionen-

2200 5182 2267 5248 si,
2297 5188 2352 5237 et
2369 5180 2624 5250 teloneis,
2643 5181 2732 5237 vel
2753 5178 3135 5236 exactionibus
3160 5176 3401 5248 publicis
3431 5195 3445 5244 ;
3482 5178 3636 5244 item,
3671 5180 3815 5234 aliud

2203 5275 2274 5329 de
2320 5271 2526 5328 chartis
2556 5268 2931 5326 concrematis
2963 5267 3272 5323 secundum
3302 5267 3687 5322 auctoritatem
3720 5269 3814 5322 im-

2204 5363 2473 5436 peratoris
2514 5359 2715 5416 -Karoli
2765 5376 2780 5425 ;
2832 5359 2985 5423 item,
3059 5374 3092 5413 a
3130 5356 3368 5428 Pippino
3423 5357 3814 5429 Aquitanorum

2201 5471 2334 5528 rege
2399 5459 2733 5526 praceptum
2791 5449 3153 5504 immunitatis
3216 5448 3285 5503 de
3308 5447 3477 5504 rebus
3537 5448 3816 5504 Remensis

2199 5546 2450 5602 ecclesia
2477 5547 2532 5601 in
2568 5559 2710 5617 pago
2756 5541 3039 5598 Avernico
3062 5540 3204 5596 sitis.
3227 5541 3301 5596 De
3335 5539 3467 5595 villa
3495 5555 3629 5595 vero
3659 5540 3814 5610 Spar-

2201 5653 2339 5695 naco
2369 5639 2622 5697 semotim
2679 5650 2904 5711 quoque
2956 5639 3289 5708 praceptum
3338 5632 3629 5704 Ludovici,
3661 5639 3814 5702 atque
