3970 6218
260 238 368 294 133

912 246 1236 303 HISTORIA?
1276 250 1608 307 ECCLESUE
1647 252 1976 308 REMENSIS
2020 254 2194 313 LIBRI
2237 260 2566 325 QUATUOR.
2596 295 2665 306 -—
2706 268 2829 324 LIB.
2873 271 2939 325 Il.

3499 285 3599 341 134

257 374 557 473 separatim
582 381 772 477 postea
798 387 1131 478 praeceptum
1166 382 1404 438 Lotharii
1450 384 1545 439 ﬁlii
1577 387 1696 454 ejus
1722 401 1879 457 repe-
1908 390 1957 456 Α
1981 390 2202 459 quando
2229 390 2463 449 ﬁliorum
2497 412 2719 452 suorum
2752 404 3099 457 contumeliis
3121 406 3384 479 agebatur
3433 413 3602 485 impe-

260 463 402 519 ritur
467 467 773 538 accepisse.
844 468 937 523 ilic
1018 473 1215 541 praesul
1284 474 1396 529 Ebo
1453 491 1576 530 cum
1645 478 1880 534 consilio

258 553 527 610 Ludovici
580 555 943 625 imperatoris,
1001 566 1055 613 et
1094 562 1414 618 auctoritate
1472 565 1748 620 Paschalis
1777 568 1882 623 Ro-

259 646 411 699 mani
435 647 713 718 pontiﬁcis
735 651 1071 721 praedicandi
1116 654 1292 725 gratia
1321 655 1389 710 ad
1408 658 1675 712 terminos
1706 674 1879 728 usque

256 735 536 792 Danorum
582 739 835 806 accessit,
886 756 949 795 ac
978 740 1178 796 multos
1234 760 1299 797 ex
1343 744 1423 798 eis
1479 745 1545 800 ad
1588 746 1752 800 ﬁdem
1784 760 1877 800 ve-

254 830 475 886 nientes
494 831 808 902 baptizavit.

328 922 455 977 Orta
501 924 743 996 denique
787 925 1060 982 simultate
1122 928 1265 981 inter
1309 936 1520 998 patrem
1582 938 1634 985 et
1702 931 1874 987 ﬁlium

257 1016 614 1083 Ludovicum,
696 1019 907 1074 scilicet
979 1022 1388 1091 imperatorem,
1440 1027 1493 1076 et
1562 1022 1874 1077 Lotharium

255 1108 509 1178 partibus
541 1106 637 1162 ﬁlii
692 1108 839 1176 favit,
894 1117 945 1164 et
999 1127 1121 1165 cum
1155 1111 1368 1165 czeteris
1396 1113 1675 1184 episcopis
1703 1116 1873 1170 corri-

253 1198 373 1267 puit
399 1198 787 1267 imperatorem
822 1198 1154 1255 Ludovicum
1177 1217 1276 1271 pro
1300 1201 1629 1272 quibusdam
1655 1205 1869 1269 erratis,

246 1308 376 1363 quae
397 1292 447 1347 ei
480 1292 905 1361 objiciebantur,
935 1296 1156 1366 quando
1188 1294 1283 1349 filii
1315 1297 1398 1351 sui
1430 1297 1870 1367 comprehende-

247 1388 379 1436 runt
418 1398 566 1449 eum,
611 1389 664 1437 et
708 1383 997 1439 Lotharius
1032 1384 1258 1438 adduxit
1315 1400 1509 1439 senum
1562 1391 1773 1455 patrem
1802 1388 1868 1441 ad

246 1467 650 1539 Compendium
690 1472 1046 1541 (Compiégne)
1072 1474 1354 1543 palatium,
1398 1476 1491 1529 ubi
1526 1491 1649 1529 eum
1680 1474 1871 1530 afflixit

252 1574 381 1612 cum
415 1559 691 1630 episc0pis
723 1569 776 1615 et
800 1562 1011 1616 caeteris
1043 1564 1327 1618 nonnullis
1358 1565 1716 1635 Optimatibus
1753 1566 1867 1635 [ms.

246 1652 289 1713 ἱ,
345 1651 712 1723 primatibus],
760 1655 853 1724 qui
905 1655 1193 1722 jusserunt
1248 1665 1305 1711 ut
1364 1658 1417 1711 in
1468 1658 1865 1712 monasterium

246 1743 375 1809 iret,
410 1751 462 1797 et
490 1751 637 1799 esset
665 1745 741 1798 ibi
769 1748 981 1801 cunctis
1031 1748 1229 1803 diebus
1276 1750 1400 1805 vitae
1430 1768 1561 1805 suas.
1595 1751 1747 1814 Quod
1777 1749 1869 1804 ille

246 1850 513 1901 renuens,
553 1853 662 1891 non
717 1840 1000 1893 consensit
1030 1840 1295 1896 voluntati
1326 1858 1539 1898 eorum.
1572 1842 1720 1896 Tunc
1750 1858 1869 1895 om-

247 1939 352 1977 nes
381 1924 629 1996 episc0pi
659 1928 751 1997 qui
770 1930 1018 1997 aderant,
1044 1931 1260 1985 molesti
1288 1932 1338 1986 ei
1358 1932 1530 1986 fuisse
1555 1938 1868 1993 narrantur,

244 2018 300 2064 et
328 2012 770 2084 improperantcs
799 2017 875 2069 illi
902 2024 1123 2086 peccata
1146 2036 1264 2085 sua,
1298 2020 1647 2075 abstulerunt
1679 2021 1729 2074 ei
1750 2020 1868 2094 gla-

250 2098 404 2156 dium
436 2118 467 2156 a
496 2102 701 2157 femore
734 2121 853 2172 suo,
884 2106 1179 2161 induentcs
1212 2125 1335 2161 eum
1366 2109 1563 2164 cilicio.

324 2194 461 2249 Dum
494 2194 814 2267 frequenter
844 2198 1007 2270 igitur
1035 2198 1147 2253 Ebo
1195 2202 1394 2271 pnesul
1438 2202 1490 2254 in
1513 2202 1713 2272 palatio
1740 2210 1869 2258 tunc

249 2292 579 2351 moraretur,
613 2286 927 2354 hujusmodi
982 2287 1051 2341 de
1092 2304 1157 2343 eo
1205 2290 1259 2344 in
1323 2293 1658 2347 monasterio
1691 2297 1867 2349 sancti

250 2371 484 2463 Remigii
516 2374 653 2428 visio
704 2373 939 2427 revelata
993 2383 1096 2429 cst.
1130 2376 1252 2432 Erat
1303 2378 1377 2432 ibi
1411 2382 1715 2435 monachus
1744 2384 1866 2453 qui-

247 2462 658 2527 dam,'nomine
709 2463 1012 2528 Raduinus,
1065 2480 1273 2536 genere
1328 2467 1743 2541 Longobardus,
1774 2474 1865 2543 qui

247 2549 424 2604 abbas
483 2554 760 2622 quondam
845 2553 1125 2607 exstiterat
1203 2558 1523 2610 monasterii
1604 2559 1751 2629 quod
1809 2558 1865 2612 in

247 2652 439 2700 monte
472 2644 737 2699 Bardonis
760 2644 814 2697 in
875 2644 1025 2699 Italia
1060 2645 1365 2701 beatissimi
1396 2648 1628 2721 Remigii
1660 2651 1867 2706 celebri

248 2740 421 2811 pollet
481 2739 765 2794 memoria.
839 2739 1175 2795 Moderamni
1228 2741 1570 2797 Redonensis
1619 2744 1865 2816 episc0pi

245 2828 430 2883 studio
461 2827 732 2883 dedicata.
789 2829 847 2883 In
900 2847 1009 2901 quo
1068 2832 1425 2898 monasterio,
1456 2832 1584 2885 dum
1608 2832 1866 2903 praefatus

247 2919 533 2974 Raduinus
592 2921 893 2981 monachim
970 2922 1336 2992 professionis
1393 2931 1611 2997 gereret
1663 2923 1864 2992 ofﬁcia,

1984 486 2130 533 rator
2161 479 2814 560 Ludovicus.En,inquit,
2856 492 2985 547 huic
3010 494 3342 572 (astringens
3375 479 3597 560 manum

1984 574 2156 662 sancti
2208 575 2456 651 Remigii)
2517 585 2811 639 auctoritas
2870 593 2973 653 est,
3026 605 3057 643 a
3112 589 3322 647 Christo
3379 597 3594 662 tradita,

1984 659 2314 718 Francorum
2364 680 2785 736 perseveranter
2838 675 3053 747 imperii
3136 680 3403 751 Equidem
3454 687 3596 742 sicut

1983 746 2124 803 lianc
2177 759 2398 825 gentem
2450 772 2549 811 sua
2581 758 2828 816 doctrina
2870 746 3115 837 percepit
3148 746 3217 823 ab
3269 771 3593 829 inﬁdelitate

1978 842 2205 911 gratiam
2224 850 2601 917 convertendi,
2619 853 2699 907 sic
2716 855 2879 909 etiam
2902 858 3108 914 donum
3123 877 3345 933 semper
3363 864 3591 921 inviola-

1979 929 2088 984 bile
2119 935 2365 1002 possidet
2391 939 2471 991 eis
2502 957 2687 1013 regem
2718 945 2802 999 vel
2825 946 3208 1017 imperatorem
3246 929 3592 1009 constituen-

1977 1019 2052 1075 di.
2113 1024 2239 1089 Qum
2294 1026 2611 1085 beatissima
2659 1033 2753 1087 Dei
2814 1036 3085 1095 Genitrice
3139 1040 3378 1107 dicente,
3426 1041 3593 1098 frater

1977 1128 2428 1186 pra‘memoratus
2460 1125 2735 1198 evigilavit
2766 1140 3015 1202 repente.

2604 1216 2816 1275 CAPUT
2858 1222 2964 1276 XX.

2438 1306 2510 1357 De
2534 1307 2735 1361 Ebonis
2772 1311 3124 1380 depositione.

2048 1386 2235 1457 Itaque
2267 1396 2556 1461 postquam
2604 1396 2909 1454 Ludovicus
2940 1402 3009 1455 ab
3038 1405 3318 1474 {equivoco
3346 1404 3458 1461 ﬁlio
3489 1424 3590 1463 suo

1975 1481 2257 1534 restitutus
2297 1490 2383 1536 est
2438 1485 2491 1539 in
2546 1504 2774 1559 regnum
2839 1500 2891 1547 et
2943 1495 3203 1550 honorem
3260 1516 3441 1565 suum,
3476 1501 3589 1555 Ebo

1978 1582 2206 1645 propter
2235 1579 2833 1647 hujuscemodifactum
2856 1588 3142 1659 depositus
3171 1598 3253 1644 est
3284 1593 3351 1646 ab
3379 1594 3591 1663 episco-

1979 1672 2126 1733 patu,
2158 1682 2255 1735 pro
2315 1668 2637 1727 inﬁdelitate
2696 1676 3060 1747 imperatoris.
3120 1680 3221 1735 Pro
3253 1699 3361 1752 qua
3392 1685 3589 1755 reipse

1966 1759 2078 1827 jam
2132 1760 2289 1817 Jesse
2342 1764 3133 1840 Ambianensiumlpraesulem
3186 1774 3391 1829 dudum
3424 1778 3592 1848 depo-

1972 1849 2151 1903 suisse
2183 1852 2432 1920 traditur,
2480 1856 2579 1910 sed
2632 1874 2779 1914 nunc
2828 1875 2951 1915 eum
3012 1878 3301 1918 revocasse
3338 1864 3586 1921 ferturin

1971 1940 2199 2012 gradum
2234 1942 2472 2012 priorem

2044 2028 2118 2083 De
2149 2030 2351 2086 Ebonis
2369 2040 2548 2087 autem
2582 2034 2952 2106 depositione,
2973 2041 3289 2112 requirente
3348 2052 3587 2113 postmo—

1972 2119 2275 2211 dumpapa
2302 2126 2521 2182 Nicolao
2573 2129 2642 2184 ab
2693 2132 2970 2203 episcopis
2997 2135 3203 2201 Galliae,
3236 2139 3583 2211 maximeque

1974 2207 2203 2279 Belgicae
2271 2213 2586 2281 provincize,
2658 2219 2775 2273 hch
2834 2222 2976 2275 inter
3033 2224 3139 2278 alia
3194 2226 3246 2278 in
3300 2207 3584 2297 responsis

1970 2299 2181 2368 accepit
2262 2300 2415 2365 Quod
2474 2305 2587 2362 Ebo
2647 2308 2939 2366 Remorum
2972 2315 3270 2386 episcopus
3301 2325 3524 2389 accepta
3554 2337 3584 2373 a

1972 2392 2224 2450 Lothario
2280 2414 2376 2467 pro
2440 2402 2610 2470 patris
2666 2405 2979 2474 proditione
3023 2408 3242 2464 abbatia
3270 2413 3443 2466 sancti
3482 2414 3586 2468 Ve-

1969 2486 2129 2553 dasti,
2177 2488 2437 2545 falsarum
2494 2493 2867 2563 objectionum
2921 2498 3172 2555 incentor
3216 2503 3503 2571 exstiterit,
3532 2514 3587 2561 et

1969 2575 2166 2631 daliter
2206 2579 2551 2637 criminatum
2584 2586 2840 2640 eumdem
2874 2588 3261 2657 imperatorem
3293 2591 3438 2645 idem
3473 2594 3583 2651 Ebo

1970 2682 2000 2720 a
2026 2669 2141 2722 suis
2167 2671 2530 2741 complicibus
2586 2692 2616 2729 a
2649 2677 2932 2733 liminibus
2973 2680 3221 2734 ecclesia)
3253 2682 3578 2753 projectum,

1969 2770 2031 2809 ac
2062 2756 2295 2826 publicae
2327 2761 2662 2830 poenitentia:
2719 2768 3110 2839 mancipatum.
3145 2770 3406 2827 custodiri
3438 2774 3583 2829 fece-

1970 2845 2037 2899 rit
2095 2846 2256 2917 [anno
2312 2850 2457 2915 834),
2517 2868 2694 2925 usque
2726 2857 2853 2911 dum
2912 2858 2965 2911 in
2998 2874 3145 2913 anno
3186 2860 3582 2917 incarnationis

1967 2934 2263 2991 Dominicaa
2312 2940 2771 3013 octingentesimo
2823 2944 3103 3002 tricesimo
3143 2955 3357 3018 quarto,
3394 2950 3586 3005 Lotha-

244 3011 445 3066 ductus
504 3028 690 3067 amore
746 3014 1065 3068 meritorum
1120 3014 1267 3069 beati
1328 3015 1580 3089 Remigii,
1631 3017 2083 3090 sepulcriCrius
2110 3030 2332 3085 territus
2361 3041 2635 3089 conventu
2666 3035 2889 3090 fratrum
2941 3053 3186 3106 suorum,
3221 3055 3284 3093 ac
3314 3041 3581 3110 plurimo-

244 3104 499 3173 ejusdem
527 3105 719 3160 limina
762 3108 936 3177 petiit.
1000 3106 1099 3171 Qui
1140 3124 1263 3162 cum
1319 3107 1582 3164 fratribus
1612 3109 1862 3178 ejusdem

242 3191 349 3248 loci
384 3193 547 3246 vitam
578 3193 786 3248 ducens
845 3194 1177 3266 religiosam,
1220 3196 1387 3268 digne
1427 3213 1550 3252 sese
1601 3198 1668 3251 ad
1699 3200 1864 3253 coele-

243 3289 387 3336 stem
440 3282 724 3356 satagebat
780 3300 1090 3354 praeparare
1137 3285 1409 3343 militiam.
1462 3290 1701 3354 Quadam
1734 3306 1864 3345 vero

243 3373 360 3439 die,
388 3390 554 3428 sacrae
588 3375 799 3431 scilicet
846 3376 1244 3446 assumptionis
1301 3387 1502 3435 sancta:
1558 3382 1653 3435 Dei
1702 3381 1865 3435 Geni-

243 3468 420 3532 tricis,
452 3476 575 3538 post
603 3475 850 3523 exactum
884 3470 1166 3525 matutinis
1199 3474 1566 3529 solemnitatis
1597 3474 1863 3540 ofﬁcium,

242 3560 479 3631 reliquis
536 3560 792 3615 fratribus
845 3561 1087 3631 quietem
1156 3565 1497 3632 petentibus,
1556 3567 1643 3621 ille
1686 3569 1865 3637 precis

241 3652 421 3725 gratia
448 3651 598 3707 solus
630 3653 894 3707 remansit
949 3653 1002 3707 in
1033 3653 1222 3721 choro,
1264 3657 1589 3713 custodibus
1617 3660 1865 3716 ecclesiae

243 3743 683 3814 quiescentibus.
718 3746 781 3799 At
800 3745 894 3800 ubi
927 3746 1264 3816 psalmorum
1295 3750 1710 3806 continuatione
1744 3752 1864 3808 fati-

242 3841 427 3906 gatus,
463 3836 690 3891 irruenti
745 3839 910 3909 coepit
967 3840 1212 3910 soporari
1273 3856 1490 3909 somno,
1540 3842 1676 3897 vidit
1732 3846 1866 3900 alo-

242 3942 309 3981 co
333 3928 581 3997 sepulcri
638 3931 812 3984 sancti
873 3930 1147 4000 pontiﬁcis
1182 3932 1253 4002 [sc
1287 3932 1535 4007 Remigii]
1566 3936 1866 4005 procedere

242 4015 622 4071 beatissimam
646 4018 739 4072 Dei
768 4018 1099 4072 Genitricem
1134 4019 1304 4075 nimio
1337 4022 1544 4077 lumine
1576 4040 1867 4081 coruscan-

242 4115 377 4174 tem,
406 4109 561 4177 cujus
597 4108 877 4164 hzerebant
938 4110 1203 4165 lateribus
1231 4114 1570 4187 evangelista
1598 4115 1862 4181 Joannes,

242 4202 298 4251 et
326 4198 447 4268 ipse
468 4216 623 4255 sacer
640 4199 923 4274 Remigius
944 4219 957 4268 ;
976 4202 1167 4273 sicque
1196 4217 1256 4255 se
1274 4202 1377 4257 visi
1403 4207 1867 4276 suntcompositis

242 4286 398 4341 adire
453 4287 734 4361 gradibus.
771 4291 1127 4361 Superposita
1158 4307 1289 4347 vero
1346 4308 1514 4348 manu
1554 4294 1714 4367 Virgo
1744 4296 1863 4369 glo-

1966 3135 2086 3173 rum
2118 3120 2360 3176 ﬁdelium
2394 3126 2564 3195 patris
2612 3126 2980 3199 imperatoris,
3011 3125 3139 3202 fuga
3161 3128 3349 3199 lapsus
3371 3138 3581 3200 patrem

1968 3224 2124 3261 suum
2180 3212 2359 3265 adhuc
2406 3214 2473 3267 ab
2534 3216 2785 3289 ingressu
2871 3220 3119 3273 ecclesiae
3176 3226 3580 3290 sequestratum

1968 3300 2190 3355 dimisit.
2222 3302 2352 3356 Cum
2384 3320 2491 3375 quo
2520 3305 2664 3359 inter
2684 3308 2820 3362 alios
2859 3310 3023 3363 etiam
3056 3309 3278 3381 quidam
3309 3313 3580 3382 episcopi,

1967 3386 2206 3444 fautores
2230 3389 2403 3459 ipsius
2436 3393 2489 3445 in
2520 3392 2845 3450 adversitate
2877 3397 3047 3467 patris
3077 3398 3184 3467 sui,
3214 3398 3417 3454 relictis
3448 3414 3583 3455 con-

1967 3493 2049 3540 tra
2102 3500 2255 3539 sacra
2304 3487 2522 3559 regulas
2566 3489 2794 3544 sedibus
2848 3492 2963 3545 suis
3020 3500 3400 3561 perrexerunt,
3426 3493 3583 3547 Jesse

1964 3574 2219 3630 videlicet
2246 3576 2653 3640 Ambianensis,
2688 3586 2741 3631 et
2774 3579 3119 3634 Hereboldus
3166 3582 3583 3637 Antisiodoren-

1967 3670 2066 3736 sis,
2099 3667 2422 3737 Agobardus
2470 3667 2883 3737 Lugdunensis,
2911 3675 2964 3722 et
2988 3669 3417 3725 Bartholomaaus
3448 3668 3583 3723 Nar-

1967 3758 2235 3814 bonensis
2257 3756 2575 3827 episcOpus,
2607 3766 2662 3811 et
2691 3756 3265 3829 abscedenteillo,qui
3287 3759 3583 3813 adfuerunt

1967 3848 2215 3919 episcopi
2274 3848 2659 3919 imperatorem
2720 3849 2774 3902 in
2831 3848 3066 3903 ecclesia
3120 3854 3295 3907 sancti
3334 3854 3581 3923 Dionysii

1968 3940 2478 4006 reconciliaverunt,
2507 3948 2560 3995 et
2590 3940 2975 3996 ecclesiasticae
3015 3944 3390 3998 communioni
3420 3944 3583 3997 resti-

1967 4040 2208 4088 tuerunt.
2244 4032 2395 4096 Quod
2426 4030 2541 4085 Ebo
2572 4031 2826 4096 audiens,
2860 4030 3185 4102 quibusdam
3219 4030 3584 4088 familiaribus

1968 4123 2083 4176 suis
2128 4121 2529 4192 plenitudinem
2581 4138 2804 4177 suorum
2861 4121 3134 4194 delegavit
3187 4123 3494 4189 hominum,
3528 4135 3584 4181 et

1968 4218 2175 4265 certum
2208 4212 2288 4265 eis
2320 4212 2575 4281 placitum
2608 4211 2780 4276 dedit,
2811 4210 2907 4265 ubi
2947 4219 3000 4265 et
3029 4211 3250 4283 quando
3282 4212 3478 4266 iterum
3511 4214 3579 4268 ad

1971 4318 2094 4355 eum
2125 4301 2392 4355 venirent.
2450 4300 2721 4369 Adjicitur
2774 4301 2935 4354 etiam
2986 4302 3134 4373 quod
3175 4303 3288 4358 Ebo
3321 4303 3581 4373 plurima,

242 4376 390 4431 riosa
446 4376 645 4432 leniter
697 4379 816 4447 ejus
878 4379 1073 4452 capiti:
1134 4380 1272 4445 Quid
1329 4383 1439 4450 hic,
1490 4384 1685 4456 inquit,
1716 4388 2079 4464 agis,una)
2135 4391 2205 4446 de
2272 4390 2621 4445 facultatibus
2679 4391 3069 4447 ecclesiasticis
3137 4393 3281 4447 ferre
3333 4399 3466 4447 tunc
3521 4393 3577 4447 in

240 4468 442 4523 fratrer
475 4469 719 4525 Raduine
755 4470 782 4523 Ὺ
808 4487 918 4543 quo
940 4487 1064 4526 mox
1096 4472 1271 4542 pedes
1299 4474 1444 4530 illius
1470 4477 1705 4532 osculari
1739 4494 1860 4549 pro-

237 4560 558 4629 cumbente,
590 4563 789 4631 adjecit
824 4564 963 4618 :Ubi
1012 4564 1177 4619 modo
1222 4557 1373 4639 degit
1425 4568 1535 4624 Ebo
1568 4570 1858 4627 Remensis

237 4654 691 4725 archiepiscopus
743 4655 771 4708 ‘I
814 4657 927 4721 Quo
960 4657 1331 4727 respondente
1388 4676 1400 4712 :
1435 4660 1675 4730 palatina
1699 4663 1858 4734 jussu

240 4741 389 4814 regis
417 4743 736 4814 exsequitur
768 4744 1006 4819 negotia.
1042 4745 1104 4799 Et
1159 4760 1277 4813 cur,
1297 4746 1495 4818 inquit,
1523 4754 1631 4803 tam
1663 4752 1859 4808 sedulo

238 4833 430 4904 palatii
462 4834 586 4888 terit
614 4834 840 4890 limina?
866 4852 1093 4907 prorsus
1111 4838 1241 4893 hinc
1271 4855 1619 4912 nequaquam
1651 4845 1858 4913 majore

239 4921 507 4979 ditabitur
558 4927 861 4983 sanctitatis
919 4927 1185 4986 efﬁcacia.
1245 4931 1438 4987 Veniet
1468 4933 1637 4999 enim,
1676 4935 1859 4990 veniet

238 5012 529 5072 celerrime
586 5024 825 5089 tempus,
880 5021 1102 5093 quando
1165 5038 1276 5078 non
1334 5025 1749 5096 prosperabitur
1800 5028 1855 5083 in

238 5101 463 5161 talibus.
485 5105 656 5170 Quem
689 5108 827 5163 nihil
884 5110 953 5164 ad
994 5111 1111 5167 haec
1166 5112 1464 5167 audentem
1491 5115 1855 5186 respondere,

238 5197 333 5251 tali
355 5214 705 5271 prosequens
755 5199 949 5257 affatur
978 5204 1308 5260 allocutione
1351 5205 1517 5270 :Quae
1550 5214 1854 5263 vestrorum

237 5294 491 5343 versatur
519 5288 668 5359 apud
696 5289 950 5345 homines
982 5308 1173 5367 regum
1206 5294 1533 5365 disceptatio
1560 5295 1589 5348 ‘P
1609 5296 1758 5352 Tunc
1789 5313 1855 5354 eo

238 5382 666 5453 respondente:
716 5383 948 5439 Domina
1003 5384 1246 5441 Genitrix
1294 5386 1591 5443 Salvatoris
1643 5390 1856 5459 mundi,

235 5480 339 5528 tuas
369 5473 576 5529 melius
631 5473 783 5529 novit
836 5475 941 5531 hoc
990 5478 1293 5533 sanctitatis
1350 5478 1710 5550 incorruptio,
1761 5482 1855 5552 ait,

231 5562 363 5634 quid
388 5567 559 5618 tantae
586 5558 732 5614 malo
790 5564 1105 5633 cupiditatis
1145 5564 1311 5619 illecti
1358 5580 1500 5620 vana
1530 5581 1677 5619 nunc
1700 5583 1856 5641 gras-

223 5660 421 5712 santur
478 5649 739 5708 audacia.
794 5651 933 5708 Illud
990 5653 1136 5709 enim
1191 5661 1322 5710 tunc
1373 5653 1561 5710 aderat
1612 5661 1852 5728 tempus,

1959 4488 2188 4555 argento
2215 4487 2267 4535 et
2287 4496 2420 4535 auro
2455 4481 2651 4551 potuit.
2684 4496 2870 4536 secum
2925 4497 3235 4548 assumens,
3295 4496 3419 4535 cum
3452 4481 3578 4551 qui-

1960 4578 2195 4635 busdam
2250 4578 2602 4646 Normannis,
2650 4577 2743 4646 qui
2803 4574 2906 4630 iter
2960 4584 3013 4631 et
3071 4582 3261 4647 portus
3302 4573 3469 4628 maris
3516 4590 3581 4629 ac

1960 4667 2249 4721 ﬂuminum
2302 4682 2453 4721 mare
2505 4665 2852 4720 inﬂuentium
2885 4672 3046 4722 notos
3099 4664 3400 4720 habebant.
3449 4680 3572 4719 cum

1960 4757 2149 4826 paucis
2176 4771 2398 4828 quoque
2424 4755 2545 4810 aliis
2574 4755 2893 4811 domesticis
2923 4755 3060 4822 suis,
3093 4754 3246 4809 nullo
3274 4754 3577 4823 impetente

1959 4845 2046 4899 vel
2073 4851 2465 4916 persequente,
2496 4852 2660 4900 noctu
2687 4845 2872 4901 Remis
2906 4844 3135 4917 aufugit,
3170 4851 3224 4897 et
3254 4858 3363 4898 non
3396 4841 3573 4895 solum

1960 4934 2276 5002 parochiam
2326 4949 2504 4999 suam,
2553 4949 2742 4989 verum
2774 4942 2827 4989 et
2855 4934 3126 5006 Belgicam
3155 4932 3441 5005 regionem
3476 4932 3573 4985 de-

1958 5026 2149 5095 seruit,
2204 5033 2259 5081 et
2309 5026 2412 5080 iter
2464 5024 2531 5078 ad
2579 5024 2943 5090 Normannos,
3002 5022 3206 5096 quibus
3264 5038 3295 5075 a
3325 5020 3573 5075 Paschali

1959 5129 2102 5185 papa
2161 5114 2428 5185 [Paschat.
2484 5111 2557 5182 I],
2605 5129 2820 5169 necnon
2879 5114 2947 5168 ab
3003 5111 3247 5187 Eugenio
3308 5111 3465 5181 [Eug.
3498 5108 3570 5179 II]

1958 5219 2280 5259 successore
2306 5203 2503 5269 ipsius,
2539 5202 2678 5257 sicut
2709 5202 2958 5273 epistolis
3008 5201 3330 5258 eorumdem
3362 5216 3571 5271 praesu-

1957 5291 2069 5345 lum
2096 5292 2163 5345 ad
2219 5291 2399 5361 ipsum
2453 5306 2553 5361 pro
2609 5292 2713 5347 hac
2764 5308 2823 5345 re
2877 5291 3019 5345 datis
3049 5291 3368 5356 edocemur,
3396 5290 3572 5345 fuerat

1960 5379 2285 5451 praedicator
2314 5380 2644 5447 destinatus,
2692 5383 2938 5453 arripuit.
2983 5384 3136 5449 Quod
3166 5379 3572 5437 manifestanti-

1960 5473 2064 5529 bus
2086 5474 2186 5543 eis,
2211 5490 2333 5529 cum
2366 5472 2567 5546 quibus
2604 5474 2711 5530 hoc
2760 5475 3051 5531 consilium
3108 5476 3249 5539 iniit,
3283 5474 3573 5544 imperato-

1958 5580 2072 5620 rem
2120 5565 2290 5620 latere
2320 5579 2430 5621 non
2464 5564 2655 5636 potuit.
2701 5564 3044 5636 Quapropter
3098 5564 3399 5635 imperator
3443 5577 3569 5616 eum

1958 5671 2055 5728 per
2101 5656 2418 5730 episcopos,
2469 5654 2777 5714 Rothadum
2837 5653 3048 5712 scilicet
3074 5653 3487 5720 Suessonicam,
3517 5657 3571 5707 et
