3970 6218
490 251 588 306 131

486 390 722 460 pientes,
772 392 824 439 et
871 384 939 439 ad
990 384 1044 437 id
1100 382 1512 454 exsequendum
1565 380 2096 438 loci‘incommodi-
2118 383 2171 450 Α

484 485 648 533 tatem
707 481 1017 541 cernentes,
1066 474 1424 529 concedimus
1480 475 1548 529 ad
1601 475 1705 530 hoc
1754 491 1916 546 opus,
1946 482 2001 530 et
2025 475 2093 530 ad

485 574 679 622 catera
703 580 936 637 quaque
995 579 1094 634 pro
1151 579 1432 619 servorum
1476 564 1567 617 Dei
1624 563 1828 638 ibidem
1883 565 2092 638 degen-

485 659 616 712 tium
638 655 1061 712 necessitatibus
1086 655 1432 722 aediﬁcanda,
1459 673 1675 711 murum
1707 672 1927 712 omnem
1969 670 2091 710 cum

486 747 656 817 portis
694 747 870 817 ipsius
917 747 1170 813 civitatis,
1193 753 1247 800 et
1276 761 1497 801 omnem
1528 761 1752 816 operam
1797 763 1920 800 cum
1958 760 2092 799 cun-

483 835 583 890 ctis
610 835 928 906 impendiis,
957 850 1078 906 qua
1137 850 1202 888 ex
1262 834 1427 888 rebus
1455 841 1508 888 et
1555 833 1900 889 facultatibus
1921 835 2095 905 ipsius

483 929 732 984 ecclesia
764 935 816 982 et
845 928 1196 999 episcopatus
1249 927 1536 982 Remensis
1569 929 1734 998 Aquis
1763 927 1962 998 palatio
1993 943 2092 984 no-

482 1030 594 1078 stro
626 1022 778 1094 regio
822 1021 1010 1092 peragi
1058 1027 1111 1075 et
1135 1021 1340 1076 exsolvi
1398 1022 1616 1076 solitum
1640 1022 1832 1089 fuerat,
1866 1023 1922 1076 in
1945 1021 2093 1076 elee-

484 1128 714 1184 mosyna
741 1111 999 1165 videlicet
1030 1119 1238 1176 nostra,
1281 1118 1334 1166 et
1356 1127 1456 1182 pro
1496 1112 1744 1167 remedio
1775 1111 1972 1166 anima
1994 1109 2093 1164 do-

485 1204 600 1257 mni
637 1219 702 1258 ac
729 1203 995 1274 genitoris
1052 1203 1247 1267 nostri,
1298 1210 1460 1274 atque
1526 1211 1846 1258 caterorum
1882 1200 2093 1272 prade-

485 1307 765 1346 cessorum
828 1298 1162 1358 nostrorum,
1227 1292 1320 1363 qui
1400 1292 1654 1347 eumdem
1714 1291 2090 1362 episcopatum

484 1390 674 1441 contra
731 1385 962 1439 salutem
1009 1399 1163 1437 suam
1215 1383 1536 1454 aliquandiu
1586 1389 1896 1448 tenuerant,
1955 1386 2008 1434 et
2039 1379 2093 1434 in

488 1489 621 1528 suos
673 1489 808 1527 usus
859 1479 1049 1528 contra
1104 1471 1507 1526 ecclesiasticas
1525 1472 1763 1543 regulas,
1797 1478 1850 1524 et
1904 1486 1991 1525 res
2033 1484 2096 1522 ac

486 1560 770 1616 facultates
791 1561 1040 1615 ecclesia
1073 1561 1244 1631 ipsius
1262 1561 1638 1630 expenderant
1665 1567 1748 1624 ;et
1768 1559 1838 1613 ob
1871 1560 1976 1614 hoc
1991 1558 2094 1612 mi-

488 1668 592 1706 nus
624 1667 785 1722 quam
819 1651 1084 1706 debuerat
1141 1651 1388 1705 utilitatis
1438 1652 1606 1706 sacris
1644 1651 1778 1705 locis
1810 1651 1863 1704 in
1897 1650 2093 1704 eodem

485 1747 806 1818 episcopatu
859 1742 1170 1799 constitutis
1205 1742 1403 1796 exinde
1460 1749 1805 1812 provenerat.
1837 1740 2098 1794 Volumus

485 1835 671 1900 etiam,
711 1841 768 1888 ut
825 1833 1066 1896 vassalli,
1113 1840 1165 1885 et
1218 1832 1535 1903 quicunque
1583 1831 1777 1884 ﬁdeles
1812 1829 1982 1884 nostri
2033 1845 2097 1884 ex

487 1926 652 1980 rebus
699 1927 946 1996 ejusdem
995 1925 1343 1996 episcopatus
1397 1924 1603 1996 aliquid
1655 1923 1881 1988 habent,
1916 1921 2096 1975 eidem

486 2019 642 2088 Operi
683 2020 1000 2085 inserviant,
1056 2021 1195 2074 sicut
1242 2018 1593 2075 constitutum
1622 2022 1706 2070 est
1735 2032 1766 2068 a
1795 2013 1954 2069 bona
1984 2030 2100 2068 me-

487 2106 674 2160 moria
704 2107 910 2163 domno
951 2115 1004 2161 et
1059 2107 1307 2180 genitore
1342 2113 1551 2171 nostro,
1583 2111 1636 2158 et
1655 2105 1796 2158 sicut
1816 2103 2094 2156 decretum

485 2201 620 2248 esta
661 2196 762 2266 pia
817 2196 1216 2251 recordationis
1255 2197 1460 2251 domno
1486 2201 1540 2249 et
1558 2209 1658 2248 avo
1701 2199 1887 2248 nostro
1910 2190 2096 2262 Pippi-

485 2301 578 2353 no,
609 2287 852 2342 decimas
874 2296 926 2342 et
959 2304 1069 2343 non
1096 2288 1276 2342 eidem
1305 2286 1554 2342 ecclesia
1593 2292 1794 2339 sancta
1817 2300 1882 2338 ex
1907 2284 2093 2351 rebus,

482 2390 618 2445 quas
645 2377 846 2431 exinde
904 2376 1130 2444 habent,
1169 2375 1506 2447 persolvant.
1538 2373 1662 2427 Vias
1723 2372 1886 2427 etiam
1912 2369 2094 2441 publi-

479 2483 572 2520 cas
602 2481 818 2532 omnes,
851 2483 972 2538 qua
1011 2468 1155 2522 circa
1181 2467 1433 2521 eamdem
1465 2464 1752 2520 ecclesiam
1784 2464 2012 2530 vadunt,
2041 2467 2096 2517 et

485 2558 880 2628 impedimento
910 2576 1032 2614 esse
1081 2565 1315 2630 possunt
1340 2558 1408 2612 ad
1437 2557 1690 2622 claustra,
1733 2563 1786 2609 et
1811 2569 2092 2608 servorum

485 2651 578 2705 Dei
635 2652 946 2708 habitacula
1001 2652 1398 2715 construenda,
1463 2657 1522 2704 ut
1579 2647 1861 2702 transferri
1931 2652 2094 2716 atque

487 2740 759 2795 immutari
813 2742 1043 2812 possint,
1105 2740 1481 2796 concedimus.
1544 2738 1606 2792 Et
1671 2737 1717 2790 si
1769 2734 1976 2807 aliquid
2019 2733 2093 2788 ibi

486 2826 620 2884 ﬁsco
674 2837 859 2886 nostro
916 2831 1170 2896 habetur,
1217 2845 1312 2900 per
1370 2828 1472 2882 hoc
1526 2832 1726 2881 nostrae
1758 2823 2094 2878 auctoritatis

487 2925 818 2988 praceptum
853 2925 1120 2989 perpetuo
1176 2933 1332 2988 aque
1381 2913 1759 2979 concedimus,
1807 2920 1865 2966 ut
1913 2911 2097 2965 nullus

480 3009 671 3079 judex,
693 3025 902 3076 comes,
931 3015 1023 3062 aut
1072 3007 1293 3072 missus,
1339 3005 1455 3060 sive
1487 3003 1686 3074 aliquis
1715 3017 1781 3057 ex
1807 2999 2098 3070 judiciaria

1615 242 1977 300 FLODOARDI
2019 241 2320 297 CANONlCl
2363 242 2692 298 REMENSIS

3719 247 3837 303 132

2269 401 2296 431 α
2342 382 2402 436 In
2461 381 2687 438 nomine
2740 381 2957 436 Domini
3025 381 3120 437 Dei
3176 388 3230 437 et
3278 381 3576 439 Salvatoris
3642 387 3835 440 nostri

2194 475 2322 530 Jesu
2354 474 2549 530 Christi
2615 475 2924 531 Ludovicus
2980 483 3033 530 et
3089 474 3399 542 Lotharius,
3431 474 3625 530 divina
3671 476 3838 531 ordi-

2196 573 2363 622 nante
2383 568 2727 638 providentia
2792 569 3152 639 imperatores
3208 567 3452 642 Augusti.
3519 566 3578 620 Si
3613 567 3834 623 libera-

2195 655 2362 710 litatis
2385 662 2583 710 nostra
2613 671 2839 712 munere
2861 656 2997 712 locis
3026 657 3138 712 Deo
3169 656 3362 712 dicatis
3392 655 3665 727 quiddam
3691 671 3833 711 con-

2195 746 2424 802 ferimus
2453 747 2732 816 beneﬁcii,
2763 756 2816 804 et
2863 750 3220 805 necessitates
3279 748 3696 805 ecclesiasticas
3728 763 3832 803 no-

2195 842 2307 890 stro
2339 835 2646 892 relevamus
2699 837 3004 906 juvamine,
3036 837 3091 892 id
3133 836 3296 893 nobis
3331 843 3386 892 et
3421 837 3491 892 ad
3521 836 3829 893 mortalem

2194 926 2359 982 vitam
2412 926 2790 997 temporaliter
2841 927 3278 998 transigendam,
3338 933 3394 981 et
3443 927 3515 981 ad
3550 932 3827 981 aternam

2195 1018 2425 1074 feliciter
2453 1016 2814 1073 obtinendam
2855 1016 3200 1086 profuturum
3243 1017 3453 1088 liquido
3510 1015 3825 1071 credimus.

2196 1107 2405 1163 Idcirco
2446 1114 2633 1163 notum
2669 1107 2788 1162 ﬁeri
2843 1107 3098 1163 volumus
3132 1106 3396 1162 omnibus
3430 1103 3710 1159 ﬁdelibus
3727 1118 3831 1157 no-

2195 1200 2341 1263 stris,
2377 1200 2743 1271 prasentibus
2800 1201 3013 1256 scilicet
3053 1208 3107 1256 et
3136 1200 3349 1263 futuris,
3378 1195 3528 1270 quod
3567 1201 3827 1250 sanctam

2196 1288 2522 1344 Remensem
2566 1291 2881 1352 ecclesiam,
2924 1291 2979 1344 in
3019 1306 3128 1362 qua
3177 1290 3621 1361 pradecessores
3647 1290 3829 1346 nostri

2198 1397 2358 1454 reges
2387 1382 2642 1437 videlicet
2673 1383 3000 1438 Francorum
3048 1381 3213 1437 ﬁdem
3257 1389 3312 1438 et
3349 1381 3828 1453 sacribaptisma-

2197 1471 2266 1525 tis
2295 1471 2520 1543 gratiam
2565 1475 2951 1544 pereeperunt,
3006 1472 3062 1526 in
3093 1488 3202 1544 qua
3241 1479 3296 1527 et
3325 1487 3427 1528 nos
3461 1487 3564 1542 per
3593 1471 3830 1544 imposi-

2195 1563 2401 1619 tionem
2433 1579 2628 1618 manus
2658 1563 2846 1619 domni
2869 1564 3132 1634 Stephani
3163 1583 3319 1638 papa
3336 1567 3653 1638 imperialia
3667 1584 3828 1623 sum-

2197 1653 2406 1724 psimus
2455 1655 2698 1728 insignia
2754 1655 2826 1710 ob
2876 1657 3233 1711 reverentiam
3281 1656 3410 1712 ﬁdei
3465 1657 3822 1723 Christiana,

2196 1747 2250 1796 et
2279 1742 2351 1796 ob
2379 1743 2576 1797 anima
2619 1750 2818 1799 nostra
2851 1742 3106 1812 salutem,
3167 1743 3236 1798 ab
3271 1745 3380 1801 imo
3407 1746 3658 1801 construi
3692 1745 3826 1801 feci-

2198 1847 2339 1885 mus.
2372 1847 2606 1904 eamque
2639 1833 2694 1886 in
2713 1834 2978 1889 honorem
3000 1835 3220 1891 Domini
3251 1835 3419 1890 nostri
3451 1837 3587 1892 Jesu
3616 1835 3820 1892 Christi

2200 1919 2494 1976 Salvatoris
2545 1921 2760 1988 mundi,
2816 1923 2979 1978 simul
3033 1931 3087 1978 et
3153 1925 3207 1979 in
3262 1925 3530 1981 honorem
3563 1926 3822 1997 ejusdem

2201 2015 2405 2064 sancta
2445 2017 2498 2064 et
2554 2011 2892 2067 intemerata
2939 2013 3236 2088 genetricis
3277 2015 3455 2070 Maria
3503 2016 3824 2070 consecrari

2197 2097 2560 2154 decrevimus.
2622 2101 2831 2172 Itaque,
2863 2101 3047 2157 divina
3078 2102 3437 2174 inSpiratione
3466 2104 3820 2174 compuncti,

2197 2195 2250 2243 et
2280 2189 2520 2245 caelestis
2568 2192 2756 2263 patria
2812 2209 3000 2249 amore
3057 2195 3333 2260 succensi,
3385 2194 3641 2266 quadam
3677 2211 3821 2266 pra-

2197 2280 2308 2348 dia,
2342 2298 2464 2352 qua
2484 2283 2664 2338 eidem
2697 2293 2900 2342 sancta
2931 2287 3050 2341 sedi
3078 2286 3358 2359 quondam
3389 2286 3572 2341 ablata
3603 2285 3822 2342 fuerant

2195 2375 2392 2430 devota
2420 2384 2604 2433 mente
2635 2380 2849 2434 restitui
2867 2380 3157 2450 jussimus,
3177 2379 3234 2434 id
3263 2386 3369 2447 est,
3403 2380 3457 2434 in
3477 2378 3818 2434 suburbanis

2195 2470 2369 2541 ipsms
2396 2478 2598 2527 sancta
2617 2469 2868 2525 ecclesia
2881 2469 3098 2524 titulum
3130 2469 3354 2537 S.Sixti,
3387 2484 3607 2525 necnon
3626 2476 3682 2524 et
3695 2469 3820 2524 titu-

2197 2563 2309 2618 lum
2327 2564 2380 2620 S.
2397 2563 2636 2630 Martini,
2652 2578 2776 2617 cum
2791 2561 3144 2633 appendiciis
3161 2577 3373 2618 eorum.
3388 2561 3636 2616 Exterius
3649 2562 3813 2616 etiam

2197 2655 2254 2710 in
2281 2657 2475 2712 eadem
2502 2656 2786 2728 parochia,
2806 2655 2862 2708 in
2894 2660 3074 2710 castro
3096 2653 3368 2709 Vonzensi
3390 2653 3608 2708 titulum
3640 2652 3818 2724 bapti-

2195 2744 2444 2811 smalem,
2465 2751 2518 2800 et
2547 2743 2764 2798 titulum
2795 2743 2851 2796 in
2868 2742 3063 2797 eadem
3078 2741 3341 2812 parochia
3356 2741 3819 2797 S.Joannissimi-

2199 2832 2323 2888 liter
2351 2832 2727 2903 baptimalem.
2765 2832 2881 2886 suis
2910 2847 3033 2887 cum
3065 2830 3433 2903 appendiciis,
3461 2837 3515 2885 et
3543 2831 3821 2887 Bretinia-

2198 2936 2362 2976 cum:
2395 2921 2580 2977 villam
2621 2935 2844 2992 quoque
2888 2921 3223 2992 Sparnacum
3281 2936 3406 2976 cum
3465 2923 3820 2993 appendiciis

2199 3009 2334 3077 suis,
2362 3017 2416 3065 et
2445 3010 2502 3064 in
2517 3010 2647 3066 villa
2676 3026 2797 3082 qua
2850 3016 3074 3065 vocatur
3115 3009 3318 3064 Lucida
3351 3009 3564 3081 [Lude],
3596 3028 3817 3069 necnon

488 3071 772 3172 potestate,
807 3071 972 3154 ullam
1033 3099 1164 3153 inde
1224 3071 1403 3151 eidem
1448 3071 1650 3150 sancta
1704 3094 1799 3149 Dei
1828 3091 2094 3163 praedicta

2201 3107 2254 3155 et
2280 3071 2336 3155 in
2367 3101 2669 3158 Proviliaco
2694 3071 2998 3174 ⁸[Ρνοιιίιιιι]
3029 3102 3084 3156 in
3131 3102 3328 3158 eodem
3351 3071 3816 3176 .pagoli'lemensi.

489 3191 746 3246 Remensi
804 3189 1052 3244 ecclesia
1109 3185 1566 3258 inquietudinem.
1627 3190 1718 3239 aut
1782 3183 1952 3238 ullum
2009 3196 2100 3234 ca-

487 3281 707 3337 lumnia
757 3279 1214 3349 impedimentum
1265 3274 1464 3329 inferre
1514 3289 1755 3344 unquam
1783 3275 2098 3342 prasumat,

486 3370 844 3428 obsecrantes
865 3381 1215 3422 successores
1252 3371 1490 3431 nostros,
1524 3369 1582 3416 ut
1621 3375 1893 3416 memores
1913 3356 2104 3413 salutis

485 3477 620 3527 sua,
654 3460 944 3532 prasentis
994 3457 1204 3512 scilicet
1257 3461 1311 3510 et
1347 3462 1582 3517 aterna,
1626 3468 1899 3507 memores
1930 3450 2093 3504 etiam

486 3553 904 3614 beneﬁciorum,
937 3567 1059 3623 qua
1086 3549 1247 3605 nobis
1270 3555 1324 3602 et
1353 3547 1503 3620 genti
1531 3553 1732 3602 nostra
1779 3559 1843 3598 ac
1883 3541 2096 3614 prada-

485 3645 799 3702 cessoribus
827 3643 1028 3699 nostris
1055 3643 1112 3696 in
1144 3641 1340 3696 eodem
1391 3646 1581 3695 sancto
1605 3639 1747 3705 loco,
1777 3651 1873 3706 per
1901 3636 1961 3688 Β.
1992 3633 2097 3687 Re-

485 3738 734 3812 migium,
767 3735 976 3791 meritis
1023 3734 1077 3790 S.
1137 3732 1315 3788 Maria
1379 3731 1578 3786 collata
1625 3736 1772 3795 sunt,
1801 3729 1942 3783 sicut
1997 3738 2098 3778 sua

485 3828 630 3882 bene
684 3833 836 3900 gesta
882 3842 914 3880 a
963 3825 1078 3880 suis
1105 3821 1519 3878 successoribus
1564 3819 1875 3876 conservari
1905 3817 2096 3873 volue-

485 3922 614 3989 rint,
661 3921 732 3974 ita
777 3935 900 3991 qua
953 3933 1051 3989 pro
1095 3931 1282 3971 amore
1321 3915 1436 3980 Dei,
1474 3921 1528 3968 et
1556 3920 1760 3968 sancta
1791 3913 1910 3981 ejus
1937 3910 2097 3985 geni-

483 4009 633 4064 tricis
669 4024 734 4063 ac
769 4007 915 4062 beati
975 4004 1300 4077 protectoris
1328 4003 1498 4058 nostri
1555 4001 1788 4074 Remigii
1810 4016 1957 4072 sape
1988 3998 2096 4054 fato

483 4107 674 4156 sancto
706 4100 827 4154 loco
858 4097 1208 4162 contulimus,
1243 4099 1507 4165 perpetuo
1547 4091 1939 4148 inviolabiliter
1963 4105 2097 4145 con-

484 4209 704 4250 servare
750 4197 1064 4264 procurent.
1110 4189 1173 4243 Et
1228 4194 1291 4241 ut
1345 4187 1463 4240 hac
1502 4190 1688 4240 nostra
1717 4179 2099 4237 concessionis

482 4282 774 4337 auctoritas
835 4295 934 4350 per
997 4277 1176 4332 futura
1239 4281 1488 4344 tempora
1535 4271 1840 4344 pleniorem
1902 4269 1955 4323 in
2001 4266 2096 4322 Dei

481 4374 705 4430 nomine
763 4371 1010 4428 obtineat
1067 4367 1340 4424 ﬁrmitatis
1371 4365 1638 4438 vigorem,
1672 4363 1864 4420 annuli
1924 4360 2098 4417 nostri

482 4465 846 4538 impressione
873 4461 1270 4536 subtersignari
1300 4460 1666 4514 decrevimus.
1690 4476 1721 4508 υ

553 4560 661 4616 Sed
691 4565 744 4613 et
769 4556 1064 4628 quemdam
1133 4555 1346 4610 fabrum
1399 4567 1616 4607 servum
1655 4565 1836 4612 suum,
1870 4547 2095 4603 nomine

485 4651 808 4708 Bumaldum
863 4647 931 4702 ad
959 4645 1279 4718 petitionem
1330 4643 1600 4711 ejusdem,
1633 4640 1885 4712 praesulis
1917 4637 2095 4694 eccle-

481 4745 578 4800 sia
604 4738 865 4796 Remensi
924 4736 1216 4804 concessit,
1248 4741 1306 4789 ut
1347 4734 1437 4789 hic
1467 4734 1535 4787 de
1567 4732 1773 4787 talento
1803 4748 1834 4785 a
1864 4731 2094 4787 Domino

481 4832 589 4887 sibi
620 4829 841 4896 collato,
875 4827 1029 4896 juxta
1081 4825 1228 4880 vires
1283 4821 1484 4876 diebus
1544 4821 1669 4878 vita
1713 4835 1826 4874 sua
1858 4817 2092 4889 proﬁce-

483 4930 563 4979 ret
594 4939 608 4988 ;
651 4923 820 4986 Quam
846 4919 1009 4975 etiam
1068 4915 1377 4971 cessionem
1407 4913 1626 4985 apicum
1657 4911 2013 4966 adnotatione
2040 4917 2094 4966 et

479 5013 669 5071 annuli
699 5014 783 5068 sui
821 5010 1156 5085 sigillatione
1182 5006 1477 5064 roboravit.
1519 5003 1679 5061 Aliud
1709 5018 1930 5075 quoque
1951 5019 2092 5075 pra-

481 5114 701 5179 ceptum
729 5107 800 5162 de
826 5106 973 5161 vitiis
994 5103 1233 5175 publicis
1259 5098 1692 5158 transmutandis
1721 5096 1792 5154 ob
1824 5095 2089 5167 quasdam

480 5203 762 5258 clausuras
805 5202 861 5256 in
916 5199 1050 5257 locis
1079 5197 1275 5255 vicinis
1329 5196 1500 5267 ipsius
1527 5192 1682 5248 urbis
1711 5190 2010 5258 faciendas,
2039 5197 2093 5246 et

481 5291 804 5347 multimoda
886 5290 1137 5348 ecclesia
1188 5287 1542 5358 compendia,
1603 5284 1784 5340 eidem
1844 5281 2090 5353 pontiﬁci

483 5381 656 5446 dedit,
685 5383 832 5452 quod
864 5389 917 5438 et
982 5381 1187 5437 annulo
1231 5393 1332 5436 suo
1385 5376 1687 5451 insignivit.
1737 5375 2007 5430 Praterea
2024 5374 2092 5428 de

483 5470 833 5527 restituendis
885 5473 1067 5528 eidem
1116 5477 1318 5527 sancta
1373 5469 1492 5524 sedi
1551 5466 1791 5536 pradiis,
1843 5479 1965 5537 qua
2012 5465 2091 5518 illi

483 5557 760 5626 quondam
805 5561 1023 5617 fuerant
1064 5559 1266 5625 ablata,
1323 5572 1435 5613 una
1487 5569 1612 5609 cum
1659 5551 1773 5610 ﬁlio
1841 5552 2090 5608 Lothario

484 5641 696 5703 Casare
724 5650 888 5708 talem
919 5649 1180 5722 praeepti
1211 5647 1364 5704 dedit
1383 5640 1784 5700 auctoritatem.

2203 3195 2260 3248 In
2295 3209 2435 3266 pago
2461 3211 2591 3251 vero
2612 3195 2964 3251 Dulcomensi
2985 3194 3190 3258 villam,
3215 3210 3338 3266 qua
3357 3201 3586 3251 vocatur
3615 3196 3816 3253 Cavera

2207 3283 2264 3353 [i,
2289 3282 2536 3355 Canera],
2570 3301 2786 3342 necnon
2819 3292 2872 3340 et
2904 3285 2958 3339 in
2996 3284 3127 3339 villa
3156 3300 3278 3356 qua
3322 3284 3526 3341 dicitur
3552 3286 3730 3342 Verna
3760 3289 3816 3342 in

2204 3385 2346 3444 pago
2373 3371 2728 3429 Vertudense.
2775 3372 2867 3428 Vel
2919 3371 2965 3426 si
3017 3371 3154 3427 forte
3202 3372 3469 3444 deinceps
3517 3375 3588 3430 de
3648 3375 3819 3430 rebus

2199 3459 2470 3531 pradicta
2491 3467 2690 3516 sancta
2748 3460 2997 3516 ecclesia
3045 3461 3388 3532 temporibus
3409 3463 3610 3518 nostris
3638 3464 3818 3518 adhuc

2199 3548 2680 3620 superaddendum
2738 3549 3106 3616 decrevimus,
3180 3551 3492 3615 statuimus.
3561 3569 3662 3623 per
3714 3553 3821 3608 hoc

2201 3648 2398 3698 nostra
2439 3643 2778 3700 auctoritatis
2822 3650 3180 3715 praceptum,
3228 3651 3287 3699 ut
3337 3660 3447 3700 non
3504 3652 3716 3701 tantum
3746 3647 3820 3701 de

2201 3731 2320 3786 istis
2366 3731 2646 3798 restitutis,
2688 3732 2788 3788 sed
2823 3733 2984 3788 etiam
3018 3733 3400 3800 restituendis,
3446 3735 3720 3807 quidquid
3747 3736 3820 3792 de

2199 3823 2334 3896 ipsis
2361 3824 2450 3879 vel
2495 3823 2549 3878 in
2579 3824 2718 3894 ipsis
2747 3831 2987 3880 rectores
3012 3831 3067 3879 et
3105 3825 3340 3880 ministri
3384 3835 3820 3896 pramemorata

2198 3915 2448 3970 ecclesia
2496 3916 2786 3991 elegerint,
2826 3915 2896 3970 ita
2925 3915 3165 3971 debeant
3196 3917 3596 3988 perpetualiter
3634 3920 3816 3990 possi-

2199 4003 2352 4071 dere,
2375 4010 2540 4076 atque
2561 4003 2839 4072 ordinare,
2870 4004 2954 4060 vel
3009 4005 3174 4059 etiam
3205 4003 3410 4074 facere,
3431 4015 3816 4081 proutcunque

2198 4093 2303 4147 sibi
2334 4094 2665 4164 propensius
2701 4093 2998 4161 voluerint,
3039 4101 3099 4148 ut
3144 4093 3354 4168 absque
3412 4097 3580 4152 ullius
3611 4097 3818 4168 injusta

2197 4181 2632 4239 contradictione
2661 4182 2920 4240 ordinent
2964 4189 3128 4254 atque
3157 4181 3476 4254 disponant,
3530 4193 3584 4240 et
3610 4185 3817 4242 faciant

2198 4271 2467 4342 quidquid
2519 4270 2736 4326 utilitati
2781 4270 3056 4342 pradicta
3112 4271 3364 4326 ecclesia
3411 4287 3717 4347 congruere
3762 4282 3815 4328 et

2200 4363 2496 4418 convenire
2525 4364 2928 4435 prospexerint.
2963 4363 3025 4417 Et
3053 4370 3112 4417 ut
3151 4363 3270 4418 hac
3295 4370 3496 4419 nostra
3517 4366 3813 4422 auctorita-

2116 4442 2263 4512 Dtis
2301 4450 2646 4509 conﬁrmatio
2696 4453 3060 4524 prasentibus
3109 4452 3416 4526 futurisque
3467 4455 3816 4527 temporibus

2197 4543 2497 4600 ﬁrmiorem
2546 4543 2603 4597 in
2653 4540 2912 4598 omnibus
2949 4557 3172 4613 semper
3230 4541 3482 4599 obtineat
3537 4546 3810 4620 vigorem,

2196 4635 2451 4691 manibus
2479 4634 2719 4707 propriis
2747 4632 3296 4704 subterﬁrmavimus,
3332 4643 3387 4692 et
3414 4637 3609 4693 annuli
3639 4640 3812 4695 nostri

2197 4727 2561 4800 impressione
2590 4725 2797 4800 signari
2812 4726 3099 4794 jussimus.
3138 4747 3163 4778 ››

2267 4819 2511 4875 Obtinuit
2539 4818 2701 4872 etiam
2733 4817 2880 4873 idem
2917 4819 3116 4890 prasul
3147 4819 3215 4874 ab
3246 4819 3445 4876 eodem
3477 4820 3806 4893 imperatore

2195 4907 2469 4964 Ludovico
2535 4904 2794 4961 Remensi
2850 4906 3098 4964 ecclesia
3133 4950 3148 4976 ,
3216 4908 3522 4964 secundum
3588 4911 3807 4984 antiqua

2193 5001 2530 5072 exemplaria
2585 5002 2889 5073 priscorum
2943 5017 3131 5076 regum
3188 5000 3553 5056 immanitatis
3607 5019 3805 5072 prace-

2193 5098 2366 5164 ptum.
2390 5092 2548 5147 Aliud
2577 5106 2797 5164 quoque
2821 5096 3153 5162 praceptum
3185 5089 3254 5144 de
3288 5095 3454 5150 ponte
3478 5091 3809 5146 Bansionen-

2191 5181 2258 5249 si,
2289 5188 2343 5237 et
2359 5180 2614 5250 teloneis,
2635 5180 2723 5236 vel
2743 5177 3125 5234 exactionibus
3150 5175 3390 5248 publicis
3420 5194 3435 5243 ;
3472 5177 3627 5244 item,
3661 5179 3806 5233 aliud

2194 5275 2264 5329 de
2311 5271 2517 5328 chartis
2547 5267 2921 5325 concrematis
2953 5266 3262 5322 secundum
3293 5266 3677 5322 auctoritatem
3710 5267 3805 5321 im-

2195 5363 2464 5436 peratoris
2505 5359 2707 5415 -Karoli
2757 5376 2770 5425 ;
2822 5358 2976 5424 item,
3049 5373 3082 5412 a
3121 5355 3359 5428 Pippino
3413 5356 3804 5428 Aquitanorum

2194 5471 2326 5528 rege
2389 5459 2724 5525 praeceptum
2781 5448 3144 5504 immunitatis
3207 5447 3276 5503 de
3299 5446 3468 5503 rebus
3527 5447 3806 5502 Remensis

2191 5546 2442 5601 ecclesia
2468 5545 2524 5600 in
2559 5559 2702 5616 pago
2748 5541 3030 5598 Avernico
3052 5539 3195 5595 sitis.
3219 5540 3292 5595 De
3325 5539 3458 5595 villa
3486 5555 3619 5595 vero
3648 5539 3805 5608 Spar-

2192 5653 2330 5696 naco
2360 5638 2614 5697 semotim
2671 5650 2894 5711 quoque
2947 5639 3280 5707 praeceptum
3330 5631 3618 5703 Ludovici,
3649 5637 3805 5701 atque
