3970 6218
222 262 325 317 133

862 264 1188 320 HISTORIA)
1228 266 1560 322 ECCLESUE
1598 266 1928 323 REMENSIS
1972 268 2145 326 LIBRI
2188 273 2519 338 QUATUOR.
2549 306 2617 317 —
2658 279 2781 334 LIB.
2826 280 2891 335 Il.

3451 292 3551 348 134

218 394 511 492 separatim
534 400 725 492 postea
751 404 1084 492 praeceptum
1118 400 1357 455 Lotharii
1402 400 1498 455 filii
1529 402 1649 470 ejus
1674 416 1831 471 repe-
1860 404 1909 470 Α
1933 403 2155 473 quando
2182 403 2416 461 filiorum
2450 422 2671 463 suorum
2705 412 3052 467 contumeliis
3074 414 3336 487 agebatur
3385 420 3554 492 impe-

222 486 360 541 ritur
420 487 725 557 accepisse.
796 487 890 542 Hic
971 490 1168 559 praesul
1236 490 1349 545 Ebo
1406 507 1529 545 cum
1598 492 1832 548 consilio

220 574 480 630 Ludovici
531 575 896 645 imperatoris,
955 584 1009 631 et
1047 579 1367 634 auctoritate
1424 581 1701 635 Paschalis
1730 582 1835 637 Ro-

222 668 368 721 mani
391 667 667 739 pontificis
688 670 1024 740 praedicandi
1070 672 1245 743 gratia
1274 672 1343 726 ad
1362 674 1629 727 terminos
1659 688 1831 743 usque

220 757 490 812 Danorum
536 758 789 825 accessit,
841 775 903 813 ac
932 758 1131 814 multos
1188 776 1252 814 ex
1296 761 1377 815 eis
1434 761 1499 815 ad
1542 762 1705 815 fidem
1737 774 1831 815 ve-

218 852 429 906 nientes
449 851 763 923 baptizavit.

286 943 410 998 Orta
456 944 699 1016 denique
742 944 1015 1000 simultate
1077 945 1219 999 inter
1265 952 1473 1015 patrem
1536 954 1589 1000 et
1657 946 1829 1001 filium

220 1037 570 1103 Ludovicum,
652 1038 862 1093 scilicet
935 1040 1343 1109 imperatorem,
1396 1043 1448 1091 et
1517 1037 1829 1092 Lotharium

218 1128 465 1200 partibus
496 1127 593 1182 filii
647 1128 795 1194 favit,
850 1136 901 1183 et
955 1145 1077 1183 cum
1111 1128 1323 1182 castoris
1352 1129 1629 1199 episcopis
1659 1130 1828 1184 corri-

216 1219 327 1288 puit
354 1219 743 1288 imperatorem
779 1217 1109 1272 Ludovicum
1133 1234 1231 1288 pro
1256 1217 1585 1289 quibusdam
1610 1219 1825 1283 erratis,

209 1329 329 1384 qua:
350 1313 400 1367 ei
436 1312 862 1382 objiciebantur,
891 1314 1113 1384 quando
1144 1312 1239 1367 filii
1271 1313 1355 1367 sui
1386 1312 1827 1383 comprehende-

210 1409 331 1456 runt
370 1419 523 1469 eum,
567 1409 621 1457 et
666 1402 954 1457 Lotharius
990 1402 1214 1456 adduxit
1271 1417 1465 1455 senum
1519 1407 1730 1471 patrem
1759 1402 1824 1455 ad

209 1489 608 1560 Compendium
648 1492 1003 1560 (Compie'gne)
1029 1492 1311 1561 palatium,
1355 1492 1447 1545 ubi
1483 1507 1606 1545 eum
1637 1490 1829 1545 afﬂixit

214 1596 332 1633 cum
365 1580 649 1650 episcopis
680 1588 734 1635 et
758 1581 969 1635 caeteris
1001 1581 1284 1635 nonnullis
1315 1580 1673 1651 optimatibus
1710 1580 1825 1650 [ms.

211 1673 245 1735 ἰ,
298 1672 671 1743 primatibus],
718 1674 810 1744 qui
863 1674 1151 1741 jusserunt
1206 1682 1262 1727 ut
1321 1675 1375 1728 in
1427 1673 1823 1728 monasterium

212 1765 327 1830 iret,
361 1771 414 1818 et
445 1772 595 1819 esset
624 1765 699 1818 ibi
728 1766 939 1819 cunctis
989 1765 1187 1821 diebus
1234 1768 1358 1821 vitae
1387 1784 1519 1821 sum.
1553 1766 1706 1830 Quod
1736 1764 1827 1819 ille

212 1872 469 1923 renuens,
511 1873 621 1912 non
676 1859 959 1912 consensit
990 1858 1253 1913 voluntati
1284 1874 1498 1914 eorum.
1531 1858 1678 1911 Tunc
1709 1873 1828 1911 om-

214 1960 308 1999 nes
335 1946 588 2017 episcopi
618 1948 710 2018 qui
729 1949 977 2011 aderant,
1002 1948 1219 2003 molesti
1246 1950 1296 2003 ei
1316 1949 1489 2003 fuisse
1514 1954 1827 2009 narrantur,

212 2040 261 2085 et
287 2034 730 2105 improperantes
759 2036 833 2088 illi
860 2042 1082 2105 peccata
1105 2053 1223 2102 sua,
1258 2037 1606 2091 abstulerunt
1639 2037 1688 2089 ei
1710 2035 1828 2109 gla-

217 2120 357 2178 dium
389 2140 419 2177 a
451 2124 662 2178 femore
694 2140 812 2191 suo,
844 2125 1139 2179 induentes
1172 2142 1295 2179 eum
1326 2126 1523 2181 cilicio.

282 2216 413 2270 Dum
448 2215 774 2287 frequenter
804 2218 966 2289 igitur
996 2216 1107 2271 Ebo
1156 2219 1354 2288 pnesul
1398 2219 1450 2271 in
1474 2218 1673 2288 palatio
1701 2226 1830 2273 tunc

218 2314 540 2372 moraretur,
573 2306 887 2373 hujusmodi
942 2306 1011 2359 de
1052 2323 1117 2361 eo
1165 2308 1219 2361 in
1283 2309 1619 2363 monasterio
1652 2312 1827 2364 sancti

217 2392 437 2484 Remigii
473 2394 615 2449 visio
666 2393 899 2447 revelata
954 2402 1056 2447 est.
1090 2395 1213 2449 Erat
1264 2396 1339 2449 ibi
1372 2398 1676 2451 monachus
1705 2399 1827 2469 qui-

216 2483 620 2548 dam,'nomine
671 2483 973 2547 Raduinus,
1027 2499 1233 2555 genere
1290 2485 1705 2558 Longobardus,
1735 2489 1827 2558 qui

216 2571 379 2626 abbas
436 2573 721 2643 quondam
807 2572 1086 2625 exstiterat
1165 2574 1485 2627 monasterii
1566 2575 1714 2645 quod
1770 2574 1826 2627 in

217 2674 393 2722 monte
424 2664 700 2719 Bardonis
724 2664 776 2716 in
837 2662 986 2717 ltalia
1022 2663 1328 2719 beatissimi
1360 2665 1590 2737 Remigii
1622 2666 1829 2721 celebri

218 2762 376 2831 pollet
434 2759 728 2815 memoria.
802 2758 1137 2813 Moderamni
1190 2759 1533 2813 Redonensis
1582 2760 1829 2831 episcopi

215 2850 385 2904 studio
415 2848 695 2903 dedicata.
752 2848 811 2902 In
864 2865 972 2920 quo
1031 2849 1388 2915 monasterio,
1419 2848 1547 2901 dum
1572 2848 1829 2919 pnefatus

218 2940 494 2995 Raduinus
556 2940 857 3000 monachiai
934 2941 1299 3011 professionis
1357 2948 1574 3014 gereret
1626 2938 1827 3006 ofﬁcia,

1937 499 2083 546 rator
2113 492 2767 570 Ludovicus.En,inquit,
2810 502 2937 556 huic
2963 503 3295 580 {astringens
3327 528 3550 567 manum

1936 586 2109 641 sancti
2163 588 2410 663 Remigii)
2471 595 2764 649 auctoritas
2824 603 2926 662 est,
2979 614 3011 651 a
3065 598 3275 655 Christo
3332 604 3548 669 tradita,

1938 672 2268 731 Francorum
2318 692 2739 748 perseveranter
2792 685 3007 757 imperii
3090 689 3357 760 Equidem
3408 694 3550 748 sicut

1938 760 2078 815 hanc
2132 772 2353 837 gentem
2405 784 2504 823 sua
2535 770 2781 827 doctrina
2824 776 3069 846 percepit
3103 777 3171 832 ab
3224 778 3547 836 infidelitate

1932 855 2159 925 gratiam
2179 860 2556 929 convertendi,
2574 864 2653 918 sic
2671 866 2834 919 etiam
2857 868 3062 923 donum
3079 885 3299 941 semper
3318 872 3546 928 inviola-

1934 943 2043 998 bile
2074 948 2321 1015 possidet
2347 950 2427 1003 eis
2459 968 2641 1023 regem
2674 956 2757 1009 vel
2780 956 3163 1026 imperatorem
3206 961 3547 1016 constituen-

1932 1033 2007 1089 di.
2069 1037 2195 1102 Quaa
2250 1039 2567 1096 beatissima
2614 1043 2709 1097 Dei
2769 1046 3040 1103 Genitrice
3095 1048 3333 1116 dicente,
3382 1049 3549 1105 frater

1933 1141 2383 1199 praememoratus
2417 1137 2691 1209 evigilavit
2722 1149 2971 1211 repente.

2561 1226 2771 1285 CAPUT
2814 1232 2920 1285 ΧΧ.

2394 1317 2467 1369 De
2491 1318 2691 1371 Ebonis
2728 1322 3081 1390 depositione.

2005 1400 2193 1471 Itaque
2225 1408 2513 1473 postquam
2562 1407 2866 1465 Ludovicus
2897 1411 2966 1465 ab
2995 1413 3275 1483 asquivoeo
3302 1412 3415 1469 filio
3446 1431 3547 1469 suo

1932 1495 2215 1547 restitutus
2254 1502 2341 1549 est
2396 1497 2449 1550 in
2504 1515 2731 1571 regnum
2797 1511 2848 1557 et
2900 1504 3161 1559 honorem
3218 1523 3399 1573 suum,
3434 1508 3546 1563 Ebo

1935 1596 2164 1659 prepter
2194 1592 2791 1660 hujuscemodifactum
2813 1599 3099 1669 depositus
3129 1607 3210 1653 est
3241 1600 3309 1654 ab
3337 1601 3549 1671 episco-

1937 1686 2084 1747 patu,
2117 1695 2213 1748 pro
2273 1681 2595 1739 infidelitate
2654 1686 3018 1758 imperatoris.
3078 1689 3179 1744 Pro
3211 1707 3318 1761 qua
3350 1692 3546 1762 reipse

1925 1773 2037 1841 jam
2091 1774 2248 1829 Jesse
2301 1776 3092 1851 Ambianensiumfprzesulem
3144 1783 3349 1837 dudum
3382 1785 3550 1856 depo-

1932 1863 2111 1916 suisse
2142 1865 2391 1932 traditur,
2440 1868 2538 1922 sed
2592 1885 2738 1924 nunc
2787 1886 2910 1925 eum
2971 1888 3260 1927 revocasse
3297 1872 3469 1929 fertur
3492 1876 3544 1928 in

1930 1954 2158 2027 gradum
2194 1955 2431 2025 priorem

2004 2043 2078 2097 De
2108 2044 2311 2099 Ebonis
2329 2052 2508 2099 autem
2542 2046 2911 2117 depositione,
2933 2050 3248 2121 requirente
3307 2059 3547 2121 postmo-

1932 2133 2061 2189 dum
2094 2153 2235 2207 papa
2262 2139 2482 2194 Nicolao
2533 2140 2602 2195 ab
2653 2143 2930 2213 episcopis
2957 2144 3163 2209 Gallia},
3196 2146 3544 2217 maximeque

1934 2221 2164 2293 Belgica:
2232 2226 2547 2293 provinciae,
2620 2230 2735 2284 haec
2796 2232 2936 2285 inter
2994 2233 3099 2287 alia
3153 2235 3206 2287 in
3260 2236 3544 2305 responsis

1931 2313 2141 2382 accepit
2222 2314 2375 2377 Quod
2435 2317 2548 2374 Ebo
2608 2319 2900 2376 Remorum
2934 2324 3230 2395 episcopus
3262 2333 3485 2396 accepta
3515 2344 3546 2380 a

1932 2407 2185 2464 Lothario
2242 2427 2337 2480 pro
2401 2414 2571 2482 patris
2627 2416 2940 2485 proditione
2984 2417 3203 2472 abbatia
3231 2420 3404 2473 sancti
3442 2421 3547 2475 Ve-

1931 2500 2091 2567 dasti,
2138 2502 2398 2557 falsarum
2456 2505 2829 2574 objectionum
2882 2508 3134 2564 incentor
3178 2510 3465 2577 exstiterit,
3494 2520 3548 2567 et

1931 2589 2127 2644 daliter
2169 2593 2513 2648 criminatum
2546 2596 2803 2651 eumdem
2837 2598 3222 2667 imperatorem
3256 2600 3400 2653 idem
3434 2601 3545 2657 Ebo

1932 2696 1962 2734 a
1988 2683 2103 2735 suis
2129 2684 2492 2754 complicibus
2548 2704 2579 2741 a
2610 2688 2895 2742 liminibus
2936 2689 3183 2743 ecclesia:
3215 2690 3541 2759 projectum,

1931 2784 1994 2823 ac
2026 2770 2258 2840 publica;
2291 2772 2625 2842 paenitentia}
2682 2778 3073 2848 mancipatum,
3108 2778 3369 2834 custodiri
3400 2781 3546 2837 fece-

1933 2859 1999 2913 rit
2058 2860 2219 2929 [anno
2275 2862 2421 2927 834),
2480 2879 2658 2936 usque
2689 2866 2817 2921 dum
2876 2868 2929 2921 in
2961 2883 3108 2921 anno
3151 2868 3546 2925 incarnationis

1931 2948 2227 3004 Dominica:
2275 2952 2734 3025 octingentesimo
2788 2954 3067 3010 tricesimo
3107 2963 3321 3027 quarto,
3358 2957 3549 3012 Letha-

215 3032 401 3088 ductus
457 3047 654 3087 amore
711 3032 1029 3086 meritorum
1085 3032 1231 3086 beati
1292 3032 1544 3105 Remigii,
1595 3032 1833 3102 SCPUICPi
1858 3036 1907 3105 C
1935 3042 2047 3095 rius
2074 3043 2295 3098 territus
2325 3052 2599 3101 conventu
2629 3046 2853 3101 fratrum
2905 3062 3150 3114 suorum,
3185 3064 3249 3101 ac
3278 3048 3545 3118 plurimo—

215 3125 453 3193 ejusdem
486 3125 683 3179 limina
727 3126 901 3196 petiit.
966 3125 1063 3189 Qui
1105 3142 1228 3179 cum
1284 3123 1546 3179 fratribus
1577 3125 1826 3193 ejusdem

213 3211 308 3269 loci
342 3215 511 3268 vitam
543 3214 751 3267 ducens
810 3213 1142 3284 religiosam,
1185 3212 1351 3285 digne
1392 3229 1515 3267 sese
1565 3213 1633 3267 ad
1664 3214 1829 3267 cmle-

215 3310 345 3357 stem
395 3302 689 3376 satagebat
745 3318 1055 3372 praeparare
1103 3302 1374 3359 militiam.
1427 3305 1667 3369 Quadam
1699 3320 1829 3360 vero

215 3394 319 3460 die,
345 3410 520 3450 sacra:
553 3394 765 3450 scilicet
812 3394 1209 3464 assumptionis
1266 3403 1468 3451 sanctae
1522 3398 1617 3451 Dei
1668 3396 1830 3450 Geni-

216 3490 376 3553 tricis,
408 3496 541 3561 post
569 3495 817 3542 exactum
850 3488 1132 3542 matutina:
1165 3490 1533 3545 solemnitatis
1563 3490 1829 3553 officium,

215 3581 434 3653 reliquis
502 3579 759 3634 fratribus
812 3580 1053 3649 quietem
1123 3581 1463 3649 petentibus,
1523 3582 1609 3636 ille
1652 3583 1831 3652 precis

216 3674 379 3744 gratia
406 3673 563 3728 solus
598 3672 861 3727 remansit
916 3671 969 3724 in
1000 3671 1189 3738 choro,
1231 3673 1555 3728 custodibus
1584 3674 1831 3730 ecclesia:

220 3764 651 3834 quiescentibus.
686 3765 749 3817 At
768 3764 861 3818 ubi
894 3764 1231 3835 psalmorum
1262 3766 1677 3821 continuatione
1710 3767 1831 3822 fati-

220 3862 390 3925 gatus,
425 3857 658 3911 irruenti
712 3857 878 3928 ccepit
935 3858 1180 3928 seporari
1242 3873 1458 3924 somno,
1508 3857 1643 3912 vidit
1699 3875 1729 3912 a
1760 3860 1833 3914 lo-

221 3961 279 4001 co
302 3948 547 4018 sepulcri
607 3950 780 4003 sancti
841 3948 1115 4018 pontificis
1150 3949 1221 4019 [sc
1255 3949 1502 4023 Remigii]
1534 3950 1833 4020 procedere

220 4033 591 4093 beatissimam
614 4037 709 4091 Dei
737 4036 1067 4091 Genitricem
1102 4037 1273 4092 nimio
1306 4038 1513 4093 lumine
1545 4055 1835 4095 coruscan-

221 4133 343 4194 tem,
372 4130 528 4198 cujus
564 4127 847 4183 haerebant
907 4127 1173 4182 lateribus
1200 4130 1538 4203 evangelista
1567 4131 1830 4196 Joannes,

222 4222 271 4269 et
297 4218 412 4288 ipse
433 4237 593 4275 sacer
609 4218 892 4293 Remigius
913 4237 927 4286 ;
946 4220 1136 4290 sicque
1166 4234 1226 4273 se
1244 4219 1345 4274 visi
1372 4226 1633 4275 suntcom
1642 4222 1836 4291 positis

222 4306 366 4361 adire
419 4307 704 4382 gradibus.
741 4309 1097 4380 Superposita
1129 4324 1259 4364 vero
1317 4324 1483 4363 manu
1524 4309 1684 4382 Virgo
1713 4311 1832 4385 glo-

1930 3149 2050 3187 rum
2082 3133 2324 3189 fidelium
2358 3138 2529 3208 patris
2577 3137 2944 3209 imperatoris,
2976 3135 3104 3211 fuga
3126 3137 3313 3208 lapsus
3336 3146 3547 3209 patrem

1932 3238 2089 3275 suum
2144 3225 2323 3278 adhuc
2370 3226 2438 3279 ab
2498 3228 2751 3301 ingressu
2836 3228 3084 3283 ecclesiae
3141 3234 3546 3299 sequestratum

1933 3314 2155 3368 dimisit.
2186 3315 2316 3369 Cum
2348 3331 2456 3387 quo
2486 3317 2629 3371 inter
2649 3319 2785 3372 alios
2824 3320 2988 3373 etiam
3021 3317 3243 3390 quidam
3275 3320 3547 3390 episc0pi,

1932 3400 2171 3457 fautores
2194 3402 2368 3472 ipsius
2401 3404 2453 3457 in
2485 3403 2811 3460 adversitate
2842 3407 3013 3477 patris
3043 3406 3149 3475 sui,
3180 3406 3383 3461 relictis
3414 3422 3549 3461 con-

1933 3507 2015 3554 tra
2067 3514 2221 3552 sacra
2270 3499 2487 3571 regulas
2533 3500 2760 3554 sedibus
2814 3502 2929 3555 suis
2986 3508 3366 3571 perrexerunt,
3392 3500 3551 3553 Jesse

1930 3587 2185 3643 videlicet
2212 3588 2620 3651 Ambianensis,
2655 3596 2708 3641 et
2740 3589 3085 3644 Hereboldus
3132 3588 3551 3645 Antisiodoren-

1934 3683 2032 3749 sis,
2066 3680 2389 3749 Agobardus
2437 3678 2850 3749 Lugdunensis,
2878 3686 2931 3731 et
2956 3679 3384 3733 Bartholomaaus
3415 3675 3551 3730 Nar-

1934 3770 2201 3827 bonensis
2224 3768 2542 3840 episcopus,
2574 3776 2629 3821 et
2658 3766 3231 3838 abseedenteillo,qui
3254 3766 3551 3821 adfuerunt

1934 3861 2182 3932 episcopi
2241 3861 2627 3932 imperatorem
2688 3859 2741 3912 in
2799 3858 3033 3912 ecclesia
3088 3862 3262 3915 sancti
3301 3861 3549 3931 Dionysii

1936 3953 2447 4018 reconciliaverunt,
2475 3959 2528 4007 et
2558 3950 2943 4007 ecclesiasticae
2983 3952 3359 4006 communioni
3389 3951 3552 4005 resti-

1937 4053 2176 4102 tuerunt.
2212 4045 2363 4109 Quod
2396 4042 2509 4097 Ebo
2540 4042 2794 4105 audiens,
2828 4039 3154 4111 quibusdam
3187 4040 3553 4095 familiaribus

1936 4137 2052 4190 suis
2096 4134 2498 4205 plenitudinem
2550 4148 2772 4188 suorum
2830 4131 3103 4204 delegavit
3155 4132 3463 4196 hominum,
3497 4142 3553 4188 et

1937 4231 2145 4280 certum
2176 4225 2257 4278 eis
2288 4224 2543 4294 placitum
2577 4221 2749 4287 dedit,
2781 4220 2876 4275 ubi
2916 4228 2969 4275 et
2999 4220 3219 4293 quando
3250 4220 3448 4274 iterum
3480 4221 3549 4275 ad

1939 4332 2064 4370 eum
2094 4314 2362 4368 venirent.
2421 4311 2690 4380 Adjicitur
2744 4311 2904 4364 etiam
2956 4311 3103 4383 quod
3145 4311 3258 4367 Ebo
3290 4311 3551 4382 plurima,

223 4394 359 4449 riosa
412 4396 615 4452 leniter
668 4398 787 4467 ejus
848 4398 1043 4470 capiti:
1104 4398 1243 4463 Quid
1300 4399 1409 4466 hic,
1460 4400 1655 4471 inquit,
1687 4402 2049 4478 agis,una1,
2105 4404 2175 4459 de
2241 4401 2591 4457 facultatibus
2649 4401 3039 4457 ecclesiasticis
3106 4401 3250 4456 ferre
3303 4408 3436 4455 tunc
3491 4400 3547 4455 in

222 4484 409 4543 fratrer
441 4490 689 4544 Raduine
725 4489 753 4543 ?
779 4506 888 4562 quo
910 4505 1034 4544 mox
1066 4490 1242 4560 pedes
1270 4491 1415 4546 illius
1441 4493 1677 4547 osculari
1709 4509 1830 4563 pro-

219 4580 527 4649 cumbente,
560 4582 761 4651 adjecit
795 4600 806 4635 :
836 4582 935 4637 Ubi
983 4582 1149 4636 modo
1194 4574 1345 4656 degit
1395 4584 1506 4639 Ebo
1538 4585 1828 4641 Remensis

220 4673 662 4745 archiepiscOpus
714 4673 742 4727 ?
785 4676 898 4740 Quo
932 4674 1302 4744 respondente
1359 4692 1371 4728 :
1407 4676 1646 4745 palatina
1671 4678 1830 4748 jussu

223 4760 361 4832 regis
387 4763 708 4834 exsequitur
738 4762 978 4838 negotia.
1014 4763 1077 4817 Et
1132 4777 1249 4830 cur,
1268 4763 1466 4835 inquit,
1495 4770 1603 4819 tam
1635 4767 1830 4822 sedulo

222 4851 401 4919 palatii
432 4854 558 4908 terit
586 4853 812 4909 limina?
839 4870 1066 4926 prorsus
1084 4855 1214 4910 hinc
1244 4872 1591 4928 nequaquam
1624 4860 1830 4927 majore

222 4937 478 4998 ditabitur
531 4946 833 5001 sanctitatis
891 4945 1158 5004 efficacia.
1218 4948 1410 5003 Veniet
1441 4949 1610 5014 enim,
1650 4950 1832 5003 veniet

220 5029 501 5091 celerrime
559 5044 798 5109 tempus,
853 5040 1076 5111 quando
1138 5056 1249 5095 non
1308 5040 1722 5111 prosperabitur
1773 5042 1827 5097 in

221 5118 434 5179 talibus.
456 5124 630 5188 Quem
662 5128 800 5182 nihil
857 5129 925 5183 ad
967 5130 1085 5185 haec
1140 5129 1437 5184 audentem
1464 5130 1829 5201 respondere,

219 5212 309 5267 tali
331 5232 678 5289 prosequens
728 5219 923 5276 affatur
952 5222 1282 5277 allocutione
1325 5222 1491 5287 :Qum
1523 5229 1828 5277 vestrorum

222 5310 467 5360 versatur
496 5307 643 5377 apud
670 5308 925 5365 homines
956 5326 1149 5385 regum
1180 5310 1507 5382 disceptatio
1535 5310 1563 5363 7
1583 5310 1733 5367 Tunc
1764 5327 1829 5368 eo

226 5399 641 5466 respondente:
692 5402 922 5458 Domina
978 5403 1221 5458 Genitrix
1269 5404 1565 5458 Salvatoris
1618 5405 1830 5473 mundi,

226 5490 324 5539 tuae
353 5488 557 5543 melius
610 5493 757 5549 novit
810 5495 916 5550 hoc
965 5495 1269 5550 sanctitatis
1326 5494 1685 5565 incorruptio,
1737 5498 1831 5567 ait,

224 5573 351 5641 quid
374 5582 540 5631 tantae
566 5578 708 5633 malo
765 5582 1080 5652 cupiditatis
1120 5581 1286 5637 illecti
1334 5596 1475 5637 vana
1505 5596 1653 5635 nunc
1676 5598 1832 5656 gras-

222 5670 409 5720 santur
464 5665 714 5724 audacia.
770 5670 907 5726 Illud
965 5671 1113 5726 enim
1166 5679 1298 5728 tunc
1349 5670 1537 5727 aderat
1588 5676 1828 5743 tempus,

1929 4501 2158 4569 argento
2185 4501 2237 4548 et
2258 4508 2391 4547 auro
2426 4492 2622 4563 potuit,
2655 4507 2841 4547 secum
2895 4506 3206 4557 assumens,
3266 4504 3390 4544 cum
3422 4488 3549 4559 qui-

1931 4592 2165 4648 busdam
2222 4589 2574 4657 Normannis,
2621 4588 2714 4657 qui
2774 4585 2877 4641 iter
2932 4594 2983 4640 et
3042 4590 3231 4655 portus
3272 4581 3441 4636 maris
3488 4596 3553 4637 ac

1931 4681 2219 4735 fluminum
2272 4694 2425 4733 mare
2475 4676 2823 4731 inﬂuentium
2856 4682 3017 4731 notos
3069 4673 3371 4729 habebant.
3420 4687 3545 4727 cum

1932 4770 2121 4840 paucis
2148 4784 2369 4841 quoque
2395 4767 2518 4821 aliis
2546 4765 2863 4822 domesticis
2894 4764 3031 4830 suis,
3064 4762 3217 4818 nullo
3245 4762 3549 4831 impetente

1930 4858 2018 4913 vel
2044 4863 2437 4928 persequente,
2468 4862 2631 4911 noctu
2659 4855 2843 4911 Remis
2878 4853 3107 4926 aufugit,
3142 4860 3195 4905 et
3226 4866 3335 4907 non
3368 4848 3546 4903 solum

1933 4946 2248 5016 parochiam
2298 4961 2477 5011 suam,
2525 4960 2714 4999 verum
2746 4952 2799 5000 et
2828 4943 3098 5016 Belgicam
3128 4940 3415 5014 regionem
3448 4940 3547 4993 de-

1931 5040 2121 5107 seruit,
2176 5045 2232 5094 et
2282 5038 2385 5092 iter
2436 5035 2503 5090 ad
2552 5035 2917 5101 Normannos,
2975 5031 3178 5106 quibus
3238 5047 3268 5084 a
3299 5028 3547 5084 Paschali

1932 5142 2075 5199 papa
2134 5126 2401 5197 [Paschal.
2457 5122 2530 5193 I],
2578 5140 2793 5179 necnon
2852 5124 2921 5178 ab
2976 5120 3221 5196 Eugenio
3282 5119 3439 5191 [Eug.
3472 5115 3544 5186 II]

1932 5232 2254 5272 successore
2280 5214 2476 5281 ipsius,
2512 5214 2651 5267 sicut
2682 5213 2931 5284 epistolis
2982 5210 3304 5268 eorumdem
3336 5223 3544 5279 praesu-

1931 5305 2043 5359 lum
2071 5305 2138 5358 ad
2193 5304 2372 5374 ipsum
2427 5317 2526 5373 pro
2584 5303 2687 5357 hac
2739 5318 2797 5357 re
2851 5302 2993 5356 datis
3023 5301 3342 5365 edocemur,
3370 5298 3547 5352 fuerat

1935 5392 2259 5465 pmdicator
2288 5392 2618 5457 destinatus,
2667 5394 2913 5464 arripuit.
2958 5393 3111 5458 Quod
3140 5387 3546 5446 manifestanti-

1936 5487 2039 5543 bus
2061 5488 2161 5556 eis,
2186 5503 2308 5542 cum
2340 5484 2542 5558 quibus
2580 5486 2686 5541 hoc
2736 5486 3027 5541 consilium
3083 5485 3223 5550 iniit,
3257 5483 3548 5553 imperato-

1934 5596 2048 5635 rem
2096 5579 2265 5634 latere
2295 5592 2405 5633 non
2439 5576 2631 5647 potuit.
2676 5575 3019 5646 QuaprOpter
3074 5574 3374 5645 imperator
3418 5586 3544 5625 eum

1934 5685 2031 5742 per
2077 5669 2393 5742 episc0pos,
2426 5665 2753 5731 .Rothadum
2813 5664 3024 5722 scilicet
3050 5662 3463 5728 Suessonicam,
3493 5666 3546 5715 et
