3970 6218
477 289 580 347 135

1598 283 1962 340 FLODOARDI
2004 282 2305 340 CANONICI
2348 285 2673 344 REMENSIS

3694 303 3799 357 136

471 438 880 495 Erchenradum
925 437 1042 507 [al.,
1093 434 1318 506 Arkeur]
1371 434 1700 491 Parisiorum
1733 430 2078 506 episcopum,
2106 435 2153 503 Α
2181 434 2465 491 confessus
2494 446 2587 494 aut
2611 439 2896 495 convictus
2945 439 3107 509 foret,
3162 443 3407 500 libellum
3435 462 3551 502 suae
3578 449 3797 521 deposi-

468 528 710 584 revocari
741 526 886 593 fecit,
911 534 964 582 et
1012 526 1065 580 in
1120 523 1456 581 monasterio
1478 525 1649 580 sancti
1679 522 1969 587 Bonifacii,
2002 522 2075 587 ei,

458 626 520 673 et
550 616 764 672 clericis
788 634 851 671 ac
904 616 1057 671 laicis
1106 616 1199 687 qui
1249 633 1371 671 cum
1430 631 1496 670 eo
1554 620 1730 669 erant.
1762 614 2077 667 necessaria

465 708 785 771 ministrari,
810 714 864 762 et
916 707 1186 778 synodum
1216 714 1536 779 exspectare
1577 703 1857 776 prmccpit.
1887 702 1993 756 Sed
2025 709 2079 757 et

468 803 861 859 Hildemannus
926 801 1276 859 Belvacensis
1353 800 1651 870 episcopus
1703 794 2073 860 insimulatus,

464 896 613 969 quod
669 896 808 951 sicut
864 895 1073 967 praefati
1139 895 1431 966 episcopi,
1499 891 1682 965 fugam
1740 893 1809 948 ad
1878 894 2077 949 Lotha-

464 987 603 1041 rium
636 987 940 1053 moliretur,
974 988 1027 1042 in
1058 985 1396 1042 monasterio
1426 984 1603 1041 sancti
1630 984 1851 1039 Vedasti
1882 983 2075 1038 deten-

462 1084 572 1143 tus,
591 1077 861 1147 synodum
913 1076 1266 1147 exspectavit.
1326 1075 1405 1131 Ad
1452 1092 1615 1149 quam
1643 1091 1789 1132 anno
1819 1075 2073 1131 lncarna-

460 1167 627 1221 tionis
666 1168 963 1223 Dominicaa
988 1167 1094 1222 835
1121 1167 1432 1234 venientes,
1462 1183 1659 1222 omnes
1705 1166 1952 1237 episcopi
1980 1165 2073 1236 qui

461 1266 840 1315 convenerant
868 1257 1185 1332 singillatim
1240 1257 1459 1313 libellos
1487 1258 1557 1312 de
1589 1257 1934 1314 restitutione
1962 1257 2071 1310 im-

464 1349 734 1418 peratoris
777 1347 1055 1403 communi
1113 1346 1345 1402 consilio
1375 1356 1539 1420 atque
1569 1364 1846 1406 consensu
1878 1346 2073 1402 edide-

465 1448 613 1509 runt,
636 1447 689 1495 et
722 1439 961 1512 propriis
1002 1438 1259 1493 manibus
1286 1438 1755 1510 subscripserunt.
1792 1437 1921 1493 Cum
1953 1439 2075 1510 qui-

464 1529 568 1585 bus
600 1538 653 1585 et
684 1530 796 1586 Ebo
839 1533 915 1598 (ut
958 1545 1149 1585 revera
1201 1529 1255 1583 in
1312 1534 1451 1582 statu
1486 1543 1585 1583 suo
1607 1527 1787 1582 adhuc
1817 1527 2071 1594 manens)

464 1618 710 1673 libellum
741 1635 906 1673 manu
948 1633 1047 1671 sua
1103 1633 1224 1671 cum
1259 1616 1635 1672 additamenta
1671 1617 2073 1687 archiepiscopi

463 1710 724 1782 scriptum
755 1710 944 1766 edidit.
974 1711 1031 1764 In
1064 1708 1372 1780 quolibello
1392 1708 1674 1779 professus
1687 1708 2071 1781 est,quidquid

462 1801 515 1855 in
536 1800 712 1871 ipsius
753 1798 1098 1870 imperatoris
1144 1797 1581 1853 dehonoratione
1612 1806 1826 1870 gestum
1875 1797 2070 1865 fuerat,

2180 525 2345 582 tionis
2375 528 2619 597 dictavit,
2662 537 2717 585 et
2745 529 2908 584 scribi
2961 545 3144 586 coram
3205 550 3263 589 se
3310 534 3464 606 fecit,
3493 545 3551 593 et
3578 542 3795 612 propria

2179 638 2344 676 manu
2371 625 2715 695 subscripsit,
2747 627 3052 682 secundum
3084 629 3440 687 traditionem
3462 634 3794 690 ecclesiasti-

2176 728 2317 778 cam,
2376 714 2745 787 eumdemque
2800 715 3046 772 libellum
3079 719 3313 790 propriae
3339 737 3403 777 ac
3457 723 3599 780 vivm
3653 727 3797 781 vocis

2177 798 2525 856 confessione
2582 810 2895 858 attestatum
2955 804 3009 859 in
3068 806 3476 865 abdicationem
3504 812 3615 879 sui,
3649 815 3795 869 nullo

2178 886 2246 940 ab
2273 902 2338 943 eo
2361 900 2642 959 quaerente
2670 893 2753 947 vel
2786 893 3063 968 exigente,
3086 896 3299 967 synodo
3356 898 3502 954 ultro
3533 903 3792 970 porrexit.

2179 976 2240 1031 Et
2312 978 2452 1034 sicut
2531 981 2705 1036 videri
2762 990 2892 1038 tunc
2965 984 3033 1039 ab
3091 986 3177 1042 his
3231 989 3325 1060 qui
3398 990 3791 1058 interfuerunt,

2178 1066 2375 1134 potuit,
2453 1070 2764 1126 sacerdotio
2818 1086 2878 1124 se
2927 1080 3126 1141 sponte
3183 1075 3481 1144 submovit,
3539 1096 3794 1151 quaerens

2179 1160 2481 1215 remedium
2559 1165 2891 1236 pmnitendi,
2967 1168 3110 1225 sicut
3187 1171 3242 1225 in
3325 1172 3523 1228 eodem
3585 1174 3792 1245 profes-

2175 1247 2347 1303 sionis
2373 1266 2437 1305 ac
2488 1254 2907 1327 subscriptionis
2935 1275 3049 1314 suae
3104 1260 3292 1316 libello
3345 1263 3671 1319 continetur
3697 1267 3795 1321 hoc

2178 1340 2361 1397 modo.
3354 1355 3365 1361 ‘

2250 1456 2272 1485 ι
2310 1436 2420 1512 Ego
2452 1438 2564 1495 Eho
2592 1440 2853 1516 indignus
2901 1444 3214 1517 episcopus,
3248 1463 3662 1524 recognoscens
3691 1449 3794 1506 fra-

2176 1525 2441 1600 gilitatem
2471 1545 2673 1597 meam,
2734 1540 2786 1586 et
2836 1533 3083 1602 pondera
3139 1546 3489 1606 peccatorum
3518 1556 3790 1607 meorum,

2176 1621 2342 1672 testes
2372 1619 2718 1679 confessores
2773 1641 2948 1691 meos,
3004 1626 3243 1682 Aiulfum
3300 1628 3562 1685 videlicet
3618 1632 3791 1686 archi-

2175 1707 2517 1779 epiSCOpum,
2576 1718 2631 1765 et
2672 1713 3011 1768 Badaradum
3068 1716 3411 1786 episcopum,
3472 1733 3696 1773 necnon
3743 1728 3794 1772 et

2175 1795 2489 1852 Modoinum
2515 1800 2859 1872 episcopum,
2891 1803 3152 1858 constitui
3180 1803 3315 1858 mihi
3330 1804 3552 1873 judices
3571 1806 3793 1861 delicto.

462 1850 710 1871 τμη
2314 1850 2319 1851 ν
2524 1850 2859 1872 τ--ηπηη
2896 1850 3152 1858 "um---
3183 1850 3552 1873 ...παρ-ην-
3574 1850 3770 1861 ac...“

462 1889 659 1957 injuste
692 1888 890 1942 factum
914 1886 1102 1942 fuisse.
1135 1887 1268 1942 Item
1301 1893 1423 1958 post
1450 1902 1622 1957 pauca
1653 1904 1665 1939 :
1699 1892 1752 1940 et
1771 1894 1895 1958 post
1915 1885 2071 1941 datos
2100 1850 2150 1918 Β
2174 1902 2291 1939 rum
2324 1902 2573 1943 meorum
2627 1899 2691 1945 et'
2736 1907 2924 1961 puram
2974 1892 3110 1963 ipsis
3159 1894 3575 1949 confessionem
3640 1895 3789 1961 dedi,

461 1981 701 2046 libellos,
756 1980 1042 2035 venientes
1099 1980 1344 2051 episcopi
1408 1997 1530 2035 cum
1606 1981 1960 2051 imperatore,
2018 1987 2070 2035 et

458 2070 879 2142 quamplurimis
931 2070 1051 2139 ejus
1102 2067 1384 2136 ﬁdelibus,
1418 2086 1480 2123 ac
1520 2070 1679 2145 regni
1709 2071 2065 2141 primoribus,

460 2160 513 2213 in
545 2159 736 2214 urbem
794 2160 1138 2227 Metensium,
1198 2160 1252 2213 in
1303 2160 1526 2216 basilica
1585 2161 1729 2215 beati
1782 2161 2067 2233 Stephani,

458 2249 682 2321 publice
708 2268 739 2307 a
768 2252 1021 2325 Drogone
1043 2252 1306 2324 episcopo
1334 2253 1535 2308 relecta
1564 2260 1712 2319 sunt,
1744 2269 1867 2324 quas
1885 2253 1953 2308 de
1983 2269 2069 2308 re-

456 2344 734 2399 stitutione
783 2346 1132 2417 imperatoris
1185 2346 1431 2407 omnium
1467 2345 1827 2401 unanimitate
1846 2345 2070 2401 inventa

457 2432 629 2489 fuere.
685 2434 813 2490 Post
857 2433 1002 2489 hanc
1054 2436 1553 2501 annuntiationem,
1606 2434 1717 2489 Ebo
1773 2434 2067 2490 Remorum

454 2524 769 2595 episc0pus,
799 2525 891 2594 qui
912 2525 1161 2594 ejusdem
1182 2524 1593 2581 factionisvelut
1612 2521 1841 2597 signifer
1869 2522 2064 2589 fuerat,

456 2614 841 2670 conscendens
896 2615 1151 2669 eumdem
1202 2615 1380 2671 locum
1430 2616 1524 2672 ubi
1589 2620 1766 2695 Drogo
1822 2627 2066 2689 steterat,

455 2720 637 2761 coram
688 2702 948 2758 omnibus
998 2702 1281 2775 professus
1331 2714 1414 2763 est
1455 2709 1709 2763 eumdem
1767 2710 2067 2784 Augustum

458 2793 659 2863 injuste
692 2792 1024 2863 depositum,
1058 2800 1111 2848 et
1141 2794 1327 2850 omnia
1353 2813 1474 2867 quae
1520 2797 1784 2853 adversus
1814 2815 1939 2854 eum
1977 2814 2069 2870 pa-

455 2891 593 2941 trata
644 2882 879 2944 fuerant,
916 2882 1123 2955 inique,
1177 2890 1232 2937 et
1275 2891 1465 2941 contra
1501 2886 1669 2943 totius
1726 2886 2067 2943 auctoritatis

454 2976 728 3033 tramitem
784 2976 952 3033 fuisse
1007 2978 1341 3045 machinata,
1397 2980 1591 3037 merito
1642 2981 1899 3054 justeque
1940 2995 2067 3053 pro-

453 3067 575 3140 prio
602 3066 822 3138 imperii
860 3065 999 3122 solio
1055 3066 1431 3125 reformatum.
1464 3070 1528 3126 Et
1552 3071 1633 3127 sic
1659 3071 1919 3127 omnibus
1945 3073 2061 3128 lau-

2171 1995 2424 2049 quazrens
2477 1980 2778 2036 remedium
2834 1983 3165 2053 pmnitendi,
3198 1992 3252 2041 et
3302 1986 3536 2041 salutem
3595 1988 3791 2042 animae

2170 2083 2327 2134 mete,
2359 2075 2419 2123 ut
2448 2069 2762 2124 recederem
2821 2073 2888 2126 ab
2919 2069 3103 2128 ofﬁcio
3134 2083 3189 2129 et
3225 2074 3534 2130 ministerio
3569 2074 3790 2147 pontiﬁ-

2171 2156 2294 2223 cali,
2326 2173 2435 2228 quo
2457 2175 2544 2213 me
2572 2175 2907 2234 recognosco
2938 2178 3057 2218 esse
3110 2164 3420 2239 indignum,
3452 2177 3509 2222 et
3546 2168 3786 2222 alienum

2171 2260 2259 2299 me
2291 2245 2529 2301 reddens
2558 2262 2657 2317 pro
2690 2250 2932 2305 reatibus
2983 2251 3143 2319 meis,
3205 2252 3259 2306 in
3303 2253 3505 2325 quibus
3563 2271 3787 2326 pecasse

2169 2343 2382 2391 secreto
2436 2337 2567 2408 ipsis
2615 2340 2903 2396 confessus
2956 2358 3098 2397 sum.
3136 2342 3209 2398 Eo
3269 2342 3478 2398 scilicet
3506 2346 3703 2413 modo,
3734 2353 3786 2399 ut

2172 2426 2275 2497 ipsi
2305 2428 2414 2484 sint
2442 2436 2611 2486 testes
2661 2433 2754 2488 alii
2812 2435 2931 2507 [ms.
2988 2435 3116 2507 alio]
3172 2436 3509 2493 succedendi
3571 2449 3629 2494 et
3659 2455 3783 2495 con-

2170 2519 2423 2573 secrandi
2471 2519 2524 2574 in
2577 2520 2699 2578 loco
2744 2541 2891 2592 meo,
2946 2526 3041 2597 qui
3100 2526 3268 2599 digne
3317 2542 3560 2598 prmesse
3589 2538 3787 2600 etpro-

2171 2612 2331 2667 desse
2378 2615 2549 2685 possit
2604 2617 2871 2685 ecclesiae,
2940 2618 3028 2673 cui
3061 2619 3325 2675 hactenus
3352 2619 3620 2695 indignus
3650 2639 3784 2693 prae-

2171 2700 2269 2756 fui.
2312 2702 2395 2771 Et,
2454 2710 2514 2759 ut
2570 2704 2698 2761 inde
2737 2706 2881 2760 ultra
2962 2705 3168 2761 nullam
3222 2707 3641 2778 repetitionem,
3699 2718 3785 2764 aut

2170 2795 2672 2867 interpellationem
2700 2798 3025 2854 auctoritate
3056 2799 3321 2855 canonica
3347 2798 3531 2855 facere
3552 2802 3784 2867 valeam,

2169 2904 2335 2942 manu
2361 2890 2580 2961 pr0pria
2618 2907 2741 2946 mea
2793 2891 3145 2945 subscribens
3190 2890 3421 2947 firmavi.
3466 2892 3583 2947 Ebo
3608 2908 3787 2964 quon-

2170 2982 2295 3036 dam
2324 2983 2616 3054 episcopus
2647 2983 2967 3055 subscripsi.
2996 2986 3035 3053 -ι-
3060 3008 3083 3029 η

2240 3073 2304 3128 Et
2333 3080 2394 3128 ut
2421 3073 2607 3129 omnia
2672 3072 2976 3128 secundum
3034 3072 3187 3147 leges
3234 3070 3435 3144 quibus
3465 3072 3791 3129 moderatur

453 3159 552 3216 des
577 3160 691 3216 Deo
706 3160 1058 3228 canentibus,
1096 3169 1150 3216 et
1193 3176 1315 3233 quae
1361 3169 1491 3219 tunc
1530 3164 1735 3219 ibidem
1769 3163 1989 3221 fuerant
2015 3181 2069 3219 a-
2091 3168 2141 3237 ρ
2172 3164 2435 3232 Ecclesia,
2468 3165 2524 3220 in
2550 3165 2764 3236 synodo
2794 3163 3042 3239 legaliter
3071 3164 3420 3236 adimpleret,
3463 3164 3631 3219 simul
3664 3182 3785 3221 cum

453 3252 637 3329 genda
691 3252 947 3323 peractis,
994 3253 1063 3308 ad
1136 3254 1449 3311 Theodonis
1527 3257 1668 3312 villae
1727 3252 2065 3319 (Thionville)

450 3346 711 3418 palatium
734 3347 969 3418 regressi
1000 3352 1146 3412 sunt,
1180 3347 1369 3420 ibique
1400 3347 1872 3403 Hildemannusin
1895 3361 2066 3419 syno-

2170 3252 2271 3318 eis,
2303 3267 2441 3323 quos
2466 3252 2769 3307 secundum
2798 3252 2989 3308 Africae
3020 3251 3318 3324 provinciae
3348 3267 3600 3308 canones
3629 3255 3642 3319 (
3671 3270 3786 3309 con.

2167 3344 2255 3415 63)
2283 3344 2494 3421 legerat
2537 3346 2641 3401 sibi
2666 3346 2904 3415 judiccs,
2933 3346 3153 3401 dicente
3175 3345 3435 3416 Apostolo
3465 3362 3478 3397 :
3503 3347 3788 3402 Adversus

452 3440 523 3495 do
548 3453 795 3511 praesens
830 3454 891 3493 se
915 3454 947 3492 a
985 3438 1260 3493 calumnia
1314 3438 1422 3493 sibi
1474 3437 1712 3510 impacta
1739 3438 2068 3513 regulariter
2158 3436 2534 3505 presbyterum
2562 3438 2951 3491 accusationem
2971 3438 3084 3490 noli
3108 3438 3359 3505 recipere,
3382 3436 3497 3489 nisi
3517 3437 3623 3490 sub
3648 3438 3787 3490 duo-

448 3546 680 3597 exuens,
741 3528 1006 3586 satisfecit
1053 3530 1289 3601 synodo,
1318 3536 1373 3584 et
1424 3545 1526 3600 per
1565 3545 1685 3584 eam
1719 3529 2061 3600 imperatori.

446 3621 563 3679 Ebo
586 3637 718 3679 vero
744 3622 800 3677 in
832 3622 1024 3678 eadem
1079 3619 1292 3692 synodo
1332 3635 1577 3690 praesens
1633 3619 1701 3673 ab
1730 3618 2063 3690 imperatore

445 3722 716 3783 praesente
766 3721 1051 3771 accusatus
1112 3722 1218 3782 est,
1277 3715 1426 3786 quod
1494 3731 1617 3770 eum
1692 3715 1829 3771 falso
1888 3714 2063 3773 fuerat

445 3802 791 3871 criminatus,
842 3812 897 3858 et
936 3802 1147 3859 eisdem
1198 3803 1348 3858 falsis
1396 3802 1725 3859 criminibus
1756 3806 2059 3876 appetitum

445 3906 477 3944 a
520 3906 693 3965 regno
752 3893 1055 3963 dejecerat,
1111 3893 1390 3966 armisque
1438 3893 1507 3948 ab
1567 3909 1633 3949 eo
1688 3893 1907 3962 ablatis,
1958 3912 2062 3951 nec

443 3984 780 4055 confessum,
821 4003 927 4042 nec
956 3987 1289 4051 convictum,
1319 3989 1508 4040 contra
1540 3984 1760 4057 regulas
1786 3985 2057 4040 ecclesia-

446 4074 612 4131 sticas
640 4074 711 4129 ab
756 4076 1005 4132 ecclesiae
1034 4076 1185 4132 aditu
1227 4092 1292 4131 ac
1321 4075 1753 4131 Christianorum
1794 4076 2060 4132 societate

449 4165 852 4234 eliminaverat,
892 4167 1033 4223 sicut
1088 4175 1144 4222 et
1197 4167 1343 4223 idem
1398 4167 1603 4238 scripto
1653 4165 2057 4238 subscriptione

445 4274 547 4316 sua
589 4260 868 4330 roborato,
907 4267 964 4318 et
1011 4261 1198 4319 verbis
1241 4277 1422 4321 coram
1478 4260 1739 4318 omnibus
1773 4260 2055 4332 professus

442 4352 639 4413 fuerat.
656 4357 850 4413 Etcum
868 4355 1175 4413 essentalia
1190 4356 1355 4412 etiam
1366 4355 1619 4421 crimina,
1634 4355 1703 4409 de
1715 4353 1919 4426 quibus
1932 4363 2055 4425 post

2168 3524 2263 3578 bus
2299 3525 2382 3578 vel
2400 3525 2573 3579 tribus
2603 3525 2825 3580 testibus
2880 3525 2928 3587 (1
2966 3526 3102 3579 Tim.
3136 3540 3188 3590 v,
3214 3522 3301 3593 19)
3328 3529 3389 3577 ιιι
3427 3521 3484 3575 in
3516 3538 3617 3578 ore
3649 3524 3791 3580 duo-

2165 3631 2285 3669 rum
2312 3616 2399 3669 vel
2429 3615 2589 3670 trium
2641 3615 2858 3671 testium
2899 3622 3174 3670 constaret
3221 3614 3385 3669 etiam
3413 3629 3528 3669 suae
3560 3631 3786 3670 accusa-

2163 3706 2350 3776 tionis,
2378 3715 2435 3763 et
2461 3708 2673 3764 utalius
2702 3726 2761 3766 se
2827 3706 3411 3766 sacerdotiodefuncto
3442 3708 3493 3762 ei
3523 3709 3792 3764 succede-

2163 3808 2265 3869 ret,
2300 3801 2701 3858 testificationis
2732 3802 2956 3858 verbum
3010 3801 3221 3867 (Matth.
3248 3816 3406 3866 XYIII,
3439 3800 3559 3871 16),
3595 3801 3791 3856 ascivit

2163 3905 2218 3949 et
2247 3894 2386 3951 alios
2415 3905 2525 3951 tres
2554 3896 2865 3968 episcopos,
2898 3892 3147 3950 veritatis
3171 3892 3241 3947 de
3262 3908 3363 3947 sua
3400 3894 3786 3960 accusatione,

2161 3997 2216 4043 et
2245 3986 2628 4043 testificatione
2675 3985 2928 4042 conscios
2986 3983 3040 4037 in
3086 3982 3461 4040 testimonium
3502 3997 3619 4037 suae
3653 3999 3787 4054 pro-

2144 4078 2438 4146 fessionis,
2460 4079 2861 4134 Theodericum
2881 4075 3092 4131 scilicet
3116 4075 3460 4145 episcopum,
3494 4080 3549 4128 et
3578 4075 3790 4130 Achar-

2160 4171 2289 4226 dum
2316 4169 2637 4241 episcopum
2693 4167 2998 4222 dioeceseos
3049 4180 3183 4231 suae,
3237 4170 3294 4218 et
3330 4162 3649 4220 Nothonem
3682 4181 3784 4219 ar-

2156 4262 2590 4334 chiepiscopum.
2626 4260 2689 4315 Et
2717 4259 2797 4315 sic
2824 4258 2942 4330 ipse
2971 4256 3277 4329 professus,
3308 4262 3362 4310 et
3393 4270 3490 4311 sex
3503 4257 3789 4329 episcopis

2154 4367 2266 4406 suae
2284 4350 2616 4422 professioni
2672 4349 3077 4414 attestantibus,
3135 4355 3194 4402 ut
3220 4345 3601 4418 praediximus,
3632 4347 3790 4402 libel-

441 4440 587 4500 hanc
623 4445 1050 4508 accusationem,
1091 4444 1436 4500 accusandus
1463 4451 1601 4509 erat,
1634 4450 1692 4499 et
1734 4442 1805 4497 de
1852 4444 2052 4515 quibus
2152 4443 2263 4498 lum
2290 4442 2503 4515 synodo
2532 4442 2795 4513 porrexit,
2817 4441 3118 4511 cunctique
3143 4439 3413 4510 episcopi,
3445 4438 3543 4510 qui
3564 4440 3787 4510 synodo

426 4533 587 4604 apud
616 4535 1007 4607 imperatorem
1053 4535 1167 4604 jam
1224 4542 1386 4592 antea
1442 4533 1620 4589 fuerat
1662 4541 1968 4602 accusatus,
2000 4530 2551 4604 etDinterfuerunt,
2600 4530 2899 4605 singilatim
2958 4545 3019 4584 ac
3072 4528 3272 4583 viritim
3330 4527 3599 4581 dixerunt
3655 4526 3784 4581 illi:

439 4635 552 4678 non
583 4625 1150 4698 canonicepurgatus,
1181 4624 1389 4680 sicutet
1408 4622 1641 4693 epistola
1668 4623 2052 4696 episcoporum
2155 4621 2469 4678 Secundum
2521 4628 2668 4675 tuam
2724 4619 3127 4692 professionem
3207 4624 3262 4673 et
3312 4617 3783 4688 subscriptionem

439 4714 511 4769 ad
539 4714 788 4790 Sergium
838 4730 1036 4786 papam
1093 4714 1455 4781 demonstrat,
1511 4720 1567 4767 et
1594 4727 1694 4782 pro
1723 4713 2052 4784 quibusdam

441 4821 635 4864 eorum
687 4809 973 4866 exstiterat
1034 4825 1067 4865 a
1121 4808 1355 4864 consilio
1410 4806 1758 4877 imperatoris
1821 4807 2050 4877 ejectus,

438 4910 562 4967 quae
610 4897 883 4967 patefacta
936 4898 1165 4955 veritate
1222 4911 1426 4971 negare
1458 4911 1570 4953 non
1627 4894 1863 4962 valebat,
1895 4898 2053 4968 petiit

435 5003 738 5060 secessum,
794 5001 860 5049 ut
885 4993 1006 5048 sine
1036 4991 1332 5064 praesentia
1391 4988 1739 5062 imperatoris
1779 4988 1971 5046 liceret
1999 4992 2051 5046 ei

431 5077 489 5133 in
528 5081 742 5149 synodo
770 5080 1157 5152 episcOporum
1193 5096 1349 5136 suam
1418 5094 1586 5155 agere
1617 5094 1861 5135 causam.
1894 5080 2051 5146 Quod

432 5164 713 5238 obtinens,
747 5169 1069 5226 convocavit
1126 5171 1195 5225 ad
1251 5186 1312 5226 se
1363 5169 1628 5241 quosdam
1659 5168 1970 5240 episcopos,
1998 5179 2052 5225 et

432 5258 588 5315 nullo
616 5269 873 5336 cogente,
902 5262 1003 5317 sed
1034 5264 1255 5335 propria
1279 5271 1499 5337 sponte,
1520 5265 1825 5321 secundum
1855 5280 2047 5322 eorum

430 5348 725 5406 consilium
755 5351 1108 5422 sequentium
1140 5351 1453 5409 Africanum
1484 5353 1802 5423 concilium,
1834 5361 1893 5408 ut
1922 5370 2049 5425 par—

431 5448 651 5497 ceretur
682 5441 855 5513 ipsius
884 5443 1250 5512 verecundiae,
1308 5460 1372 5501 ac
1419 5453 1644 5516 propter
1667 5447 1916 5503 ecclesiae
1946 5462 2049 5519 op-

431 5534 713 5606 probrium
760 5541 817 5590 et
846 5533 1178 5593 insolentem
1235 5537 1648 5594 insultationem
1678 5536 2046 5604 saecularium,

429 5640 502 5681 ne
528 5623 770 5700 dignitas
796 5623 1155 5687 sacerdotalis
1185 5628 1549 5698 pollueretur,
1605 5627 1653 5682 si
1672 5624 1932 5699 apublice
1977 5626 2050 5680 de

429 5714 538 5782 his,
567 5714 638 5771 de
669 5714 873 5786 quibus
899 5711 1181 5783 impetitus
1208 5723 1263 5771 et
1314 5715 1496 5771 adhuc
1522 5714 1879 5785 impetendus
1908 5721 2047 5779 erat,

2155 4730 2309 4770 cessa
2338 4730 2370 4768 a
2398 4712 2726 4768 ministerio.
2763 4712 3025 4767 Etcoram
3056 4714 3315 4769 omnibus
3344 4713 3490 4767 hanc
3521 4713 3783 4768 notitiam

2154 4822 2276 4861 cum
2303 4804 2622 4877 prmscripto
2672 4805 2859 4860 libello
2912 4806 3254 4876 temporibus
3310 4803 3508 4860 futuris
3552 4820 3789 4862 conser-

2152 4895 2410 4965 vandam,
2441 4895 2610 4951 Jonas
2639 4896 2935 4967 episcopus
2961 4893 3127 4949 Heliae
3145 4893 3359 4950 notario
3378 4893 3497 4968 (qui
3527 4894 3784 4952 libellum

2154 4985 2354 5041 Ebonis
2384 4987 2700 5060 scripserat,
2733 4984 2823 5040 cui
2856 4984 3004 5039 idem
3040 4984 3149 5039 Ebo
3180 4984 3538 5055 subscripsit,
3580 5001 3788 5041 secun—

2153 5083 2283 5140 dum
2305 5081 2823 5157 quinquagesimum
2848 5093 3055 5134 nonum
3077 5075 3400 5157 capitulum,
3434 5082 3492 5131 et
3524 5077 3660 5132 item
3694 5093 3786 5132 se—

2152 5156 2394 5236 cundum
2426 5174 2724 5247 capitulum
2774 5156 3241 5244 septuagesimum
3269 5176 3527 5241 quartum
3556 5171 3785 5237 concitii

2151 5265 2405 5329 Africani)
2438 5278 2539 5335 pro
2569 5261 2826 5317 omnibus
2886 5259 3108 5315 dictavit
3140 5275 3153 5312 :
3186 5266 3241 5313 et
3268 5258 3413 5311 idem
3451 5257 3641 5315 Helias
3664 5261 3783 5315 haec

2151 5367 2273 5423 quae
2321 5355 2631 5422 sequuntur
2699 5347 3025 5418 conscripsit
3086 5363 3097 5398 :
3159 5371 3180 5390 «-
3233 5347 3361 5400 Acta
3419 5356 3504 5401 est
3576 5347 3783 5403 Ebonis

2152 5437 2444 5509 professio,
2471 5437 2701 5508 ejusque
2732 5435 2969 5507 pr0priae
3006 5448 3204 5488 manus
3239 5434 3655 5506 subscriptione
3689 5452 3782 5490 ro-

2148 5526 2341 5579 borata
2366 5527 2421 5580 in
2453 5534 2730 5581 conventu
2760 5523 3014 5595 synodali
3038 5523 3379 5598 generaliter
3405 5523 3598 5581 habito
3631 5524 3777 5596 apud

2149 5618 2463 5675 Theodonis
2491 5620 2697 5687 villam,
2732 5633 2879 5695 anno
2920 5616 3315 5673 incarnationis
3347 5616 3567 5671 Domini
3601 5617 3776 5673 nostri

2148 5707 2279 5763 Jesu
2308 5709 2507 5767 Christi
2560 5709 3020 5785 octingentesimo
3050 5707 3331 5765 tricesimo
3373 5707 3598 5778 quinto,
3627 5725 3778 5764 anno
