3970 6218
217 785 563 876 successerat,
595 796 717 835 cum
767 787 1016 854 synodali
1077 795 1268 850 notitia
1318 801 1490 868 dedit,
1524 785 1728 876 quique
1758 810 1810 863 in

219 862 492 920 Remensis
518 868 773 926 Ecclesia».
803 876 1008 932 scrinio
1039 894 1412 954 conservatur,
1445 862 1601 960 cujus
1631 862 1811 951 exem-

217 957 326 1026 plar
349 967 548 1015 sanctae
578 966 859 1021 memoria:
913 984 1066 1040 papa}
1107 972 1275 1030 Leoni
1305 957 1573 1036 directum
1609 982 1810 1036 didici-

215 1063 346 1116 mus,
370 1060 472 1107 etc.

277 1139 440 1212 Igitur
467 1142 582 1200 Ebo
612 1157 736 1217 post
781 1151 923 1209 hanc
943 1155 1346 1226 depositionem
1377 1178 1530 1219 suam
1549 1165 1603 1220 in
1636 1167 1808 1222 Cisal-

210 1229 344 1296 pinis
373 1230 544 1288 fertur
573 1239 892 1312 regionibus
920 1257 1274 1306 conversatus
1304 1269 1478 1325 usque
1507 1256 1574 1310 ad
1597 1258 1804 1314 obitum

209 1321 451 1416 Ludovici
506 1327 875 1400 imperatoris,
929 1339 1021 1408 qui
1064 1342 1293 1416 contigit
1323 1360 1468 1400 anno
1509 1348 1805 1404 Dominicze

207 1407 590 1472 incarnationis
613 1420 737 1478 840.
797 1424 912 1488 Quo
951 1407 1298 1500 imperatore
1327 1435 1587 1494 defuncto
1615 1439 1806 1494 Lotha-

204 1503 308 1557 rius
335 1507 400 1560 ab
429 1509 587 1564 Italia
642 1513 696 1568 in
731 1516 1009 1575 Franciam
1060 1525 1230 1593 venit,
1283 1528 1369 1582 cui
1403 1529 1514 1585 Ebo
1546 1532 1613 1584 ad
1636 1531 1799 1588 Wor-

201 1598 414 1652 maciam
469 1600 746 1657 civitatem
805 1611 1062 1676 occurrit,
1121 1615 1282 1685 eique
1340 1617 1626 1674 Lotharius
1679 1631 1801 1691 post

198 1683 392 1783 aliquot
445 1689 571 1744 dies
620 1692 832 1761 sedem,
882 1705 938 1752 et
992 1683 1272 1759 dioecesim
1319 1706 1643 1764 Remensem
1679 1683 1800 1783 lper

195 1775 419 1829 edictum
453 1778 744 1849 imperiale
773 1785 1028 1843 restituit.
1046 1787 1210 1859 Cujus
1239 1794 1402 1851 edicti
1435 1799 1538 1854 hoc
1567 1775 1799 1857 habetur

193 1869 460 1938 exemplar
498 1890 512 1926 :

256 1985 280 2016 α
303 1966 358 2020 In
391 1967 852 2026 nomineDomini
875 1975 1047 2028 nostri
1066 1975 1194 2031 Jesu
1215 1977 1432 2044 Christi,
1466 1979 1792 2037 Deiaeterni.

188 2047 454 2109 Lotharius
515 2055 700 2111 divina
753 2060 1044 2118 ordinante
1105 2067 1449 2136 providentia
1497 2070 1796 2140 imperator

185 2138 463 2215 Augustus.
503 2146 640 2211 Quia
690 2150 965 2206 confessio
1021 2154 1346 2210 delictorum
1379 2175 1490 2213 non
1522 2138 1706 2215 minus
1735 2162 1791 2215 in

189 2229 418 2288 adversis
447 2241 765 2295 necessaria
818 2249 921 2309 est,
981 2261 1143 2315 quam
1200 2247 1254 2300 in
1290 2251 1588 2319 prosperis,
1617 2259 1794 2306 etcor

186 2323 463 2410 contritum
497 2335 558 2381 et
589 2330 932 2387 humiliatum
965 2334 1109 2390 Deus
1140 2351 1249 2390 non
1281 2337 1514 2408 despicit
1538 2341 1700 2408 (Psal.
1737 2359 1787 2410 L,

183 2406 280 2478 19),
308 2416 573 2485 gaudium
606 2420 770 2474 etiam
803 2437 923 2477 esse
981 2425 1303 2496 angelorum
1328 2425 1382 2479 in
1433 2427 1587 2481 caelis
1614 2445 1783 2499 super

181 2519 282 2560 uno
318 2520 612 2578 peccatore
645 2516 1023 2584 paenitentiam
1055 2531 1255 2592 agente
1288 2525 1431 2593 (Luc.
1467 2541 1553 2590 xv,
1587 2527 1635 2595 7)
1669 2540 1777 2580 non

179 2597 499 2689 dubitamus,
532 2623 636 2662 nos
683 2613 944 2667 mortales
998 2614 1049 2668 in
1110 2617 1270 2670 terris
1299 2632 1395 2672 eos
1426 2634 1776 2689 nequaquam

177 2683 518 2780 despicimus,
552 2711 650 2765 pro
674 2700 874 2769 quibus
915 2704 1158 2777 gaudere
1184 2707 1412 2780 angelos
1433 2707 1486 2762 in
1515 2708 1657 2763 ccelo
1689 2708 1776 2762 di-

176 2772 293 2829 vino
323 2782 642 2840 testimonio
696 2804 806 2844 non
857 2791 1192 2864 ignoramus.
1225 2797 1556 2852 Accusantes
1593 2805 1648 2852 et
1678 2814 1771 2852 re-

177 2865 576 2955 prehendentes
632 2875 684 2930 in
743 2881 1055 2937 excessibus
1085 2885 1414 2955 semetipsos
1443 2886 1628 2941 divina
1679 2901 1780 2942 nos

175 2950 470 3026 benignitas
496 2975 614 3015 non
641 2965 1036 3035 condemnare,
1059 2971 1156 3024 sed
1190 2989 1436 3028 recreare
1459 2975 1776 3047 docuit,qui

172 3046 502 3136 meretricem
557 3065 667 3104 non
723 3057 898 3111 solum
931 3073 962 3112 a
1002 3060 1162 3132 legali
1194 3063 1547 3121 damnatione
1575 3046 1775 3136 eripuit

172 3129 331 3198 (Joan.
377 3155 494 3209 vm,
533 3144 640 3212 11),
697 3162 886 3203 verum
917 3129 1084 3207 etiam
1129 3157 1482 3226 publicanum
1511 3159 1770 3214 humilia—
1797 3142 1844 3211 C

171 3232 271 3280 tum
298 3239 350 3285 et
376 3247 732 3294 accusantem
764 3260 824 3299 se
874 3263 983 3303 non
1017 3253 1427 3324 condemnavit,
1465 3257 1564 3312 sed
1593 3255 1767 3329 magis

156 3322 498 3392 iustiﬁcando
530 3338 787 3397 exaltavit
815 3347 965 3415 (Luc.
1001 3367 1154 3418 xvm,
1186 3355 1288 3425 14).
1342 3322 1441 3421 Qui
1464 3373 1576 3412 non
1609 3322 1765 3422 dixit,

163 3437 331 3491 omnis
355 3441 448 3509 qui
478 3455 542 3494 se
590 3440 839 3499 humiliat
864 3445 1344 3515 condemnabitur,
1373 3451 1470 3505 sed
1498 3450 1767 3506 exaltabi-

162 3530 459 3599 tur(ibid.}.
494 3533 830 3589 Potestatem
863 3553 1015 3608 ergo,
1064 3557 1226 3611 quam
1258 3557 1359 3612 pro
1385 3557 1549 3597 causa
1581 3549 1766 3598 nostra

161 3631 338 3692 raptus
381 3624 697 3695 perdidisti,
753 3629 1134 3697 repetentibus
1180 3630 1439 3685 Ecclesiae
1481 3637 1586 3684 tuae
1614 3625 1766 3695 ﬁliis,

161 3719 520 3783 praesentibus
575 3735 795 3791 quoque
845 3723 1173 3791 astantibus,
1218 3740 1280 3780 ac
1331 3723 1766 3779 decernentibus

159 3807 494 3878 praesulibus,
528 3812 719 3866 sedem
753 3828 814 3866 ac
831 3814 1111 3869 dioecesim
1155 3817 1443 3872 Remensis
1474 3815 1760 3881 urbistibi,

158 3888 282 3960 Ebo,
315 3897 677 3964 restituimus,
708 3907 764 3954 ut
794 3901 1025 3971 pristino
1074 3914 1276 3962 sanctae
1311 3907 1595 3982 largitatis
1624 3921 1761 3976 apo-

155 3981 350 4039 stolica),
363 3986 531 4056 pallio
550 3987 778 4042 indutus
791 3993 1141 4047 concordiam
1161 4003 1325 4067 atque
1338 3981 1569 4071 gratiam
1588 3995 1758 4050 divini

152 4074 309 4132 ofﬁcii
339 4080 652 4145 nobiscum,
668 4082 859 4135 humili
877 4081 1249 4139 satisfactione
1270 4086 1509 4156 expleta,
1525 4085 1759 4140 solemni

153 4177 326 4224 nostra
356 4188 385 4223 a
416 4171 672 4246 largitate
725 4175 1064 4245 recipiendo,
1115 4194 1390 4234 exerceas.
1427 4180 1604 4254 Drogo
1635 4180 1760 4251 epi-

150 4273 340 4330 scopus
374 4263 613 4330 assensi,
660 4263 909 4338 Otgarius
955 4267 1424 4340 archiepiscopus,
1483 4271 1632 4327 Hecti
1671 4288 1761 4327 ar—

857 286 1180 345 ΗΙΞΤΟΒΙᾸΞ
1221 293 1552 354 ECCLESIIE
1591 301 1917 360 REMENSIS
1956 307 2131 364 LIBRI
2172 311 2502 376 QUATIIOR.
2533 349 2603 358 —
2635 319 2758 372 LIB.
2806 318 2895 372 III.

3439 326 3540 381 138

508 419 724 528 imperii
750 425 1003 528 'g‘loriosi
1054 431 1280 528 cae-saris
1317 435 1592 496 Ludovici.
1628 463 1656 491 ι)
1689 445 1819 498 Item
1847 453 1890 518 Α
1919 448 2325 522 chiepiscOpus,
2352 456 2707 512 Amaluvinus
2735 457 3204 528 archiepiscOpus,
3239 461 3423 516 Audax
3437 480 3531 519 ar-

225 512 338 572 post
384 505 669 600 aliquanta
705 529 719 565 :
749 512 1013 571 Libellum
1044 521 1147 574 sibi
1193 524 1260 576 ab
1296 525 1479 582 Ebone
1513 544 1820 600 porrectum

222 600 337 694 post
365 594 770 694 damnationem
803 603 923 672 ejus
948 611 1192 677 synodus
1223 613 1444 671 Fulconi
1475 594 1818 694 presbytero,

222 686 305 755 qui
332 687 506 741 eidem
541 686 713 746 Eboni
758 693 811 749 in
855 700 1120 772 episcopii
1154 705 1438 766 Remensis
1466 721 1817 789 susceptione

1925 534 2536 622 chiepisc0pus,.loseph
2553 545 3177 615 episc0pus,Adabulfus
3211 550 3528 622 episc0pus,

1921 621 2088 677 David
2108 625 2712 705 episcOpus,Rodingus
2734 634 3394 704 episcopus,Giselbertus
3410 621 3531 710 lepi-

1917 725 2136 781 scopus,
2163 713 2469 772 Flotharius
2487 736 2601 790 ep.,
2623 721 2934 775 Badaradus
2957 723 3271 795 episcopus,
3307 726 3526 800 Ilagano

1915 799 2226 870 episcopus,
2259 803 2571 878 IIartgarius
2591 811 2787 880 episc.,
2819 812 2932 865 Ado
2959 812 3272 883 episcopus,
3305 799 3523 871 Samuel

1911 891 2224 964 episcopus,
2284 897 2608 955 Rambertus
2639 903 2954 974 episcOpus,
3006 904 3286 959 Ilaiminus
3312 907 3526 976 episco-

1909 998 2032 1051 pus,
2053 985 2609 1063 Itatolduspresbyter
2631 1005 2855 1050 vocatus
2873 997 3186 1068 episcopus,
3220 1000 3520 1055 Amalricus

1909 1086 2132 1132 vocatus
2148 1081 2463 1152 episcopus,
2485 1101 2607 1138 cum
2624 1087 2835 1141 caeteris
2851 1087 3097 1157 pluribus
3112 1091 3522 1161 presbyterisac

1907 1173 2234 1229 diaconibus
2262 1177 2480 1246 publice
2511 1178 2910 1234 assistentibus.
2947 1181 3135 1234 Actum
3173 1181 3224 1234 in
3260 1182 3522 1255 Engilen-

1909 1260 2054 1315 Iieim
2084 1262 2287 1332 palatio
2320 1266 2559 1334 publico,
2595 1268 2647 1320 in
2680 1283 2869 1321 mense
2899 1269 3084 1334 Junio,
3117 1287 3211 1324 vm
3236 1271 3518 1341 KaIJulii,

1908 1363 2174 1426 regnante
2187 1363 2242 1410 et
2268 1356 2576 1428 imperante
2598 1359 2803 1414 domno
2830 1359 3084 1414 Lothario
3115 1359 3345 1428 Caesare,
3375 1381 3520 1420 anno

1907 1444 2234 1499 reversionis
2260 1446 2381 1514 ejus
2411 1449 2463 1514 1,
2516 1464 2801 1504 successor
2849 1448 3026 1504 factus
3058 1451 3226 1520 patris
3253 1451 3306 1505 in
3342 1453 3516 1507 Fran-

1905 1536 2008 1601 cia,
2060 1536 2360 1594 indictione
2415 1542 2467 1597 3.
2517 1564 2540 1585 »
2574 1541 2668 1595 Cui
2725 1541 3061 1597 restitutioni
3095 1542 3338 1612 przel'ata,
3397 1562 3517 1616 quae

1899 1626 2190 1681 Suessonis
2217 1628 2402 1684 habita
2429 1639 2534 1696 est,
2576 1632 2907 1686 contradixit
2936 1633 3202 1702 synodus,
3263 1652 3518 1692 asserens

1897 1717 2044 1785 quod
2076 1716 2368 1772 damnatus
2397 1736 2426 1773 a
2453 1736 2512 1774 se
2559 1728 2723 1792 atque
2772 1738 2802 1775 a
2832 1722 2901 1777 3-1
2930 1722 3225 1793 epiSCOpis,
3259 1742 3289 1778 a
3319 1727 3514 1781 minori

1899 1824 2128 1865 numero
2160 1811 2370 1866 restitui
2404 1827 2511 1867 non
2574 1813 2876 1883 praevaluit.
2910 1813 3062 1878 Quod
3095 1814 3332 1870 edictum
3370 1820 3516 1892 regis

1829 1870 1876 1938 Β
1898 1896 2010 1952 Ebo
2033 1916 2218 1953 secum
2251 1900 2468 1967 detulit,
2502 1907 2556 1954 et
2575 1870 2728 1971 apud
2758 1870 3048 1970 episcopos
3065 1909 3119 1956 et
3146 1901 3332 1972 plures
3372 1870 3510 1961 illiid

1898 1991 2126 2045 diversa:
2147 1991 2507 2062 professionis
2537 2002 2591 2048 et
2619 1994 2852 2062 ordinis,
2885 1996 3208 2068 dimulgavit
3241 1997 3299 2066 [i,
3334 1998 3512 2052 divul—

1895 2083 2083 2155 gavit],
2111 2091 2166 2139 et
2212 2086 2264 2138 in
2288 2086 2519 2139 ecclesia
2577 2087 2836 2142 Rcmensi
2868 2091 3084 2159 publice
3111 2091 3327 2146 recitari
3357 2091 3504 2148 fecit.

1896 2175 1958 2228 Et
1989 2175 2061 2229 ita
2090 2191 2156 2230 eo
2214 2181 2460 2244 tempore
2502 2191 2610 2246 quo
2644 2175 2931 2231 Lotharius
2961 2179 3213 2234 Karolum
3276 2197 3306 2233 a
3338 2197 3508 2253 regno

1893 2269 2121 2340 expulit,
2151 2277 2204 2324 et
2234 2270 2377 2322 ultra
2428 2269 2739 2340 Sequanam
2771 2269 2998 2342 fugavit,
3033 2273 3144 2327 Ebo
3175 2274 3362 2328 sedem
3392 2274 3504 2328 Re-

1891 2378 2160 2424 mensem,
2194 2369 2319 2432 post
2346 2377 2439 2415 sex
2466 2377 2643 2417 annos
2664 2378 2775 2416 suae
2799 2363 3164 2434 depositionis
3191 2367 3419 2436 recepit,
3451 2376 3506 2422 et

1882 2449 2198 2520 episcOpale
2254 2449 2619 2504 ministerium
2669 2467 2835 2524 agere
2889 2453 3056 2523 coepit
3088 2471 3100 2506 :
3133 2454 3323 2525 sicque
3354 2455 3503 2509 ordi—

1882 2543 2136 2597 nationes
2197 2542 2339 2614 [ms.,
2398 2544 2826 2615 ordinationem]
2887 2547 3176 2601 celebrans
3233 2549 3499 2618 quosdam

1879 2635 2110 2689 clericos
2142 2635 2438 2702 ordinavit,
2500 2643 2555 2690 et
2578 2652 2678 2707 per
2721 2644 2892 2692 totum
2915 2639 3135 2693 circiter
3159 2656 3366 2694 annum
3397 2642 3503 2696 hoc

1878 2725 2218 2797 episcopium
2251 2725 2448 2790 tenuit,
2483 2725 2662 2780 donec
2712 2726 2937 2783 Karolus
2971 2731 3266 2799 resumptis
3292 2730 3501 2784 viribus

1881 2816 1935 2870 in
1959 2816 2230 2890 Belgicam
2265 2833 2521 2872 reversus
2550 2827 2652 2874 est.
2685 2819 2839 2883 Quod
2870 2819 3102 2874 audiens
3136 2821 3270 2886 Eho,
3304 2823 3496 2877 relicta

1879 2905 2012 2960 sede
2043 2906 2322 2973 Remensi,
2356 2908 2422 2962 ad
2452 2908 2766 2963 Lotharium
2791 2908 3072 2979 profectus
3089 2917 3267 2976 est,et
3297 2911 3350 2964 in
3379 2911 3499 2979 ejus

1878 2995 2238 3052 familiaribus
2268 3000 2469 3054 mansit
2495 3000 2798 3070 obsequiis,
2856 3001 3036 3055 donec
3066 3016 3174 3056 una
3205 3017 3326 3055 cum
3362 3002 3498 3057 Dro-

1875 3104 2019 3160 gone
2052 3090 2377 3145 Metensium
2409 3091 2643 3162 praesule
2675 3092 2902 3147 Romam
2926 3093 3106 3164 petiit,
3134 3094 3226 3147 ubi
3253 3110 3283 3146 a
3303 3094 3494 3168 Sergio

1871 3179 2042 3246 (Serg.
2071 3182 2142 3245 II)
2203 3195 2344 3251 papa
2399 3180 2765 3247 reconciliari,
2819 3200 2882 3239 ac
2930 3184 3156 3255 pallium
3189 3184 3292 3237 sibi
3327 3185 3491 3240 tribui

1872 3268 2185 3338 postulavit.
2245 3269 2339 3323 Cui
2397 3269 2542 3323 idem
2606 3285 2767 3339 papa,
2827 3274 3218 3328 communione
3279 3279 3486 3330 tantum

1871 3373 2155 3426 concessa,
2183 3361 2314 3414 dare
2343 3360 2567 3430 pallium
2588 3361 2790 3416 renuit.

1942 3550 2006 3603 At
2033 3548 2146 3604 Ebo
2177 3549 2347 3604 Roma
2413 3564 2686 3614 reversus,
2743 3548 3016 3604 abbatiam
3058 3547 3233 3603 sancti
3260 3547 3486 3602 Colum-

1868 3640 1997 3695 bani
2028 3642 2082 3696 in
2137 3642 2288 3698 Italia
2334 3643 2482 3698 dono
2538 3641 2889 3712 imperatoris
2942 3640 3182 3695 Lotharii
3216 3639 3479 3709 possedit,

1867 3729 2045 3786 donec
2067 3730 2397 3805 legationem
2449 3730 2502 3784 in
2535 3729 2795 3784 Graeciam
2821 3730 2888 3783 ab
2919 3730 3118 3786 eodem
3147 3729 3480 3798 imperatore

1865 3820 1966 3874 sibi
1999 3821 2344 3876 commissam
2378 3819 2605 3891 exsequi
2644 3820 2990 3876 detrectavit.
3024 3819 3285 3884 Quocirca
3319 3818 3480 3871 rebus

1863 3911 1966 3966 sibi
2017 3913 2086 3966 ab
2140 3914 2470 3983 imperatore
2500 3926 2622 3983 qua:
2680 3909 2820 3964 data:
2890 3912 3108 3963 fuerant
3160 3905 3378 3970 ablatis,
3409 3906 3476 3959 ad

1862 3997 2194 4054 Ludovicum
2240 4016 2425 4073 regem
2477 3998 2782 4053 Germaniae
2831 3995 3173 4071 demigravit.
3209 3995 3248 4048 A
3279 4009 3388 4064 quo
3421 3993 3474 4048 in

1861 4090 2087 4162 regione
2122 4091 2371 4146 Saxoniae
2429 4089 2705 4161 quoddam
2755 4089 3095 4161 episc0pium
3154 4085 3478 4158 promeruit,

1861 4181 1954 4234 ubi
1999 4190 2055 4237 et
2110 4183 2356 4254 episcopi
2413 4182 2680 4253 deinceps
2734 4181 3057 4252 perfunctus
3087 4187 3172 4234 est
3223 4176 3481 4233 ministe-

1865 4289 1965 4328 I‘IO.

159 4433 3472 4461 _.__._______________________________________

1283 4565 1677 4654 LIBER
1751 4569 2334 4658 TERTIUS

1605 4751 1970 4764 a———-

673 4863 879 4921 CAPUT
934 4866 1215 4922 PRIMUM.

367 4954 444 5007 De
465 4953 717 5010 electione
735 4959 814 5010 ml
832 4961 1176 5015 ordinatione
1201 4963 1254 5015 II
1255 4963 1502 5018 incmari.

199 5041 356 5096 Anno
389 5044 638 5115 denique
669 5048 963 5104 Dominica:
994 5049 1389 5104 incarnationis
1419 5051 1544 5119 845,
1574 5051 1743 5107 Karo-

132 5123 213 5180 lus
243 5133 482 5202 (Calvus)
513 5136 783 5202 synodum
840 5138 1223 5208 episcoporum
1270 5139 1424 5212 regni
1483 5141 1564 5194 sui
1597 5140 1742 5210 apud

127 5213 476 5294 Bellovagum
510 5221 783 5278 civitatem
830 5226 1118 5280 Bernensis
1150 5228 1444 5297 provinciae
1473 5244 1745 5284 convoca-

124 5306 218 5362 vit.
253 5310 350 5365 Ubi
385 5313 537 5368 inter
567 5324 766 5371 caetera
810 5320 1065 5375 Ecclesia:
1100 5322 1362 5394 regnique
1395 5323 1636 5396 negotia,
1673 5323 1742 5378 de

123 5397 404 5461 Remensis
435 5407 691 5464 ecclesiae
713 5411 1074 5479 desolatione,
1104 5431 1224 5484 quae
1249 5415 1484 5469 Fulcone
1515 5414 1746 5485 presby-

119 5495 229 5546 tero
260 5493 411 5550 illam
441 5496 541 5551 diu
586 5507 832 5568 tenente,
891 5512 946 5557 et
977 5504 1226 5558 Nothone
1251 5503 1304 5557 in
1338 5520 1402 5558 ea
1421 5504 1522 5557 sibi
1553 5519 1747 5558 succe-

116 5580 300 5653 dente,
345 5595 501 5645 tanto
531 5606 729 5648 vacare
758 5602 976 5665 pastore
1006 5597 1293 5649 videbatur
1321 5602 1588 5666 tempore,
1621 5611 1744 5650 cum

118 5669 322 5728 eisdem
355 5677 643 5749 episcopis
671 5683 838 5753 cozpit
887 5689 1137 5738 tractare.
1169 5684 1266 5747 Qui
1300 5683 1457 5736 sicuti
1494 5683 1748 5738 viderant

416 5786 728 5848 PATROL.
783 5789 1118 5851 CXXXV.

1769 4871 1936 4951 Dvel
1985 4871 2294 4942 audierant,
2351 4871 2754 4944 depositionem
2809 4878 3096 4929 narrantes
3152 4874 3379 4943 Ebonis,
3413 4887 3466 4932 et

1847 4963 2224 5018 auctoritatem
2281 4973 2598 5020 sanctorum
2660 4965 2876 5019 Patrum
2933 4976 3101 5033 super
3145 4965 3462 5035 hujusmodi

1847 5052 2084 5123 negotiis
2110 5054 2178 5106 ad
2222 5054 2542 5109 memoriam
2577 5063 2920 5120 revocantes,
2953 5059 3187 5125 cogente
3220 5059 3464 5112 necessi-

1845 5145 1954 5193 tate
1973 5147 2137 5211 atque
2164 5142 2433 5197 suadente
2471 5144 2814 5210 auctoritate,
2857 5143 3133 5197 communi
3167 5143 3462 5202 decrevere

1846 5247 2141 5300 consensu,
2174 5249 2284 5306 quo
2317 5235 2536 5289 tandem
2579 5242 2702 5307 post
2732 5234 3063 5290 decennium
3098 5236 3462 5308 depositionis

1846 5319 2047 5373 Ebonis
2105 5321 2157 5374 in
2227 5323 2457 5377 ecclesia
2502 5324 2695 5378 eadem
2754 5325 3105 5380 ordinaretur
3145 5326 3457 5398 episc0pus.

1848 5411 2013 5484 Igitur
2044 5429 2073 5466 a
2103 5413 2251 5470 clero
2281 5423 2336 5470 et
2367 5432 2396 5470 a
2437 5417 2596 5487 plebe
2647 5417 2818 5487 ipsius
2847 5419 3193 5488 metrOpolis,
3241 5435 3459 5477 necnon

1847 5507 1914 5560 ab
1943 5508 2220 5580 episcopis
2249 5509 2494 5578 ejusdem
2527 5509 2845 5582 provinciae,
2878 5511 3292 5586 archiepiscopo
3323 5513 3464 5570 Sen-

1848 5600 2037 5655 nensis
2076 5602 2330 5658 Ecclesiae
2355 5603 2644 5661 Wenilone
2676 5613 2838 5678 atque
2868 5607 3196 5664 Ercamrado
3229 5610 3464 5666 Parisio-

1849 5702 2032 5742 sorum
2067 5691 2330 5762 episcOpo
2354 5703 2654 5762 annuente,
2695 5712 2816 5750 cum
2847 5712 3122 5753 consensu
3146 5697 3357 5752 abbatis
3378 5697 3460 5752 sui

3129 5807 3168 5866 5
