3970 6218
466 317 571 372 139

1589 309 1956 367 FLODOARDI
1999 307 2302 366 CANONICI
2342 311 2672 366 REMENSIS

3694 319 3810 373 140

471 459 524 508 et
560 451 787 506 fratrum
814 447 1137 504 monasterii
1167 449 1341 505 sancti
1368 449 1634 519 Dionysii,
1666 448 1720 502 in
1760 463 1871 519 quo
1912 447 2078 520 dege-
2102 452 2158 520 Î‘
2185 446 2414 506 faceret.
2468 449 2589 519 Ipse
2636 464 2858 520 quoque
2910 448 3225 507 Guntheldo
3274 451 3472 509 litteris
3501 459 3813 520 mandavit,

471 545 584 612 bat,
625 545 843 599 favente
873 558 1094 614 quoque
1127 542 1322 598 Karolo
1351 557 1500 614 rege,
1525 539 1849 608 Hincmarus
1870 539 2082 592 electus

470 641 572 690 est.
596 634 796 705 Sicque
844 632 1068 688 decreto
1108 640 1329 702 peracto
1367 632 1803 706 eligentiumque
1834 628 2088 682 manibus

473 722 749 790 roborato,
787 721 1040 776 Ecclesia:
1106 720 1392 775 Remensis
1435 720 1722 776 ordinatur
1772 718 2083 788 epiSCOpus.

474 816 525 869 ls
550 812 823 885 siquidem
885 812 1225 877 Hincmarus,
1275 827 1305 864 a
1353 811 1589 882 pueritia
1639 810 1692 864 in
1751 809 2086 865 monasterio

472 907 646 964 sancti
690 907 956 978 Dionysii,
1016 907 1118 961 sub
1171 905 1432 961 Hilduin
1481 906 1678 960 abbate
1711 904 2087 959 monasteriali

473 1003 742 1075 religione
770 1000 1006 1054 nutritus
1034 1010 1089 1056 et
1117 999 1312 1054 studiis
1364 999 1669 1054 litterarum
1703 999 1964 1063 imbutus,
1998 998 2087 1051 in-

473 1092 655 1163 deque
686 1103 786 1159 pro
816 1088 898 1142 sui
939 1094 1048 1142 tam
1088 1088 1309 1160 generis
1339 1103 1502 1159 quam
1546 1102 1744 1141 sensus
1775 1085 2083 1152 nobilitate,

475 1183 531 1238 in
557 1182 814 1254 palatium
849 1180 1106 1236 Ludovici
1157 1179 1502 1250 imperatoris
1529 1178 1818 1243 deductus,
1852 1176 2081 1232 etfami-

475 1273 666 1327 liarem
689 1272 862 1342 ipsius
892 1270 1143 1326 notitiam
1176 1269 1410 1339 adeptus
1436 1268 1652 1334 fuerat;
1686 1268 1892 1338 ibique,
1927 1273 2087 1337 prout

476 1361 674 1433 potuit,
707 1377 830 1415 cum
861 1360 1193 1428 imperatore
1224 1362 1279 1410 et
1326 1355 1552 1426 praefato
1617 1355 1815 1410 abbate
1845 1355 1947 1408 sub
1973 1353 2091 1424 epi-

476 1468 766 1524 sc0porum
799 1451 1124 1507 auctoritate
1167 1448 1454 1515 laboravit,
1504 1455 1563 1502 ut
1592 1447 1727 1503 ordo
1757 1446 2092 1501 monasticus

480 1547 534 1600 in
592 1545 856 1616 praedicto
912 1543 1270 1607 monasterio,
1348 1541 1714 1614 quorumdam
1764 1540 2089 1610 voluptuosa

479 1634 716 1688 factione
769 1634 863 1688 diu
915 1633 1196 1703 delapsus,
1253 1637 1671 1686 restauraretur.
1728 1628 1790 1682 Et
1833 1635 1893 1683 ut
1921 1644 2090 1699 Opere

478 1738 698 1794 quoque
757 1722 1086 1794 adimpleret
1137 1722 1285 1793 quod
1316 1736 1573 1776 sermone
1603 1718 1889 1782 suadebat,
1924 1717 2085 1772 etiam

479 1816 597 1885 ipse
627 1814 900 1888 religiosae
955 1815 1360 1871 conversationi
1417 1830 1540 1868 cum
1572 1813 1696 1867 aliis
1734 1827 1793 1865 se
1823 1809 2090 1875 subdidit,

478 1905 752 1978 castigans
776 1919 976 1975 corpus
1004 1921 1188 1972 suum,
1243 1913 1298 1959 et
1324 1903 1558 1974 spiritali
1587 1900 1888 1969 subjiciens
1916 1898 2091 1952 servi-

481 1996 604 2052 tuti.
636 1995 897 2049 Processu
935 2009 1067 2048 vcro
1121 1995 1407 2066 temporis,
1468 2009 1592 2048 cum
1636 1995 2092 2062 praememoratus

483 2089 772 2144 Hilduinus
784 2089 1310 2159 abbasimperatoris
1322 2086 1579 2142 Ludovici
1594 2082 2090 2153 archicapellanus,

481 2181 746 2237 offensam
779 2181 953 2250 ipsius
983 2179 1210 2252 Augusti
1236 2178 1375 2233 adeo
1401 2192 1524 2232 cum
1557 2175 1678 2228 aliis
1707 2172 1866 2246 regni
1893 2171 2094 2241 primo-

482 2272 632 2326 ribus
658 2271 1000 2336 incurrisset,
1032 2277 1093 2323 ut
1146 2268 1342 2322 ablatis
1393 2267 1498 2322 sibi
1553 2264 1810 2328 abbatiis,
1841 2263 1894 2315 in
1931 2260 2094 2315 Saxo-

483 2362 627 2416 niam
660 2361 825 2416 fuerit
849 2359 1040 2413 exsilio
1072 2357 1370 2432 relegatus,
1403 2357 1506 2412 iste
1535 2372 1635 2427 per
1665 2351 1940 2408 licentiam
1970 2362 2092 2417 pro-

480 2451 585 2521 prii
615 2449 862 2521 episcOpi
891 2465 1015 2503 cum
1075 2447 1466 2502 benedictione
1505 2445 1731 2500 fratrum
1765 2440 1917 2494 illum
1940 2452 2094 2491 secu-

483 2548 570 2594 tus
607 2549 692 2594 est
719 2541 774 2594 in
826 2540 1100 2594 exsilium.
1159 2539 1253 2594 Cui
1285 2553 1384 2609 pro
1414 2532 1803 2590 familiaritatis
1836 2527 2094 2600 pr0piore

486 2628 604 2699 [al.,
635 2628 838 2699 priore]
892 2629 1107 2694 notitia,
1155 2635 1362 2683 tantam
1396 2626 1661 2682 Dominus
1687 2619 1833 2692 apud
1861 2619 2097 2688 impera-

481 2729 682 2787 torem,
714 2736 1084 2792 proceresque
1113 2720 1345 2776 contulit
1371 2719 1624 2792 gratiam,
1661 2724 1720 2770 ut
1748 2711 1974 2768 studere
1996 2722 2094 2778 pro

481 2832 583 2871 suo
626 2816 892 2871 nutritore
948 2815 1207 2888 quiverit,
1252 2814 1433 2868 donec
1473 2811 1542 2865 ab
1582 2807 1776 2864 exsilio
1808 2809 2096 2859 revocatus

480 2908 714 2962 duarum
771 2907 936 2962 fuerit
1005 2906 1346 2961 abbatiarum
1410 2900 1720 2975 praelationi
1787 2895 2094 2951 restitutus.

480 2995 691 3050 Deinde
717 2996 940 3068 quando
984 2995 1278 3067 Gregorius
1301 2993 1476 3060 (Greg.
1510 2993 1608 3058 IV)
1638 3002 1780 3059 papa
1829 2985 1884 3038 in
1914 2979 2097 3035 Gallia;

480 3089 633 3143 venit
673 3087 954 3164 regiones,
1007 3095 1064 3143 et
1119 3102 1349 3162 regnum
1401 3085 1735 3139 Francorum
1788 3093 1818 3132 a
1873 3072 2098 3147 praafato

481 3177 686 3233 defecit
715 3178 1067 3248 imperatore,
1092 3176 1267 3232 voluit
1295 3191 1422 3232 eum
1453 3178 1904 3246 praememoratus
1932 3166 2100 3221 abbas

481 3287 614 3326 suus
639 3269 694 3324 in
725 3269 1051 3341 obsequium
1078 3284 1238 3324 suum
1270 3275 1462 3323 contra
1505 3266 1823 3322 fidelitatem
1857 3263 2098 3332 impera-

479 3359 612 3414 toris
636 3358 840 3413 ducere
865 3376 879 3424 ;
911 3358 1061 3430 quod
1093 3372 1442 3429 nequaquam
1458 3355 1635 3427 potuit
1662 3353 1731 3406 ab
1755 3367 1821 3407 eo
1851 3351 2094 3424 exigere.

482 3446 752 3502 Restituto
780 3454 975 3516 postea
1005 3445 1359 3515 imperatore,
1392 3452 1555 3516 prout
1584 3443 1763 3515 potuit
1792 3439 1975 3496 abbati
1993 3440 2093 3494 suo

479 3539 744 3609 prodesse
771 3537 999 3593 studuit.
1029 3537 1228 3610 Sicque
1251 3538 1516 3608 deinceps
1532 3537 1587 3590 in
1610 3533 1949 3592 monasterio
1970 3533 2094 3587 sine

480 3631 708 3702 querela
761 3638 947 3686 custos
1006 3645 1288 3685 sacrorum
1357 3629 1673 3701 pignorum,
1735 3625 2096 3696 ecclesiaeque

479 3728 790 3775 sanctorum
822 3725 1123 3789 martyrum
1178 3726 1535 3773 conversatus
1574 3716 1884 3784 exstiterat,
1918 3714 2100 3770 donec

481 3813 648 3885 regiis
672 3812 874 3866 ascitus
902 3810 1186 3882 obsequiis
1217 3811 1465 3883 regimen
1517 3808 1868 3865 monasteriis
1893 3815 2097 3864 sancta:

480 3900 576 3955 Dei
596 3901 879 3975 genitricis
934 3899 1134 3965 Mariae,
1195 3906 1248 3953 et
1303 3899 1478 3955 sancti
1534 3899 1790 3956 Germani
1848 3895 2020 3971 regali
2046 3903 2101 3950 et

478 3988 801 4059 episcOpali,
858 3995 1022 4058 atque
1073 3987 1287 4042 abbatis
1337 3989 1424 4043 sui
1452 3989 1713 4046 Ludovici
1744 3989 1961 4046 diaconi
1987 3989 2100 4057 jus-

480 4078 638 4134 sione
658 4078 939 4150 suscepit;
981 4093 1163 4132 rerum
1202 4092 1426 4149 quoque
1457 4094 1519 4133 ac
1545 4078 1946 4148 mancipiorum
1977 4092 2100 4148 pos-

479 4171 784 4227 sessionem
858 4171 1155 4242 quamdam
1239 4171 1389 4246 regia
1439 4171 1765 4227 liberalitate
1824 4172 2096 4243 percepit,

482 4281 647 4336 quam
702 4271 1055 4321 consecratus
1105 4264 1219 4331 jam
1293 4265 1493 4334 praesul
1543 4265 1881 4322 monasterio
1923 4264 2098 4320 sancti

482 4358 746 4429 Dionysii,
779 4357 871 4413 ubi
901 4356 1115 4413 Christo
1146 4357 1493 4428 militaverat,
1526 4376 1626 4431 per
1669 4361 1981 4417 testamenti
2004 4377 2102 4432 pa-

481 4451 667 4525 ginam
698 4453 945 4509 tradidit.

1126 4527 1337 4584 CAPUT
1389 4529 1455 4583 Il.

588 4618 664 4670 De
690 4619 1034 4686 reparatione
1053 4619 1262 4687 judicii
1278 4636 1382 4689 pro
1412 4621 1611 4676 Ebom's
1640 4621 1989 4691 depositione.

557 4725 792 4782 Emenso
814 4727 1057 4798 denique
1087 4743 1236 4784 anno
1286 4737 1410 4800 post
1437 4729 1611 4801 ipsius
1643 4729 1918 4785 Hincmari
1950 4731 2102 4787 ordi-

483 4818 790 4888 nationem,
845 4819 1133 4876 Lotharius
1189 4822 1489 4892 imperator
1569 4839 1669 4893 pro
1743 4826 2100 4881 contentione

482 4907 639 4982 regni
678 4924 840 4979 quam
875 4926 1004 4986 erga
1060 4909 1283 4968 fratrem
1327 4927 1488 4967 suum
1526 4913 1779 4969 Karolum
1837 4914 2096 4984 habebat,

483 4995 644 5065 cujus
688 4998 970 5072 obsequiis
1023 5001 1171 5056 idem
1229 5003 1428 5075 praesul
1473 5003 1713 5059 fideliter
1763 5005 2098 5073 adhaerebat,

483 5094 676 5144 contra
695 5106 822 5146 eum
855 5100 1184 5163 commotus,
1248 5095 1509 5168 epistolas
1549 5113 1579 5150 a
1606 5095 1798 5173 Sergio
1832 5099 2000 5169 (Serg.
2030 5097 2100 5170 Î™Î™)

483 5202 626 5258 papa
653 5189 834 5263 exegit
858 5205 959 5260 pro
989 5191 1295 5262 reparando
1345 5192 1556 5262 judicio
1611 5193 1680 5249 de
1703 5193 1908 5249 Ebonis
1935 5195 2103 5268 depo-

484 5278 706 5335 sitione.
728 5281 883 5338 Unde
911 5282 1057 5338 idem
1089 5300 1232 5357 papa
1255 5286 1468 5343 litteras
1486 5286 1680 5344 Karolo
1709 5287 1823 5364 regi
1854 5288 2101 5356 mittens,

485 5368 748 5438 praecepit
769 5376 829 5424 ut
857 5370 1229 5428 Guntboldum
1261 5374 1759 5451 Rothomagensem
1780 5377 2101 5448 episcopum

484 5470 610 5510 cum
663 5459 876 5514 caeteris
931 5460 1208 5532 episcOpis
1254 5463 1411 5538 regni
1465 5463 1569 5530 sui,
1621 5480 1762 5536 quos
1785 5465 1902 5536 ipse
1933 5465 2105 5519 Gunt-

486 5545 685 5602 boldus
710 5549 777 5603 ad
818 5551 923 5606 hoc
951 5550 1057 5606 sibi
1083 5553 1333 5630 eligeret,
1367 5555 1564 5630 legatis
1581 5556 1701 5625 ejus
1732 5557 1948 5612 obviam
1980 5557 2104 5610 Tre-

483 5636 630 5693 veris
656 5637 725 5692 ad
757 5639 898 5697 hanc
951 5641 1354 5701 discutiendam
1409 5644 1692 5716 querelam
1741 5646 2022 5721 diligeret,
2048 5649 2101 5699 et

484 5723 834 5785 Hincmarum
865 5731 1186 5803 episcopum
1246 5735 1314 5791 ad
1346 5736 1520 5807 ipsam
1584 5736 1858 5805 synodum
1907 5736 2099 5792 venire

2123 3137 2172 3207 C

2186 550 2248 598 ut
2275 557 2397 596 cum
2431 547 2555 611 post
2570 540 2716 596 diem
2747 545 2952 594 sanetae.
2982 540 3198 596 Domini
3230 544 3649 598 resurrectionis
3680 546 3815 599 mis-

2188 648 2279 687 sos
2302 645 2431 684 suos
2459 630 2513 682 in
2531 629 2813 683 servitium
2856 630 3206 700 imperatoris
3230 631 3494 698 mitteret,
3530 632 3645 703 ipse
3680 649 3808 688 cum

2190 718 2465 790 episcopis
2495 719 2814 788 praedictum
2829 719 3032 787 locum,
3046 721 3415 778 hanecausam
3441 723 3810 790 diftiniturus,

2189 812 2382 866 adiret.
2441 811 2546 865 Sed
2600 819 2655 865 et
2721 812 2822 882 ipsi
2878 811 3167 870 Hincmaro
3226 815 3434 870 litteras
3472 816 3623 872 misit
3651 825 3717 872 ut
3742 820 3809 873 ad

2191 903 2336 957 idem
2359 901 2571 957 veniret
2619 901 2938 956 concilium.
2975 903 3188 979 Legatis
3228 905 3412 977 itaque
3435 907 3614 981 Sergii
3647 925 3810 980 papa:

2183 993 2339 1062 juxta
2391 993 2703 1049 condictum
2735 1010 2846 1050 non
2904 994 3274 1062 venientibus,
3307 996 3683 1065 Guntboldus,
3714 1016 3816 1053 an-

2191 1091 2395 1138 nuente
2439 1084 2498 1154 [i,
2531 1085 2844 1153 annitente]
2904 1100 3032 1159 rege
3090 1085 3311 1152 Karolo,
3370 1103 3497 1142 cum
3528 1090 3815 1162 episc0pis

2187 1173 2458 1242 synodum
2487 1176 2770 1242 conduxit,
2799 1175 2866 1228 ad
2917 1191 3078 1246 quam
3109 1176 3354 1232 Ebonem
3384 1195 3485 1248 per
3514 1179 3735 1235 litteras
3764 1193 3816 1236 et

2188 1257 2400 1334 legatos
2455 1282 2520 1320 ex
2577 1267 2900 1322 auctoritate
2951 1267 3198 1338 praedicti
3255 1282 3412 1339 papas
3463 1273 3812 1326 convocavit.

2191 1349 2306 1412 Quo
2334 1358 2518 1408 tamen
2545 1356 2656 1411 Eho
2687 1372 2867 1428 neque
2923 1356 3163 1423 venisse,
3209 1372 3392 1428 neque
3418 1359 3685 1414 vicariam
3715 1377 3814 1432 pro

2190 1455 2249 1493 se
2282 1458 2596 1511 personam,
2628 1446 2714 1500 vel
2745 1447 2954 1501 litteras
2981 1447 3278 1502 canonicas
3299 1449 3515 1503 misisse
3543 1449 3808 1504 traditur.

2192 1528 2535 1587 Guntboldus
2563 1543 2743 1589 tamen
2789 1543 2844 1590 et
2881 1536 3065 1591 caeteri
3104 1537 3374 1608 episcopi,
3404 1538 3498 1608 qui
3531 1538 3685 1608 apud
3711 1537 3812 1591 Pa-

2191 1619 2350 1674 risios
2379 1630 2510 1676 tunc
2564 1633 2942 1678 convenerant
2997 1625 3106 1694 (an.
3157 1625 3304 1695 847).
3347 1625 3564 1682 Wenilo
3595 1628 3811 1682 scilicet

2191 1709 2446 1765 Ecclesiae
2491 1713 2776 1769 Senonicae
2832 1716 3290 1787 metrOpolitanus
3319 1734 3441 1774 cum
3474 1717 3810 1773 diaacesanis

2191 1803 2328 1867 suis,
2360 1804 2705 1860 Lantrannus
2762 1807 2835 1878 [al
2865 1852 2881 1875 ,
2917 1808 3279 1882 Lanfrannus]
3317 1812 3662 1867 Turonensis
3689 1829 3810 1867 cum

2191 1894 2553 1970 suffraganeis
2607 1901 2743 1965 suis,
2825 1909 2879 1955 et
2934 1902 3252 1972 specialiter
3301 1903 3633 1959 Hinemarus
3690 1920 3810 1958 cum

2192 1990 2449 2044 omnibus
2504 1990 2793 2044 Remensis
2834 1990 3133 2046 diaaceseos
3181 1992 3548 2064 coepiscOpis,
3607 1994 3818 2047 litteras

2192 2098 2318 2137 suas
2343 2085 2410 2138 ad
2441 2101 2566 2140 eum
2594 2086 2886 2155 miserunt,
2934 2094 2990 2142 et
3030 2088 3313 2144 dioecesim
3365 2089 3701 2144 Remensem
3733 2091 3820 2143 in-

2194 2170 2545 2237 tei'dicentes,
2582 2183 2641 2230 ut
2672 2191 2782 2232 non
2838 2176 3065 2232 haberet
3085 2176 3354 2249 deinceps
3402 2178 3628 2233 licentia
3656 2197 3725 2236 ex
3755 2197 3813 2234 ea

2195 2265 2510 2335 quempiam
2559 2267 2877 2334 sollicitare,
2938 2284 3042 2322 nec
3094 2269 3319 2338 scripto,
3361 2285 3463 2324 nec
3491 2271 3689 2339 verbo,
3715 2287 3814 2325 nec

2193 2354 2360 2409 misso
2407 2355 2614 2426 aliquo,
2673 2356 2853 2411 donec
2908 2357 3214 2412 secundum
3259 2359 3571 2427 jussionem
3637 2361 3807 2432 Sergii

2195 2461 2350 2516 papse
2381 2445 2513 2514 ipsis
2543 2452 2877 2511 occurreret,
2909 2455 2964 2502 et
3008 2448 3163 2515 juxta
3217 2450 3485 2504 canonica
3519 2457 3574 2504 et
3589 2459 3812 2521 aposto-

2196 2535 2515 2589 licastatuta
2574 2532 2914 2590 deï¬nitionis
2958 2539 3289 2594 sententiam
3345 2540 3414 2594 ab
3461 2540 3595 2611 ipsis
3634 2557 3810 2596 coram

2193 2624 2440 2696 generali
2483 2633 2760 2681 conventu
2816 2628 3147 2699 perciperet.
3207 2629 3314 2684 Sed
3365 2629 3460 2683 ille
3510 2629 3579 2682 ad
3608 2629 3809 2684 nullam

2195 2716 2491 2787 synodum,
2525 2718 2610 2772 vel
2657 2720 2726 2773 ad
2755 2720 2943 2774 sedem
2995 2721 3374 2792 apostolicam,
3402 2737 3596 2777 vocem
3629 2729 3810 2792 postea

2197 2808 2605 2865 reclamationis
2632 2810 2720 2865 vel
2767 2811 3116 2882 repetitionis
3145 2813 3214 2868 de
3245 2813 3382 2868 sede
3413 2813 3703 2879 Remensi,
3730 2819 3817 2864 aut

2199 2899 2268 2953 de
2299 2901 2494 2955 ordine
2520 2915 2620 2955 suo
2650 2901 2851 2956 emisit.
2881 2902 2981 2967 Qui
3021 2903 3185 2957 etiam
3235 2902 3546 2974 (postquam
3591 2917 3688 2956 res
3720 2918 3815 2975 ge-

2197 2999 2308 3046 stas
2339 2993 2505 3049 Leoni
2549 2994 2731 3062 (Leom'
2754 2996 2853 3065 IV)
2904 3011 3059 3066 papae
3117 2994 3485 3050 referentibus
3515 2994 3816 3065 episcOpis,

2199 3092 2254 3139 et
2280 3087 2558 3160 regalibus
2587 3088 2814 3158 insuper
2862 3088 3132 3158 epistolis,
3185 3087 3462 3143 ordinatio
3513 3088 3814 3153 Hincmari,

2196 3177 2420 3248 quando
2447 3178 2577 3233 fidei
2609 3195 2832 3251 quoque
2861 3195 2973 3234 suae
3001 3186 3250 3235 tenorem
3279 3181 3507 3236 Romam
3526 3181 3686 3235 misit
3715 3190 3818 3235 rata

2195 3278 2279 3323 est
2306 3285 2429 3323 cum
2491 3270 2782 3343 largitione
2838 3269 2991 3340 pallii
3038 3271 3416 3341 comprobata)
3445 3287 3548 3341 per
3577 3272 3821 3341 quinque

2198 3357 2416 3411 circiter
2475 3372 2746 3412 annorum
2807 3358 3077 3413 curricula
3131 3359 3503 3430 supervixisse
3563 3359 3744 3417 fertur
3771 3363 3821 3415 in

2194 3463 2446 3519 corpore,
2505 3463 2680 3518 usque
2733 3448 2801 3502 ad
2843 3464 3049 3502 annum
3107 3449 3368 3504 videlicet
3421 3448 3823 3506 incarnationis

2194 3535 2492 3591 Dominicae
2547 3537 3068 3611 octingentesimum
3133 3537 3668 3611 quinquagesimum
3721 3540 3826 3610 pri-

2198 3643 2370 3682 mum.

2840 3700 3049 3757 CAPUT
3080 3703 3171 3757 Î¹Î¹Î¹.

2558 3793 2634 3845 De
2685 3795 2891 3848 visione
2920 3795 3156 3863 ejusdem
3187 3793 3460 3848 Bcrnoldi.

2271 3895 2348 3949 De
2385 3912 2496 3968 quo
2529 3903 2880 3970 postmodum
2910 3901 3037 3956 talis
3065 3910 3287 3957 ostensa
3314 3912 3400 3958 est
3416 3904 3691 3960 revelatio
3709 3904 3825 3959 cui-

2201 3987 2325 4042 dam
2359 3990 2570 4046 homini
2603 3991 2889 4046 Remensis
2918 3994 3217 4063 parochias,
3250 3996 3480 4050 nomine
3514 3997 3820 4059 Bernoldo,

2200 4083 2294 4155 qui
2325 4084 2622 4156 depressus
2646 4085 2987 4156 infirmitate,
3038 4105 3183 4160 pene
3227 4105 3404 4161 usque
3458 4091 3529 4144 ab
3585 4101 3817 4147 mortem

2200 4176 2472 4256 pervenit,
2499 4177 2570 4230 ita
2591 4185 2648 4231 ut
2679 4193 2779 4250 per
2807 4188 3043 4251 quatuor
3069 4180 3189 4236 dies
3228 4197 3334 4236 nec
3381 4181 3570 4236 cibum
3595 4199 3706 4237 nec
3728 4197 3823 4253 po-

2202 4279 2314 4326 tum
2346 4287 2564 4342 capere,
2597 4287 2700 4326 nec
2728 4271 2880 4342 loqui
2908 4273 3132 4328 valeret.
3167 4273 3370 4338 Quarto
3399 4289 3532 4329 vero
3564 4272 3662 4327 die
3693 4274 3822 4327 hora

2203 4385 2370 4438 nona,
2402 4369 2550 4424 velut
2580 4369 2848 4423 exanimis
2870 4368 3062 4437 jacuit,
3111 4370 3250 4426 adeo
3311 4377 3370 4426 ut
3399 4386 3512 4426 non
3547 4378 3740 4442 posset
3770 4371 3819 4422 in

2202 4476 2269 4516 eo
2291 4459 2484 4515 sentiri
2513 4459 2742 4514 halitum
2777 4459 3126 4525 remansisse,
3182 4459 3289 4514 nisi
3344 4476 3445 4531 per
3472 4461 3649 4529 vices,
3691 4461 3818 4515 dum

2129 4553 2330 4624 unis
2349 4567 2574 4606 manum
2629 4551 2871 4606 misisset
2912 4551 2980 4605 ad
3028 4565 3091 4606 os
3137 4550 3277 4620 ejus,
3314 4550 3399 4605 vel
3427 4567 3602 4622 super
3632 4559 3821 4622 pectus

2202 4645 2370 4711 illius,
2393 4642 2489 4698 vix
2520 4640 2796 4696 sentiebat
2837 4640 2890 4693 in
2923 4655 2990 4695 eo
3045 4638 3226 4694 adhuc
3254 4639 3508 4709 spiritum
3531 4656 3679 4695 esse.
3714 4640 3821 4694 Î’Ï…-

2201 4736 2304 4792 bor
2334 4734 2410 4788 illi
2442 4740 2627 4787 tamen
2686 4731 2741 4784 in
2788 4729 2925 4785 facie
2979 4745 3213 4804 magnus
3267 4729 3583 4798 videbatur,
3643 4740 3698 4786 et
3745 4729 3819 4782 sic

2195 4823 2371 4893 jacuit
2399 4836 2576 4892 usque
2606 4819 2674 4873 ad
2700 4818 2939 4873 mediam
2981 4825 3224 4874 noctem.
3257 4819 3410 4873 Tunc
3433 4817 3673 4874 viriliter
3693 4831 3820 4872 ocu-

2202 4917 2287 4971 los.
2313 4914 2590 4986 aperiens,
2639 4919 2693 4967 et
2741 4911 2936 4967 affatus
2957 4925 3183 4966 uxorem
3214 4927 3366 4967 suam
3399 4919 3568 4982 atque
3589 4911 3819 4965 circum-

2203 5014 2432 5070 stantes,
2445 5003 2609 5073 jussit
2638 5010 2697 5058 ut
2750 5004 3079 5073 quantocius
3109 5009 3416 5067 currerent,
3447 5008 3504 5054 et
3535 5000 3817 5071 presbyte-

2206 5115 2326 5154 rum
2358 5113 2516 5152 suum
2553 5095 2818 5151 velociter
2874 5097 2942 5151 ad
2973 5112 3032 5151 se
3081 5097 3270 5152 venire
3314 5101 3594 5169 rogarent.
3639 5091 3814 5145 Accito

2203 5199 2383 5246 autem
2439 5191 2783 5262 presbytero,
2833 5198 3127 5261 antequam
3156 5189 3385 5243 intraret
3428 5185 3520 5239 ille
3573 5185 3809 5246 domum,

2205 5281 2341 5336 dixit
2369 5279 2619 5334 infirmus
2650 5287 2710 5334 ut
2739 5287 3087 5351 apponerent
3119 5278 3334 5342 sellam,
3366 5276 3495 5348 quia
3535 5274 3813 5347 presbyter

2199 5377 2310 5445 jam
2344 5376 2567 5432 domum
2603 5377 2903 5431 intraturus
2924 5383 3088 5430 esset.
3117 5376 3213 5431 lllo
3235 5391 3366 5431 vero
3394 5375 3645 5449 ingresso
3673 5377 3811 5442 post-

2205 5466 2698 5536 quamorationem
2756 5482 2856 5536 pro
2911 5482 2976 5522 eo
3035 5465 3195 5533 fudit,
3253 5465 3388 5520 dixit
3419 5464 3467 5519 ei
3522 5473 3582 5520 ut
3608 5462 3812 5518 sederet

2197 5556 2352 5625 juxta
2373 5572 2520 5624 eum,
2573 5566 2627 5613 et
2685 5559 3000 5614 attenderet
3058 5573 3178 5629 quin
3223 5557 3474 5613 dicturus
3506 5565 3644 5620 erat,
3676 5560 3731 5606 ut
3767 5549 3805 5602 si

2203 5651 2319 5722 ipse
2349 5658 2630 5720 superstes
2660 5651 2739 5704 illi
2786 5667 2896 5707 non
2949 5651 3216 5723 potuisset
3245 5650 3601 5715 annuntiare,
3627 5645 3805 5700 saltem

2201 5743 2493 5815 presbyter
2519 5759 2585 5800 ea
2604 5744 2902 5802 nuntiaret.
2938 5744 3088 5800 Tunc
3118 5758 3250 5818 ergo
3279 5742 3448 5814 coepit
3464 5741 3808 5798 vehementer
