  <div class='ocr_page' id='page_1' title='image "/cluster/home/n/w/nwhite01/storage/ocr_20150623/134-135/uva.x000829784/652.png"; bbox 0 0 3970 6218; ppageno 0'>
   <div class='ocr_carea' id='block_1_1' title="bbox 264 302 1852 418">
    <p class='ocr_par' dir='ltr' id='par_1_1' title="bbox 264 302 1852 390">
     <span class='ocr_line' id='line_1_1' title="bbox 264 302 1852 390; baseline 0.023 -35"><span class='ocrx_word' id='word_1_1' title='bbox 264 302 365 358; x_wconf 74' lang='grc'><strong>141</strong></span> <span class='ocrx_word' id='word_1_2' title='bbox 912 317 1237 376; x_wconf 70' lang='grc' dir='ltr'><strong>ΗΙΒΤΟΒΗΕ</strong></span> <span class='ocrx_word' id='word_1_3' title='bbox 1278 324 1608 385; x_wconf 69' lang='lat' dir='ltr'><strong>ECCLESME</strong></span> <span class='ocrx_word' id='word_1_4' title='bbox 1649 333 1852 390; x_wconf 72' lang='lat' dir='ltr'><strong>REMEI‘</strong></span> 
     </span>
    </p>
   </div>
   <div class='ocr_carea' id='block_1_2' title="bbox 1955 302 2957 418">
    <p class='ocr_par' dir='ltr' id='par_1_2' title="bbox 1955 338 2957 418">
     <span class='ocr_line' id='line_1_2' title="bbox 1955 338 2957 418; baseline 0.026 -26"><span class='ocrx_word' id='word_1_5' title='bbox 1955 338 1973 392; x_wconf 68' lang='grc' dir='ltr'><strong>Β</strong></span> <span class='ocrx_word' id='word_1_6' title='bbox 2015 341 2188 399; x_wconf 81' lang='lat' dir='ltr'><strong>LIBRI</strong></span> <span class='ocrx_word' id='word_1_7' title='bbox 2230 348 2559 413; x_wconf 78' lang='lat' dir='ltr'><strong>QUATUOR.</strong></span> <span class='ocrx_word' id='word_1_8' title='bbox 2594 390 2663 399; x_wconf 91' lang='lat'>—</span> <span class='ocrx_word' id='word_1_9' title='bbox 2696 360 2821 416; x_wconf 84' lang='lat' dir='ltr'><strong>LIB.</strong></span> <span class='ocrx_word' id='word_1_10' title='bbox 2869 364 2957 418; x_wconf 90' lang='lat' dir='ltr'><strong>lll.</strong></span> 
     </span>
    </p>
   </div>
   <div class='ocr_carea' id='block_1_3' title="bbox 3504 377 3606 433">
    <p class='ocr_par' dir='ltr' id='par_1_3' title="bbox 3504 377 3606 433">
     <span class='ocr_line' id='line_1_3' title="bbox 3504 377 3606 433; baseline 0.01 -1"><span class='ocrx_word' id='word_1_11' title='bbox 3504 377 3606 433; x_wconf 74' lang='grc'><strong>142</strong></span> 
     </span>
    </p>
   </div>
   <div class='ocr_carea' id='block_1_4' title="bbox 264 437 3602 567">
    <p class='ocr_par' dir='ltr' id='par_1_4' title="bbox 264 437 3602 567">
     <span class='ocr_line' id='line_1_4' title="bbox 264 437 3602 567; baseline 0.022 -75"><span class='ocrx_word' id='word_1_12' title='bbox 264 437 425 505; x_wconf 86' lang='lat' dir='ltr'><strong>ﬁere,</strong></span> <span class='ocrx_word' id='word_1_13' title='bbox 458 450 513 498; x_wconf 91' lang='lat' dir='ltr'><strong>et</strong></span> <span class='ocrx_word' id='word_1_14' title='bbox 543 460 665 499; x_wconf 91' lang='lat' dir='ltr'><strong>cum</strong></span> <span class='ocrx_word' id='word_1_15' title='bbox 718 448 1053 524; x_wconf 81' lang='lat' dir='ltr'><strong>singultibus</strong></span> <span class='ocrx_word' id='word_1_16' title='bbox 1109 456 1246 513; x_wconf 83' lang='lat' dir='ltr'><strong>dixit</strong></span> <span class='ocrx_word' id='word_1_17' title='bbox 1275 477 1288 514; x_wconf 91' lang='lat'><strong>:</strong></span> <span class='ocrx_word' id='word_1_18' title='bbox 1322 461 1524 519; x_wconf 77' lang='lat' dir='ltr'><strong>Ductus</strong></span> <span class='ocrx_word' id='word_1_19' title='bbox 1550 466 1616 521; x_wconf 92' lang='lat' dir='ltr'><strong>de</strong></span> <span class='ocrx_word' id='word_1_20' title='bbox 1650 470 1752 525; x_wconf 89' lang='lat' dir='ltr'><strong>isto</strong></span> <span class='ocrx_word' id='word_1_21' title='bbox 1784 487 1888 527; x_wconf 72' lang='lat' dir='ltr'><strong>sae-</strong></span> <span class='ocrx_word' id='word_1_22' title='bbox 1915 479 1968 547; x_wconf 82' lang='grc' dir='ltr'><strong>Α</strong></span> <span class='ocrx_word' id='word_1_23' title='bbox 1992 479 2305 555; x_wconf 91' lang='lat' dir='ltr'><strong>integritate</strong></span> <span class='ocrx_word' id='word_1_24' title='bbox 2361 490 2627 563; x_wconf 85' lang='lat' dir='ltr'><strong>quidquid</strong></span> <span class='ocrx_word' id='word_1_25' title='bbox 2683 497 2881 552; x_wconf 85' lang='lat' dir='ltr'><strong>exinde</strong></span> <span class='ocrx_word' id='word_1_26' title='bbox 2937 514 3037 554; x_wconf 87' lang='lat' dir='ltr'><strong>nos</strong></span> <span class='ocrx_word' id='word_1_27' title='bbox 3089 500 3345 561; x_wconf 90' lang='lat' dir='ltr'><strong>ﬁdelibus</strong></span> <span class='ocrx_word' id='word_1_28' title='bbox 3403 514 3602 567; x_wconf 83' lang='lat' dir='ltr'><strong>nostris</strong></span> 
     </span>
     <span class='ocr_line' id='line_1_5' title="bbox 264 533 1736 567; baseline 0 0"><span class='ocrx_word' id='word_1_29' title='bbox 264 533 393 567; x_wconf 73' lang='grc' dir='ltr'><strong>Μιιη</strong></span> <span class='ocrx_word' id='word_1_30' title='bbox 427 535 490 567; x_wconf 64' lang='grc' dir='ltr'><strong>αλ</strong></span> <span class='ocrx_word' id='word_1_31' title='bbox 527 538 669 567; x_wconf 62' lang='grc' dir='ltr'><strong>..κηλ</strong></span> <span class='ocrx_word' id='word_1_32' title='bbox 698 545 820 567; x_wconf 78' lang='lat'><strong>-.-..:</strong></span> <span class='ocrx_word' id='word_1_33' title='bbox 856 545 918 567; x_wconf 77' lang='grc' dir='ltr'><strong>-.ι</strong></span> <span class='ocrx_word' id='word_1_34' title='bbox 985 564 1069 567; x_wconf 60' lang='lat'><strong>_,_,</strong></span> <span class='ocrx_word' id='word_1_35' title='bbox 1164 553 1177 567; x_wconf 84' lang='lat'><em>.</em></span> <span class='ocrx_word' id='word_1_36' title='bbox 1298 553 1311 567; x_wconf 73' lang='grc' dir='ltr'>ι</span> <span class='ocrx_word' id='word_1_37' title='bbox 1555 562 1566 567; x_wconf 82' lang='lat'><strong>-</strong></span> <span class='ocrx_word' id='word_1_38' title='bbox 1728 565 1736 567; x_wconf 34' lang='grc' dir='ltr'><strong><em>μ</em></strong></span> 
     </span>
    </p>
   </div>
   <div class='ocr_carea' id='block_1_5' title="bbox 262 533 1884 637">
    <p class='ocr_par' dir='ltr' id='par_1_5' title="bbox 262 533 1884 637">
     <span class='ocr_line' id='line_1_6' title="bbox 262 533 1884 637; baseline 0.023 -52"><span class='ocrx_word' id='word_1_39' title='bbox 262 533 393 588; x_wconf 89' lang='lat' dir='ltr'><strong>culo</strong></span> <span class='ocrx_word' id='word_1_40' title='bbox 424 535 491 590; x_wconf 89' lang='lat' dir='ltr'><strong>ad</strong></span> <span class='ocrx_word' id='word_1_41' title='bbox 524 538 669 593; x_wconf 87' lang='lat' dir='ltr'><strong>aliud</strong></span> <span class='ocrx_word' id='word_1_42' title='bbox 698 545 822 597; x_wconf 93' lang='lat' dir='ltr'><strong>veni</strong></span> <span class='ocrx_word' id='word_1_43' title='bbox 853 545 920 599; x_wconf 87' lang='lat' dir='ltr'><strong>ad</strong></span> <span class='ocrx_word' id='word_1_44' title='bbox 975 553 1268 619; x_wconf 84' lang='lat' dir='ltr'><strong>quemdam</strong></span> <span class='ocrx_word' id='word_1_45' title='bbox 1298 553 1500 627; x_wconf 89' lang='lat' dir='ltr'><strong>locum,</strong></span> <span class='ocrx_word' id='word_1_46' title='bbox 1554 562 1739 618; x_wconf 87' lang='lat' dir='ltr'><strong>inveni</strong></span> <span class='ocrx_word' id='word_1_47' title='bbox 1772 568 1884 637; x_wconf 87' lang='lat' dir='ltr'><strong>epi-</strong></span> 
     </span>
    </p>
   </div>
   <div class='ocr_carea' id='block_1_6' title="bbox 262 631 1881 729">
    <p class='ocr_par' dir='ltr' id='par_1_6' title="bbox 262 631 1881 729">
     <span class='ocr_line' id='line_1_7' title="bbox 262 631 1881 729; baseline 0.024 -53"><span class='ocrx_word' id='word_1_48' title='bbox 262 638 465 695; x_wconf 82' lang='lat' dir='ltr'><strong>sc0pos</strong></span> <span class='ocrx_word' id='word_1_49' title='bbox 498 631 862 708; x_wconf 80' lang='lat' dir='ltr'><strong>quadraginta</strong></span> <span class='ocrx_word' id='word_1_50' title='bbox 919 647 974 694; x_wconf 90' lang='lat' dir='ltr'><strong>et</strong></span> <span class='ocrx_word' id='word_1_51' title='bbox 1004 657 1197 709; x_wconf 90' lang='lat' dir='ltr'><strong>unum,</strong></span> <span class='ocrx_word' id='word_1_52' title='bbox 1259 646 1404 703; x_wconf 87' lang='lat' dir='ltr'><strong>inter</strong></span> <span class='ocrx_word' id='word_1_53' title='bbox 1460 668 1599 722; x_wconf 90' lang='lat' dir='ltr'><strong>quos</strong></span> <span class='ocrx_word' id='word_1_54' title='bbox 1650 660 1881 729; x_wconf 81' lang='lat' dir='ltr'><strong>cognovi</strong></span> 
     </span>
    </p>
   </div>
   <div class='ocr_carea' id='block_1_7' title="bbox 262 711 1884 809">
    <p class='ocr_par' dir='ltr' id='par_1_7' title="bbox 262 711 1884 809">
     <span class='ocr_line' id='line_1_8' title="bbox 262 711 1884 809; baseline 0.026 -43"><span class='ocrx_word' id='word_1_55' title='bbox 262 711 537 783; x_wconf 86' lang='lat' dir='ltr'><strong>Ebonem,</strong></span> <span class='ocrx_word' id='word_1_56' title='bbox 595 718 888 779; x_wconf 91' lang='lat' dir='ltr'><strong>Pardulum</strong></span> <span class='ocrx_word' id='word_1_57' title='bbox 947 737 1001 783; x_wconf 89' lang='lat' dir='ltr'><strong>et</strong></span> <span class='ocrx_word' id='word_1_58' title='bbox 1029 730 1251 789; x_wconf 61' lang='lat' dir='ltr'><strong>ZEneam</strong></span> <span class='ocrx_word' id='word_1_59' title='bbox 1312 711 1612 809; x_wconf 67' lang='lat' dir='ltr'><strong>panndsos,</strong></span> <span class='ocrx_word' id='word_1_60' title='bbox 1642 756 1695 802; x_wconf 90' lang='lat' dir='ltr'><strong>et</strong></span> <span class='ocrx_word' id='word_1_61' title='bbox 1718 711 1884 805; x_wconf 68' lang='lat' dir='ltr'><strong>deni-</strong></span> 
     </span>
    </p>
   </div>
   <div class='ocr_carea' id='block_1_8' title="bbox 1567 788 1612 812">
    <p class='ocr_par' dir='ltr' id='par_1_8' title="bbox 1567 788 1612 812">
     <span class='ocr_line' id='line_1_9' title="bbox 1567 788 1612 812; baseline 0.067 -15"><span class='ocrx_word' id='word_1_62' title='bbox 1567 788 1612 812; x_wconf 72' lang='grc' dir='ltr'><strong>η,</strong></span> 
     </span>
    </p>
   </div>
   <div class='ocr_carea' id='block_1_9' title="bbox 258 813 1879 899">
    <p class='ocr_par' dir='ltr' id='par_1_9' title="bbox 258 813 1879 899">
     <span class='ocr_line' id='line_1_10' title="bbox 258 813 1879 899; baseline 0.025 -42"><span class='ocrx_word' id='word_1_63' title='bbox 258 813 469 877; x_wconf 89' lang='lat' dir='ltr'><strong>gratos,</strong></span> <span class='ocrx_word' id='word_1_64' title='bbox 525 813 953 888; x_wconf 83' lang='lat' dir='ltr'><strong>squalentesque</strong></span> <span class='ocrx_word' id='word_1_65' title='bbox 1010 821 1152 878; x_wconf 91' lang='lat' dir='ltr'><strong>sicut</strong></span> <span class='ocrx_word' id='word_1_66' title='bbox 1183 834 1237 881; x_wconf 88' lang='lat' dir='ltr'><strong>et</strong></span> <span class='ocrx_word' id='word_1_67' title='bbox 1268 830 1425 899; x_wconf 89' lang='lat' dir='ltr'><strong>alios,</strong></span> <span class='ocrx_word' id='word_1_68' title='bbox 1474 851 1537 891; x_wconf 89' lang='lat' dir='ltr'><strong>ac</strong></span> <span class='ocrx_word' id='word_1_69' title='bbox 1565 838 1608 891; x_wconf 91' lang='lat' dir='ltr'><strong>si</strong></span> <span class='ocrx_word' id='word_1_70' title='bbox 1658 842 1879 898; x_wconf 89' lang='lat' dir='ltr'><strong>ustulati</strong></span> 
     </span>
    </p>
   </div>
   <div class='ocr_carea' id='block_1_10' title="bbox 258 894 1874 990">
    <p class='ocr_par' dir='ltr' id='par_1_10' title="bbox 258 894 1874 990">
     <span class='ocr_line' id='line_1_11' title="bbox 258 894 1874 990; baseline 0.025 -43"><span class='ocrx_word' id='word_1_71' title='bbox 258 894 521 963; x_wconf 83' lang='lat' dir='ltr'><strong>fuissent,</strong></span> <span class='ocrx_word' id='word_1_72' title='bbox 554 906 607 953; x_wconf 89' lang='lat' dir='ltr'><strong>et</strong></span> <span class='ocrx_word' id='word_1_73' title='bbox 636 919 736 972; x_wconf 90' lang='lat' dir='ltr'><strong>per</strong></span> <span class='ocrx_word' id='word_1_74' title='bbox 762 905 911 961; x_wconf 82' lang='lat' dir='ltr'><strong>vices</strong></span> <span class='ocrx_word' id='word_1_75' title='bbox 941 909 1110 967; x_wconf 91' lang='lat' dir='ltr'><strong>nimio</strong></span> <span class='ocrx_word' id='word_1_76' title='bbox 1142 913 1342 990; x_wconf 86' lang='lat' dir='ltr'><strong>frigore</strong></span> <span class='ocrx_word' id='word_1_77' title='bbox 1390 921 1723 984; x_wconf 89' lang='lat' dir='ltr'><strong>horribiliter</strong></span> <span class='ocrx_word' id='word_1_78' title='bbox 1750 947 1874 987; x_wconf 90' lang='lat' dir='ltr'><strong>cum</strong></span> 
     </span>
    </p>
   </div>
   <div class='ocr_carea' id='block_1_11' title="bbox 256 984 1876 1089">
    <p class='ocr_par' dir='ltr' id='par_1_11' title="bbox 256 984 1876 1089">
     <span class='ocr_line' id='line_1_12' title="bbox 256 984 1876 1089; baseline 0.026 -51"><span class='ocrx_word' id='word_1_79' title='bbox 256 984 416 1053; x_wconf 88' lang='lat' dir='ltr'><strong>ﬂetu,</strong></span> <span class='ocrx_word' id='word_1_80' title='bbox 458 1003 521 1043; x_wconf 88' lang='lat' dir='ltr'><strong>ac</strong></span> <span class='ocrx_word' id='word_1_81' title='bbox 559 994 797 1051; x_wconf 90' lang='lat' dir='ltr'><strong>stridore</strong></span> <span class='ocrx_word' id='word_1_82' title='bbox 850 998 1095 1057; x_wconf 90' lang='lat' dir='ltr'><strong>dentium</strong></span> <span class='ocrx_word' id='word_1_83' title='bbox 1162 1011 1565 1084; x_wconf 90' lang='lat' dir='ltr'><strong>tremulantes;</strong></span> <span class='ocrx_word' id='word_1_84' title='bbox 1602 1036 1702 1089; x_wconf 91' lang='lat' dir='ltr'><strong>per</strong></span> <span class='ocrx_word' id='word_1_85' title='bbox 1728 1024 1876 1080; x_wconf 83' lang='lat' dir='ltr'><strong>vices</strong></span> 
     </span>
    </p>
   </div>
   <div class='ocr_carea' id='block_1_12' title="bbox 257 1080 1873 1179">
    <p class='ocr_par' dir='ltr' id='par_1_12' title="bbox 257 1080 1873 1179">
     <span class='ocr_line' id='line_1_13' title="bbox 257 1080 1873 1179; baseline 0.024 -50"><span class='ocrx_word' id='word_1_86' title='bbox 257 1084 443 1132; x_wconf 89' lang='lat' dir='ltr'><strong>autem</strong></span> <span class='ocrx_word' id='word_1_87' title='bbox 477 1080 659 1136; x_wconf 89' lang='lat' dir='ltr'><strong>calore</strong></span> <span class='ocrx_word' id='word_1_88' title='bbox 679 1084 850 1141; x_wconf 90' lang='lat' dir='ltr'><strong>nimio</strong></span> <span class='ocrx_word' id='word_1_89' title='bbox 880 1096 1194 1149; x_wconf 64' lang='lat' dir='ltr'><strong>aestuantes.</strong></span> <span class='ocrx_word' id='word_1_90' title='bbox 1231 1097 1292 1152; x_wconf 84' lang='lat' dir='ltr'><strong>Et</strong></span> <span class='ocrx_word' id='word_1_91' title='bbox 1322 1099 1434 1156; x_wconf 86' lang='lat' dir='ltr'><strong>Ebo</strong></span> <span class='ocrx_word' id='word_1_92' title='bbox 1465 1080 1759 1179; x_wconf 75' lang='lat' dir='ltr'><strong>episcOpus</strong></span> <span class='ocrx_word' id='word_1_93' title='bbox 1784 1128 1873 1169; x_wconf 92' lang='lat' dir='ltr'><strong>me</strong></span> 
     </span>
    </p>
   </div>
   <div class='ocr_carea' id='block_1_13' title="bbox 256 1166 1873 1255">
    <p class='ocr_par' dir='ltr' id='par_1_13' title="bbox 256 1166 1873 1255">
     <span class='ocr_line' id='line_1_14' title="bbox 256 1166 1873 1255; baseline 0.025 -39"><span class='ocrx_word' id='word_1_94' title='bbox 256 1166 474 1220; x_wconf 90' lang='lat' dir='ltr'><strong>vocavit</strong></span> <span class='ocrx_word' id='word_1_95' title='bbox 500 1183 565 1222; x_wconf 91' lang='lat' dir='ltr'><strong>ex</strong></span> <span class='ocrx_word' id='word_1_96' title='bbox 598 1173 843 1239; x_wconf 88' lang='lat' dir='ltr'><strong>nomine,</strong></span> <span class='ocrx_word' id='word_1_97' title='bbox 873 1175 1066 1232; x_wconf 89' lang='lat' dir='ltr'><strong>dicens</strong></span> <span class='ocrx_word' id='word_1_98' title='bbox 1098 1198 1110 1234; x_wconf 90' lang='lat'><strong>:</strong></span> <span class='ocrx_word' id='word_1_99' title='bbox 1145 1182 1280 1247; x_wconf 87' lang='lat' dir='ltr'><strong>Quia</strong></span> <span class='ocrx_word' id='word_1_100' title='bbox 1306 1166 1873 1255; x_wconf 78' lang='lat' dir='ltr'><strong>tibidabiturlicentia</strong></span> 
     </span>
    </p>
   </div>
   <div class='ocr_carea' id='block_1_14' title="bbox 256 1254 1871 1353">
    <p class='ocr_par' dir='ltr' id='par_1_14' title="bbox 256 1254 1871 1353">
     <span class='ocr_line' id='line_1_15' title="bbox 256 1254 1871 1353; baseline 0.025 -47"><span class='ocrx_word' id='word_1_101' title='bbox 256 1254 531 1311; x_wconf 90' lang='lat' dir='ltr'><strong>redeundi</strong></span> <span class='ocrx_word' id='word_1_102' title='bbox 584 1260 651 1314; x_wconf 92' lang='lat' dir='ltr'><strong>ad</strong></span> <span class='ocrx_word' id='word_1_103' title='bbox 695 1277 916 1333; x_wconf 90' lang='lat' dir='ltr'><strong>corpus,</strong></span> <span class='ocrx_word' id='word_1_104' title='bbox 977 1285 1266 1338; x_wconf 85' lang='lat' dir='ltr'><strong>precamur</strong></span> <span class='ocrx_word' id='word_1_105' title='bbox 1294 1282 1345 1330; x_wconf 91' lang='lat' dir='ltr'><strong>te</strong></span> <span class='ocrx_word' id='word_1_106' title='bbox 1376 1294 1478 1353; x_wconf 90' lang='lat' dir='ltr'><strong>ego</strong></span> <span class='ocrx_word' id='word_1_107' title='bbox 1509 1290 1563 1337; x_wconf 90' lang='lat' dir='ltr'><strong>et</strong></span> <span class='ocrx_word' id='word_1_108' title='bbox 1595 1284 1679 1340; x_wconf 90' lang='lat' dir='ltr'><strong>isti</strong></span> <span class='ocrx_word' id='word_1_109' title='bbox 1733 1304 1871 1345; x_wconf 91' lang='lat' dir='ltr'><strong>con-</strong></span> 
     </span>
    </p>
   </div>
   <div class='ocr_carea' id='block_1_15' title="bbox 257 1346 1873 1446">
    <p class='ocr_par' dir='ltr' id='par_1_15' title="bbox 257 1346 1873 1446">
     <span class='ocr_line' id='line_1_16' title="bbox 257 1346 1873 1446; baseline 0.022 -47"><span class='ocrx_word' id='word_1_110' title='bbox 257 1346 460 1402; x_wconf 88' lang='lat' dir='ltr'><strong>fratres</strong></span> <span class='ocrx_word' id='word_1_111' title='bbox 498 1350 694 1417; x_wconf 90' lang='lat' dir='ltr'><strong>nostri,</strong></span> <span class='ocrx_word' id='word_1_112' title='bbox 762 1361 821 1407; x_wconf 90' lang='lat' dir='ltr'><strong>ut</strong></span> <span class='ocrx_word' id='word_1_113' title='bbox 864 1355 1089 1424; x_wconf 90' lang='lat' dir='ltr'><strong>adjuves</strong></span> <span class='ocrx_word' id='word_1_114' title='bbox 1144 1377 1264 1417; x_wconf 90' lang='lat' dir='ltr'><strong>nos.</strong></span> <span class='ocrx_word' id='word_1_115' title='bbox 1327 1367 1389 1422; x_wconf 88' lang='lat' dir='ltr'><strong>Et</strong></span> <span class='ocrx_word' id='word_1_116' title='bbox 1411 1346 1535 1444; x_wconf 50' lang='lat' dir='ltr'><strong>vego</strong></span> <span class='ocrx_word' id='word_1_117' title='bbox 1562 1380 1822 1446; x_wconf 82' lang='lat' dir='ltr'><strong>respondi</strong></span> <span class='ocrx_word' id='word_1_118' title='bbox 1861 1398 1873 1435; x_wconf 91' lang='lat'><strong>:</strong></span> 
     </span>
    </p>
   </div>
   <div class='ocr_carea' id='block_1_16' title="bbox 256 1438 1871 1525">
    <p class='ocr_par' dir='ltr' id='par_1_16' title="bbox 256 1438 1871 1525">
     <span class='ocr_line' id='line_1_17' title="bbox 256 1438 1871 1525; baseline 0.022 -35"><span class='ocrx_word' id='word_1_119' title='bbox 256 1438 547 1503; x_wconf 84' lang='lat' dir='ltr'><strong>Quomodo</strong></span> <span class='ocrx_word' id='word_1_120' title='bbox 594 1456 690 1495; x_wconf 88' lang='lat' dir='ltr'><strong>vos</strong></span> <span class='ocrx_word' id='word_1_121' title='bbox 743 1458 966 1512; x_wconf 90' lang='lat' dir='ltr'><strong>possum</strong></span> <span class='ocrx_word' id='word_1_122' title='bbox 1011 1450 1271 1518; x_wconf 86' lang='lat' dir='ltr'><strong>adjuvare</strong></span> <span class='ocrx_word' id='word_1_123' title='bbox 1302 1456 1330 1509; x_wconf 83' lang='lat'><strong>?</strong></span> <span class='ocrx_word' id='word_1_124' title='bbox 1361 1438 1555 1524; x_wconf 67' lang='lat' dir='ltr'><strong>Quiait</strong></span> <span class='ocrx_word' id='word_1_125' title='bbox 1584 1481 1596 1517; x_wconf 93' lang='lat'><strong>:</strong></span> <span class='ocrx_word' id='word_1_126' title='bbox 1630 1438 1775 1523; x_wconf 50' lang='lat' dir='ltr'><strong>Vade</strong></span> <span class='ocrx_word' id='word_1_127' title='bbox 1806 1471 1871 1525; x_wconf 89' lang='lat' dir='ltr'><strong>ad</strong></span> 
     </span>
    </p>
   </div>
   <div class='ocr_carea' id='block_1_17' title="bbox 256 1528 1873 1619">
    <p class='ocr_par' dir='ltr' id='par_1_17' title="bbox 256 1528 1873 1619">
     <span class='ocr_line' id='line_1_18' title="bbox 256 1528 1873 1619; baseline 0.02 -39"><span class='ocrx_word' id='word_1_128' title='bbox 256 1528 511 1584; x_wconf 85' lang='lat' dir='ltr'><strong>homines</strong></span> <span class='ocrx_word' id='word_1_129' title='bbox 537 1540 755 1587; x_wconf 91' lang='lat' dir='ltr'><strong>nostros</strong></span> <span class='ocrx_word' id='word_1_130' title='bbox 804 1534 1033 1591; x_wconf 88' lang='lat' dir='ltr'><strong>clericos</strong></span> <span class='ocrx_word' id='word_1_131' title='bbox 1092 1549 1146 1595; x_wconf 90' lang='lat' dir='ltr'><strong>et</strong></span> <span class='ocrx_word' id='word_1_132' title='bbox 1200 1544 1386 1613; x_wconf 88' lang='lat' dir='ltr'><strong>laicos,</strong></span> <span class='ocrx_word' id='word_1_133' title='bbox 1447 1550 1647 1619; x_wconf 88' lang='lat' dir='ltr'><strong>quibus</strong></span> <span class='ocrx_word' id='word_1_134' title='bbox 1698 1557 1873 1613; x_wconf 90' lang='lat' dir='ltr'><strong>bene-</strong></span> 
     </span>
    </p>
   </div>
   <div class='ocr_carea' id='block_1_18' title="bbox 252 1615 1873 1715">
    <p class='ocr_par' dir='ltr' id='par_1_18' title="bbox 252 1615 1873 1715">
     <span class='ocr_line' id='line_1_19' title="bbox 252 1615 1873 1715; baseline 0.02 -46"><span class='ocrx_word' id='word_1_135' title='bbox 252 1615 511 1683; x_wconf 84' lang='lat' dir='ltr'><strong>fecimus,</strong></span> <span class='ocrx_word' id='word_1_136' title='bbox 540 1627 595 1674; x_wconf 92' lang='lat' dir='ltr'><strong>et</strong></span> <span class='ocrx_word' id='word_1_137' title='bbox 622 1619 710 1675; x_wconf 92' lang='lat' dir='ltr'><strong>dic</strong></span> <span class='ocrx_word' id='word_1_138' title='bbox 741 1621 848 1677; x_wconf 90' lang='lat' dir='ltr'><strong>illis</strong></span> <span class='ocrx_word' id='word_1_139' title='bbox 869 1632 928 1679; x_wconf 90' lang='lat' dir='ltr'><strong>ut</strong></span> <span class='ocrx_word' id='word_1_140' title='bbox 947 1642 1045 1696; x_wconf 93' lang='lat' dir='ltr'><strong>pro</strong></span> <span class='ocrx_word' id='word_1_141' title='bbox 1068 1631 1229 1686; x_wconf 89' lang='lat' dir='ltr'><strong>nobis</strong></span> <span class='ocrx_word' id='word_1_142' title='bbox 1252 1615 1873 1715; x_wconf 81' lang='lat' dir='ltr'><strong>facianteleemosynas,</strong></span> 
     </span>
    </p>
   </div>
   <div class='ocr_carea' id='block_1_19' title="bbox 252 1707 1874 1791">
    <p class='ocr_par' dir='ltr' id='par_1_19' title="bbox 252 1707 1874 1791">
     <span class='ocr_line' id='line_1_20' title="bbox 252 1707 1874 1791; baseline 0.02 -34"><span class='ocrx_word' id='word_1_143' title='bbox 252 1711 309 1758; x_wconf 91' lang='lat' dir='ltr'><strong>et</strong></span> <span class='ocrx_word' id='word_1_144' title='bbox 336 1707 638 1773; x_wconf 85' lang='lat' dir='ltr'><strong>orationes,</strong></span> <span class='ocrx_word' id='word_1_145' title='bbox 697 1712 771 1780; x_wconf 72' lang='lat' dir='ltr'><strong>et!</strong></span> <span class='ocrx_word' id='word_1_146' title='bbox 800 1712 1098 1783; x_wconf 88' lang='lat' dir='ltr'><strong>impetrent</strong></span> <span class='ocrx_word' id='word_1_147' title='bbox 1154 1736 1254 1789; x_wconf 93' lang='lat' dir='ltr'><strong>pro</strong></span> <span class='ocrx_word' id='word_1_148' title='bbox 1286 1724 1445 1778; x_wconf 90' lang='lat' dir='ltr'><strong>nobis</strong></span> <span class='ocrx_word' id='word_1_149' title='bbox 1484 1726 1666 1784; x_wconf 82' lang='lat' dir='ltr'><strong>oﬁerri</strong></span> <span class='ocrx_word' id='word_1_150' title='bbox 1692 1748 1874 1791; x_wconf 89' lang='lat' dir='ltr'><strong>sacras</strong></span> 
     </span>
    </p>
   </div>
   <div class='ocr_carea' id='block_1_20' title="bbox 249 1791 1950 1879">
    <p class='ocr_par' dir='ltr' id='par_1_20' title="bbox 249 1791 1950 1879">
     <span class='ocr_line' id='line_1_21' title="bbox 249 1791 1950 1879; baseline 0.021 -34"><span class='ocrx_word' id='word_1_151' title='bbox 249 1792 584 1850; x_wconf 85' lang='lat' dir='ltr'><strong>oblationes.</strong></span> <span class='ocrx_word' id='word_1_152' title='bbox 621 1797 682 1851; x_wconf 86' lang='lat' dir='ltr'><strong>Et</strong></span> <span class='ocrx_word' id='word_1_153' title='bbox 708 1814 812 1873; x_wconf 89' lang='lat' dir='ltr'><strong>ego</strong></span> <span class='ocrx_word' id='word_1_154' title='bbox 864 1802 974 1859; x_wconf 86' lang='lat' dir='ltr'><strong>dixi</strong></span> <span class='ocrx_word' id='word_1_155' title='bbox 1035 1808 1163 1877; x_wconf 86' lang='lat' dir='ltr'><strong>quia</strong></span> <span class='ocrx_word' id='word_1_156' title='bbox 1192 1811 1465 1867; x_wconf 89' lang='lat' dir='ltr'><strong>nescirem</strong></span> <span class='ocrx_word' id='word_1_157' title='bbox 1499 1817 1589 1870; x_wconf 88' lang='lat' dir='ltr'><strong>ubi</strong></span> <span class='ocrx_word' id='word_1_158' title='bbox 1620 1818 1871 1879; x_wconf 91' lang='lat' dir='ltr'><strong>homines</strong></span> <span class='ocrx_word' id='word_1_159' title='bbox 1897 1791 1950 1860; x_wconf 79' lang='grc' dir='ltr'><strong>Β</strong></span> 
     </span>
    </p>
   </div>
   <div class='ocr_carea' id='block_1_21' title="bbox 249 1880 1870 1966">
    <p class='ocr_par' dir='ltr' id='par_1_21' title="bbox 249 1880 1870 1966">
     <span class='ocr_line' id='line_1_22' title="bbox 249 1880 1870 1966; baseline 0.02 -33"><span class='ocrx_word' id='word_1_160' title='bbox 249 1880 472 1937; x_wconf 90' lang='lat' dir='ltr'><strong>illorum</strong></span> <span class='ocrx_word' id='word_1_161' title='bbox 501 1896 706 1942; x_wconf 88' lang='lat' dir='ltr'><strong>essent.</strong></span> <span class='ocrx_word' id='word_1_162' title='bbox 740 1890 834 1945; x_wconf 92' lang='lat' dir='ltr'><strong>Illc</strong></span> <span class='ocrx_word' id='word_1_163' title='bbox 866 1909 996 1950; x_wconf 87' lang='lat' dir='ltr'><strong>vero</strong></span> <span class='ocrx_word' id='word_1_164' title='bbox 1051 1897 1126 1952; x_wconf 85' lang='lat' dir='ltr'><strong>ait</strong></span> <span class='ocrx_word' id='word_1_165' title='bbox 1155 1916 1168 1951; x_wconf 92' lang='lat'>:</span> <span class='ocrx_word' id='word_1_166' title='bbox 1201 1900 1309 1956; x_wconf 89' lang='lat' dir='ltr'><strong>Nos</strong></span> <span class='ocrx_word' id='word_1_167' title='bbox 1359 1901 1611 1959; x_wconf 90' lang='lat' dir='ltr'><strong>dabimus</strong></span> <span class='ocrx_word' id='word_1_168' title='bbox 1642 1908 1738 1963; x_wconf 90' lang='lat' dir='ltr'><strong>tibi</strong></span> <span class='ocrx_word' id='word_1_169' title='bbox 1767 1912 1870 1966; x_wconf 87' lang='lat' dir='ltr'><strong>du-</strong></span> 
     </span>
    </p>
   </div>
   <div class='ocr_carea' id='block_1_22' title="bbox 246 1975 1869 2063">
    <p class='ocr_par' dir='ltr' id='par_1_22' title="bbox 246 1975 1869 2063">
     <span class='ocr_line' id='line_1_23' title="bbox 246 1975 1869 2063; baseline 0.026 -41"><span class='ocrx_word' id='word_1_170' title='bbox 246 1978 479 2039; x_wconf 90' lang='lat' dir='ltr'><strong>ctorem,</strong></span> <span class='ocrx_word' id='word_1_171' title='bbox 500 1975 593 2044; x_wconf 87' lang='lat' dir='ltr'><strong>qui</strong></span> <span class='ocrx_word' id='word_1_172' title='bbox 625 1982 677 2030; x_wconf 87' lang='lat' dir='ltr'><strong>te</strong></span> <span class='ocrx_word' id='word_1_173' title='bbox 704 1979 772 2032; x_wconf 91' lang='lat' dir='ltr'><strong>ad</strong></span> <span class='ocrx_word' id='word_1_174' title='bbox 802 1980 922 2035; x_wconf 91' lang='lat' dir='ltr'><strong>illos</strong></span> <span class='ocrx_word' id='word_1_175' title='bbox 952 1986 1135 2042; x_wconf 91' lang='lat' dir='ltr'><strong>ducat.</strong></span> <span class='ocrx_word' id='word_1_176' title='bbox 1180 1991 1242 2044; x_wconf 85' lang='lat' dir='ltr'><strong>Et</strong></span> <span class='ocrx_word' id='word_1_177' title='bbox 1274 1994 1550 2056; x_wconf 90' lang='lat' dir='ltr'><strong>dederunt</strong></span> <span class='ocrx_word' id='word_1_178' title='bbox 1598 2005 1731 2060; x_wconf 91' lang='lat' dir='ltr'><strong>mihi</strong></span> <span class='ocrx_word' id='word_1_179' title='bbox 1766 2009 1869 2063; x_wconf 90' lang='lat' dir='ltr'><strong>du-</strong></span> 
     </span>
    </p>
   </div>
   <div class='ocr_carea' id='block_1_23' title="bbox 247 2068 1865 2153">
    <p class='ocr_par' dir='ltr' id='par_1_23' title="bbox 247 2068 1865 2153">
     <span class='ocr_line' id='line_1_24' title="bbox 247 2068 1865 2153; baseline 0.025 -41"><span class='ocrx_word' id='word_1_180' title='bbox 247 2068 458 2115; x_wconf 89' lang='lat' dir='ltr'><strong>ctorem</strong></span> <span class='ocrx_word' id='word_1_181' title='bbox 515 2068 832 2138; x_wconf 85' lang='lat' dir='ltr'><strong>quemdam,</strong></span> <span class='ocrx_word' id='word_1_182' title='bbox 892 2075 985 2144; x_wconf 91' lang='lat' dir='ltr'><strong>qui</strong></span> <span class='ocrx_word' id='word_1_183' title='bbox 1042 2093 1130 2133; x_wconf 90' lang='lat' dir='ltr'><strong>me</strong></span> <span class='ocrx_word' id='word_1_184' title='bbox 1180 2086 1459 2150; x_wconf 70' lang='lat' dir='ltr'><strong>praecessit</strong></span> <span class='ocrx_word' id='word_1_185' title='bbox 1499 2098 1552 2144; x_wconf 90' lang='lat' dir='ltr'><strong>et</strong></span> <span class='ocrx_word' id='word_1_186' title='bbox 1594 2092 1749 2152; x_wconf 89' lang='lat' dir='ltr'><strong>duxit</strong></span> <span class='ocrx_word' id='word_1_187' title='bbox 1798 2100 1865 2153; x_wconf 90' lang='lat' dir='ltr'><strong>ad</strong></span> 
     </span>
    </p>
   </div>
   <div class='ocr_carea' id='block_1_24' title="bbox 244 2150 1864 2244">
    <p class='ocr_par' dir='ltr' id='par_1_24' title="bbox 244 2150 1864 2244">
     <span class='ocr_line' id='line_1_25' title="bbox 244 2150 1864 2244; baseline 0.027 -44"><span class='ocrx_word' id='word_1_188' title='bbox 244 2150 527 2218; x_wconf 90' lang='lat' dir='ltr'><strong>quoddam</strong></span> <span class='ocrx_word' id='word_1_189' title='bbox 558 2156 819 2223; x_wconf 88' lang='lat' dir='ltr'><strong>palatium</strong></span> <span class='ocrx_word' id='word_1_190' title='bbox 851 2178 1137 2235; x_wconf 81' lang='lat' dir='ltr'><strong>maguum,</strong></span> <span class='ocrx_word' id='word_1_191' title='bbox 1165 2171 1257 2225; x_wconf 89' lang='lat' dir='ltr'><strong>ubi</strong></span> <span class='ocrx_word' id='word_1_192' title='bbox 1290 2175 1585 2236; x_wconf 87' lang='lat' dir='ltr'><strong>multitudo</strong></span> <span class='ocrx_word' id='word_1_193' title='bbox 1613 2150 1864 2244; x_wconf 68' lang='lat' dir='ltr'><strong>eratho:</strong></span> 
     </span>
    </p>
   </div>
   <div class='ocr_carea' id='block_1_25' title="bbox 244 2245 1864 2343">
    <p class='ocr_par' dir='ltr' id='par_1_25' title="bbox 244 2245 1864 2343">
     <span class='ocr_line' id='line_1_26' title="bbox 244 2245 1864 2343; baseline 0.028 -55"><span class='ocrx_word' id='word_1_194' title='bbox 244 2245 460 2292; x_wconf 90' lang='lat' dir='ltr'><strong>minum</strong></span> <span class='ocrx_word' id='word_1_195' title='bbox 476 2245 797 2300; x_wconf 91' lang='lat' dir='ltr'><strong>eorumdem</strong></span> <span class='ocrx_word' id='word_1_196' title='bbox 829 2250 1235 2326; x_wconf 82' lang='lat' dir='ltr'><strong>epiSCOporum,</strong></span> <span class='ocrx_word' id='word_1_197' title='bbox 1268 2262 1361 2331; x_wconf 92' lang='lat' dir='ltr'><strong>qui</strong></span> <span class='ocrx_word' id='word_1_198' title='bbox 1392 2265 1459 2320; x_wconf 93' lang='lat' dir='ltr'><strong>de</strong></span> <span class='ocrx_word' id='word_1_199' title='bbox 1491 2268 1623 2339; x_wconf 85' lang='lat' dir='ltr'><strong>ipsis</strong></span> <span class='ocrx_word' id='word_1_200' title='bbox 1649 2275 1864 2343; x_wconf 88' lang='lat' dir='ltr'><strong>episco-</strong></span> 
     </span>
    </p>
   </div>
   <div class='ocr_carea' id='block_1_26' title="bbox 233 2514 1855 2631">
    <p class='ocr_par' dir='ltr' id='par_1_26' title="bbox 233 2514 1855 2631">
     <span class='ocr_line' id='line_1_27' title="bbox 233 2514 1855 2631; baseline 0.03 -63"><span class='ocrx_word' id='word_1_201' title='bbox 233 2514 468 2573; x_wconf 90' lang='lat' dir='ltr'><strong>ductore</strong></span> <span class='ocrx_word' id='word_1_202' title='bbox 498 2538 621 2577; x_wconf 91' lang='lat' dir='ltr'><strong>meo</strong></span> <span class='ocrx_word' id='word_1_203' title='bbox 654 2540 927 2595; x_wconf 85' lang='lat' dir='ltr'><strong>reversus,</strong></span> <span class='ocrx_word' id='word_1_204' title='bbox 958 2531 1024 2584; x_wconf 88' lang='lat' dir='ltr'><strong>ad</strong></span> <span class='ocrx_word' id='word_1_205' title='bbox 1067 2533 1245 2593; x_wconf 90' lang='lat' dir='ltr'><strong>locum</strong></span> <span class='ocrx_word' id='word_1_206' title='bbox 1281 2544 1415 2599; x_wconf 91' lang='lat' dir='ltr'><strong>redii</strong></span> <span class='ocrx_word' id='word_1_207' title='bbox 1450 2549 1541 2604; x_wconf 87' lang='lat' dir='ltr'><strong>ubi</strong></span> <span class='ocrx_word' id='word_1_208' title='bbox 1574 2560 1855 2631; x_wconf 91' lang='lat' dir='ltr'><strong>erantipsi</strong></span> 
     </span>
    </p>
   </div>
   <div class='ocr_carea' id='block_1_27' title="bbox 235 2606 1854 2718">
    <p class='ocr_par' dir='ltr' id='par_1_27' title="bbox 235 2606 1854 2718">
     <span class='ocr_line' id='line_1_28' title="bbox 235 2606 1854 2718; baseline 0.032 -61"><span class='ocrx_word' id='word_1_209' title='bbox 235 2606 511 2679; x_wconf 89' lang='lat' dir='ltr'><strong>episcOpi,</strong></span> <span class='ocrx_word' id='word_1_210' title='bbox 570 2622 625 2669; x_wconf 89' lang='lat' dir='ltr'><strong>et</strong></span> <span class='ocrx_word' id='word_1_211' title='bbox 655 2618 809 2686; x_wconf 88' lang='lat' dir='ltr'><strong>quasi</strong></span> <span class='ocrx_word' id='word_1_212' title='bbox 858 2620 971 2688; x_wconf 87' lang='lat' dir='ltr'><strong>jam</strong></span> <span class='ocrx_word' id='word_1_213' title='bbox 1027 2622 1169 2681; x_wconf 86' lang='lat' dir='ltr'><strong>facta</strong></span> <span class='ocrx_word' id='word_1_214' title='bbox 1210 2629 1441 2693; x_wconf 84' lang='lat' dir='ltr'><strong>fuissent</strong></span> <span class='ocrx_word' id='word_1_215' title='bbox 1498 2659 1597 2712; x_wconf 91' lang='lat' dir='ltr'><strong>pro</strong></span> <span class='ocrx_word' id='word_1_216' title='bbox 1630 2606 1854 2718; x_wconf 47' lang='lat' dir='ltr'><strong>ipsislea</strong></span> 
     </span>
    </p>
   </div>
   <div class='ocr_carea' id='block_1_28' title="bbox 233 2705 1852 2805">
    <p class='ocr_par' dir='ltr' id='par_1_28' title="bbox 233 2705 1852 2805">
     <span class='ocr_line' id='line_1_29' title="bbox 233 2705 1852 2805; baseline 0.03 -55"><span class='ocrx_word' id='word_1_217' title='bbox 233 2714 362 2768; x_wconf 86' lang='lat' dir='ltr'><strong>quae</strong></span> <span class='ocrx_word' id='word_1_218' title='bbox 416 2705 849 2777; x_wconf 83' lang='lat' dir='ltr'><strong>postulaverant,</strong></span> <span class='ocrx_word' id='word_1_219' title='bbox 884 2713 1068 2769; x_wconf 79' lang='lat' dir='ltr'><strong>inveni</strong></span> <span class='ocrx_word' id='word_1_220' title='bbox 1100 2735 1195 2775; x_wconf 91' lang='lat' dir='ltr'><strong>eos</strong></span> <span class='ocrx_word' id='word_1_221' title='bbox 1232 2723 1369 2781; x_wconf 87' lang='lat' dir='ltr'><strong>facie</strong></span> <span class='ocrx_word' id='word_1_222' title='bbox 1393 2705 1690 2805; x_wconf 71' lang='lat' dir='ltr'><strong>iucundos,</strong></span> <span class='ocrx_word' id='word_1_223' title='bbox 1724 2757 1787 2795; x_wconf 91' lang='lat' dir='ltr'><strong>ac</strong></span> <span class='ocrx_word' id='word_1_224' title='bbox 1808 2745 1852 2798; x_wconf 89' lang='lat' dir='ltr'><strong>si</strong></span> 
     </span>
    </p>
   </div>
   <div class='ocr_carea' id='block_1_29' title="bbox 233 2801 1854 2893">
    <p class='ocr_par' dir='ltr' id='par_1_29' title="bbox 233 2801 1854 2893">
     <span class='ocr_line' id='line_1_30' title="bbox 233 2801 1854 2893; baseline 0.031 -51"><span class='ocrx_word' id='word_1_225' title='bbox 233 2806 437 2848; x_wconf 86' lang='lat' dir='ltr'><strong>anovo</strong></span> <span class='ocrx_word' id='word_1_226' title='bbox 458 2811 608 2851; x_wconf 90' lang='lat' dir='ltr'><strong>rasos</strong></span> <span class='ocrx_word' id='word_1_227' title='bbox 637 2801 1026 2875; x_wconf 88' lang='lat' dir='ltr'><strong>etbalneatos,</strong></span> <span class='ocrx_word' id='word_1_228' title='bbox 1086 2812 1225 2868; x_wconf 82' lang='lat' dir='ltr'><strong>albis</strong></span> <span class='ocrx_word' id='word_1_229' title='bbox 1280 2823 1527 2893; x_wconf 89' lang='lat' dir='ltr'><strong>vestitos,</strong></span> <span class='ocrx_word' id='word_1_230' title='bbox 1586 2837 1641 2884; x_wconf 92' lang='lat' dir='ltr'><strong>et</strong></span> <span class='ocrx_word' id='word_1_231' title='bbox 1698 2836 1854 2891; x_wconf 89' lang='lat' dir='ltr'><strong>stolis</strong></span> 
     </span>
    </p>
   </div>
   <div class='ocr_carea' id='block_1_30' title="bbox 234 2879 1853 2978">
    <p class='ocr_par' dir='ltr' id='par_1_30' title="bbox 234 2879 1853 2978">
     <span class='ocr_line' id='line_1_31' title="bbox 234 2879 1853 2978; baseline 0.03 -48"><span class='ocrx_word' id='word_1_232' title='bbox 234 2879 470 2936; x_wconf 89' lang='lat' dir='ltr'><strong>amictos</strong></span> <span class='ocrx_word' id='word_1_233' title='bbox 523 2893 687 2957; x_wconf 89' lang='lat' dir='ltr'><strong>atque</strong></span> <span class='ocrx_word' id='word_1_234' title='bbox 744 2891 1008 2948; x_wconf 88' lang='lat' dir='ltr'><strong>sandaliis</strong></span> <span class='ocrx_word' id='word_1_235' title='bbox 1065 2900 1354 2960; x_wconf 87' lang='lat' dir='ltr'><strong>ealceatos.</strong></span> <span class='ocrx_word' id='word_1_236' title='bbox 1413 2910 1475 2966; x_wconf 89' lang='lat' dir='ltr'><strong>Et</strong></span> <span class='ocrx_word' id='word_1_237' title='bbox 1515 2879 1663 2972; x_wconf 44' lang='lat' dir='ltr'><strong>’dixit</strong></span> <span class='ocrx_word' id='word_1_238' title='bbox 1718 2923 1853 2978; x_wconf 88' lang='lat' dir='ltr'><strong>mihi</strong></span> 
     </span>
    </p>
   </div>
   <div class='ocr_carea' id='block_1_31' title="bbox 231 2971 1853 3081">
    <p class='ocr_par' dir='ltr' id='par_1_31' title="bbox 231 2971 1853 3081">
     <span class='ocr_line' id='line_1_32' title="bbox 231 2971 1853 3081; baseline 0.03 -59"><span class='ocrx_word' id='word_1_239' title='bbox 231 2971 497 3081; x_wconf 56' lang='lat' dir='ltr'><strong>praefatus</strong></span> <span class='ocrx_word' id='word_1_240' title='bbox 524 2972 636 3032; x_wconf 84' lang='lat' dir='ltr'><strong>Ebo</strong></span> <span class='ocrx_word' id='word_1_241' title='bbox 676 2984 875 3050; x_wconf 69' lang='lat' dir='ltr'><strong>prtesul</strong></span> <span class='ocrx_word' id='word_1_242' title='bbox 911 3002 924 3039; x_wconf 94' lang='lat'>:</span> <span class='ocrx_word' id='word_1_243' title='bbox 958 2986 1119 3045; x_wconf 84' lang='lat' dir='ltr'><strong>Vides</strong></span> <span class='ocrx_word' id='word_1_244' title='bbox 1167 3007 1431 3063; x_wconf 89' lang='lat' dir='ltr'><strong>quantum</strong></span> <span class='ocrx_word' id='word_1_245' title='bbox 1490 3022 1592 3062; x_wconf 92' lang='lat' dir='ltr'><strong>nos</strong></span> 
     </span>
    </p>
   </div>
   <div class='ocr_carea' id='block_1_32' title="bbox 230 3059 1852 3159">
    <p class='ocr_par' dir='ltr' id='par_1_32' title="bbox 230 3059 1852 3159">
     <span class='ocr_line' id='line_1_33' title="bbox 230 3059 1852 3159; baseline 0.032 -50"><span class='ocrx_word' id='word_1_246' title='bbox 230 3067 328 3111; x_wconf 90' lang='lat' dir='ltr'><strong>tua</strong></span> <span class='ocrx_word' id='word_1_247' title='bbox 358 3059 581 3136; x_wconf 86' lang='lat' dir='ltr'><strong>legatio.</strong></span> <span class='ocrx_word' id='word_1_248' title='bbox 617 3067 797 3140; x_wconf 89' lang='lat' dir='ltr'><strong>Usque</strong></span> <span class='ocrx_word' id='word_1_249' title='bbox 836 3073 1001 3129; x_wconf 90' lang='lat' dir='ltr'><strong>modo</strong></span> <span class='ocrx_word' id='word_1_250' title='bbox 1059 3059 1222 3136; x_wconf 79' lang='lat' dir='ltr'><strong>nimis</strong></span> <span class='ocrx_word' id='word_1_251' title='bbox 1263 3086 1458 3146; x_wconf 90' lang='lat' dir='ltr'><strong>durum</strong></span> <span class='ocrx_word' id='word_1_252' title='bbox 1488 3059 1768 3156; x_wconf 61' lang='lat' dir='ltr'><strong>custodein</strong></span> <span class='ocrx_word' id='word_1_253' title='bbox 1799 3059 1852 3159; x_wconf 73' lang='lat' dir='ltr'><strong>et</strong></span> 
     </span>
    </p>
   </div>
   <div class='ocr_carea' id='block_1_33' title="bbox 228 3155 1846 3257">
    <p class='ocr_par' dir='ltr' id='par_1_33' title="bbox 228 3155 1846 3257">
     <span class='ocr_line' id='line_1_34' title="bbox 228 3155 1846 3257; baseline 0.033 -53"><span class='ocrx_word' id='word_1_254' title='bbox 228 3155 543 3211; x_wconf 84' lang='lat' dir='ltr'><strong>custodiam</strong></span> <span class='ocrx_word' id='word_1_255' title='bbox 566 3177 787 3233; x_wconf 87' lang='lat' dir='ltr'><strong>gravem</strong></span> <span class='ocrx_word' id='word_1_256' title='bbox 814 3166 1105 3227; x_wconf 88' lang='lat' dir='ltr'><strong>habuimus</strong></span> <span class='ocrx_word' id='word_1_257' title='bbox 1127 3176 1266 3234; x_wconf 90' lang='lat' dir='ltr'><strong>sicut</strong></span> <span class='ocrx_word' id='word_1_258' title='bbox 1294 3182 1499 3255; x_wconf 83' lang='lat' dir='ltr'><strong>vidisti,</strong></span> <span class='ocrx_word' id='word_1_259' title='bbox 1530 3196 1694 3251; x_wconf 91' lang='lat' dir='ltr'><strong>modo</strong></span> <span class='ocrx_word' id='word_1_260' title='bbox 1718 3215 1846 3257; x_wconf 89' lang='lat' dir='ltr'><strong>vero</strong></span> 
     </span>
    </p>
   </div>
   <div class='ocr_carea' id='block_1_34' title="bbox 230 3243 1842 3348">
    <p class='ocr_par' dir='ltr' id='par_1_34' title="bbox 230 3243 1842 3348">
     <span class='ocr_line' id='line_1_35' title="bbox 230 3243 1842 3348; baseline 0.032 -53"><span class='ocrx_word' id='word_1_261' title='bbox 230 3243 506 3301; x_wconf 88' lang='lat' dir='ltr'><strong>habemus</strong></span> <span class='ocrx_word' id='word_1_262' title='bbox 537 3248 800 3308; x_wconf 89' lang='lat' dir='ltr'><strong>domnum</strong></span> <span class='ocrx_word' id='word_1_263' title='bbox 854 3259 1193 3319; x_wconf 81' lang='lat' dir='ltr'><strong>Ambrosium</strong></span> <span class='ocrx_word' id='word_1_264' title='bbox 1248 3276 1553 3348; x_wconf 87' lang='lat' dir='ltr'><strong>custodem,</strong></span> <span class='ocrx_word' id='word_1_265' title='bbox 1586 3292 1639 3339; x_wconf 91' lang='lat' dir='ltr'><strong>et</strong></span> <span class='ocrx_word' id='word_1_266' title='bbox 1669 3286 1842 3343; x_wconf 81' lang='lat' dir='ltr'><strong>levem</strong></span> 
     </span>
    </p>
   </div>
   <div class='ocr_carea' id='block_1_35' title="bbox 228 3336 1846 3450">
    <p class='ocr_par' dir='ltr' id='par_1_35' title="bbox 228 3336 1846 3450">
     <span class='ocr_line' id='line_1_36' title="bbox 228 3336 1846 3450; baseline 0.022 -46"><span class='ocrx_word' id='word_1_267' title='bbox 228 3336 293 3405; x_wconf 64' lang='grc' dir='ltr'><strong>[έν</strong></span> <span class='ocrx_word' id='word_1_268' title='bbox 325 3338 525 3410; x_wconf 69' lang='lat' dir='ltr'><strong>lehem]</strong></span> <span class='ocrx_word' id='word_1_269' title='bbox 559 3347 863 3403; x_wconf 88' lang='lat' dir='ltr'><strong>custodiam</strong></span> <span class='ocrx_word' id='word_1_270' title='bbox 898 3370 911 3405; x_wconf 88' lang='lat'><strong>:</strong></span> <span class='ocrx_word' id='word_1_271' title='bbox 943 3363 997 3409; x_wconf 90' lang='lat' dir='ltr'><strong>et</strong></span> <span class='ocrx_word' id='word_1_272' title='bbox 1028 3368 1224 3416; x_wconf 64' lang='lat' dir='ltr'><strong>caetera</strong></span> <span class='ocrx_word' id='word_1_273' title='bbox 1275 3383 1395 3437; x_wconf 68' lang='lat' dir='ltr'><strong>quae</strong></span> <span class='ocrx_word' id='word_1_274' title='bbox 1424 3373 1537 3429; x_wconf 89' lang='lat' dir='ltr'><strong>visa</strong></span> <span class='ocrx_word' id='word_1_275' title='bbox 1569 3387 1732 3450; x_wconf 89' lang='lat' dir='ltr'><strong>atque</strong></span> <span class='ocrx_word' id='word_1_276' title='bbox 1758 3400 1846 3439; x_wconf 91' lang='lat' dir='ltr'><strong>re-</strong></span> 
     </span>
     <span class='ocr_line' id='line_1_37' title="bbox 228 3426 1116 3450; baseline 0 0"><span class='ocrx_word' id='word_1_277' title='bbox 228 3426 336 3450; x_wconf 70' lang='grc' dir='ltr'><strong>Ιι-ιιη</strong></span> <span class='ocrx_word' id='word_1_278' title='bbox 370 3427 430 3450; x_wconf 56' lang='lat' dir='ltr'><strong>AL</strong></span> <span class='ocrx_word' id='word_1_279' title='bbox 457 3430 639 3450; x_wconf 38' lang='lat' dir='ltr'><strong>--JAU,</strong></span> <span class='ocrx_word' id='word_1_280' title='bbox 680 3434 736 3450; x_wconf 83' lang='grc' dir='ltr'><strong>ΙΙ·</strong></span> <span class='ocrx_word' id='word_1_281' title='bbox 1108 3448 1116 3450; x_wconf 37' lang='grc' dir='ltr'><em>Α</em></span> 
     </span>
    </p>
   </div>
   <div class='ocr_carea' id='block_1_36' title="bbox 223 3426 1663 3535">
    <p class='ocr_par' dir='ltr' id='par_1_36' title="bbox 223 3426 1663 3535">
     <span class='ocr_line' id='line_1_38' title="bbox 223 3426 1663 3535; baseline 0.031 -59"><span class='ocrx_word' id='word_1_282' title='bbox 223 3426 340 3479; x_wconf 86' lang='lat' dir='ltr'><strong>lata</strong></span> <span class='ocrx_word' id='word_1_283' title='bbox 367 3427 434 3480; x_wconf 89' lang='lat' dir='ltr'><strong>ab</strong></span> <span class='ocrx_word' id='word_1_284' title='bbox 452 3430 647 3486; x_wconf 91' lang='lat' dir='ltr'><strong>eodem</strong></span> <span class='ocrx_word' id='word_1_285' title='bbox 678 3434 1001 3497; x_wconf 86' lang='lat' dir='ltr'><strong>Hincmarus</strong></span> <span class='ocrx_word' id='word_1_286' title='bbox 1031 3426 1324 3523; x_wconf 77' lang='lat' dir='ltr'><strong>episcopus</strong></span> <span class='ocrx_word' id='word_1_287' title='bbox 1350 3426 1663 3535; x_wconf 45' lang='lat' dir='ltr'><strong>descripsit].</strong></span> 
     </span>
    </p>
   </div>
   <div class='ocr_carea' id='block_1_37' title="bbox 872 3552 1193 3612">
    <p class='ocr_par' dir='ltr' id='par_1_37' title="bbox 872 3552 1193 3612">
     <span class='ocr_line' id='line_1_39' title="bbox 872 3552 1193 3612; baseline 0.022 -7"><span class='ocrx_word' id='word_1_288' title='bbox 872 3552 1081 3609; x_wconf 82' lang='lat' dir='ltr'>CAPUT</span> <span class='ocrx_word' id='word_1_289' title='bbox 1113 3559 1193 3612; x_wconf 84' lang='lat' dir='ltr'><strong>IV.</strong></span> 
     </span>
    </p>
   </div>
   <div class='ocr_carea' id='block_1_38' title="bbox 216 3627 1842 3772">
    <p class='ocr_par' dir='ltr' id='par_1_38' title="bbox 216 3627 1842 3772">
     <span class='ocr_line' id='line_1_40' title="bbox 216 3627 1842 3772; baseline 0.028 -92"><span class='ocrx_word' id='word_1_290' title='bbox 216 3627 302 3681; x_wconf 89' lang='lat' dir='ltr'><strong>De</strong></span> <span class='ocrx_word' id='word_1_291' title='bbox 326 3632 665 3687; x_wconf 78' lang='lat' dir='ltr'><strong>restitutione</strong></span> <span class='ocrx_word' id='word_1_292' title='bbox 709 3652 889 3694; x_wconf 77' lang='lat' dir='ltr'><strong>rerum</strong></span> <span class='ocrx_word' id='word_1_293' title='bbox 919 3646 1401 3772; x_wconf 49' lang='lat' dir='ltr'><strong>ecclesiasticarum</strong></span> <span class='ocrx_word' id='word_1_294' title='bbox 1430 3674 1464 3712; x_wconf 88' lang='lat' dir='ltr'><strong>a</strong></span> <span class='ocrx_word' id='word_1_295' title='bbox 1492 3662 1696 3721; x_wconf 76' lang='grc' dir='ltr'><strong>Κανοιο</strong></span> <span class='ocrx_word' id='word_1_296' title='bbox 1717 3684 1842 3738; x_wconf 85' lang='lat' dir='ltr'><strong>rege</strong></span> 
     </span>
     <span class='ocr_line' id='line_1_41' title="bbox 920 3730 1161 3772; baseline 0 0"><span class='ocrx_word' id='word_1_297' title='bbox 920 3730 1081 3772; x_wconf 70' lang='lat' dir='ltr'><strong>perac</strong></span> <span class='ocrx_word' id='word_1_298' title='bbox 1108 3735 1161 3772; x_wconf 83' lang='grc' dir='ltr'><strong>α.</strong></span> 
     </span>
    </p>
   </div>
   <div class='ocr_carea' id='block_1_39' title="bbox 917 3730 1161 3783">
    <p class='ocr_par' dir='ltr' id='par_1_39' title="bbox 917 3730 1161 3783">
     <span class='ocr_line' id='line_1_42' title="bbox 917 3730 1161 3783; baseline 0.025 -16"><span class='ocrx_word' id='word_1_299' title='bbox 917 3730 1161 3783; x_wconf 83' lang='lat' dir='ltr'><strong>peracta.</strong></span> 
     </span>
    </p>
   </div>
   <div class='ocr_carea' id='block_1_40' title="bbox 295 3790 1837 3890">
    <p class='ocr_par' dir='ltr' id='par_1_40' title="bbox 295 3790 1837 3890">
     <span class='ocr_line' id='line_1_43' title="bbox 295 3790 1837 3890; baseline 0.029 -47"><span class='ocrx_word' id='word_1_300' title='bbox 295 3790 556 3850; x_wconf 89' lang='lat' dir='ltr'><strong>Ordinato</strong></span> <span class='ocrx_word' id='word_1_301' title='bbox 579 3797 841 3870; x_wconf 91' lang='lat' dir='ltr'><strong>denique,</strong></span> <span class='ocrx_word' id='word_1_302' title='bbox 881 3820 982 3861; x_wconf 90' lang='lat' dir='ltr'><strong>ceu</strong></span> <span class='ocrx_word' id='word_1_303' title='bbox 1032 3814 1373 3879; x_wconf 69' lang='lat' dir='ltr'><strong>praemissum</strong></span> <span class='ocrx_word' id='word_1_304' title='bbox 1407 3830 1511 3890; x_wconf 87' lang='lat' dir='ltr'><strong>est,</strong></span> <span class='ocrx_word' id='word_1_305' title='bbox 1545 3825 1837 3888; x_wconf 82' lang='lat' dir='ltr'><strong>Hincmaro</strong></span> 
     </span>
    </p>
   </div>
   <div class='ocr_carea' id='block_1_41' title="bbox 215 3884 1844 3987">
    <p class='ocr_par' dir='ltr' id='par_1_41' title="bbox 215 3884 1844 3987">
     <span class='ocr_line' id='line_1_44' title="bbox 215 3884 1844 3987; baseline 0.031 -50"><span class='ocrx_word' id='word_1_306' title='bbox 215 3884 481 3941; x_wconf 58' lang='lat' dir='ltr'><strong>Ecclesiae</strong></span> <span class='ocrx_word' id='word_1_307' title='bbox 540 3891 828 3953; x_wconf 86' lang='lat' dir='ltr'><strong>Remensis</strong></span> <span class='ocrx_word' id='word_1_308' title='bbox 858 3903 1295 3982; x_wconf 86' lang='lat' dir='ltr'><strong>archiepiscopo,</strong></span> <span class='ocrx_word' id='word_1_309' title='bbox 1350 3935 1442 3974; x_wconf 87' lang='lat' dir='ltr'><strong>rex</strong></span> <span class='ocrx_word' id='word_1_310' title='bbox 1503 3924 1730 3983; x_wconf 87' lang='lat' dir='ltr'><strong>Karolus</strong></span> <span class='ocrx_word' id='word_1_311' title='bbox 1758 3947 1844 3987; x_wconf 93' lang='lat' dir='ltr'><strong>res</strong></span> 
     </span>
    </p>
   </div>
   <div class='ocr_carea' id='block_1_42' title="bbox 212 3984 1841 4089">
    <p class='ocr_par' dir='ltr' id='par_1_42' title="bbox 212 3984 1841 4089">
     <span class='ocr_line' id='line_1_45' title="bbox 212 3984 1841 4089; baseline 0.029 -62"><span class='ocrx_word' id='word_1_312' title='bbox 212 3992 359 4047; x_wconf 85' lang='lat' dir='ltr'><strong>quas</strong></span> <span class='ocrx_word' id='word_1_313' title='bbox 387 3994 451 4033; x_wconf 89' lang='lat' dir='ltr'><strong>ex</strong></span> <span class='ocrx_word' id='word_1_314' title='bbox 509 3984 705 4039; x_wconf 90' lang='lat' dir='ltr'><strong>eodem</strong></span> <span class='ocrx_word' id='word_1_315' title='bbox 766 3990 1046 4064; x_wconf 90' lang='lat' dir='ltr'><strong>episcopio</strong></span> <span class='ocrx_word' id='word_1_316' title='bbox 1104 4002 1217 4057; x_wconf 90' lang='lat' dir='ltr'><strong>suis</strong></span> <span class='ocrx_word' id='word_1_317' title='bbox 1267 4007 1521 4075; x_wconf 85' lang='lat' dir='ltr'><strong>palatinis</strong></span> <span class='ocrx_word' id='word_1_318' title='bbox 1575 4032 1841 4089; x_wconf 89' lang='lat' dir='ltr'><strong>usurpare</strong></span> 
     </span>
    </p>
   </div>
   <div class='ocr_carea' id='block_1_43' title="bbox 207 4074 1840 4179">
    <p class='ocr_par' dir='ltr' id='par_1_43' title="bbox 207 4074 1840 4179">
     <span class='ocr_line' id='line_1_46' title="bbox 207 4074 1840 4179; baseline 0.031 -64"><span class='ocrx_word' id='word_1_319' title='bbox 207 4080 592 4138; x_wconf 86' lang='lat' dir='ltr'><strong>concesserat,</strong></span> <span class='ocrx_word' id='word_1_320' title='bbox 640 4074 742 4145; x_wconf 91' lang='lat' dir='ltr'><strong>ipsi</strong></span> <span class='ocrx_word' id='word_1_321' title='bbox 769 4091 971 4136; x_wconf 70' lang='lat' dir='ltr'><strong>sanctae</strong></span> <span class='ocrx_word' id='word_1_322' title='bbox 1024 4074 1562 4157; x_wconf 67' lang='lat' dir='ltr'><strong>reddiditecclesiae.</strong></span> <span class='ocrx_word' id='word_1_323' title='bbox 1598 4074 1840 4179; x_wconf 43' lang='lat' dir='ltr'><strong>Pro|qua</strong></span> 
     </span>
    </p>
   </div>
   <div class='ocr_carea' id='block_1_44' title="bbox 207 4158 1835 4260">
    <p class='ocr_par' dir='ltr' id='par_1_44' title="bbox 207 4158 1835 4260">
     <span class='ocr_line' id='line_1_47' title="bbox 207 4158 1835 4260; baseline 0.033 -52"><span class='ocrx_word' id='word_1_324' title='bbox 207 4158 565 4217; x_wconf 83' lang='lat' dir='ltr'><strong>restitutione</strong></span> <span class='ocrx_word' id='word_1_325' title='bbox 615 4168 779 4223; x_wconf 86' lang='lat' dir='ltr'><strong>talem</strong></span> <span class='ocrx_word' id='word_1_326' title='bbox 812 4179 1072 4247; x_wconf 83' lang='lat' dir='ltr'><strong>praecepti</strong></span> <span class='ocrx_word' id='word_1_327' title='bbox 1103 4183 1186 4236; x_wconf 92' lang='lat' dir='ltr'><strong>sui</strong></span> <span class='ocrx_word' id='word_1_328' title='bbox 1220 4185 1376 4243; x_wconf 89' lang='lat' dir='ltr'><strong>dedit</strong></span> <span class='ocrx_word' id='word_1_329' title='bbox 1402 4158 1783 4259; x_wconf 65' lang='lat' dir='ltr'><strong>auctoritatem</strong></span> <span class='ocrx_word' id='word_1_330' title='bbox 1822 4224 1835 4260; x_wconf 90' lang='lat'>:</span> 
     </span>
    </p>
   </div>
   <div class='ocr_carea' id='block_1_45' title="bbox 290 4248 1834 4355">
    <p class='ocr_par' dir='ltr' id='par_1_45' title="bbox 290 4248 1834 4355">
     <span class='ocr_line' id='line_1_48' title="bbox 290 4248 1834 4355; baseline 0.035 -57"><span class='ocrx_word' id='word_1_331' title='bbox 290 4272 317 4294; x_wconf 73' lang='grc' dir='ltr'><em>α</em></span> <span class='ocrx_word' id='word_1_332' title='bbox 356 4248 413 4302; x_wconf 83' lang='grc' dir='ltr'><strong>1η</strong></span> <span class='ocrx_word' id='word_1_333' title='bbox 445 4257 670 4311; x_wconf 86' lang='lat' dir='ltr'><strong>nomine</strong></span> <span class='ocrx_word' id='word_1_334' title='bbox 686 4269 892 4316; x_wconf 69' lang='lat' dir='ltr'><strong>sanctae</strong></span> <span class='ocrx_word' id='word_1_335' title='bbox 925 4272 979 4319; x_wconf 91' lang='lat' dir='ltr'><strong>et</strong></span> <span class='ocrx_word' id='word_1_336' title='bbox 1008 4266 1306 4329; x_wconf 61' lang='lat' dir='ltr'><strong>individuis</strong></span> <span class='ocrx_word' id='word_1_337' title='bbox 1336 4277 1634 4355; x_wconf 85' lang='lat' dir='ltr'><strong>Trinitatis,</strong></span> <span class='ocrx_word' id='word_1_338' title='bbox 1665 4291 1834 4350; x_wconf 85' lang='lat' dir='ltr'><strong>Karo—</strong></span> 
     </span>
    </p>
   </div>
   <div class='ocr_carea' id='block_1_46' title="bbox 210 4337 1834 4444">
    <p class='ocr_par' dir='ltr' id='par_1_46' title="bbox 210 4337 1834 4444">
     <span class='ocr_line' id='line_1_49' title="bbox 210 4337 1834 4444; baseline 0.034 -56"><span class='ocrx_word' id='word_1_339' title='bbox 210 4337 305 4391; x_wconf 91' lang='lat' dir='ltr'><strong>lus</strong></span> <span class='ocrx_word' id='word_1_340' title='bbox 364 4339 456 4394; x_wconf 91' lang='lat' dir='ltr'><strong>Dei</strong></span> <span class='ocrx_word' id='word_1_341' title='bbox 509 4346 684 4417; x_wconf 88' lang='lat' dir='ltr'><strong>gratia</strong></span> <span class='ocrx_word' id='word_1_342' title='bbox 732 4365 844 4406; x_wconf 89' lang='lat' dir='ltr'><strong>rex.</strong></span> <span class='ocrx_word' id='word_1_343' title='bbox 876 4352 930 4407; x_wconf 91' lang='lat' dir='ltr'><strong>Si</strong></span> <span class='ocrx_word' id='word_1_344' title='bbox 961 4371 1045 4423; x_wconf 85' lang='lat' dir='ltr'><strong>ea,</strong></span> <span class='ocrx_word' id='word_1_345' title='bbox 1100 4376 1222 4431; x_wconf 64' lang='lat' dir='ltr'><strong>quae</strong></span> <span class='ocrx_word' id='word_1_346' title='bbox 1272 4382 1301 4420; x_wconf 89' lang='lat' dir='ltr'><strong>a</strong></span> <span class='ocrx_word' id='word_1_347' title='bbox 1333 4374 1834 4444; x_wconf 71' lang='lat' dir='ltr'><strong>prtedccessoribus</strong></span> 
     </span>
    </p>
   </div>
   <div class='ocr_carea' id='block_1_47' title="bbox 210 4430 1832 4538">
    <p class='ocr_par' dir='ltr' id='par_1_47' title="bbox 210 4430 1832 4538">
     <span class='ocr_line' id='line_1_50' title="bbox 210 4430 1832 4538; baseline 0.035 -59"><span class='ocrx_word' id='word_1_348' title='bbox 210 4430 426 4484; x_wconf 87' lang='lat' dir='ltr'><strong>nostris</strong></span> <span class='ocrx_word' id='word_1_349' title='bbox 455 4435 537 4488; x_wconf 91' lang='lat' dir='ltr'><strong>vel</strong></span> <span class='ocrx_word' id='word_1_350' title='bbox 571 4434 817 4496; x_wconf 90' lang='lat' dir='ltr'><strong>ﬁdelium</strong></span> <span class='ocrx_word' id='word_1_351' title='bbox 851 4430 1147 4507; x_wconf 84' lang='lat' dir='ltr'><strong>devotione</strong></span> <span class='ocrx_word' id='word_1_352' title='bbox 1178 4430 1348 4512; x_wconf 41' lang='lat' dir='ltr'><strong>bene.</strong></span> <span class='ocrx_word' id='word_1_353' title='bbox 1381 4430 1601 4538; x_wconf 79' lang='lat' dir='ltr'><strong>tradita,</strong></span> <span class='ocrx_word' id='word_1_354' title='bbox 1634 4430 1832 4535; x_wconf 62' lang='lat' dir='ltr'><strong>statuta</strong></span> 
     </span>
    </p>
   </div>
   <div class='ocr_carea' id='block_1_48' title="bbox 1058 4991 1820 5076">
    <p class='ocr_par' dir='ltr' id='par_1_48' title="bbox 1058 4991 1820 5076">
     <span class='ocr_line' id='line_1_51' title="bbox 1058 4991 1820 5076; baseline 0.043 -31"><span class='ocrx_word' id='word_1_355' title='bbox 1058 4991 1260 5053; x_wconf 91' lang='lat' dir='ltr'><strong>delium</strong></span> <span class='ocrx_word' id='word_1_356' title='bbox 1296 5002 1388 5058; x_wconf 91' lang='lat' dir='ltr'><strong>Dei</strong></span> <span class='ocrx_word' id='word_1_357' title='bbox 1414 5024 1478 5064; x_wconf 90' lang='lat' dir='ltr'><strong>ac</strong></span> <span class='ocrx_word' id='word_1_358' title='bbox 1508 5022 1820 5076; x_wconf 88' lang='lat' dir='ltr'><strong>nostrorum</strong></span> 
     </span>
    </p>
   </div>
   <div class='ocr_carea' id='block_1_49' title="bbox 198 5058 1824 5172">
    <p class='ocr_par' dir='ltr' id='par_1_49' title="bbox 198 5058 1824 5172">
     <span class='ocr_line' id='line_1_52' title="bbox 198 5058 1824 5172; baseline 0.035 -64"><span class='ocrx_word' id='word_1_359' title='bbox 198 5058 427 5113; x_wconf 88' lang='lat' dir='ltr'><strong>solertia</strong></span> <span class='ocrx_word' id='word_1_360' title='bbox 457 5063 586 5132; x_wconf 90' lang='lat' dir='ltr'><strong>quia</strong></span> <span class='ocrx_word' id='word_1_361' title='bbox 615 5080 704 5119; x_wconf 92' lang='lat' dir='ltr'><strong>res</strong></span> <span class='ocrx_word' id='word_1_362' title='bbox 742 5083 808 5122; x_wconf 91' lang='lat' dir='ltr'><strong>ex</strong></span> <span class='ocrx_word' id='word_1_363' title='bbox 869 5074 1186 5150; x_wconf 86' lang='lat' dir='ltr'><strong>episcopatu</strong></span> <span class='ocrx_word' id='word_1_364' title='bbox 1220 5088 1499 5167; x_wconf 83' lang='lat' dir='ltr'><strong>Remensi,</strong></span> <span class='ocrx_word' id='word_1_365' title='bbox 1538 5118 1675 5172; x_wconf 90' lang='lat' dir='ltr'><strong>quas</strong></span> <span class='ocrx_word' id='word_1_366' title='bbox 1705 5124 1824 5162; x_wconf 88' lang='lat' dir='ltr'><strong>ma-</strong></span> 
     </span>
    </p>
   </div>
   <div class='ocr_carea' id='block_1_50' title="bbox 198 5152 1821 5263">
    <p class='ocr_par' dir='ltr' id='par_1_50' title="bbox 198 5152 1821 5263">
     <span class='ocr_line' id='line_1_53' title="bbox 198 5152 1821 5263; baseline 0.026 -65"><span class='ocrx_word' id='word_1_367' title='bbox 198 5161 310 5218; x_wconf 88' lang='lat' dir='ltr'><strong>gna</strong></span> <span class='ocrx_word' id='word_1_368' title='bbox 342 5152 671 5209; x_wconf 89' lang='lat' dir='ltr'><strong>necessitate</strong></span> <span class='ocrx_word' id='word_1_369' title='bbox 698 5166 752 5213; x_wconf 91' lang='lat' dir='ltr'><strong>et</strong></span> <span class='ocrx_word' id='word_1_370' title='bbox 775 5179 876 5231; x_wconf 90' lang='lat' dir='ltr'><strong>per</strong></span> <span class='ocrx_word' id='word_1_371' title='bbox 927 5170 1112 5224; x_wconf 88' lang='lat' dir='ltr'><strong>omnia</strong></span> <span class='ocrx_word' id='word_1_372' title='bbox 1166 5173 1340 5246; x_wconf 90' lang='lat' dir='ltr'><strong>inviti,</strong></span> <span class='ocrx_word' id='word_1_373' title='bbox 1388 5152 1515 5241; x_wconf 81' lang='lat' dir='ltr'><strong>dum</strong></span> <span class='ocrx_word' id='word_1_374' title='bbox 1543 5152 1573 5244; x_wconf 59' lang='lat' dir='ltr'><strong>ri</strong></span> <span class='ocrx_word' id='word_1_375' title='bbox 1604 5201 1821 5263; x_wconf 69' lang='lat' dir='ltr'><strong>pastore</strong></span> 
     </span>
     <span class='ocr_line' id='line_1_54' title="bbox 198 5238 1186 5263; baseline 0 0"><span class='ocrx_word' id='word_1_376' title='bbox 198 5238 359 5263; x_wconf 60' lang='grc' dir='ltr'><strong>’.ηλι-υ.</strong></span> <span class='ocrx_word' id='word_1_377' title='bbox 392 5239 481 5263; x_wconf 69' lang='grc' dir='ltr'><strong>ειι..</strong></span> <span class='ocrx_word' id='word_1_378' title='bbox 532 5252 709 5263; x_wconf 56' lang='lat'><strong>--_--.,</strong></span> <span class='ocrx_word' id='word_1_379' title='bbox 1070 5258 1092 5263; x_wconf 76' lang='lat'>_</span> <span class='ocrx_word' id='word_1_380' title='bbox 1120 5260 1131 5263; x_wconf 82' lang='lat'><strong><em>_</em></strong></span> <span class='ocrx_word' id='word_1_381' title='bbox 1177 5262 1186 5263; x_wconf 32' lang='grc' dir='ltr'><em>κ</em></span> 
     </span>
    </p>
   </div>
   <div class='ocr_carea' id='block_1_51' title="bbox 198 5238 1821 5338">
    <p class='ocr_par' dir='ltr' id='par_1_51' title="bbox 198 5238 1821 5338">
     <span class='ocr_line' id='line_1_55' title="bbox 198 5238 1821 5338; baseline 0.032 -47"><span class='ocrx_word' id='word_1_382' title='bbox 198 5238 362 5293; x_wconf 89' lang='lat' dir='ltr'><strong>sedes</strong></span> <span class='ocrx_word' id='word_1_383' title='bbox 392 5239 485 5295; x_wconf 89' lang='lat' dir='ltr'><strong>illa</strong></span> <span class='ocrx_word' id='word_1_384' title='bbox 528 5252 721 5299; x_wconf 87' lang='lat' dir='ltr'><strong>sancta</strong></span> <span class='ocrx_word' id='word_1_385' title='bbox 772 5264 1011 5325; x_wconf 88' lang='lat' dir='ltr'><strong>vacaret,</strong></span> <span class='ocrx_word' id='word_1_386' title='bbox 1062 5258 1317 5322; x_wconf 89' lang='lat' dir='ltr'><strong>ﬁdelibus</strong></span> <span class='ocrx_word' id='word_1_387' title='bbox 1348 5278 1549 5334; x_wconf 88' lang='lat' dir='ltr'><strong>nostris</strong></span> <span class='ocrx_word' id='word_1_388' title='bbox 1578 5238 1645 5335; x_wconf 46' lang='lat' dir='ltr'><strong>ard</strong></span> <span class='ocrx_word' id='word_1_389' title='bbox 1679 5290 1821 5338; x_wconf 87' lang='lat' dir='ltr'><strong>tem-</strong></span> 
     </span>
    </p>
   </div>
   <div class='ocr_carea' id='block_1_52' title="bbox 195 5334 1819 5432">
    <p class='ocr_par' dir='ltr' id='par_1_52' title="bbox 195 5334 1819 5432">
     <span class='ocr_line' id='line_1_56' title="bbox 195 5334 1819 5432; baseline 0.031 -51"><span class='ocrx_word' id='word_1_390' title='bbox 195 5346 318 5399; x_wconf 90' lang='lat' dir='ltr'><strong>pus,</strong></span> <span class='ocrx_word' id='word_1_391' title='bbox 352 5334 503 5387; x_wconf 91' lang='lat' dir='ltr'><strong>unde</strong></span> <span class='ocrx_word' id='word_1_392' title='bbox 564 5336 841 5405; x_wconf 89' lang='lat' dir='ltr'><strong>quoddam</strong></span> <span class='ocrx_word' id='word_1_393' title='bbox 906 5350 1209 5417; x_wconf 88' lang='lat' dir='ltr'><strong>temporale</strong></span> <span class='ocrx_word' id='word_1_394' title='bbox 1257 5358 1507 5419; x_wconf 89' lang='lat' dir='ltr'><strong>solatium</strong></span> <span class='ocrx_word' id='word_1_395' title='bbox 1544 5386 1573 5422; x_wconf 91' lang='lat' dir='ltr'><strong>a</strong></span> <span class='ocrx_word' id='word_1_396' title='bbox 1630 5334 1819 5432; x_wconf 68' lang='lat' dir='ltr'><strong>nostro</strong></span> 
     </span>
    </p>
   </div>
   <div class='ocr_carea' id='block_1_53' title="bbox 192 5420 1822 5522">
    <p class='ocr_par' dir='ltr' id='par_1_53' title="bbox 192 5420 1822 5522">
     <span class='ocr_line' id='line_1_57' title="bbox 192 5420 1822 5522; baseline 0.023 -47"><span class='ocrx_word' id='word_1_397' title='bbox 192 5420 735 5496; x_wconf 87' lang='lat' dir='ltr'><strong>haberentservitio,</strong></span> <span class='ocrx_word' id='word_1_398' title='bbox 792 5441 1323 5519; x_wconf 90' lang='lat' dir='ltr'><strong>commcndavimus,</strong></span> <span class='ocrx_word' id='word_1_399' title='bbox 1384 5458 1561 5516; x_wconf 68' lang='lat' dir='ltr'><strong>electo</strong></span> <span class='ocrx_word' id='word_1_400' title='bbox 1588 5470 1643 5518; x_wconf 71' lang='lat' dir='ltr'><strong>et</strong></span> <span class='ocrx_word' id='word_1_401' title='bbox 1672 5467 1822 5522; x_wconf 75' lang='lat' dir='ltr'><strong>ordi-</strong></span> 
     </span>
    </p>
   </div>
   <div class='ocr_carea' id='block_1_54' title="bbox 188 5519 1819 5612">
    <p class='ocr_par' dir='ltr' id='par_1_54' title="bbox 188 5519 1819 5612">
     <span class='ocr_line' id='line_1_58' title="bbox 188 5519 1819 5612; baseline 0.022 -47"><span class='ocrx_word' id='word_1_402' title='bbox 188 5520 580 5569; x_wconf 88' lang='lat' dir='ltr'><strong>natomunerc</strong></span> <span class='ocrx_word' id='word_1_403' title='bbox 612 5519 789 5572; x_wconf 85' lang='lat' dir='ltr'><strong>sancti</strong></span> <span class='ocrx_word' id='word_1_404' title='bbox 843 5522 1101 5597; x_wconf 85' lang='lat' dir='ltr'><strong>Spiritus,</strong></span> <span class='ocrx_word' id='word_1_405' title='bbox 1161 5551 1263 5603; x_wconf 91' lang='lat' dir='ltr'><strong>per</strong></span> <span class='ocrx_word' id='word_1_406' title='bbox 1316 5542 1412 5597; x_wconf 89' lang='lat' dir='ltr'><strong>Dei</strong></span> <span class='ocrx_word' id='word_1_407' title='bbox 1470 5556 1524 5603; x_wconf 76' lang='lat' dir='ltr'><strong>et</strong></span> <span class='ocrx_word' id='word_1_408' title='bbox 1579 5519 1819 5612; x_wconf 58' lang='lat' dir='ltr'><strong>nostram</strong></span> 
     </span>
    </p>
   </div>
   <div class='ocr_carea' id='block_1_55' title="bbox 179 5604 1821 5702">
    <p class='ocr_par' dir='ltr' id='par_1_55' title="bbox 179 5604 1821 5702">
     <span class='ocr_line' id='line_1_59' title="bbox 179 5604 1821 5702; baseline 0.028 -44"><span class='ocrx_word' id='word_1_409' title='bbox 179 5604 642 5679; x_wconf 88' lang='lat' dir='ltr'><strong>dispositionem,</strong></span> <span class='ocrx_word' id='word_1_410' title='bbox 676 5609 729 5663; x_wconf 90' lang='lat' dir='ltr'><strong>in</strong></span> <span class='ocrx_word' id='word_1_411' title='bbox 786 5616 978 5673; x_wconf 88' lang='lat' dir='ltr'><strong>eadem</strong></span> <span class='ocrx_word' id='word_1_412' title='bbox 1021 5634 1210 5681; x_wconf 87' lang='lat' dir='ltr'><strong>sancta</strong></span> <span class='ocrx_word' id='word_1_413' title='bbox 1240 5634 1372 5689; x_wconf 91' lang='lat' dir='ltr'><strong>sede</strong></span> <span class='ocrx_word' id='word_1_414' title='bbox 1405 5638 1697 5700; x_wconf 88' lang='lat' dir='ltr'><strong>Hincmaro</strong></span> <span class='ocrx_word' id='word_1_415' title='bbox 1726 5664 1821 5702; x_wconf 85' lang='lat' dir='ltr'><strong>ar-</strong></span> 
     </span>
    </p>
   </div>
   <div class='ocr_carea' id='block_1_56' title="bbox 172 5699 1820 5801">
    <p class='ocr_par' dir='ltr' id='par_1_56' title="bbox 172 5699 1820 5801">
     <span class='ocr_line' id='line_1_60' title="bbox 172 5699 1820 5801; baseline 0.024 -47"><span class='ocrx_word' id='word_1_416' title='bbox 172 5699 572 5773; x_wconf 85' lang='lat' dir='ltr'><strong>chiepiscOpo,</strong></span> <span class='ocrx_word' id='word_1_417' title='bbox 608 5701 715 5756; x_wconf 90' lang='lat' dir='ltr'><strong>hoc</strong></span> <span class='ocrx_word' id='word_1_418' title='bbox 764 5716 965 5765; x_wconf 58' lang='lat' dir='ltr'><strong>nostra!</strong></span> <span class='ocrx_word' id='word_1_419' title='bbox 1012 5722 1353 5778; x_wconf 85' lang='lat' dir='ltr'><strong>auctoritatis</strong></span> <span class='ocrx_word' id='word_1_420' title='bbox 1394 5741 1668 5801; x_wconf 69' lang='lat' dir='ltr'><strong>prmcepto</strong></span> <span class='ocrx_word' id='word_1_421' title='bbox 1697 5751 1820 5792; x_wconf 89' lang='lat' dir='ltr'><strong>cum</strong></span> 
     </span>
    </p>
   </div>
   <div class='ocr_carea' id='block_1_57' title="bbox 1985 574 3597 669">
    <p class='ocr_par' dir='ltr' id='par_1_57' title="bbox 1985 574 3597 669">
     <span class='ocr_line' id='line_1_61' title="bbox 1985 574 3597 669; baseline 0.02 -43"><span class='ocrx_word' id='word_1_422' title='bbox 1985 574 2458 648; x_wconf 86' lang='lat' dir='ltr'><strong>beneﬁciavimus,</strong></span> <span class='ocrx_word' id='word_1_423' title='bbox 2538 589 2938 655; x_wconf 62' lang='lat' dir='ltr'><strong>praesentaliter</strong></span> <span class='ocrx_word' id='word_1_424' title='bbox 3022 595 3358 653; x_wconf 91' lang='lat' dir='ltr'><strong>restituimus</strong></span> <span class='ocrx_word' id='word_1_425' title='bbox 3401 644 3414 669; x_wconf 94' lang='lat'><strong>,</strong></span> <span class='ocrx_word' id='word_1_426' title='bbox 3487 614 3597 659; x_wconf 90' lang='lat' dir='ltr'><strong>tum</strong></span> 
     </span>
    </p>
   </div>
   <div class='ocr_carea' id='block_1_58' title="bbox 1981 666 3594 757">
    <p class='ocr_par' dir='ltr' id='par_1_58' title="bbox 1981 666 3594 757">
     <span class='ocr_line' id='line_1_62' title="bbox 1981 666 3594 757; baseline 0.02 -39"><span class='ocrx_word' id='word_1_427' title='bbox 1981 666 2316 737; x_wconf 88' lang='lat' dir='ltr'><strong>Sparnacum</strong></span> <span class='ocrx_word' id='word_1_428' title='bbox 2369 680 2423 727; x_wconf 92' lang='lat' dir='ltr'><strong>et</strong></span> <span class='ocrx_word' id='word_1_429' title='bbox 2473 676 2764 747; x_wconf 90' lang='lat' dir='ltr'><strong>Juliacum,</strong></span> <span class='ocrx_word' id='word_1_430' title='bbox 2824 683 2907 737; x_wconf 91' lang='lat' dir='ltr'><strong>vel</strong></span> <span class='ocrx_word' id='word_1_431' title='bbox 2963 685 3229 757; x_wconf 91' lang='lat' dir='ltr'><strong>quidquid</strong></span> <span class='ocrx_word' id='word_1_432' title='bbox 3284 706 3347 745; x_wconf 89' lang='lat' dir='ltr'><strong>ex</strong></span> <span class='ocrx_word' id='word_1_433' title='bbox 3400 666 3594 750; x_wconf 88' lang='lat' dir='ltr'><strong>eodem</strong></span> 
     </span>
    </p>
   </div>
   <div class='ocr_carea' id='block_1_59' title="bbox 1982 758 3595 853">
    <p class='ocr_par' dir='ltr' id='par_1_59' title="bbox 1982 758 3595 853">
     <span class='ocr_line' id='line_1_63' title="bbox 1982 758 3595 853; baseline 0.019 -41"><span class='ocrx_word' id='word_1_434' title='bbox 1982 758 2299 832; x_wconf 70' lang='lat' dir='ltr'><strong>episcmpatu</strong></span> <span class='ocrx_word' id='word_1_435' title='bbox 2349 764 2648 825; x_wconf 85' lang='lat' dir='ltr'><strong>Richuinus</strong></span> <span class='ocrx_word' id='word_1_436' title='bbox 2702 773 2913 841; x_wconf 84' lang='lat' dir='ltr'><strong>habuit,</strong></span> <span class='ocrx_word' id='word_1_437' title='bbox 2973 777 3057 831; x_wconf 90' lang='lat' dir='ltr'><strong>vel</strong></span> <span class='ocrx_word' id='word_1_438' title='bbox 3092 781 3361 853; x_wconf 91' lang='lat' dir='ltr'><strong>quidquid</strong></span> <span class='ocrx_word' id='word_1_439' title='bbox 3396 787 3595 843; x_wconf 86' lang='lat' dir='ltr'><strong>exinde</strong></span> 
     </span>
    </p>
   </div>
   <div class='ocr_carea' id='block_1_60' title="bbox 1980 846 3594 941">
    <p class='ocr_par' dir='ltr' id='par_1_60' title="bbox 1980 846 3594 941">
     <span class='ocr_line' id='line_1_64' title="bbox 1980 846 3594 941; baseline 0.017 -40"><span class='ocrx_word' id='word_1_440' title='bbox 1980 846 2093 903; x_wconf 90' lang='lat' dir='ltr'><strong>Odo</strong></span> <span class='ocrx_word' id='word_1_441' title='bbox 2135 865 2321 906; x_wconf 90' lang='lat' dir='ltr'><strong>comes</strong></span> <span class='ocrx_word' id='word_1_442' title='bbox 2347 853 2583 911; x_wconf 88' lang='lat' dir='ltr'><strong>habuit:</strong></span> <span class='ocrx_word' id='word_1_443' title='bbox 2630 876 2792 929; x_wconf 92' lang='lat' dir='ltr'><strong>quam</strong></span> <span class='ocrx_word' id='word_1_444' title='bbox 2852 870 2906 917; x_wconf 89' lang='lat' dir='ltr'><strong>et</strong></span> <span class='ocrx_word' id='word_1_445' title='bbox 2954 846 3133 920; x_wconf 82' lang='lat' dir='ltr'><strong>villam</strong></span> <span class='ocrx_word' id='word_1_446' title='bbox 3184 868 3594 941; x_wconf 88' lang='lat' dir='ltr'><strong>Culmiciacum,</strong></span> 
     </span>
    </p>
   </div>
   <div class='ocr_carea' id='block_1_61' title="bbox 1978 939 3599 1027">
    <p class='ocr_par' dir='ltr' id='par_1_61' title="bbox 1978 939 3599 1027">
     <span class='ocr_line' id='line_1_65' title="bbox 1978 939 3599 1027; baseline 0.019 -41"><span class='ocrx_word' id='word_1_447' title='bbox 1978 948 2100 988; x_wconf 91' lang='lat' dir='ltr'><strong>cum</strong></span> <span class='ocrx_word' id='word_1_448' title='bbox 2134 939 2344 1008; x_wconf 88' lang='lat' dir='ltr'><strong>capella</strong></span> <span class='ocrx_word' id='word_1_449' title='bbox 2375 958 2536 1012; x_wconf 90' lang='lat' dir='ltr'><strong>quam</strong></span> <span class='ocrx_word' id='word_1_450' title='bbox 2571 944 2825 1003; x_wconf 83' lang='lat' dir='ltr'><strong>Rabanus</strong></span> <span class='ocrx_word' id='word_1_451' title='bbox 2848 952 3137 1022; x_wconf 87' lang='lat' dir='ltr'><strong>presbyter</strong></span> <span class='ocrx_word' id='word_1_452' title='bbox 3156 956 3378 1027; x_wconf 86' lang='lat' dir='ltr'><strong>habuit;</strong></span> <span class='ocrx_word' id='word_1_453' title='bbox 3408 978 3505 1015; x_wconf 89' lang='lat' dir='ltr'><strong>seu</strong></span> <span class='ocrx_word' id='word_1_454' title='bbox 3540 939 3599 1016; x_wconf 87' lang='lat' dir='ltr'><strong>et</strong></span> 
     </span>
    </p>
   </div>
   <div class='ocr_carea' id='block_1_62' title="bbox 1978 1026 3593 1123">
    <p class='ocr_par' dir='ltr' id='par_1_62' title="bbox 1978 1026 3593 1123">
     <span class='ocr_line' id='line_1_66' title="bbox 1978 1026 3593 1123; baseline 0.019 -44"><span class='ocrx_word' id='word_1_455' title='bbox 1978 1026 2089 1093; x_wconf 91' lang='lat' dir='ltr'><strong>illa,</strong></span> <span class='ocrx_word' id='word_1_456' title='bbox 2124 1046 2244 1100; x_wconf 85' lang='lat' dir='ltr'><strong>quae</strong></span> <span class='ocrx_word' id='word_1_457' title='bbox 2276 1032 2564 1104; x_wconf 88' lang='lat' dir='ltr'><strong>Pardulus,</strong></span> <span class='ocrx_word' id='word_1_458' title='bbox 2624 1055 2837 1097; x_wconf 90' lang='lat' dir='ltr'><strong>necnon</strong></span> <span class='ocrx_word' id='word_1_459' title='bbox 2898 1054 2953 1099; x_wconf 93' lang='lat' dir='ltr'><strong>et</strong></span> <span class='ocrx_word' id='word_1_460' title='bbox 2983 1047 3303 1120; x_wconf 87' lang='lat' dir='ltr'><strong>Adalgardis</strong></span> <span class='ocrx_word' id='word_1_461' title='bbox 3334 1053 3397 1123; x_wconf 83' lang='lat' dir='ltr'><strong>[c.</strong></span> <span class='ocrx_word' id='word_1_462' title='bbox 3432 1058 3469 1122; x_wconf 75' lang='grc' dir='ltr'><strong>ἰ,</strong></span> <span class='ocrx_word' id='word_1_463' title='bbox 3503 1056 3593 1109; x_wconf 85' lang='lat' dir='ltr'><strong>Al-</strong></span> 
     </span>
    </p>
   </div>
   <div class='ocr_carea' id='block_1_63' title="bbox 1975 1118 3595 1207">
    <p class='ocr_par' dir='ltr' id='par_1_63' title="bbox 1975 1118 3595 1207">
     <span class='ocr_line' id='line_1_67' title="bbox 1975 1118 3595 1207; baseline 0.016 -38"><span class='ocrx_word' id='word_1_464' title='bbox 1975 1118 2176 1190; x_wconf 88' lang='lat' dir='ltr'><strong>gardis]</strong></span> <span class='ocrx_word' id='word_1_465' title='bbox 2208 1121 2501 1191; x_wconf 86' lang='lat' dir='ltr'><strong>abbatissa,</strong></span> <span class='ocrx_word' id='word_1_466' title='bbox 2561 1127 2674 1182; x_wconf 90' lang='lat' dir='ltr'><strong>sive</strong></span> <span class='ocrx_word' id='word_1_467' title='bbox 2718 1130 3011 1187; x_wconf 80' lang='lat' dir='ltr'><strong>Rotbertus</strong></span> <span class='ocrx_word' id='word_1_468' title='bbox 3059 1118 3222 1207; x_wconf 78' lang='lat' dir='ltr'><strong>atque</strong></span> <span class='ocrx_word' id='word_1_469' title='bbox 3251 1118 3595 1195; x_wconf 71' lang='lat' dir='ltr'><strong>Anialbertus</strong></span> 
     </span>
    </p>
   </div>
   <div class='ocr_carea' id='block_1_64' title="bbox 1975 1207 3595 1295">
    <p class='ocr_par' dir='ltr' id='par_1_64' title="bbox 1975 1207 3595 1295">
     <span class='ocr_line' id='line_1_68' title="bbox 1975 1207 3595 1295; baseline 0.015 -33"><span class='ocrx_word' id='word_1_470' title='bbox 1975 1207 2227 1277; x_wconf 85' lang='lat' dir='ltr'><strong>clericus,</strong></span> <span class='ocrx_word' id='word_1_471' title='bbox 2278 1212 2362 1266; x_wconf 91' lang='lat' dir='ltr'><strong>vel</strong></span> <span class='ocrx_word' id='word_1_472' title='bbox 2415 1214 2705 1284; x_wconf 89' lang='lat' dir='ltr'><strong>Altmarus,</strong></span> <span class='ocrx_word' id='word_1_473' title='bbox 2763 1235 2858 1274; x_wconf 90' lang='lat' dir='ltr'><strong>seu</strong></span> <span class='ocrx_word' id='word_1_474' title='bbox 2888 1220 3132 1279; x_wconf 86' lang='lat' dir='ltr'><strong>Joannes</strong></span> <span class='ocrx_word' id='word_1_475' title='bbox 3182 1228 3449 1295; x_wconf 87' lang='lat' dir='ltr'><strong>medicus,</strong></span> <span class='ocrx_word' id='word_1_476' title='bbox 3482 1232 3595 1285; x_wconf 88' lang='lat' dir='ltr'><strong>sive</strong></span> 
     </span>
    </p>
   </div>
   <div class='ocr_carea' id='block_1_65' title="bbox 1978 1296 3595 1381">
    <p class='ocr_par' dir='ltr' id='par_1_65' title="bbox 1978 1296 3595 1381">
     <span class='ocr_line' id='line_1_69' title="bbox 1978 1296 3595 1381; baseline 0.015 -32"><span class='ocrx_word' id='word_1_477' title='bbox 1978 1296 2104 1350; x_wconf 90' lang='lat' dir='ltr'><strong>item</strong></span> <span class='ocrx_word' id='word_1_478' title='bbox 2160 1299 2434 1369; x_wconf 81' lang='lat' dir='ltr'><strong>Rabanus,</strong></span> <span class='ocrx_word' id='word_1_479' title='bbox 2482 1314 2644 1376; x_wconf 89' lang='lat' dir='ltr'><strong>atque</strong></span> <span class='ocrx_word' id='word_1_480' title='bbox 2701 1308 2931 1376; x_wconf 87' lang='lat' dir='ltr'><strong>pusillus</strong></span> <span class='ocrx_word' id='word_1_481' title='bbox 2984 1311 3237 1381; x_wconf 88' lang='lat' dir='ltr'><strong>Pumilio,</strong></span> <span class='ocrx_word' id='word_1_482' title='bbox 3295 1317 3595 1374; x_wconf 80' lang='lat' dir='ltr'><strong>Ratboldus</strong></span> 
     </span>
    </p>
   </div>
   <div class='ocr_carea' id='block_1_66' title="bbox 1979 1383 3596 1468">
    <p class='ocr_par' dir='ltr' id='par_1_66' title="bbox 1979 1383 3596 1468">
     <span class='ocr_line' id='line_1_70' title="bbox 1979 1383 3596 1468; baseline 0.014 -30"><span class='ocrx_word' id='word_1_483' title='bbox 1979 1383 2077 1454; x_wconf 91' lang='lat' dir='ltr'><strong>[ms</strong></span> <span class='ocrx_word' id='word_1_484' title='bbox 2108 1428 2121 1452; x_wconf 92' lang='lat'><strong>,</strong></span> <span class='ocrx_word' id='word_1_485' title='bbox 2148 1387 2467 1463; x_wconf 82' lang='lat' dir='ltr'><strong>Ratholdus]</strong></span> <span class='ocrx_word' id='word_1_486' title='bbox 2493 1408 2735 1465; x_wconf 90' lang='lat' dir='ltr'><strong>quoque,</strong></span> <span class='ocrx_word' id='word_1_487' title='bbox 2771 1395 3170 1468; x_wconf 88' lang='lat' dir='ltr'><strong>Goderamnus,</strong></span> <span class='ocrx_word' id='word_1_488' title='bbox 3204 1412 3258 1457; x_wconf 91' lang='lat' dir='ltr'><strong>ct</strong></span> <span class='ocrx_word' id='word_1_489' title='bbox 3291 1404 3596 1461; x_wconf 83' lang='lat' dir='ltr'><strong>Herenbol-</strong></span> 
     </span>
    </p>
   </div>
   <div class='ocr_carea' id='block_1_67' title="bbox 1975 1473 3593 1565">
    <p class='ocr_par' dir='ltr' id='par_1_67' title="bbox 1975 1473 3593 1565">
     <span class='ocr_line' id='line_1_71' title="bbox 1975 1473 3593 1565; baseline 0.017 -37"><span class='ocrx_word' id='word_1_490' title='bbox 1975 1473 2100 1542; x_wconf 88' lang='lat' dir='ltr'><strong>dus,</strong></span> <span class='ocrx_word' id='word_1_491' title='bbox 2133 1478 2219 1531; x_wconf 86' lang='lat' dir='ltr'><strong>vel</strong></span> <span class='ocrx_word' id='word_1_492' title='bbox 2266 1480 2530 1549; x_wconf 87' lang='lat' dir='ltr'><strong>Donatus,</strong></span> <span class='ocrx_word' id='word_1_493' title='bbox 2590 1500 2686 1538; x_wconf 91' lang='lat' dir='ltr'><strong>seu</strong></span> <span class='ocrx_word' id='word_1_494' title='bbox 2736 1486 3043 1558; x_wconf 88' lang='lat' dir='ltr'><strong>Gilbuinus,</strong></span> <span class='ocrx_word' id='word_1_495' title='bbox 3096 1493 3445 1565; x_wconf 88' lang='lat' dir='ltr'><strong>habuerunt;</strong></span> <span class='ocrx_word' id='word_1_496' title='bbox 3479 1501 3593 1555; x_wconf 86' lang='lat' dir='ltr'><strong>sive</strong></span> 
     </span>
    </p>
   </div>
   <div class='ocr_carea' id='block_1_68' title="bbox 1975 1565 3591 1661">
    <p class='ocr_par' dir='ltr' id='par_1_68' title="bbox 1975 1565 3591 1661">
     <span class='ocr_line' id='line_1_72' title="bbox 1975 1565 3591 1661; baseline 0.017 -44"><span class='ocrx_word' id='word_1_497' title='bbox 1975 1565 2138 1619; x_wconf 88' lang='lat' dir='ltr'><strong>etiam</strong></span> <span class='ocrx_word' id='word_1_498' title='bbox 2167 1567 2258 1621; x_wconf 91' lang='lat' dir='ltr'><strong>illa</strong></span> <span class='ocrx_word' id='word_1_499' title='bbox 2315 1572 2520 1639; x_wconf 89' lang='lat' dir='ltr'><strong>omnia,</strong></span> <span class='ocrx_word' id='word_1_500' title='bbox 2577 1591 2697 1645; x_wconf 68' lang='lat' dir='ltr'><strong>quae</strong></span> <span class='ocrx_word' id='word_1_501' title='bbox 2754 1584 2861 1632; x_wconf 92' lang='lat' dir='ltr'><strong>tam</strong></span> <span class='ocrx_word' id='word_1_502' title='bbox 2914 1581 3098 1635; x_wconf 87' lang='lat' dir='ltr'><strong>clerici</strong></span> <span class='ocrx_word' id='word_1_503' title='bbox 3130 1600 3293 1654; x_wconf 90' lang='lat' dir='ltr'><strong>quam</strong></span> <span class='ocrx_word' id='word_1_504' title='bbox 3330 1588 3471 1657; x_wconf 89' lang='lat' dir='ltr'><strong>laici,</strong></span> <span class='ocrx_word' id='word_1_505' title='bbox 3500 1592 3591 1661; x_wconf 90' lang='lat' dir='ltr'><strong>qui</strong></span> 
     </span>
    </p>
   </div>
   <div class='ocr_carea' id='block_1_69' title="bbox 1978 1656 3591 1753">
    <p class='ocr_par' dir='ltr' id='par_1_69' title="bbox 1978 1656 3591 1753">
     <span class='ocr_line' id='line_1_73' title="bbox 1978 1656 3591 1753; baseline 0.017 -43"><span class='ocrx_word' id='word_1_506' title='bbox 1978 1656 2031 1710; x_wconf 92' lang='lat' dir='ltr'><strong>in</strong></span> <span class='ocrx_word' id='word_1_507' title='bbox 2062 1667 2245 1714; x_wconf 89' lang='lat' dir='ltr'><strong>nostra</strong></span> <span class='ocrx_word' id='word_1_508' title='bbox 2275 1662 2653 1721; x_wconf 90' lang='lat' dir='ltr'><strong>dominatione</strong></span> <span class='ocrx_word' id='word_1_509' title='bbox 2713 1670 3033 1741; x_wconf 89' lang='lat' dir='ltr'><strong>aliquandiu</strong></span> <span class='ocrx_word' id='word_1_510' title='bbox 3069 1674 3305 1745; x_wconf 86' lang='lat' dir='ltr'><strong>fuerant,</strong></span> <span class='ocrx_word' id='word_1_511' title='bbox 3340 1697 3591 1753; x_wconf 87' lang='lat' dir='ltr'><strong>quosque</strong></span> 
     </span>
    </p>
   </div>
   <div class='ocr_carea' id='block_1_70' title="bbox 1968 1746 3591 1833">
    <p class='ocr_par' dir='ltr' id='par_1_70' title="bbox 1968 1746 3591 1833">
     <span class='ocr_line' id='line_1_74' title="bbox 1968 1746 3591 1833; baseline 0.017 -33"><span class='ocrx_word' id='word_1_512' title='bbox 1968 1746 2080 1814; x_wconf 89' lang='lat' dir='ltr'><strong>jam</strong></span> <span class='ocrx_word' id='word_1_513' title='bbox 2115 1750 2260 1805; x_wconf 90' lang='lat' dir='ltr'><strong>dicto</strong></span> <span class='ocrx_word' id='word_1_514' title='bbox 2290 1754 2551 1825; x_wconf 89' lang='lat' dir='ltr'><strong>episc0po</strong></span> <span class='ocrx_word' id='word_1_515' title='bbox 2609 1760 3138 1833; x_wconf 84' lang='lat' dir='ltr'><strong>commendaviinus,</strong></span> <span class='ocrx_word' id='word_1_516' title='bbox 3197 1767 3493 1825; x_wconf 81' lang='lat' dir='ltr'><strong>habebant.</strong></span> <span class='ocrx_word' id='word_1_517' title='bbox 3530 1772 3591 1827; x_wconf 86' lang='lat' dir='ltr'><strong>Et</strong></span> 
     </span>
    </p>
   </div>
   <div class='ocr_carea' id='block_1_71' title="bbox 1972 1837 3586 1924">
    <p class='ocr_par' dir='ltr' id='par_1_71' title="bbox 1972 1837 3586 1924">
     <span class='ocr_line' id='line_1_75' title="bbox 1972 1837 3586 1924; baseline 0.015 -35"><span class='ocrx_word' id='word_1_518' title='bbox 1972 1845 2029 1890; x_wconf 93' lang='lat' dir='ltr'><strong>ut</strong></span> <span class='ocrx_word' id='word_1_519' title='bbox 2058 1837 2109 1890; x_wconf 92' lang='lat' dir='ltr'><strong>in</strong></span> <span class='ocrx_word' id='word_1_520' title='bbox 2143 1839 2291 1893; x_wconf 90' lang='lat' dir='ltr'><strong>calce</strong></span> <span class='ocrx_word' id='word_1_521' title='bbox 2322 1842 2508 1895; x_wconf 90' lang='lat' dir='ltr'><strong>omnia</strong></span> <span class='ocrx_word' id='word_1_522' title='bbox 2540 1846 2955 1915; x_wconf 87' lang='lat' dir='ltr'><strong>concludamus,</strong></span> <span class='ocrx_word' id='word_1_523' title='bbox 2990 1852 3257 1924; x_wconf 89' lang='lat' dir='ltr'><strong>quidquid</strong></span> <span class='ocrx_word' id='word_1_524' title='bbox 3298 1872 3360 1909; x_wconf 86' lang='lat' dir='ltr'><strong>ex</strong></span> <span class='ocrx_word' id='word_1_525' title='bbox 3390 1859 3586 1914; x_wconf 90' lang='lat' dir='ltr'><strong>eodem</strong></span> 
     </span>
    </p>
   </div>
   <div class='ocr_carea' id='block_1_72' title="bbox 1970 1927 3589 2020">
    <p class='ocr_par' dir='ltr' id='par_1_72' title="bbox 1970 1927 3589 2020">
     <span class='ocr_line' id='line_1_76' title="bbox 1970 1927 3589 2020; baseline 0.015 -40"><span class='ocrx_word' id='word_1_526' title='bbox 1970 1927 2310 1998; x_wconf 89' lang='lat' dir='ltr'><strong>episcopatu,</strong></span> <span class='ocrx_word' id='word_1_527' title='bbox 2344 1934 2566 2002; x_wconf 87' lang='lat' dir='ltr'><strong>quando</strong></span> <span class='ocrx_word' id='word_1_528' title='bbox 2597 1935 2665 1989; x_wconf 88' lang='lat' dir='ltr'><strong>de</strong></span> <span class='ocrx_word' id='word_1_529' title='bbox 2697 1954 2860 1991; x_wconf 91' lang='lat' dir='ltr'><strong>manu</strong></span> <span class='ocrx_word' id='word_1_530' title='bbox 2903 1940 3155 1997; x_wconf 86' lang='lat' dir='ltr'><strong>Fulconis</strong></span> <span class='ocrx_word' id='word_1_531' title='bbox 3186 1945 3337 2000; x_wconf 92' lang='lat' dir='ltr'><strong>illum</strong></span> <span class='ocrx_word' id='word_1_532' title='bbox 3374 1951 3589 2020; x_wconf 89' lang='lat' dir='ltr'><strong>recepi-</strong></span> 
     </span>
    </p>
   </div>
   <div class='ocr_carea' id='block_1_73' title="bbox 1968 2018 3585 2108">
    <p class='ocr_par' dir='ltr' id='par_1_73' title="bbox 1968 2018 3585 2108">
     <span class='ocr_line' id='line_1_77' title="bbox 1968 2018 3585 2108; baseline 0.016 -42"><span class='ocrx_word' id='word_1_533' title='bbox 1968 2030 2110 2082; x_wconf 90' lang='lat' dir='ltr'><strong>mus,</strong></span> <span class='ocrx_word' id='word_1_534' title='bbox 2166 2018 2329 2073; x_wconf 91' lang='lat' dir='ltr'><strong>alicui</strong></span> <span class='ocrx_word' id='word_1_535' title='bbox 2406 2024 2649 2091; x_wconf 52' lang='lat' dir='ltr'><strong>praéstito</strong></span> <span class='ocrx_word' id='word_1_536' title='bbox 2704 2026 2975 2084; x_wconf 90' lang='lat' dir='ltr'><strong>beneﬁcio</strong></span> <span class='ocrx_word' id='word_1_537' title='bbox 3032 2034 3429 2102; x_wconf 90' lang='lat' dir='ltr'><strong>concessimus,</strong></span> <span class='ocrx_word' id='word_1_538' title='bbox 3492 2056 3585 2108; x_wconf 90' lang='lat' dir='ltr'><strong>per</strong></span> 
     </span>
    </p>
   </div>
   <div class='ocr_carea' id='block_1_74' title="bbox 1967 2101 3584 2197">
    <p class='ocr_par' dir='ltr' id='par_1_74' title="bbox 1967 2101 3584 2197">
     <span class='ocr_line' id='line_1_78' title="bbox 1967 2101 3584 2197; baseline 0.018 -43"><span class='ocrx_word' id='word_1_539' title='bbox 1967 2101 2110 2158; x_wconf 89' lang='lat' dir='ltr'><strong>hanc</strong></span> <span class='ocrx_word' id='word_1_540' title='bbox 2142 2115 2339 2161; x_wconf 61' lang='lat' dir='ltr'><strong>nostra:</strong></span> <span class='ocrx_word' id='word_1_541' title='bbox 2395 2111 2833 2170; x_wconf 89' lang='lat' dir='ltr'><strong>conﬁrmationis</strong></span> <span class='ocrx_word' id='word_1_542' title='bbox 2876 2120 3279 2190; x_wconf 89' lang='lat' dir='ltr'><strong>auctoritatem,</strong></span> <span class='ocrx_word' id='word_1_543' title='bbox 3337 2125 3584 2197; x_wconf 90' lang='lat' dir='ltr'><strong>inspecto</strong></span> 
     </span>
    </p>
   </div>
   <div class='ocr_carea' id='block_1_75' title="bbox 1965 2198 3581 2277">
    <p class='ocr_par' dir='ltr' id='par_1_75' title="bbox 1965 2198 3581 2277">
     <span class='ocr_line' id='line_1_79' title="bbox 1965 2198 3581 2277; baseline 0.017 -32"><span class='ocrx_word' id='word_1_544' title='bbox 1965 2208 2149 2248; x_wconf 88' lang='lat' dir='ltr'><strong>coram</strong></span> <span class='ocrx_word' id='word_1_545' title='bbox 2175 2205 2318 2252; x_wconf 72' lang='lat' dir='ltr'><strong>ccetu</strong></span> <span class='ocrx_word' id='word_1_546' title='bbox 2362 2198 2607 2257; x_wconf 89' lang='lat' dir='ltr'><strong>ﬁdelium</strong></span> <span class='ocrx_word' id='word_1_547' title='bbox 2669 2216 3002 2277; x_wconf 90' lang='lat' dir='ltr'><strong>nostrorum,</strong></span> <span class='ocrx_word' id='word_1_548' title='bbox 3063 2220 3168 2266; x_wconf 90' lang='lat' dir='ltr'><strong>tam</strong></span> <span class='ocrx_word' id='word_1_549' title='bbox 3219 2216 3581 2273; x_wconf 88' lang='lat' dir='ltr'><strong>ecclesiastici</strong></span> 
     </span>
    </p>
   </div>
   <div class='ocr_carea' id='block_1_76' title="bbox 1966 2284 3579 2379">
    <p class='ocr_par' dir='ltr' id='par_1_76' title="bbox 1966 2284 3579 2379">
     <span class='ocr_line' id='line_1_80' title="bbox 1966 2284 3579 2379; baseline 0.019 -46"><span class='ocrx_word' id='word_1_550' title='bbox 1966 2296 2127 2351; x_wconf 90' lang='lat' dir='ltr'><strong>quam</strong></span> <span class='ocrx_word' id='word_1_551' title='bbox 2176 2284 2383 2342; x_wconf 89' lang='lat' dir='ltr'><strong>laicalis</strong></span> <span class='ocrx_word' id='word_1_552' title='bbox 2440 2292 2650 2348; x_wconf 91' lang='lat' dir='ltr'><strong>ordinis</strong></span> <span class='ocrx_word' id='word_1_553' title='bbox 2708 2302 3038 2355; x_wconf 89' lang='lat' dir='ltr'><strong>testamento</strong></span> <span class='ocrx_word' id='word_1_554' title='bbox 3096 2304 3271 2357; x_wconf 88' lang='lat' dir='ltr'><strong>sancti</strong></span> <span class='ocrx_word' id='word_1_555' title='bbox 3327 2305 3579 2379; x_wconf 83' lang='lat' dir='ltr'><strong>Remigii,</strong></span> 
     </span>
    </p>
   </div>
   <div class='ocr_carea' id='block_1_77' title="bbox 1963 2374 3579 2456">
    <p class='ocr_par' dir='ltr' id='par_1_77' title="bbox 1963 2374 3579 2456">
     <span class='ocr_line' id='line_1_81' title="bbox 1963 2374 3579 2456; baseline 0.016 -34"><span class='ocrx_word' id='word_1_556' title='bbox 1963 2374 2386 2439; x_wconf 62' lang='lat' dir='ltr'><strong>praesentialiter</strong></span> <span class='ocrx_word' id='word_1_557' title='bbox 2442 2395 2579 2433; x_wconf 68' lang='lat' dir='ltr'><strong>casa:</strong></span> <span class='ocrx_word' id='word_1_558' title='bbox 2615 2393 2819 2440; x_wconf 60' lang='lat' dir='ltr'><strong>sanctie</strong></span> <span class='ocrx_word' id='word_1_559' title='bbox 2863 2386 3063 2456; x_wconf 61' lang='lat' dir='ltr'><strong>Mariae,</strong></span> <span class='ocrx_word' id='word_1_560' title='bbox 3093 2396 3147 2443; x_wconf 90' lang='lat' dir='ltr'><strong>et</strong></span> <span class='ocrx_word' id='word_1_561' title='bbox 3186 2392 3359 2447; x_wconf 89' lang='lat' dir='ltr'><strong>sancti</strong></span> <span class='ocrx_word' id='word_1_562' title='bbox 3394 2393 3579 2447; x_wconf 82' lang='lat' dir='ltr'><strong>Remi-</strong></span> 
     </span>
    </p>
   </div>
   <div class='ocr_carea' id='block_1_78' title="bbox 1961 2462 3581 2554">
    <p class='ocr_par' dir='ltr' id='par_1_78' title="bbox 1961 2462 3581 2554">
     <span class='ocr_line' id='line_1_82' title="bbox 1961 2462 3581 2554; baseline 0.02 -41"><span class='ocrx_word' id='word_1_563' title='bbox 1961 2462 2057 2535; x_wconf 91' lang='lat' dir='ltr'><strong>gii,</strong></span> <span class='ocrx_word' id='word_1_564' title='bbox 2091 2472 2255 2536; x_wconf 90' lang='lat' dir='ltr'><strong>atque</strong></span> <span class='ocrx_word' id='word_1_565' title='bbox 2289 2469 2578 2528; x_wconf 87' lang='lat' dir='ltr'><strong>Hincmaro</strong></span> <span class='ocrx_word' id='word_1_566' title='bbox 2636 2478 3055 2554; x_wconf 89' lang='lat' dir='ltr'><strong>archiepisc0po</strong></span> <span class='ocrx_word' id='word_1_567' title='bbox 3097 2502 3220 2540; x_wconf 90' lang='lat' dir='ltr'><strong>cum</strong></span> <span class='ocrx_word' id='word_1_568' title='bbox 3253 2488 3402 2542; x_wconf 91' lang='lat' dir='ltr'><strong>omni</strong></span> <span class='ocrx_word' id='word_1_569' title='bbox 3437 2488 3581 2544; x_wconf 88' lang='lat' dir='ltr'><strong>inte-</strong></span> 
     </span>
    </p>
   </div>
   <div class='ocr_carea' id='block_1_79' title="bbox 1957 2552 3577 2649">
    <p class='ocr_par' dir='ltr' id='par_1_79' title="bbox 1957 2552 3577 2649">
     <span class='ocr_line' id='line_1_83' title="bbox 1957 2552 3577 2649; baseline 0.019 -45"><span class='ocrx_word' id='word_1_570' title='bbox 1957 2552 2154 2625; x_wconf 89' lang='lat' dir='ltr'><strong>gritate</strong></span> <span class='ocrx_word' id='word_1_571' title='bbox 2197 2557 2477 2615; x_wconf 91' lang='lat' dir='ltr'><strong>reddimus</strong></span> <span class='ocrx_word' id='word_1_572' title='bbox 2525 2564 2608 2617; x_wconf 94' lang='lat' dir='ltr'><strong>vel</strong></span> <span class='ocrx_word' id='word_1_573' title='bbox 2672 2552 3032 2640; x_wconf 80' lang='lat' dir='ltr'><strong>restituimus,</strong></span> <span class='ocrx_word' id='word_1_574' title='bbox 3090 2582 3148 2629; x_wconf 91' lang='lat' dir='ltr'><strong>ut</strong></span> <span class='ocrx_word' id='word_1_575' title='bbox 3201 2576 3409 2649; x_wconf 89' lang='lat' dir='ltr'><strong>absque</strong></span> <span class='ocrx_word' id='word_1_576' title='bbox 3467 2580 3577 2634; x_wconf 89' lang='lat' dir='ltr'><strong>ulla</strong></span> 
     </span>
    </p>
   </div>
   <div class='ocr_carea' id='block_1_80' title="bbox 1958 2642 3579 2732">
    <p class='ocr_par' dir='ltr' id='par_1_80' title="bbox 1958 2642 3579 2732">
     <span class='ocr_line' id='line_1_84' title="bbox 1958 2642 3579 2732; baseline 0.019 -39"><span class='ocrx_word' id='word_1_577' title='bbox 1958 2642 2348 2717; x_wconf 88' lang='lat' dir='ltr'><strong>refragatione,</strong></span> <span class='ocrx_word' id='word_1_578' title='bbox 2404 2653 2636 2707; x_wconf 89' lang='lat' dir='ltr'><strong>cassatis</strong></span> <span class='ocrx_word' id='word_1_579' title='bbox 2684 2657 3107 2732; x_wconf 90' lang='lat' dir='ltr'><strong>quibuscunque</strong></span> <span class='ocrx_word' id='word_1_580' title='bbox 3165 2665 3287 2719; x_wconf 91' lang='lat' dir='ltr'><strong>aliis</strong></span> <span class='ocrx_word' id='word_1_581' title='bbox 3332 2670 3579 2723; x_wconf 90' lang='lat' dir='ltr'><strong>conscri-</strong></span> 
     </span>
    </p>
   </div>
   <div class='ocr_carea' id='block_1_81' title="bbox 1954 2733 3574 2817">
    <p class='ocr_par' dir='ltr' id='par_1_81' title="bbox 1954 2733 3574 2817">
     <span class='ocr_line' id='line_1_85' title="bbox 1954 2733 3574 2817; baseline 0.019 -32"><span class='ocrx_word' id='word_1_582' title='bbox 1954 2733 2256 2803; x_wconf 89' lang='lat' dir='ltr'><strong>ptionibus,</strong></span> <span class='ocrx_word' id='word_1_583' title='bbox 2287 2740 2507 2795; x_wconf 91' lang='lat' dir='ltr'><strong>easdem</strong></span> <span class='ocrx_word' id='word_1_584' title='bbox 2553 2761 2640 2799; x_wconf 91' lang='lat' dir='ltr'><strong>res</strong></span> <span class='ocrx_word' id='word_1_585' title='bbox 2688 2763 2786 2817; x_wconf 91' lang='lat' dir='ltr'><strong>per</strong></span> <span class='ocrx_word' id='word_1_586' title='bbox 2827 2750 2968 2807; x_wconf 88' lang='lat' dir='ltr'><strong>hanc</strong></span> <span class='ocrx_word' id='word_1_587' title='bbox 3000 2761 3240 2809; x_wconf 90' lang='lat' dir='ltr'><strong>nostram</strong></span> <span class='ocrx_word' id='word_1_588' title='bbox 3274 2760 3574 2814; x_wconf 90' lang='lat' dir='ltr'><strong>auctorita-</strong></span> 
     </span>
    </p>
   </div>
   <div class='ocr_carea' id='block_1_82' title="bbox 1956 2831 3574 2918">
    <p class='ocr_par' dir='ltr' id='par_1_82' title="bbox 1956 2831 3574 2918">
     <span class='ocr_line' id='line_1_86' title="bbox 1956 2831 3574 2918; baseline 0.018 -39"><span class='ocrx_word' id='word_1_589' title='bbox 1956 2832 2064 2880; x_wconf 92' lang='lat' dir='ltr'><strong>tem</strong></span> <span class='ocrx_word' id='word_1_590' title='bbox 2089 2831 2317 2901; x_wconf 91' lang='lat' dir='ltr'><strong>recipiat</strong></span> <span class='ocrx_word' id='word_1_591' title='bbox 2344 2850 2357 2899; x_wconf 90' lang='lat'><strong>;</strong></span> <span class='ocrx_word' id='word_1_592' title='bbox 2392 2845 2450 2889; x_wconf 91' lang='lat' dir='ltr'><strong>ut</strong></span> <span class='ocrx_word' id='word_1_593' title='bbox 2470 2836 2610 2892; x_wconf 91' lang='lat' dir='ltr'><strong>sicut</strong></span> <span class='ocrx_word' id='word_1_594' title='bbox 2663 2856 2751 2895; x_wconf 90' lang='lat' dir='ltr'><strong>res</strong></span> <span class='ocrx_word' id='word_1_595' title='bbox 2779 2842 3027 2898; x_wconf 68' lang='lat' dir='ltr'><strong>ecclesiae</strong></span> <span class='ocrx_word' id='word_1_596' title='bbox 3058 2846 3419 2918; x_wconf 70' lang='lat' dir='ltr'><strong>disponenda)</strong></span> <span class='ocrx_word' id='word_1_597' title='bbox 3448 2864 3574 2909; x_wconf 92' lang='lat' dir='ltr'><strong>sunt</strong></span> 
     </span>
    </p>
   </div>
   <div class='ocr_carea' id='block_1_83' title="bbox 1954 2922 3569 3016">
    <p class='ocr_par' dir='ltr' id='par_1_83' title="bbox 1954 2922 3569 3016">
     <span class='ocr_line' id='line_1_87' title="bbox 1954 2922 3569 3016; baseline 0.015 -39"><span class='ocrx_word' id='word_1_598' title='bbox 1954 2922 2023 2977; x_wconf 90' lang='lat' dir='ltr'><strong>ad</strong></span> <span class='ocrx_word' id='word_1_599' title='bbox 2049 2926 2339 2983; x_wconf 89' lang='lat' dir='ltr'><strong>utilitatem</strong></span> <span class='ocrx_word' id='word_1_600' title='bbox 2392 2930 2564 3001; x_wconf 90' lang='lat' dir='ltr'><strong>ipsius</strong></span> <span class='ocrx_word' id='word_1_601' title='bbox 2592 2933 2847 2990; x_wconf 72' lang='lat' dir='ltr'><strong>Ecclesiae</strong></span> <span class='ocrx_word' id='word_1_602' title='bbox 2902 2938 3019 3004; x_wconf 91' lang='lat' dir='ltr'><strong>Dei,</strong></span> <span class='ocrx_word' id='word_1_603' title='bbox 3070 2947 3177 2994; x_wconf 89' lang='lat' dir='ltr'><strong>tam</strong></span> <span class='ocrx_word' id='word_1_604' title='bbox 3233 2942 3347 3013; x_wconf 87' lang='lat' dir='ltr'><strong>ipse</strong></span> <span class='ocrx_word' id='word_1_605' title='bbox 3407 2962 3569 3016; x_wconf 92' lang='lat' dir='ltr'><strong>quam</strong></span> 
     </span>
    </p>
   </div>
   <div class='ocr_carea' id='block_1_84' title="bbox 1952 3019 3569 3095">
    <p class='ocr_par' dir='ltr' id='par_1_84' title="bbox 1952 3019 3569 3095">
     <span class='ocr_line' id='line_1_88' title="bbox 1952 3019 3569 3095; baseline 0.015 -29"><span class='ocrx_word' id='word_1_606' title='bbox 1952 3028 2302 3072; x_wconf 89' lang='lat' dir='ltr'><strong>successores</strong></span> <span class='ocrx_word' id='word_1_607' title='bbox 2369 3019 2540 3091; x_wconf 91' lang='lat' dir='ltr'><strong>ipsius</strong></span> <span class='ocrx_word' id='word_1_608' title='bbox 2595 3024 2913 3095; x_wconf 91' lang='lat' dir='ltr'><strong>disponant.</strong></span> <span class='ocrx_word' id='word_1_609' title='bbox 2959 3027 3126 3091; x_wconf 87' lang='lat' dir='ltr'><strong>Quam</strong></span> <span class='ocrx_word' id='word_1_610' title='bbox 3188 3034 3569 3089; x_wconf 85' lang='lat' dir='ltr'><strong>auctoritatem</strong></span> 
     </span>
    </p>
   </div>
   <div class='ocr_carea' id='block_1_85' title="bbox 1953 3104 3567 3193">
    <p class='ocr_par' dir='ltr' id='par_1_85' title="bbox 1953 3104 3567 3193">
     <span class='ocr_line' id='line_1_89' title="bbox 1953 3104 3567 3193; baseline 0.014 -37"><span class='ocrx_word' id='word_1_611' title='bbox 1953 3104 2029 3169; x_wconf 95' lang='lat' dir='ltr'><strong>(in</strong></span> <span class='ocrx_word' id='word_1_612' title='bbox 2058 3122 2163 3175; x_wconf 91' lang='lat' dir='ltr'><strong>qua</strong></span> <span class='ocrx_word' id='word_1_613' title='bbox 2200 3123 2302 3163; x_wconf 92' lang='lat' dir='ltr'><strong>nos</strong></span> <span class='ocrx_word' id='word_1_614' title='bbox 2328 3110 2558 3165; x_wconf 90' lang='lat' dir='ltr'><strong>ulterius</strong></span> <span class='ocrx_word' id='word_1_615' title='bbox 2577 3113 2683 3166; x_wconf 91' lang='lat' dir='ltr'><strong>tale</strong></span> <span class='ocrx_word' id='word_1_616' title='bbox 2710 3115 2971 3184; x_wconf 89' lang='lat' dir='ltr'><strong>quiddam</strong></span> <span class='ocrx_word' id='word_1_617' title='bbox 3004 3134 3133 3193; x_wconf 85' lang='lat' dir='ltr'><strong>erga</strong></span> <span class='ocrx_word' id='word_1_618' title='bbox 3188 3121 3358 3191; x_wconf 89' lang='lat' dir='ltr'><strong>ipsam</strong></span> <span class='ocrx_word' id='word_1_619' title='bbox 3388 3141 3567 3179; x_wconf 90' lang='lat' dir='ltr'><strong>casam</strong></span> 
     </span>
    </p>
   </div>
   <div class='ocr_carea' id='block_1_86' title="bbox 1952 3201 3567 3273">
    <p class='ocr_par' dir='ltr' id='par_1_86' title="bbox 1952 3201 3567 3273">
     <span class='ocr_line' id='line_1_90' title="bbox 1952 3201 3567 3273; baseline 0.012 -20"><span class='ocrx_word' id='word_1_620' title='bbox 1952 3201 2045 3254; x_wconf 87' lang='lat' dir='ltr'><strong>Dei</strong></span> <span class='ocrx_word' id='word_1_621' title='bbox 2077 3217 2187 3256; x_wconf 90' lang='lat' dir='ltr'><strong>non</strong></span> <span class='ocrx_word' id='word_1_622' title='bbox 2221 3210 2439 3257; x_wconf 89' lang='lat' dir='ltr'><strong>acturos</strong></span> <span class='ocrx_word' id='word_1_623' title='bbox 2480 3205 2844 3273; x_wconf 88' lang='lat' dir='ltr'><strong>spondemus,</strong></span> <span class='ocrx_word' id='word_1_624' title='bbox 2904 3218 2959 3264; x_wconf 92' lang='lat' dir='ltr'><strong>et</strong></span> <span class='ocrx_word' id='word_1_625' title='bbox 2985 3219 3045 3264; x_wconf 92' lang='lat' dir='ltr'><strong>ut</strong></span> <span class='ocrx_word' id='word_1_626' title='bbox 3075 3228 3239 3267; x_wconf 91' lang='lat' dir='ltr'><strong>nemo</strong></span> <span class='ocrx_word' id='word_1_627' title='bbox 3272 3231 3567 3271; x_wconf 83' lang='lat' dir='ltr'><strong>successo-</strong></span> 
     </span>
    </p>
   </div>
   <div class='ocr_carea' id='block_1_87' title="bbox 1949 3298 3565 3375">
    <p class='ocr_par' dir='ltr' id='par_1_87' title="bbox 1949 3298 3565 3375">
     <span class='ocr_line' id='line_1_91' title="bbox 1949 3298 3565 3375; baseline 0.011 -28"><span class='ocrx_word' id='word_1_628' title='bbox 1949 3310 2066 3347; x_wconf 89' lang='lat' dir='ltr'><strong>rum</strong></span> <span class='ocrx_word' id='word_1_629' title='bbox 2102 3301 2411 3349; x_wconf 85' lang='lat' dir='ltr'><strong>nostrorum</strong></span> <span class='ocrx_word' id='word_1_630' title='bbox 2465 3312 2627 3368; x_wconf 88' lang='lat' dir='ltr'><strong>agere</strong></span> <span class='ocrx_word' id='word_1_631' title='bbox 2658 3298 2934 3363; x_wconf 88' lang='lat' dir='ltr'><strong>moliatur,</strong></span> <span class='ocrx_word' id='word_1_632' title='bbox 2996 3318 3095 3372; x_wconf 91' lang='lat' dir='ltr'><strong>per</strong></span> <span class='ocrx_word' id='word_1_633' title='bbox 3125 3305 3565 3375; x_wconf 85' lang='lat' dir='ltr'><strong>omnipotentem</strong></span> 
     </span>
    </p>
   </div>
   <div class='ocr_carea' id='block_1_88' title="bbox 1946 3384 3567 3465">
    <p class='ocr_par' dir='ltr' id='par_1_88' title="bbox 1946 3384 3567 3465">
     <span class='ocr_line' id='line_1_92' title="bbox 1946 3384 3567 3465; baseline 0.01 -28"><span class='ocrx_word' id='word_1_634' title='bbox 1946 3384 2235 3438; x_wconf 91' lang='lat' dir='ltr'><strong>Dominum</strong></span> <span class='ocrx_word' id='word_1_635' title='bbox 2291 3385 2538 3452; x_wconf 89' lang='lat' dir='ltr'><strong>ejusdem</strong></span> <span class='ocrx_word' id='word_1_636' title='bbox 2599 3387 2834 3459; x_wconf 90' lang='lat' dir='ltr'><strong>Virginis</strong></span> <span class='ocrx_word' id='word_1_637' title='bbox 2884 3388 3054 3446; x_wconf 92' lang='lat' dir='ltr'><strong>ﬁlium</strong></span> <span class='ocrx_word' id='word_1_638' title='bbox 3104 3393 3474 3465; x_wconf 88' lang='lat' dir='ltr'><strong>obsecramus)</strong></span> <span class='ocrx_word' id='word_1_639' title='bbox 3508 3408 3567 3455; x_wconf 90' lang='lat' dir='ltr'><strong>ut</strong></span> 
     </span>
    </p>
   </div>
   <div class='ocr_carea' id='block_1_89' title="bbox 1944 3479 3564 3550">
    <p class='ocr_par' dir='ltr' id='par_1_89' title="bbox 1944 3479 3564 3550">
     <span class='ocr_line' id='line_1_93' title="bbox 1944 3479 3564 3550; baseline 0.01 -22"><span class='ocrx_word' id='word_1_640' title='bbox 1944 3491 2043 3545; x_wconf 90' lang='lat' dir='ltr'><strong>per</strong></span> <span class='ocrx_word' id='word_1_641' title='bbox 2071 3482 2302 3529; x_wconf 88' lang='lat' dir='ltr'><strong>ventura</strong></span> <span class='ocrx_word' id='word_1_642' title='bbox 2357 3482 2605 3545; x_wconf 90' lang='lat' dir='ltr'><strong>tempora</strong></span> <span class='ocrx_word' id='word_1_643' title='bbox 2661 3479 2865 3534; x_wconf 91' lang='lat' dir='ltr'><strong>certior</strong></span> <span class='ocrx_word' id='word_1_644' title='bbox 2918 3481 3205 3550; x_wconf 89' lang='lat' dir='ltr'><strong>habeatur,</strong></span> <span class='ocrx_word' id='word_1_645' title='bbox 3276 3495 3329 3539; x_wconf 90' lang='lat' dir='ltr'><strong>et</strong></span> <span class='ocrx_word' id='word_1_646' title='bbox 3372 3496 3564 3545; x_wconf 89' lang='lat' dir='ltr'><strong>contra</strong></span> 
     </span>
    </p>
   </div>
   <div class='ocr_carea' id='block_1_90' title="bbox 1942 3564 3561 3647">
    <p class='ocr_par' dir='ltr' id='par_1_90' title="bbox 1942 3564 3561 3647">
     <span class='ocr_line' id='line_1_94' title="bbox 1942 3564 3561 3647; baseline 0.008 -28"><span class='ocrx_word' id='word_1_647' title='bbox 1942 3564 2170 3619; x_wconf 82' lang='lat' dir='ltr'><strong>aemulos</strong></span> <span class='ocrx_word' id='word_1_648' title='bbox 2216 3564 2389 3634; x_wconf 92' lang='lat' dir='ltr'><strong>ipsius</strong></span> <span class='ocrx_word' id='word_1_649' title='bbox 2436 3573 2637 3619; x_wconf 67' lang='lat' dir='ltr'><strong>sancta:</strong></span> <span class='ocrx_word' id='word_1_650' title='bbox 2698 3566 2944 3621; x_wconf 68' lang='lat' dir='ltr'><strong>ecclesia:</strong></span> <span class='ocrx_word' id='word_1_651' title='bbox 2998 3571 3081 3624; x_wconf 92' lang='lat' dir='ltr'><strong>sui</strong></span> <span class='ocrx_word' id='word_1_652' title='bbox 3136 3574 3331 3628; x_wconf 89' lang='lat' dir='ltr'><strong>notitia</strong></span> <span class='ocrx_word' id='word_1_653' title='bbox 3361 3576 3561 3647; x_wconf 88' lang='lat' dir='ltr'><strong>valeat,</strong></span> 
     </span>
    </p>
   </div>
   <div class='ocr_carea' id='block_1_91' title="bbox 1940 3652 3559 3722">
    <p class='ocr_par' dir='ltr' id='par_1_91' title="bbox 1940 3652 3559 3722">
     <span class='ocr_line' id='line_1_95' title="bbox 1940 3652 3559 3722; baseline 0.005 -13"><span class='ocrx_word' id='word_1_654' title='bbox 1940 3670 2107 3709; x_wconf 88' lang='lat' dir='ltr'><strong>manu</strong></span> <span class='ocrx_word' id='word_1_655' title='bbox 2150 3660 2337 3708; x_wconf 89' lang='lat' dir='ltr'><strong>nostra</strong></span> <span class='ocrx_word' id='word_1_656' title='bbox 2365 3652 2911 3722; x_wconf 86' lang='lat' dir='ltr'><strong>subterﬁrinavimus,</strong></span> <span class='ocrx_word' id='word_1_657' title='bbox 2944 3665 2998 3710; x_wconf 90' lang='lat' dir='ltr'><strong>et</strong></span> <span class='ocrx_word' id='word_1_658' title='bbox 3029 3658 3218 3713; x_wconf 90' lang='lat' dir='ltr'><strong>annuli</strong></span> <span class='ocrx_word' id='word_1_659' title='bbox 3244 3663 3415 3715; x_wconf 88' lang='lat' dir='ltr'><strong>nostri</strong></span> <span class='ocrx_word' id='word_1_660' title='bbox 3451 3664 3559 3717; x_wconf 85' lang='lat' dir='ltr'><strong>im-</strong></span> 
     </span>
    </p>
   </div>
   <div class='ocr_carea' id='block_1_92' title="bbox 1942 3745 3564 3815">
    <p class='ocr_par' dir='ltr' id='par_1_92' title="bbox 1942 3745 3564 3815">
     <span class='ocr_line' id='line_1_96' title="bbox 1942 3745 3564 3815; baseline 0.006 -15"><span class='ocrx_word' id='word_1_661' title='bbox 1942 3760 2226 3815; x_wconf 79' lang='lat' dir='ltr'><strong>pressmne</strong></span> <span class='ocrx_word' id='word_1_662' title='bbox 2259 3745 2509 3800; x_wconf 83' lang='lat' dir='ltr'><strong>roboravi</strong></span> <span class='ocrx_word' id='word_1_663' title='bbox 2537 3745 2902 3803; x_wconf 86' lang='lat' dir='ltr'><strong>decrevimus.</strong></span> <span class='ocrx_word' id='word_1_664' title='bbox 2946 3748 3078 3802; x_wconf 91' lang='lat' dir='ltr'><strong>Data</strong></span> <span class='ocrx_word' id='word_1_665' title='bbox 3111 3749 3368 3807; x_wconf 87' lang='lat' dir='ltr'><strong>Kalendis</strong></span> <span class='ocrx_word' id='word_1_666' title='bbox 3400 3752 3564 3810; x_wconf 87' lang='lat' dir='ltr'><strong>Octo-</strong></span> 
     </span>
    </p>
   </div>
   <div class='ocr_carea' id='block_1_93' title="bbox 1942 3838 3558 3921">
    <p class='ocr_par' dir='ltr' id='par_1_93' title="bbox 1942 3838 3558 3921">
     <span class='ocr_line' id='line_1_97' title="bbox 1942 3838 3558 3921; baseline 0.006 -30"><span class='ocrx_word' id='word_1_667' title='bbox 1942 3838 2056 3892; x_wconf 87' lang='lat' dir='ltr'><strong>bris</strong></span> <span class='ocrx_word' id='word_1_668' title='bbox 2112 3840 2335 3903; x_wconf 35' lang='lat' dir='ltr'><strong>anno.6</strong></span> <span class='ocrx_word' id='word_1_669' title='bbox 2369 3848 2636 3913; x_wconf 91' lang='lat' dir='ltr'><strong>regnante</strong></span> <span class='ocrx_word' id='word_1_670' title='bbox 2695 3840 2889 3896; x_wconf 87' lang='lat' dir='ltr'><strong>Karolo</strong></span> <span class='ocrx_word' id='word_1_671' title='bbox 2947 3841 3347 3916; x_wconf 87' lang='lat' dir='ltr'><strong>gloriosissimo</strong></span> <span class='ocrx_word' id='word_1_672' title='bbox 3406 3862 3558 3921; x_wconf 85' lang='lat' dir='ltr'><strong>rege,</strong></span> 
     </span>
    </p>
   </div>
   <div class='ocr_carea' id='block_1_94' title="bbox 1944 3928 3559 4006">
    <p class='ocr_par' dir='ltr' id='par_1_94' title="bbox 1944 3928 3559 4006">
     <span class='ocr_line' id='line_1_98' title="bbox 1944 3928 3559 4006; baseline 0.005 -24"><span class='ocrx_word' id='word_1_673' title='bbox 1944 3928 2249 3983; x_wconf 91' lang='lat' dir='ltr'><strong>indictione</strong></span> <span class='ocrx_word' id='word_1_674' title='bbox 2276 3928 2328 3986; x_wconf 92' lang='lat'><strong>8.</strong></span> <span class='ocrx_word' id='word_1_675' title='bbox 2379 3929 2567 3983; x_wconf 87' lang='lat' dir='ltr'><strong>Actum</strong></span> <span class='ocrx_word' id='word_1_676' title='bbox 2623 3929 2675 3983; x_wconf 93' lang='lat' dir='ltr'><strong>in</strong></span> <span class='ocrx_word' id='word_1_677' title='bbox 2736 3945 2877 4005; x_wconf 86' lang='lat' dir='ltr'><strong>pago</strong></span> <span class='ocrx_word' id='word_1_678' title='bbox 2904 3930 3311 4006; x_wconf 83' lang='lat' dir='ltr'><strong>Andegavensi,</strong></span> <span class='ocrx_word' id='word_1_679' title='bbox 3346 3933 3400 3987; x_wconf 94' lang='lat' dir='ltr'><strong>in</strong></span> <span class='ocrx_word' id='word_1_680' title='bbox 3432 3936 3559 3991; x_wconf 89' lang='lat' dir='ltr'><strong>villa</strong></span> 
     </span>
    </p>
   </div>
   <div class='ocr_carea' id='block_1_95' title="bbox 1940 4017 2215 4090">
    <p class='ocr_par' dir='ltr' id='par_1_95' title="bbox 1940 4017 2215 4090">
     <span class='ocr_line' id='line_1_99' title="bbox 1940 4017 2215 4090; baseline -0.007 -20"><span class='ocrx_word' id='word_1_681' title='bbox 1940 4017 2163 4090; x_wconf 83' lang='lat' dir='ltr'><strong>Avegio.</strong></span> <span class='ocrx_word' id='word_1_682' title='bbox 2197 4040 2215 4068; x_wconf 74' lang='grc' dir='ltr'><strong>ι</strong></span> 
     </span>
    </p>
   </div>
   <div class='ocr_carea' id='block_1_96' title="bbox 2010 4108 3552 4180">
    <p class='ocr_par' dir='ltr' id='par_1_96' title="bbox 2010 4108 3552 4180">
     <span class='ocr_line' id='line_1_100' title="bbox 2010 4108 3552 4180; baseline 0.004 -17"><span class='ocrx_word' id='word_1_683' title='bbox 2010 4110 2083 4163; x_wconf 93' lang='lat' dir='ltr'><strong>De</strong></span> <span class='ocrx_word' id='word_1_684' title='bbox 2113 4108 2325 4164; x_wconf 72' lang='lat' dir='ltr'><strong>caeteris</strong></span> <span class='ocrx_word' id='word_1_685' title='bbox 2354 4123 2578 4179; x_wconf 89' lang='lat' dir='ltr'><strong>quoque</strong></span> <span class='ocrx_word' id='word_1_686' title='bbox 2636 4108 2820 4175; x_wconf 90' lang='lat' dir='ltr'><strong>rebus,</strong></span> <span class='ocrx_word' id='word_1_687' title='bbox 2877 4126 2997 4180; x_wconf 65' lang='lat' dir='ltr'><strong>qua:</strong></span> <span class='ocrx_word' id='word_1_688' title='bbox 3028 4118 3158 4166; x_wconf 91' lang='lat' dir='ltr'><strong>tunc</strong></span> <span class='ocrx_word' id='word_1_689' title='bbox 3187 4112 3414 4166; x_wconf 65' lang='lat' dir='ltr'><strong>reddita)</strong></span> <span class='ocrx_word' id='word_1_690' title='bbox 3443 4129 3552 4170; x_wconf 93' lang='lat' dir='ltr'><strong>non</strong></span> 
     </span>
    </p>
   </div>
   <div class='ocr_carea' id='block_1_97' title="bbox 1939 4200 3553 4269">
    <p class='ocr_par' dir='ltr' id='par_1_97' title="bbox 1939 4200 3553 4269">
     <span class='ocr_line' id='line_1_101' title="bbox 1939 4200 3553 4269; baseline 0.002 -11"><span class='ocrx_word' id='word_1_691' title='bbox 1939 4202 2182 4267; x_wconf 81' lang='lat' dir='ltr'><strong>fuerunt,</strong></span> <span class='ocrx_word' id='word_1_692' title='bbox 2225 4200 2541 4269; x_wconf 87' lang='lat' dir='ltr'><strong>hujusmodi</strong></span> <span class='ocrx_word' id='word_1_693' title='bbox 2602 4201 2949 4269; x_wconf 89' lang='lat' dir='ltr'><strong>postmodum</strong></span> <span class='ocrx_word' id='word_1_694' title='bbox 3000 4203 3279 4258; x_wconf 87' lang='lat' dir='ltr'><strong>invenitur</strong></span> <span class='ocrx_word' id='word_1_695' title='bbox 3332 4205 3553 4262; x_wconf 88' lang='lat' dir='ltr'><strong>dedisse</strong></span> 
     </span>
    </p>
   </div>
   <div class='ocr_carea' id='block_1_98' title="bbox 1939 4289 2777 4363">
    <p class='ocr_par' dir='ltr' id='par_1_98' title="bbox 1939 4289 2777 4363">
     <span class='ocr_line' id='line_1_102' title="bbox 1939 4289 2777 4363; baseline -0.004 -16"><span class='ocrx_word' id='word_1_696' title='bbox 1939 4292 2082 4363; x_wconf 86' lang='lat' dir='ltr'><strong>[ms.,</strong></span> <span class='ocrx_word' id='word_1_697' title='bbox 2111 4289 2370 4359; x_wconf 91' lang='lat' dir='ltr'><strong>edidisse]</strong></span> <span class='ocrx_word' id='word_1_698' title='bbox 2406 4295 2777 4359; x_wconf 86' lang='lat' dir='ltr'><strong>praeceptum:</strong></span> 
     </span>
    </p>
   </div>
   <div class='ocr_carea' id='block_1_99' title="bbox 2009 4381 3552 4453">
    <p class='ocr_par' dir='ltr' id='par_1_99' title="bbox 2009 4381 3552 4453">
     <span class='ocr_line' id='line_1_103' title="bbox 2009 4381 3552 4453; baseline 0.006 -19"><span class='ocrx_word' id='word_1_699' title='bbox 2009 4404 2033 4434; x_wconf 71' lang='grc' dir='ltr'><strong>(ε</strong></span> <span class='ocrx_word' id='word_1_700' title='bbox 2068 4384 2127 4436; x_wconf 92' lang='lat' dir='ltr'><strong>ln</strong></span> <span class='ocrx_word' id='word_1_701' title='bbox 2160 4381 2596 4436; x_wconf 65' lang='lat' dir='ltr'><strong>nominesanctze</strong></span> <span class='ocrx_word' id='word_1_702' title='bbox 2612 4381 2984 4437; x_wconf 81' lang='lat' dir='ltr'><strong>etindividuae</strong></span> <span class='ocrx_word' id='word_1_703' title='bbox 3005 4382 3302 4453; x_wconf 87' lang='lat' dir='ltr'><strong>Trinitatis,</strong></span> <span class='ocrx_word' id='word_1_704' title='bbox 3325 4386 3552 4444; x_wconf 84' lang='lat' dir='ltr'><strong>Karolus</strong></span> 
     </span>
    </p>
   </div>
   <div class='ocr_carea' id='block_1_100' title="bbox 1934 4468 3550 4545">
    <p class='ocr_par' dir='ltr' id='par_1_100' title="bbox 1934 4468 3550 4545">
     <span class='ocr_line' id='line_1_104' title="bbox 1934 4468 3550 4545; baseline 0.003 -21"><span class='ocrx_word' id='word_1_705' title='bbox 1934 4470 2108 4545; x_wconf 88' lang='lat' dir='ltr'><strong>gratia</strong></span> <span class='ocrx_word' id='word_1_706' title='bbox 2133 4469 2229 4523; x_wconf 92' lang='lat' dir='ltr'><strong>Dei</strong></span> <span class='ocrx_word' id='word_1_707' title='bbox 2250 4484 2341 4523; x_wconf 89' lang='lat' dir='ltr'><strong>rex</strong></span> <span class='ocrx_word' id='word_1_708' title='bbox 2373 4484 2387 4522; x_wconf 91' lang='lat'><strong>:</strong></span> <span class='ocrx_word' id='word_1_709' title='bbox 2430 4468 2688 4523; x_wconf 91' lang='lat' dir='ltr'><strong>omnibus</strong></span> <span class='ocrx_word' id='word_1_710' title='bbox 2736 4471 3051 4538; x_wconf 89' lang='lat' dir='ltr'><strong>comitibus,</strong></span> <span class='ocrx_word' id='word_1_711' title='bbox 3106 4473 3415 4541; x_wconf 88' lang='lat' dir='ltr'><strong>abbatibus,</strong></span> <span class='ocrx_word' id='word_1_712' title='bbox 3449 4476 3550 4529; x_wconf 87' lang='lat' dir='ltr'><strong>ab-</strong></span> 
     </span>
    </p>
   </div>
   <div class='ocr_carea' id='block_1_101' title="bbox 1848 4560 3549 4649">
    <p class='ocr_par' dir='ltr' id='par_1_101' title="bbox 1848 4560 3549 4649">
     <span class='ocr_line' id='line_1_105' title="bbox 1848 4560 3549 4649; baseline -0.001 -31"><span class='ocrx_word' id='word_1_713' title='bbox 1848 4580 1906 4649; x_wconf 85' lang='lat' dir='ltr'>D</span> <span class='ocrx_word' id='word_1_714' title='bbox 1936 4563 2173 4630; x_wconf 90' lang='lat' dir='ltr'><strong>batissis,</strong></span> <span class='ocrx_word' id='word_1_715' title='bbox 2220 4560 2424 4627; x_wconf 88' lang='lat' dir='ltr'><strong>missis,</strong></span> <span class='ocrx_word' id='word_1_716' title='bbox 2481 4560 2730 4629; x_wconf 88' lang='lat' dir='ltr'><strong>vassalis,</strong></span> <span class='ocrx_word' id='word_1_717' title='bbox 2758 4572 2813 4619; x_wconf 90' lang='lat' dir='ltr'><strong>et</strong></span> <span class='ocrx_word' id='word_1_718' title='bbox 2835 4564 3047 4619; x_wconf 90' lang='lat' dir='ltr'><strong>cunctis</strong></span> <span class='ocrx_word' id='word_1_719' title='bbox 3075 4572 3277 4619; x_wconf 65' lang='lat' dir='ltr'><strong>sanctae</strong></span> <span class='ocrx_word' id='word_1_720' title='bbox 3323 4563 3416 4617; x_wconf 91' lang='lat' dir='ltr'><strong>Dei</strong></span> <span class='ocrx_word' id='word_1_721' title='bbox 3447 4562 3549 4617; x_wconf 89' lang='lat' dir='ltr'><strong>Ec-</strong></span> 
     </span>
    </p>
   </div>
   <div class='ocr_carea' id='block_1_102' title="bbox 1933 4651 3550 4723">
    <p class='ocr_par' dir='ltr' id='par_1_102' title="bbox 1933 4651 3550 4723">
     <span class='ocr_line' id='line_1_106' title="bbox 1933 4651 3550 4723; baseline -0.001 -15"><span class='ocrx_word' id='word_1_722' title='bbox 1933 4653 2115 4708; x_wconf 59' lang='lat' dir='ltr'><strong>clesiae</strong></span> <span class='ocrx_word' id='word_1_723' title='bbox 2146 4651 2403 4706; x_wconf 90' lang='lat' dir='ltr'><strong>ﬁdelibus</strong></span> <span class='ocrx_word' id='word_1_724' title='bbox 2454 4667 2517 4707; x_wconf 90' lang='lat' dir='ltr'><strong>ac</strong></span> <span class='ocrx_word' id='word_1_725' title='bbox 2566 4652 2791 4720; x_wconf 90' lang='lat' dir='ltr'><strong>nostris,</strong></span> <span class='ocrx_word' id='word_1_726' title='bbox 2840 4654 3204 4723; x_wconf 62' lang='lat' dir='ltr'><strong>prmsentibus</strong></span> <span class='ocrx_word' id='word_1_727' title='bbox 3253 4652 3465 4707; x_wconf 90' lang='lat' dir='ltr'><strong>scilicet</strong></span> <span class='ocrx_word' id='word_1_728' title='bbox 3496 4664 3550 4708; x_wconf 91' lang='lat' dir='ltr'><strong>et</strong></span> 
     </span>
    </p>
   </div>
   <div class='ocr_carea' id='block_1_103' title="bbox 1932 4741 3549 4812">
    <p class='ocr_par' dir='ltr' id='par_1_103' title="bbox 1932 4741 3549 4812">
     <span class='ocr_line' id='line_1_107' title="bbox 1932 4741 3549 4812; baseline -0.001 -15"><span class='ocrx_word' id='word_1_729' title='bbox 1932 4742 2149 4810; x_wconf 87' lang='lat' dir='ltr'><strong>futuris,</strong></span> <span class='ocrx_word' id='word_1_730' title='bbox 2199 4750 2388 4796; x_wconf 92' lang='lat' dir='ltr'><strong>notum</strong></span> <span class='ocrx_word' id='word_1_731' title='bbox 2445 4756 2567 4795; x_wconf 90' lang='lat' dir='ltr'><strong>esse</strong></span> <span class='ocrx_word' id='word_1_732' title='bbox 2605 4742 2879 4807; x_wconf 90' lang='lat' dir='ltr'><strong>volumus,</strong></span> <span class='ocrx_word' id='word_1_733' title='bbox 2911 4741 3039 4812; x_wconf 90' lang='lat' dir='ltr'><strong>quia</strong></span> <span class='ocrx_word' id='word_1_734' title='bbox 3073 4742 3391 4797; x_wconf 85' lang='lat' dir='ltr'><strong>llincmarus</strong></span> <span class='ocrx_word' id='word_1_735' title='bbox 3420 4757 3549 4795; x_wconf 89' lang='lat' dir='ltr'><strong>san-</strong></span> 
     </span>
    </p>
   </div>
   <div class='ocr_carea' id='block_1_104' title="bbox 1930 4828 3545 4901">
    <p class='ocr_par' dir='ltr' id='par_1_104' title="bbox 1930 4828 3545 4901">
     <span class='ocr_line' id='line_1_108' title="bbox 1930 4828 3545 4901; baseline -0.001 -15"><span class='ocrx_word' id='word_1_736' title='bbox 1930 4840 2030 4887; x_wconf 73' lang='lat' dir='ltr'><strong>etze</strong></span> <span class='ocrx_word' id='word_1_737' title='bbox 2070 4830 2317 4886; x_wconf 62' lang='lat' dir='ltr'><strong>ecclesiae</strong></span> <span class='ocrx_word' id='word_1_738' title='bbox 2364 4831 2657 4886; x_wconf 79' lang='lat' dir='ltr'><strong>Remorum</strong></span> <span class='ocrx_word' id='word_1_739' title='bbox 2705 4828 3016 4901; x_wconf 85' lang='lat' dir='ltr'><strong>religiosus,</strong></span> <span class='ocrx_word' id='word_1_740' title='bbox 3073 4830 3342 4901; x_wconf 90' lang='lat' dir='ltr'><strong>nobisque</strong></span> <span class='ocrx_word' id='word_1_741' title='bbox 3388 4832 3545 4884; x_wconf 89' lang='lat' dir='ltr'><strong>valde</strong></span> 
     </span>
    </p>
   </div>
   <div class='ocr_carea' id='block_1_105' title="bbox 1928 4920 3547 4992">
    <p class='ocr_par' dir='ltr' id='par_1_105' title="bbox 1928 4920 3547 4992">
     <span class='ocr_line' id='line_1_109' title="bbox 1928 4920 3547 4992; baseline -0.001 -15"><span class='ocrx_word' id='word_1_742' title='bbox 1928 4924 2163 4978; x_wconf 89' lang='lat' dir='ltr'><strong>dilectus</strong></span> <span class='ocrx_word' id='word_1_743' title='bbox 2192 4939 2255 4978; x_wconf 90' lang='lat' dir='ltr'><strong>ac</strong></span> <span class='ocrx_word' id='word_1_744' title='bbox 2274 4923 2604 4977; x_wconf 88' lang='lat' dir='ltr'><strong>venerabilis</strong></span> <span class='ocrx_word' id='word_1_745' title='bbox 2668 4920 2939 4992; x_wconf 90' lang='lat' dir='ltr'><strong>pontifex,</strong></span> <span class='ocrx_word' id='word_1_746' title='bbox 2973 4920 3246 4975; x_wconf 89' lang='lat' dir='ltr'><strong>accedens</strong></span> <span class='ocrx_word' id='word_1_747' title='bbox 3286 4922 3351 4975; x_wconf 89' lang='lat' dir='ltr'><strong>ad</strong></span> <span class='ocrx_word' id='word_1_748' title='bbox 3384 4922 3547 4976; x_wconf 87' lang='lat' dir='ltr'><strong>celsi-</strong></span> 
     </span>
    </p>
   </div>
   <div class='ocr_carea' id='block_1_106' title="bbox 1926 5008 3546 5082">
    <p class='ocr_par' dir='ltr' id='par_1_106' title="bbox 1926 5008 3546 5082">
     <span class='ocr_line' id='line_1_110' title="bbox 1926 5008 3546 5082; baseline -0.001 -16"><span class='ocrx_word' id='word_1_749' title='bbox 1926 5011 2137 5067; x_wconf 89' lang='lat' dir='ltr'><strong>tudinis</strong></span> <span class='ocrx_word' id='word_1_750' title='bbox 2194 5019 2392 5066; x_wconf 67' lang='lat' dir='ltr'><strong>nostrae</strong></span> <span class='ocrx_word' id='word_1_751' title='bbox 2470 5010 2927 5082; x_wconf 85' lang='lat' dir='ltr'><strong>magnitudinem,</strong></span> <span class='ocrx_word' id='word_1_752' title='bbox 3000 5008 3235 5063; x_wconf 89' lang='lat' dir='ltr'><strong>innotuit</strong></span> <span class='ocrx_word' id='word_1_753' title='bbox 3287 5025 3546 5065; x_wconf 88' lang='lat' dir='ltr'><strong>mansue-</strong></span> 
     </span>
    </p>
   </div>
   <div class='ocr_carea' id='block_1_107' title="bbox 1929 5100 3542 5172">
    <p class='ocr_par' dir='ltr' id='par_1_107' title="bbox 1929 5100 3542 5172">
     <span class='ocr_line' id='line_1_111' title="bbox 1929 5100 3542 5172; baseline -0.001 -14"><span class='ocrx_word' id='word_1_754' title='bbox 1929 5102 2106 5158; x_wconf 89' lang='lat' dir='ltr'><strong>tudini</strong></span> <span class='ocrx_word' id='word_1_755' title='bbox 2162 5109 2384 5169; x_wconf 68' lang='lat' dir='ltr'><strong>nostrze,</strong></span> <span class='ocrx_word' id='word_1_756' title='bbox 2417 5103 2565 5172; x_wconf 87' lang='lat' dir='ltr'><strong>quod</strong></span> <span class='ocrx_word' id='word_1_757' title='bbox 2600 5118 2666 5155; x_wconf 81' lang='lat' dir='ltr'><strong>ex</strong></span> <span class='ocrx_word' id='word_1_758' title='bbox 2698 5102 2861 5155; x_wconf 90' lang='lat' dir='ltr'><strong>rebus</strong></span> <span class='ocrx_word' id='word_1_759' title='bbox 2898 5109 3100 5155; x_wconf 68' lang='lat' dir='ltr'><strong>sanctas</strong></span> <span class='ocrx_word' id='word_1_760' title='bbox 3132 5100 3225 5154; x_wconf 90' lang='lat' dir='ltr'><strong>Dei</strong></span> <span class='ocrx_word' id='word_1_761' title='bbox 3256 5101 3542 5172; x_wconf 84' lang='lat' dir='ltr'><strong>genitricis</strong></span> 
     </span>
    </p>
   </div>
   <div class='ocr_carea' id='block_1_108' title="bbox 1926 5192 3543 5264">
    <p class='ocr_par' dir='ltr' id='par_1_108' title="bbox 1926 5192 3543 5264">
     <span class='ocr_line' id='line_1_112' title="bbox 1926 5192 3543 5264; baseline 0 -16"><span class='ocrx_word' id='word_1_762' title='bbox 1926 5195 2125 5261; x_wconf 62' lang='lat' dir='ltr'><strong>Mariae,</strong></span> <span class='ocrx_word' id='word_1_763' title='bbox 2158 5203 2213 5249; x_wconf 88' lang='lat' dir='ltr'><strong>et</strong></span> <span class='ocrx_word' id='word_1_764' title='bbox 2238 5195 2412 5249; x_wconf 90' lang='lat' dir='ltr'><strong>sancti</strong></span> <span class='ocrx_word' id='word_1_765' title='bbox 2440 5211 2502 5248; x_wconf 92' lang='lat' dir='ltr'><strong>ac</strong></span> <span class='ocrx_word' id='word_1_766' title='bbox 2555 5193 2781 5264; x_wconf 88' lang='lat' dir='ltr'><strong>pretiosi</strong></span> <span class='ocrx_word' id='word_1_767' title='bbox 2821 5192 3155 5248; x_wconf 87' lang='lat' dir='ltr'><strong>confessoris</strong></span> <span class='ocrx_word' id='word_1_768' title='bbox 3198 5192 3396 5247; x_wconf 90' lang='lat' dir='ltr'><strong>Christi</strong></span> <span class='ocrx_word' id='word_1_769' title='bbox 3436 5194 3543 5248; x_wconf 82' lang='lat' dir='ltr'><strong>Re-</strong></span> 
     </span>
    </p>
   </div>
   <div class='ocr_carea' id='block_1_109' title="bbox 1924 5281 3544 5381">
    <p class='ocr_par' dir='ltr' id='par_1_109' title="bbox 1924 5281 3544 5381">
     <span class='ocr_line' id='line_1_113' title="bbox 1924 5281 3544 5381; baseline 0.001 -45"><span class='ocrx_word' id='word_1_770' title='bbox 1924 5283 2098 5356; x_wconf 89' lang='lat' dir='ltr'><strong>migii,</strong></span> <span class='ocrx_word' id='word_1_771' title='bbox 2154 5299 2275 5353; x_wconf 72' lang='lat' dir='ltr'><strong>quae</strong></span> <span class='ocrx_word' id='word_1_772' title='bbox 2319 5299 2416 5353; x_wconf 88' lang='lat' dir='ltr'><strong>per</strong></span> <span class='ocrx_word' id='word_1_773' title='bbox 2464 5290 2753 5353; x_wconf 87' lang='lat' dir='ltr'><strong>parentum</strong></span> <span class='ocrx_word' id='word_1_774' title='bbox 2828 5289 3238 5337; x_wconf 86' lang='lat' dir='ltr'><strong>antecessorum</strong></span> <span class='ocrx_word' id='word_1_775' title='bbox 3286 5281 3544 5381; x_wconf 78' lang='lat' dir='ltr'><strong>videlicet</strong></span> 
     </span>
    </p>
   </div>
   <div class='ocr_carea' id='block_1_110' title="bbox 1925 5370 3543 5443">
    <p class='ocr_par' dir='ltr' id='par_1_110' title="bbox 1925 5370 3543 5443">
     <span class='ocr_line' id='line_1_114' title="bbox 1925 5370 3543 5443; baseline 0.001 -17"><span class='ocrx_word' id='word_1_776' title='bbox 1925 5378 2235 5426; x_wconf 88' lang='lat' dir='ltr'><strong>nostrorum</strong></span> <span class='ocrx_word' id='word_1_777' title='bbox 2262 5387 2449 5443; x_wconf 89' lang='lat' dir='ltr'><strong>regum</strong></span> <span class='ocrx_word' id='word_1_778' title='bbox 2480 5371 2784 5438; x_wconf 90' lang='lat' dir='ltr'><strong>dationem,</strong></span> <span class='ocrx_word' id='word_1_779' title='bbox 2817 5370 2932 5427; x_wconf 89' lang='lat' dir='ltr'><strong>sive</strong></span> <span class='ocrx_word' id='word_1_780' title='bbox 2962 5388 3064 5441; x_wconf 89' lang='lat' dir='ltr'><strong>per</strong></span> <span class='ocrx_word' id='word_1_781' title='bbox 3091 5377 3363 5426; x_wconf 89' lang='lat' dir='ltr'><strong>rectorum</strong></span> <span class='ocrx_word' id='word_1_782' title='bbox 3397 5372 3543 5441; x_wconf 86' lang='lat' dir='ltr'><strong>ejus-</strong></span> 
     </span>
    </p>
   </div>
   <div class='ocr_carea' id='block_1_111' title="bbox 1926 5462 3540 5534">
    <p class='ocr_par' dir='ltr' id='par_1_111' title="bbox 1926 5462 3540 5534">
     <span class='ocr_line' id='line_1_115' title="bbox 1926 5462 3540 5534; baseline 0.002 -18"><span class='ocrx_word' id='word_1_783' title='bbox 1926 5462 2051 5516; x_wconf 92' lang='lat' dir='ltr'><strong>dem</strong></span> <span class='ocrx_word' id='word_1_784' title='bbox 2073 5462 2321 5517; x_wconf 75' lang='lat' dir='ltr'><strong>ecclesiae</strong></span> <span class='ocrx_word' id='word_1_785' title='bbox 2371 5463 2821 5534; x_wconf 88' lang='lat' dir='ltr'><strong>imprudentiam,</strong></span> <span class='ocrx_word' id='word_1_786' title='bbox 2858 5464 2940 5518; x_wconf 90' lang='lat' dir='ltr'><strong>vel</strong></span> <span class='ocrx_word' id='word_1_787' title='bbox 2979 5463 3419 5533; x_wconf 84' lang='lat' dir='ltr'><strong>concessionem,</strong></span> <span class='ocrx_word' id='word_1_788' title='bbox 3456 5466 3540 5520; x_wconf 88' lang='lat' dir='ltr'><strong>vel</strong></span> 
     </span>
    </p>
   </div>
   <div class='ocr_carea' id='block_1_112' title="bbox 1924 5555 3539 5628">
    <p class='ocr_par' dir='ltr' id='par_1_112' title="bbox 1924 5555 3539 5628">
     <span class='ocr_line' id='line_1_116' title="bbox 1924 5555 3539 5628; baseline 0.001 -17"><span class='ocrx_word' id='word_1_789' title='bbox 1924 5555 2087 5611; x_wconf 90' lang='lat' dir='ltr'><strong>etiam</strong></span> <span class='ocrx_word' id='word_1_790' title='bbox 2133 5571 2592 5628; x_wconf 90' lang='lat' dir='ltr'><strong>quorumcunquc</strong></span> <span class='ocrx_word' id='word_1_791' title='bbox 2636 5557 3019 5612; x_wconf 90' lang='lat' dir='ltr'><strong>malivolorum</strong></span> <span class='ocrx_word' id='word_1_792' title='bbox 3076 5558 3539 5615; x_wconf 89' lang='lat' dir='ltr'><strong>machinationem</strong></span> 
     </span>
    </p>
   </div>
   <div class='ocr_carea' id='block_1_113' title="bbox 1925 5649 3538 5718">
    <p class='ocr_par' dir='ltr' id='par_1_113' title="bbox 1925 5649 3538 5718">
     <span class='ocr_line' id='line_1_117' title="bbox 1925 5649 3538 5718; baseline 0.003 -16"><span class='ocrx_word' id='word_1_793' title='bbox 1925 5649 1993 5703; x_wconf 88' lang='lat' dir='ltr'><strong>ab</strong></span> <span class='ocrx_word' id='word_1_794' title='bbox 2024 5650 2217 5704; x_wconf 88' lang='lat' dir='ltr'><strong>eadem</strong></span> <span class='ocrx_word' id='word_1_795' title='bbox 2247 5658 2435 5706; x_wconf 87' lang='lat' dir='ltr'><strong>sancta</strong></span> <span class='ocrx_word' id='word_1_796' title='bbox 2464 5650 2696 5707; x_wconf 87' lang='lat' dir='ltr'><strong>ecclesia</strong></span> <span class='ocrx_word' id='word_1_797' title='bbox 2733 5650 3021 5707; x_wconf 85' lang='lat' dir='ltr'><strong>abstractae</strong></span> <span class='ocrx_word' id='word_1_798' title='bbox 3050 5667 3173 5707; x_wconf 93' lang='lat' dir='ltr'><strong>esse</strong></span> <span class='ocrx_word' id='word_1_799' title='bbox 3216 5663 3538 5718; x_wconf 90' lang='lat' dir='ltr'><strong>cernuntur,</strong></span> 
     </span>
    </p>
   </div>
   <div class='ocr_carea' id='block_1_114' title="bbox 1924 5740 3537 5811">
    <p class='ocr_par' dir='ltr' id='par_1_114' title="bbox 1924 5740 3537 5811">
     <span class='ocr_line' id='line_1_118' title="bbox 1924 5740 3537 5811; baseline -0.001 -19"><span class='ocrx_word' id='word_1_800' title='bbox 1924 5753 2085 5793; x_wconf 82' lang='lat' dir='ltr'><strong>nonae</strong></span> <span class='ocrx_word' id='word_1_801' title='bbox 2116 5746 2166 5796; x_wconf 90' lang='lat' dir='ltr'><strong>et</strong></span> <span class='ocrx_word' id='word_1_802' title='bbox 2195 5740 2446 5809; x_wconf 72' lang='lat' dir='ltr'><strong>decimze,</strong></span> <span class='ocrx_word' id='word_1_803' title='bbox 2501 5741 2567 5796; x_wconf 89' lang='lat' dir='ltr'><strong>ad</strong></span> <span class='ocrx_word' id='word_1_804' title='bbox 2610 5740 2860 5797; x_wconf 91' lang='lat' dir='ltr'><strong>eamdem</strong></span> <span class='ocrx_word' id='word_1_805' title='bbox 2905 5741 3219 5811; x_wconf 65' lang='lat' dir='ltr'><strong>prredictam</strong></span> <span class='ocrx_word' id='word_1_806' title='bbox 3247 5740 3537 5793; x_wconf 84' lang='lat' dir='ltr'><strong>ecclesiam</strong></span> 
     </span>
    </p>
   </div>
  </div>
