3970 6218
432 307 541 361 143

1556 303 1923 361 FLODOARDI
1965 302 2271 359 CANONICI
2312 304 2641 361 REMENSIS

3658 315 3753 371 144

430 434 680 500 minime,
708 434 849 489 sicut
876 440 1084 490 rectum
1138 440 1244 501 est,
1302 433 1708 506 persolvantur.
1743 435 1898 490 Unde
1931 450 2043 489 ma-
2068 438 2115 506 Α
2142 436 2291 490 omni
2337 437 2642 500 exactione.
2697 454 2820 510 qua
2898 447 3146 512 tempore
3204 441 3291 496 avi
3344 444 3516 499 nostri
3575 444 3758 501 domni

428 526 763 601 gniﬁcentia
794 534 993 584 nostra
1042 527 1202 598 petiit
1233 527 1578 602 dignitatem,
1629 535 1693 583 ut
1714 532 1918 582 nostra
1952 543 2043 581 au-

428 619 696 675 ctoritatis
722 627 1058 690 praceptum
1102 619 1173 674 ob
1200 619 1293 674 Dei
1323 627 1378 674 et
1423 627 1625 675 sancta
1677 618 1852 690 ipsius
1882 617 2039 672 Geni-

428 711 598 777 tricis,
630 712 744 767 sive
774 710 1003 782 pretiosi
1051 712 1268 782 patroni
1301 712 1474 767 nostri
1529 713 1763 788 Remigii
1795 731 2037 771 amorem

430 799 481 854 ei
508 798 627 855 ﬁeri
644 800 990 869 juberemus.
1009 800 1173 868 Cujus
1192 801 1352 856 nobis
1368 802 1695 857 amabilibus
1722 810 1777 858 et
1796 820 2042 859 necessa-

430 887 526 942 riis
558 888 919 958 petitionibus
947 888 1383 959 acquiescentes,
1425 896 1480 943 et
1508 888 1683 944 libere
1714 890 2040 962 placideque

428 976 820 1048 obsequentes,
852 977 959 1033 hoc
1009 984 1211 1032 nostra
1267 992 1481 1051 magna
1530 978 1871 1034 auctoritatis
1902 995 2042 1049 pra-

428 1072 649 1135 ceptum
692 1065 744 1121 ei
799 1063 919 1120 ﬁeri
960 1065 1245 1133 jussimus.
1301 1064 1406 1120 Per
1460 1066 1610 1136 quod
1660 1065 2043 1136 praecipientes

430 1168 688 1224 expresse
720 1152 1003 1221 jubemus,
1057 1160 1117 1208 ut
1147 1153 1397 1225 quisquis
1450 1152 1695 1209 ﬁdelium
1728 1153 1822 1207 Dei
1861 1154 2040 1209 omni-

431 1241 694 1310 potentis,
718 1249 1167 1311 nostrorumque,
1196 1257 1263 1296 ex
1302 1240 1512 1295 eisdem
1539 1249 1741 1296 sancta
1759 1240 1851 1295 Dei
1883 1242 2040 1314 geni-

429 1332 580 1386 tricis
610 1332 809 1400 Maria,
840 1332 927 1387 vel
967 1333 1141 1388 sancti
1198 1330 1530 1388 confessoris
1559 1330 1756 1387 Christi
1788 1332 2039 1407 Remigii,

434 1418 726 1474 Remorum
758 1418 1006 1474 ecclesia
1058 1420 1243 1487 rebus,
1274 1419 1391 1474 sive
1440 1419 1791 1489 episcopatus
1820 1420 2041 1494 religio-

428 1510 633 1564 sissimi
672 1517 728 1565 et
777 1509 1119 1565 dilectissimi
1172 1510 1334 1566 nobis
1378 1509 1650 1565 Hincmari
1708 1511 2042 1565 venerabilis

428 1603 852 1674 archiepisc0pi,
897 1603 1105 1674 aliquid
1164 1603 1368 1658 habere
1396 1603 1758 1677 dignoscitur,
1803 1603 1921 1656 sive
1946 1619 2045 1673 per

430 1690 737 1764 largitionis
767 1697 968 1745 nostra
1014 1690 1455 1756 concessionem,
1499 1689 1612 1743 sive
1644 1704 1742 1760 per
1781 1704 2043 1760 quorum-

2146 522 2324 578 Karoli
2377 525 2724 596 imperatoris
2750 543 2818 583 ex
2852 529 3047 584 eadem
3106 545 3232 585 casa
3267 531 3364 586 Dei
3404 533 3762 608 exigebantur

2144 611 2212 666 ad
2236 614 2518 683 palatium,
2551 617 2699 687 quod
2749 624 2976 673 vocatur
3016 619 3365 693 Aquisgrani,
3397 628 3457 675 ut
3488 621 3544 675 in
3594 621 3761 677 adiﬁ-

2144 703 2360 759 catione
2414 712 2469 759 et
2508 707 2907 762 restauratione
2963 707 3138 778 ipsius
3189 708 3439 764 ecclesia
3488 709 3609 776 Dei,
3668 726 3760 782 per

2146 793 2328 849 futura
2358 803 2605 866 tempora
2631 814 2805 869 usque
2849 799 2919 853 ad
2948 797 3117 854 ﬁnem
3138 799 3348 867 saculi,
3372 801 3440 855 ad
3473 801 3756 857 utilitatem

2144 900 2290 956 sape
2312 886 2471 942 dicta
2496 897 2699 944 sancta
2727 890 2977 945 ecclesia
3006 890 3062 945 in
3094 891 3452 962 eleemosyna
3482 891 3633 947 illius
3648 908 3761 963 pro-

2144 972 2393 1043 ﬁcerent,
2440 984 2495 1032 et
2545 993 2649 1033 nec
2691 979 2760 1033 ad
2790 980 3048 1035 eumdem
3094 980 3299 1048 locum,
3338 980 3423 1036 vel
3475 981 3548 1035 ad
3597 981 3755 1035 alium

2145 1068 2448 1138 quemlibet
2488 1069 2621 1139 ipsa
2682 1069 3106 1139 redhibitiones,
3161 1072 3250 1127 vel
3327 1071 3603 1143 impensa
3654 1072 3759 1128 ullo

2144 1176 2386 1231 unquam
2421 1166 2669 1232 tempore
2699 1162 3069 1237 exigerentur,
3088 1163 3186 1218 sed
3209 1163 3439 1218 remissa
3467 1163 3759 1239 indulgeu-

2146 1252 2219 1306 tia
2258 1251 2404 1306 illius
2434 1252 2490 1306 in
2513 1252 2711 1307 eodem
2750 1252 2873 1309 loco
2901 1252 3251 1324 proﬁcerent.
3274 1254 3597 1324 Cujusbene
3617 1262 3765 1330 gesta

2146 1351 2261 1398 rata
2288 1343 2623 1412 judicantes,
2675 1360 2777 1414 per
2834 1346 2938 1401 hoc
2998 1354 3198 1401 nostra
3255 1346 3608 1401 auctoritatis
3637 1363 3765 1418 pra-

2143 1439 2364 1502 ceptum
2391 1431 2763 1499 decernimus,
2813 1439 2873 1487 ut
2923 1434 3194 1505 quidquid
3225 1433 3296 1489 de
3337 1433 3651 1502 exactione,
3681 1436 3762 1490 vel

2145 1520 2413 1591 operariis
2480 1521 2753 1591 pradicta
2816 1522 3226 1578 constitutionis
3302 1538 3472 1593 supra
3526 1524 3764 1594 scriptus

2146 1612 2384 1667 domnus
2409 1621 2465 1667 et
2516 1612 2739 1686 genitor
2775 1620 2985 1679 noster,
3042 1629 3142 1668 seu
3173 1618 3228 1669 et
3257 1614 3327 1669 de
3352 1629 3514 1669 muro
3530 1614 3762 1670 civitatis

2146 1703 2337 1774 ipsius,
2380 1704 2468 1759 vel
2497 1705 2601 1759 viis
2647 1704 2715 1759 ad
2768 1706 3030 1760 utilitates
3085 1706 3310 1760 claustri
3360 1706 3755 1761 canonicorum

429 1799 647 1855 cunque
694 1792 1290 1854 supramemoratorum
1330 1780 1758 1848 aﬁ‘ectationem,
1818 1781 1903 1836 vel
1935 1797 2038 1835 ma-

2145 1793 2560 1864 proﬁcientibus
2587 1796 2643 1850 in
2668 1811 2770 1851 suo
2800 1804 3079 1867 pracepto
3100 1797 3379 1854 concessit
3409 1819 3424 1861 ;
3460 1798 3569 1853 hoc
3594 1805 3760 1853 totum

428 1872 825 1939 chinationem,
873 1888 973 1927 seu
998 1872 1164 1928 etiam
1215 1878 1272 1927 et
1317 1871 1789 1942 deprecationem,
1839 1870 2045 1940 aliquid

430 1970 624 2017 tenore
648 1961 832 2033 aliquo
866 1977 929 2016 ex
988 1961 1263 2032 pradictis
1312 1960 1476 2015 rebus
1525 1969 1719 2015 tenere
1751 1957 1836 2012 vel
1870 1957 2046 2028 possi-

429 2049 560 2104 dere
585 2049 851 2115 cernitur,
878 2063 1082 2104 nonam
1114 2056 1170 2103 et
1207 2047 1477 2103 decimam
1512 2045 1568 2100 in
1620 2044 1913 2099 missorum
1947 2058 2046 2098 no-

426 2144 660 2194 strorum
711 2137 1025 2209 prasentia,
1084 2137 1252 2192 misso
1302 2135 1549 2192 ecclesia
1599 2139 1804 2188 sanctae
1842 2132 2042 2196 Maria,

428 2226 512 2280 vel
543 2227 719 2281 sancti
745 2225 981 2301 Remigii
1030 2225 1351 2292 Remorum,
1383 2223 1499 2279 sive
1545 2221 1823 2278 Hincmari
1875 2236 2045 2275 vene-

428 2314 615 2368 rabilis
640 2313 1040 2384 archiepiscopi
1098 2312 1366 2379 revadiet,
1421 2317 1476 2366 et
1526 2309 1689 2364 annis
1717 2307 1951 2383 singulis
1976 2307 2045 2362 ad

426 2405 680 2460 eamdem
711 2405 992 2477 prafatam
1017 2412 1072 2460 et
1119 2409 1482 2459 memoratam
1510 2400 1803 2457 ecclesiam
1834 2399 2045 2470 persol-

426 2510 577 2561 vere,
600 2494 811 2565 absque
868 2492 1035 2548 ullius
1083 2490 1393 2548 occasionis
1452 2488 1889 2545 contradictione
1919 2503 2043 2542 cum

425 2584 577 2639 omni
601 2583 883 2658 vigilantia
912 2582 1153 2638 studeat.
1186 2580 1509 2652 Quicunque
1529 2592 1659 2635 vero
1689 2584 1881 2634 contra
1904 2578 2046 2632 hanc

424 2683 625 2731 nostra
664 2673 1002 2730 auctoritatis
1040 2672 1466 2745 praceptionem
1494 2670 1565 2725 de
1604 2670 1712 2725 hoc
1765 2668 1883 2723 ﬁeri
1905 2684 2044 2738 pra-

422 2766 743 2838 sumpserit,
774 2765 910 2820 sciat
938 2765 1246 2820 secundum
1289 2763 1473 2838 digna
1539 2760 1821 2817 memoria
1854 2759 1959 2827 avi,
1992 2767 2045 2815 et

424 2857 529 2927 pia
562 2856 959 2912 recordationis
988 2855 1258 2931 genitoris
1298 2853 1473 2910 nostri
1499 2850 1740 2924 capitula
1771 2866 1832 2905 se
1859 2865 2046 2905 emen-

423 2946 701 3015 daturum,
733 2954 789 3003 ct
813 2947 960 3019 ipsas
997 2947 1221 3002 easdem
1239 2962 1327 3001 res
1361 2945 1571 3017 absque
1600 2943 1832 3011 alicujus
1874 2942 2044 2997 inter-

2149 1891 2415 1953 perpetua
2458 1892 2646 1939 nostra
2698 1884 3044 1960 indulgentia
3090 1885 3177 1941 vel
3231 1885 3622 1952 concessione,
3673 1900 3766 1941 seu

2146 1976 2467 2033 auctoritate
2497 1993 2843 2042 concessum,
2899 1978 2986 2033 vel
3027 1974 3409 2033 conﬁrmatum
3463 1985 3689 2033 maneat
3716 1978 3768 2031 in

2147 2079 2497 2141 perpetuum.
2552 2070 2614 2126 Et
2669 2077 2729 2125 ut
2802 2070 2920 2125 hac
2969 2076 3170 2125 nostra
3200 2068 3643 2125 conﬁrmationis
3681 2069 3768 2124 vel

2147 2162 2530 2218 concessionis
2570 2161 2867 2218 auctoritas
2932 2178 3033 2232 per
3062 2160 3241 2217 futura
3291 2167 3545 2232 tempora
3564 2161 3770 2217 certior

2146 2259 2529 2325 cognoscatur.
2572 2259 2628 2306 et
2681 2258 3005 2322 permaneat
3061 2248 3409 2314 inconvulsa,
3440 2265 3564 2304 eam
3600 2266 3765 2305 manu

2145 2346 2330 2394 nostra
2356 2337 2910 2405 subterﬁrmavimus,
2943 2346 2998 2394 et
3047 2338 3118 2393 de
3162 2338 3368 2393 annulo
3418 2344 3612 2393 nostro
3644 2354 3762 2393 eam

2145 2426 2372 2500 sigillari
2404 2427 2788 2499 pracepimus.
2822 2428 2955 2482 Data
2986 2443 3038 2481 tv
3074 2426 3348 2481 Kalendas
3367 2426 3588 2494 Junias,
3621 2443 3763 2483 anno

2146 2518 2215 2575 10
2246 2530 2514 2592 regnante
2580 2520 2777 2575 Karolo
2831 2519 3075 2593 glorioso
3124 2534 3280 2591 rege,
3320 2517 3640 2574 indictione
3681 2520 3760 2575 t3.

2146 2610 2337 2663 Actum
2368 2609 2661 2665 Vermcria
2686 2611 2742 2664 in
2802 2609 3006 2682 palatio
3061 2612 3236 2687 regio,
3301 2612 3359 2667 in
3410 2611 3509 2666 Dei
3538 2609 3763 2667 nomine

2144 2696 2398 2754 feliciter.
2429 2699 2620 2755 Amen.
2663 2723 2690 2752 ι

2798 2770 3008 2827 CAPUT
3036 2771 3100 2826 V.

2144 2861 2218 2913 De
2262 2861 2607 2928 reparatione
2649 2862 2931 2987 Rcmensis:
2959 2860 3188 2986 ectheSiaa
3217 2859 3285 2914 ab
3312 2860 3432 2929 ipso
3461 2860 3767 2914 Hincmaro

2834 2947 2872 2987 υ
2934 2948 3000 2986 ra
3025 2946 3078 2985 a.

2829 2946 3078 3002 patrata.

421 3039 690 3148 cessionis
714 3039 1104 3148 impetratione
1135 3038 1466 3148 amissurum
1511 3037 1644 3148 έιὶὂο
1671 3052 1706 3090 ι·
1736 3050 1857 3104 ϐαρ·
1892 3034 1996 3089 163
2023 3051 2037 3101 ;
2068 3077 2118 3148 C
2216 3042 2725 3119 Hujusmodiregia
2775 3044 3142 3120 benignitatis
3193 3042 3415 3100 functus
3461 3044 3767 3101 auctorita-

422 3131 526 3191 lib.
554 3148 610 3187 ll.
649 3147 698 3188 ο.
726 3131 792 3187 21
828 3148 843 3197 ;
876 3131 970 3187 lib.
998 3148 1070 3199 tv,
1102 3146 1149 3197 ο,
1182 3130 1295 3199 40).
1330 3129 1393 3184 Et
1422 3136 1482 3185 ut
1511 3129 1629 3183 hac
1675 3133 1876 3183 nostra
1903 3142 2041 3197 pra-

421 3223 693 3295 ceptionis
722 3223 1023 3279 auctoritas
1068 3221 1440 3278 inviolabilem
1494 3219 1741 3276 obtineat
1771 3216 2044 3272 ﬁrmitatis

421 3315 682 3390 rigorem,
723 3322 778 3370 et
805 3315 875 3370 ab
923 3314 1183 3371 omnibus
1216 3312 1471 3369 ﬁdelibus
1498 3317 1698 3367 sancta
1722 3308 1817 3363 Dei
1857 3308 2042 3363 Eccle-

418 3406 513 3461 sia
542 3414 599 3461 et
627 3406 855 3473 nostris,
888 3405 1252 3478 prasentibus
1281 3401 1801 3469 scilicetetfuturis,
1834 3399 2038 3469 verius,

416 3493 731 3566 certiusque
753 3493 1029 3559 credatur,
1062 3509 1184 3549 eam
1202 3492 1409 3547 annulo
1452 3497 1643 3546 nostro
1676 3488 1867 3544 subter
1888 3488 2041 3563 sigil-

417 3579 516 3634 lari
548 3580 832 3649 jussimus.
883 3581 1018 3635 Data
1049 3598 1099 3636 tv
1128 3579 1353 3635 Nonnas
1402 3577 1765 3649 Septembris,
1806 3591 1953 3631 anno
1983 3578 2038 3644 8,

417 3667 718 3724 indictione
749 3667 839 3735 10,
907 3677 1174 3744 regnante
1219 3667 1416 3723 Karolo
1471 3664 1869 3741 gloriosissimo
1886 3679 2037 3740 rege.

414 3758 603 3814 Actum
638 3759 693 3814 in
724 3760 1063 3815 monasterio
1094 3758 1270 3814 sancti
1297 3757 1561 3824 Quintini.
1599 3777 1624 3807 ι)

491 3851 857 3906 lmmunitatis
883 3851 1047 3906 etiam
1075 3848 1380 3905 secundum
1437 3855 1848 3904 antecessorum
1906 3862 2036 3903 suo—

412 3959 533 3998 rum
590 3959 781 4018 regum
839 3941 1177 4013 exemplaria
1222 3940 1403 3996 eidem
1447 3947 1651 3996 sancta
1704 3939 1823 3995 sedi
1878 3955 2032 3994 suam

412 4030 649 4088 contulit
693 4031 1098 4088 auctoritatem.
1150 4030 1468 4086 Cessionem
1517 4044 1737 4102 quoque
1768 4027 2036 4104 genitoris

410 4122 496 4176 sui
557 4120 815 4177 Ludovici
876 4122 944 4177 de
1001 4120 1288 4176 exactione
1339 4118 1490 4195 regia
1549 4121 1754 4189 (supra,
1813 4118 1909 4172 lib.
1971 4134 2030 4185 ιι,

411 4228 458 4267 c.
501 4210 608 4282 19),
657 4209 745 4266 vel
774 4210 1042 4282 Operariis
1095 4225 1158 4265 ac
1195 4223 1353 4264 muro
1384 4208 1621 4265 civitatis
1654 4207 1724 4262 ob
1755 4213 2031 4262 restaura—

411 4301 618 4356 tionem
664 4300 836 4372 ipsius
865 4306 1069 4356 sancta
1107 4298 1203 4354 Dei
1246 4296 1495 4353 ecclesia
1528 4295 1803 4370 delegata,
1837 4294 2030 4363 hujus-

409 4391 563 4447 modi
591 4388 1277 4446 conﬁrmavitauctoritate
1309 4405 1323 4441 :

2142 3135 2294 3192 tibus
2330 3145 2385 3193 et
2424 3138 2479 3192 in
2533 3138 2837 3209 episcopali
2905 3138 3041 3193 sede
3092 3134 3469 3200 conﬁrmatus,
3505 3136 3768 3208 prafatus

2145 3228 2470 3285 Hincmarus
2497 3224 2972 3302 archiepiscopus,
3023 3228 3285 3300 templum
3307 3229 3489 3284 beata
3515 3228 3617 3284 Dei
3658 3245 3764 3303 ge-

2140 3317 2354 3373 nitricis
2381 3318 2580 3386 Maria,
2621 3319 2771 3391 quod
2824 3336 2856 3375 a
2909 3317 3285 3374 fundamentis
3318 3317 3433 3374 Ebo
3493 3331 3764 3372 renovare

2139 3415 2403 3476 caperat,
2437 3406 2540 3462 iste
2564 3423 2699 3479 pace
2748 3408 3038 3481 gratiaque
3090 3405 3281 3462 fruens
3306 3405 3481 3480 regia,
3516 3403 3771 3477 praclari

2139 3495 2541 3551 consummavit
2593 3496 2813 3552 decoris
2867 3495 3191 3551 eminentia.
3236 3495 3470 3565 Insuper
3525 3500 3584 3549 et
3615 3508 3770 3548 aram

2137 3593 2340 3641 sancta
2366 3585 2462 3640 Dei
2492 3585 2779 3661 genitricis
2799 3601 2932 3641 auro
2964 3584 3207 3649 vestivit,
3228 3600 3292 3639 ac
3325 3583 3616 3656 lapidibus
3645 3598 3771 3654 prc-

2140 3674 2296 3731 tiosis
2322 3676 2560 3731 ornavit.
2596 3675 2686 3730 llis
2706 3691 2933 3748 quoque
2962 3674 3216 3732 versibus
3242 3673 3479 3729 titulavit
3506 3691 3523 3726 :

2198 3768 2335 3817 Hanc
2357 3782 2495 3818 aram
2522 3768 2719 3818 Domini
2742 3767 3004 3819 Genitricis
3021 3769 3209 3818 honore
3231 3766 3450 3816 dicatam

2195 3831 2573 3895 Cultorubique
2596 3846 2717 3895 suus
2767 3831 2927 3895 (suis),
2942 3829 3196 3895 decoravit
3217 3829 3481 3895 episcopus
3502 3827 3766 3876 Hincmar.

2196 3893 2484 3943 Muneribus
2494 3891 2675 3951 sacris,
2699 3894 2901 3943 {unctus
2917 3894 3009 3943 hac
3032 3893 3147 3942 sede
3164 3891 3409 3941 sacerdos.

2195 3956 2454 4027 {ambene
2476 3956 2735 4027 completis
2769 3955 3160 4027 centenispcties
3181 3954 3345 4027 anpis.
3395 4013 3405 4022 .

2195 4018 2533 4085 Quadraginta
2559 4016 2721 4085 simul
2734 4018 2909 4083 quinto
2928 4017 3159 4085 volvente
3185 4017 3278 4065 sub
3311 4016 3474 4085 ipsis“

2193 4080 2321 4144 gum
2342 4079 2543 4144 juvenis
2570 4079 2786 4130 Karoltis
2815 4089 2999 4144 regeret
3026 4079 3313 4144 diademata
3339 4079 3497 4144 regni.

2195 4140 2454 4192 Hunc'sibi
2472 4152 2719 4207 pastorem
2745 4140 3061 4207 poscentibus
3085 4141 3225 4192 urbis
3249 4140 3489 4189 alumnis.

2132 4227 2198 4282 Et
2216 4226 2285 4282 ad
2314 4225 2611 4301 imaginem
2644 4227 2735 4282 Dei
2765 4225 3059 4282 Genitricis
3089 4225 3145 4280 in
3177 4225 3298 4296 ipso
3328 4223 3515 4279 altari.

2191 4316 2343 4385 Xirgo
2360 4317 2513 4385 hlaria
2535 4316 2967 4385 tenethominem,
2985 4328 3262 4385 regemque,
3297 4312 3555 4385 Deumque

2192 4377 2477 4431 Visceribus
2502 4378 2715 4443 propriis
2740 4386 2916 4428 natum
2937 4378 2999 4427 de
3022 4377 3250 4426 Flamine
3278 4381 3471 4423 sancto.

483 4508 509 4533 σι
541 4483 600 4537 In
641 4483 866 4539 nomine
897 4489 1100 4537 sancta
1127 4488 1181 4536 et
1204 4478 1502 4534 indiwdua
1526 4474 1825 4541 Trinitatis,
1859 4472 2024 4528 Karo-

2197 4462 2361 4518 Tecta
2390 4460 2582 4532 templi
2611 4455 3426 4532 plumbeiscOOperuittabulis,
3448 4455 3765 4528 ipsumque

408 4571 495 4627 lus
523 4572 698 4647 gratia
728 4572 825 4627 Dei
856 4588 972 4627 rex.
1000 4571 1055 4626 Si
1114 4568 1475 4642 petitionibus
1527 4565 1774 4621 ﬁdelium
1809 4570 2034 4619 nostro—

408 4664 797 4732 rum,maxime
822 4662 1040 4720 Domini
1099 4659 1472 4726 sacerdotum,
1528 4657 1809 4729 pracipue
1840 4655 1897 4709 in
1921 4654 2029 4722 his,

408 4772 532 4829 qua
561 4756 949 4812 ecclesiasticis
997 4754 1325 4811 utilitatibus
1355 4758 1587 4824 possunt
1620 4750 1867 4821 prabere
1893 4763 2029 4803 con-

406 4846 635 4912 sultum,
663 4845 964 4923 benignum
1004 4841 1419 4900 commodamus
1441 4854 1753 4905 assensum,
1788 4837 1949 4892 nobis
1976 4836 2031 4890 id

407 4935 477 4990 ad
502 4941 722 4990 aeterna
760 4932 1224 4991 remunerationis
1278 4929 1557 4987 credimus
1608 4925 1902 4998 provenire
1933 4940 2032 4979 au-

406 5034 713 5103 gmentum.
749 5026 985 5082 Proinde
1030 5023 1245 5080 noverit
1275 5021 1523 5078 omnium
1563 5017 1807 5073 ﬁdelium
1842 5015 1936 5072 Dei
1969 5030 2032 5071 ac

407 5126 744 5187 nostrorum,
795 5117 1148 5190 prasentium
1180 5115 1391 5171 scilicet
1438 5120 1494 5168 et
1525 5111 1832 5167 futurorum
1866 5108 2030 5164 indu-

407 5212 561 5281 stria,
586 5211 717 5283 quia
738 5211 821 5266 vir
860 5208 1195 5265 venerabilis
1238 5207 1581 5273 Hincmarus,
1617 5202 1906 5259 Rcmensis
1936 5217 2028 5256 ur-

406 5301 491 5358 bis
518 5300 969 5372 archiepiscopus
1015 5296 1214 5353 obtulit
1266 5293 1580 5351 serenitatis
1634 5297 1836 5346 nostra
1866 5289 2029 5344 obtu-

408 5396 555 5451 tibus
585 5399 922 5464 praceptum
955 5389 1059 5460 pia
1096 5387 1379 5444 memoria
1431 5384 1621 5439 domni
1653 5400 1715 5438 ac
1760 5382 2029 5458 genitoris

406 5483 579 5541 nostri
627 5480 886 5537 Ludovici
935 5479 1307 5550 imperatoris,
1363 5475 1511 5546 quod
1562 5474 1616 5528 id
1662 5473 2030 5543 elecmosyna

404 5583 518 5623 sua
547 5574 846 5643 augmento
890 5564 1141 5621 ecclesia
1168 5566 1222 5621 S.
1280 5561 1467 5617 Maria
1520 5569 1684 5630 atque
1728 5559 1903 5613 sancti
1932 5559 2031 5612 Re-

402 5659 557 5734 migii
614 5656 735 5715 fieri
773 5656 1039 5723 decrevit,
1087 5655 1155 5709 de
1199 5667 1371 5725 Opere
1429 5657 1483 5703 et
1523 5648 1815 5718 operariis,
1862 5654 2026 5716 atque

2142 4554 2409 4626 templum
2434 4554 2596 4626 pictis
2651 4553 2934 4610 decoravit
2987 4549 3241 4617 cameris,
3299 4548 3563 4604 fenestris
3593 4549 3769 4604 etiam

2137 4646 2430 4703 illustravit
2455 4645 2665 4715 vitreis,
2718 4643 3056 4717 pavimentis
3108 4658 3332 4715 quoque
3392 4642 3773 4696 stravitmar-

2134 4739 2359 4795 morcis.
2405 4736 2633 4793 Crucem
2680 4734 3107 4791 eminentiorem
3173 4730 3431 4805 gemmis,
3500 4746 3766 4803 auroque

2133 4827 2442 4899 cooperuit.
2502 4826 2648 4881 Alias
2685 4825 2850 4881 etiam
2901 4838 3095 4880 cruces
3144 4828 3254 4877 tam
3286 4836 3423 4876 auro
3464 4836 3637 4893 quam
3674 4836 3774 4875 ar—

2132 4928 2301 4993 gento
2335 4919 2563 4991 paravit.
2606 4917 2847 4973 Calicem
2880 4916 3147 4988 majorem
3180 4930 3305 4970 cum
3343 4920 3568 4984 patena,
3607 4928 3773 4968 sum-

2134 5010 2429 5082 ptorioque
2453 5007 2584 5065 fecit
2649 5023 2715 5064 ex
2773 5022 2928 5073 auro,
2961 5004 3326 5077 lapidumque
3374 5002 3765 5074 pretiosorum

2132 5100 2426 5155 illustravit
2454 5098 2657 5154 nitore.
2682 5096 2782 5163 Qui
2816 5095 2955 5152 calix
2984 5102 3178 5166 postea
3209 5108 3306 5164 pro
3367 5092 3773 5163 redemptione

2129 5208 2193 5248 ac
2234 5191 2412 5247 salute
2463 5190 2653 5261 patria
2710 5185 3069 5245 Nortmannis
3126 5184 3288 5240 datus
3341 5191 3425 5238 est
3480 5202 3498 5249 ;
3563 5192 3773 5253 patens

2130 5285 2310 5340 adhuc
2348 5289 2662 5339 reservatur
2688 5280 2925 5336 ibidem.
2960 5277 3232 5332 Libellum
3265 5291 3491 5348 quoque
3537 5275 3613 5330 de
3642 5283 3771 5330 ortu

2129 5384 2332 5431 sancta
2363 5375 2457 5430 Dei
2491 5373 2780 5449 genitricis
2809 5371 3012 5434 Maria,
3036 5370 3138 5424 sed
3171 5376 3226 5424 et
3256 5383 3582 5423 sermonem
3615 5364 3771 5421 beati

2129 5463 2444 5534 Hieronymi
2490 5463 2558 5518 dc
2614 5461 2790 5533 ipsius
2834 5459 3080 5514 Domina
3147 5455 3532 5526 assumptione
3594 5451 3770 5509 scribi

2129 5551 2281 5617 fecit,
2311 5559 2365 5607 et
2405 5553 2608 5608 tabulis
2646 5551 2932 5617 eburneis,
2974 5562 3220 5619 auroque
3247 5544 3470 5601 vestitis
3504 5543 3769 5599 munivit.

2130 5642 2405 5705 Locellum
2447 5644 2612 5700 ctiam
2660 5642 2979 5715 quemdam,
3015 5640 3122 5696 hoc
3175 5643 3262 5693 est
3293 5652 3523 5707 capsam
3584 5633 3771 5703 majo-
