3970 6218
239 279 349 335 145

888 279 1210 337 HISTORIA;
1250 282 1582 339 ECCLESIIE
1621 283 1946 341 REMENSIS
1988 288 2161 345 LIBRI
2201 250 2524 357 QDATUOR.
2559 326 2621 334 -—
2655 295 2780 350 LIB.
2825 299 2916 354 111.

3470 308 3576 363 H6

235 425 378 476 rem,
407 423 532 480 quae
561 424 593 462 a
618 407 839 463 duobus
889 409 1108 466 clericis
1157 411 1285 466 ferri
1317 420 1477 478 sotet,
1511 412 1631 467 fieri
1669 414 1857 482 jussit.
1890 420 1936 487 Α
1962 432 2085 472 sese
2115 428 2495 489 prosternens,
2531 424 2650 492 ejus
2679 426 3009 483 cordetenus
3047 445 3215 502 super
3245 433 3346 489 hac
3375 435 3572 490 anxie-

237 507 588 575 argentoque
636 499 937 575 imaginato
989 518 1053 557 ac
1087 503 1348 558 deaurato
1381 505 1598 559 vestivit
1629 505 1758 570 ;ubi
1792 507 1858 560 ad

234 589 395 643 urbis
441 588 606 657 hujus
652 589 820 644 totius
874 597 1140 657 tutamen,
1189 593 1482 648 multorum
1541 603 1857 648 sanctorum

234 680 474 754 pignora
505 680 835 736 recondidit.
870 682 1100 752 Insuper
1119 691 1173 738 et
1200 683 1306 738 alia
1335 684 1524 738 altaris
1560 701 1709 747 vasa,
1746 694 1858 740 tam

233 783 406 823 aurea
453 784 616 839 quam
675 775 730 822 et
773 776 1037 842 argentea
1095 771 1440 839 praeparavit.
1502 771 1855 846 Evangelium

232 857 423 912 aureis
441 856 833 930 argenteisque
862 857 1105 912 describi
1148 858 1278 913 fecit
1310 859 1538 922 litteris,
1560 861 1856 932 aureisque

235 948 478 1003 munivit
510 947 736 1015 tabulis,
786 956 840 1003 et
888 949 1124 1021 gemmis
1162 949 1413 1006 distinxit
1445 951 1729 1022 pretiosis.
1767 952 1860 1007 His

234 1056 462 1112 quoque
497 1041 750 1096 versibus
780 1041 1068 1116 insignivit
1111 1059 1122 1095 :

301 1130 485 1196 Sancta
499 1131 585 1179 Dei
601 1131 873 1196 genitrixet
892 1132 1239 1196 sempervirgo
1251 1133 1420 1196 Maria,

366 1193 664 1242 Hincmarus
685 1195 865 1256 przesul
884 1193 1050 1243 defero
1072 1193 1204 1244 dona
1232 1195 1338 1243 tibi.

303 1255 530 1324 Hrecpia
560 1270 671 1318 qua:
687 1255 852 1318 gessit,
889 1256 1059 1305 docuit
1081 1272 1178 1324 nos
1207 1257 1432 1307 Christus
1453 1257 1607 1315 Iesus,

365 1317 543 1367 Editus
563 1317 620 1366 ex
643 1317 799 1375 utine,
825 1327 959 1367 casta
982 1320 1162 1382 puella,
1198 1328 1298 1369 tuo.

312 1400 535 1455 Librum
568 1417 791 1472 quoque
818 1409 1307 1470 sacramentorum,
1355 1404 1454 1458 sed
1513 1404 1856 1459 etlectiona-

237 1492 408 1556 rium,
439 1507 580 1562 quos
617 1492 784 1547 scribi
812 1492 965 1557 fecit,
995 1493 1164 1548 ebore
1194 1502 1532 1568 argentoque
1555 1495 1852 1550 decoravit.

235 1580 583 1635 Candelabra
640 1582 771 1635 texit
818 1590 1069 1654 argento,
1093 1591 1147 1636 et
1193 1583 1457 1652 templum
1491 1583 1659 1638 variis
1688 1600 1853 1639 orna-

235 1673 317 1726 vit
349 1671 716 1742 lampadibus,
751 1681 806 1725 et
861 1673 1082 1726 coronis
1134 1673 1482 1743 diversisque
1524 1683 1630 1728 tam
1660 1674 1856 1745 pallio-

235 1780 359 1817 rum
386 1780 549 1834 quam
579 1763 909 1818 cortinarum
941 1772 1102 1835 atque
1151 1766 1412 1836 tapetium
1443 1766 1661 1835 operuit
1689 1781 1852 1820 orna-
1881 1735 1931 1802 Β

233 1851 462 1906 mentis.
490 1852 680 1906 Sacras
711 1853 874 1907 etiam
925 1861 1104 1907 vestes
1147 1854 1335 1908 altaris
1390 1855 1706 1925 procuravit
1738 1854 1848 1908 mi-

237 1942 451 1998 nistris.
485 1943 738 1999 Pluribus
795 1944 1038 2015 denique
1069 1947 1386 2001 convocatis
1434 1946 1848 2016 cpiscOpis,sed

236 2035 514 2089 etKarolo
581 2051 709 2109 rege
768 2036 824 2089 in
872 2037 1014 2092 hanc
1069 2037 1346 2092 civitatem
1405 2039 1758 2104 adveniente,
1794 2039 1846 2092 in

235 2124 456 2179 honore
486 2124 940 2194 incomparabilis
964 2133 1019 2180 et
1046 2135 1330 2197 perpetuae
1369 2128 1596 2200 virginis
1611 2129 1848 2200 genitri-

236 2216 319 2271 cis
343 2215 438 2270 Dei
470 2216 671 2282 Mariae,
699 2224 759 2272 ut
788 2226 842 2272 et
865 2218 1535 2290 antiquafueratsacrata,
1567 2221 1847 2276 basilicam

234 2305 562 2360 solemniter
591 2305 890 2376 dedicavit,
919 2315 974 2362 et
1013 2323 1135 2362 cum
1170 2309 1621 2379 coepiscoporum
1649 2325 1853 2380 coope-

237 2391 454 2446 ratione
481 2393 584 2446 sub
653 2393 1056 2463 omnipotentis
1093 2395 1445 2451 invocatione
1473 2396 1852 2458 Trinitatisal-

237 2481 440 2538 mificze
468 2484 823 2538 consecravit.

881 2555 1091 2611 CAPUT
1120 2557 1207 2611 Vl.

308 2627 384 2678 De
423 2625 704 2680 miraculis
735 2629 792 2680 in
811 2628 994 2682 eadem
1015 2629 1232 2682 ecclesia
1248 2633 1432 2698 postea
1463 2629 1772 2683 declaratis.

313 2717 372 2769 In
407 2716 934 2792 hacigiturecclesia
948 2719 1116 2775 multa
1143 2720 1733 2791 diversistemporibus
1751 2720 1843 2775 Dei

235 2805 442 2859 virtute
459 2805 561 2860 sub
601 2804 900 2861 iueflabilis
951 2807 1146 2864 Christi
1203 2810 1490 2881 genitricis
1517 2809 1696 2864 Maria
1723 2817 1850 2864 sunt

236 2895 449 2950 honore
468 2904 678 2966 patrata
708 2897 988 2954 miracula.
1014 2901 1252 2964 Quorum
1288 2899 1544 2970 plurima,
1569 2917 1690 2970 quae
1721 2908 1848 2954 ante

237 2996 483 3042 nostram
499 2995 716 3043 zetatem
739 2997 865 3044 sunt
886 3001 1060 3064 gesta,
1081 2992 1242 3046 nobis
1261 2991 1845 3065 liabenturincognita.

235 3078 349 3132 Nos
373 3083 555 3132 tamen
590 3094 676 3145 ea,
707 3095 828 3150 quae
859 3095 1042 3134 coram
1101 3081 1266 3151 positi
1316 3080 1572 3147 vidimus,
1605 3081 1691 3136 vel
1722 3098 1848 3152 per-
1879 3102 1928 3168 ε

235 3170 397 3226 sonis
423 3187 545 3241 qum
571 3171 823 3226 viderant
865 3171 1234 3228 referentibus
1262 3174 1606 3248 agnovimus,
1631 3174 1850 3230 silentio

234 3261 332 3315 hic
359 3276 582 3332 quoque
613 3262 893 3332 prieterirc
953 3263 1318 3338 incongruum
1354 3263 1452 3317 rati
1481 3279 1690 3328 sumus,
1727 3263 1852 3317 licet

236 3361 306 3400 ea
337 3347 592 3403 versibus
618 3349 749 3404 olim
779 3351 1146 3406 exaravimus.
1203 3353 1395 3407 Mulier
1422 3353 1673 3424 quaedam
1713 3351 1851 3406 civis

237 3439 409 3507 hujus
432 3439 606 3507 urbis,
640 3442 865 3497 nomine
909 3443 1174 3509 Altrudis,
1199 3445 1416 3498 unicam
1449 3443 1726 3514 parvulam
1757 3459 1854 3497 nu-

236 3527 444 3582 triebat
473 3527 662 3595 ﬁliam,
692 3547 814 3602 qua:
867 3531 1048 3587 adhuc
1078 3531 1178 3586 sub
1228 3533 1398 3587 ubere
1432 3532 1619 3586 matris
1652 3531 1848 3601 posita,

237 3617 483 3674 efficitur
513 3636 676 3675 czeca.
727 3621 830 3678 Pro
865 3638 974 3694 qua
1012 3638 1135 3677 cum
1166 3622 1333 3677 variis
1366 3621 1563 3676 frustra
1593 3627 1852 3675 aestuaret

235 3718 420 3765 mater
442 3713 720 3780 remediis,
770 3730 872 3770 nec
926 3715 1037 3768 ulla
1099 3724 1280 3786 posset
1318 3713 1493 3782 juvari
1523 3713 1758 3779 medela,
1784 3713 1852 3766 ad

235 3820 517 3859 summum
548 3806 752 3880 cogitat
777 3823 835 3860 se
863 3816 1076 3861 vertere
1116 3806 1389 3861 medicum
1420 3823 1432 3870 ;
1459 3805 1691 3876 ejusque
1722 3820 1850 3876 pro-

237 3893 337 3946 bat
365 3909 473 3947 non
502 3893 684 3964 aptius
739 3911 838 3965 per
892 3895 1207 3966 quempiam
1262 3902 1574 3949 sanctorum
1625 3909 1850 3964 poscere

235 4001 402 4056 posse
421 3985 879 4056 miscricordiam,
900 4005 1062 4058 quam
1097 4004 1196 4058 per
1224 3987 1398 4058 ipsius
1429 3987 1668 4052 unicam,
1692 3986 1852 4054 cujus

234 4076 406 4131 etiam
441 4084 557 4131 erat
608 4077 728 4148 ipsa
776 4078 997 4143 famula,
1033 4080 1382 4135 Genitricem.
1419 4080 1851 4149 Prwparansque

233 4165 592 4222 candelarum
649 4171 993 4233 munuscula,
1042 4180 1148 4224 tam
1185 4186 1282 4242 pro
1318 4187 1376 4225 se
1408 4187 1568 4242 quam
1593 4186 1690 4241 pro
1719 4170 1851 4237 filia,

239 4258 510 4326 templum
545 4259 820 4329 hocpetit,
841 4259 1084 4314 caelitum
1099 4260 1670 4333 reginurclementiam
1702 4277 1855 4335 roga-

239 4356 365 4403 tura
395 4366 410 4415 ;
440 4348 845 4423 praeligensque
868 4349 1216 4404 candelabris
1247 4349 1558 4416 luminaria,
1603 4358 1713 4406 tum
1750 4367 1851 4420 pa-

233 4438 502 4493 vimentis
527 4446 747 4505 astrata,
778 4454 874 4494 cor
911 4439 1142 4510 supplex
1195 4438 1427 4493 effundit
1457 4439 1510 4492 in
1566 4448 1708 4494 vota.
1747 4441 1853 4496 Nec

235 4550 300 4588 se
335 4548 499 4603 posse
532 4547 872 4604 przesumens
901 4530 1179 4599 sufficere,
1213 4532 1494 4587 ministros
1525 4533 1853 4603 suppliciter

237 4623 500 4695 deposcit
521 4625 724 4690 altaris,
751 4623 923 4692 ipsius
943 4623 1268 4694 petitionem
1297 4623 1412 4677 suis
1460 4624 1716 4694 precibus
1757 4623 1854 4676 ad-

225 4717 448 4787 juvare.
485 4715 547 4770 Et
577 4715 704 4787 quia
725 4715 921 4771 devote
951 4733 1013 4770 ac
1046 4715 1281 4772 fideliter
1321 4716 1635 4786 postulavit,
1668 4725 1853 4770 votum

234 4808 494 4865 obtinere
524 4806 854 4878 promeruit,
911 4809 1207 4880 lumenque
1263 4809 1467 4863 sobolis
1511 4808 1852 4878 impetravit.

237 4899 399 4954 Unde
431 4899 634 4969 gratias
662 4905 916 4971 agentem
947 4899 1057 4953 Deo
1115 4897 1397 4968 ipsiusque
1427 4897 1688 4951 Genitrici
1720 4896 1854 4967 piis-

235 4991 575 5056 simze,cum
623 4990 968 5058 adjutoribus
1023 4989 1129 5043 sibi
1189 4989 1358 5043 sacris
1413 4988 1677 5043 ministris
1734 5003 1853 5040 eam

234 5077 483 5133 vidimus
513 5084 724 5148 postea,
778 5078 908 5132 dum
940 5094 1153 5143 sanam,
1203 5077 1457 5147 clareque
1502 5082 1853 5130 contuentem

237 5185 400 5222 suam
436 5167 601 5222 nobis
633 5165 921 5221 exhiberet
952 5165 1138 5220 filiam.

314 5260 548 5326 Quidam
626 5258 859 5313 clericus
917 5268 1117 5314 nostra?
1166 5258 1630 5332 congregationis.
1693 5272 1858 5311 carne

236 5349 471 5416 nobilis,
503 5348 656 5420 Hugo
704 5347 1045 5414 nomine,ita
1090 5347 1259 5402 nimio
1310 5346 1555 5400 dentium
1592 5344 1860 5418 fatigaba-

240 5447 332 5494 tur
362 5437 578 5500 dolore,
611 5442 794 5490 utnec
814 5450 1089 5501 somnum,
1116 5453 1218 5491 nec
1245 5436 1424 5490 cibum
1449 5452 1557 5503 pra:
1579 5431 1862 5488 nimietate

238 5531 454 5586 valeret
509 5526 858 5603 wgritudinis
887 5543 1106 5597 capere.
1133 5528 1229 5592 Qui
1252 5527 1545 5598 requisitus
1577 5522 1861 5596 aquodam

241 5620 496 5683 seniore,
517 5615 775 5686 exposita
805 5632 916 5670 suae
957 5617 1258 5671 vexationis
1288 5616 1606 5679 afflictione,
1660 5616 1765 5668 hoc
1796 5615 1865 5667 ab

239 5724 306 5765 eo
339 5705 564 5765 consilii
599 5703 837 5773 accepit,
888 5712 947 5759 ut
999 5721 1184 5760 coram
1231 5705 1391 5759 altari
1425 5705 1517 5758 Dei
1572 5701 1866 5757 Geuitricis

1963 518 2070 568 tate
2115 527 2214 564 sua
2267 512 2598 581 deprecatur
2670 515 3042 572 clementiam.
3104 519 3169 574 Et
3220 538 3454 597 surgens
3503 525 3572 579 ab

1959 603 2228 667 oratione,
2258 604 2504 658 osculato
2553 605 2731 671 altari,
2787 624 2952 678 supra
2985 611 3191 665 nudum
3224 613 3396 684 ipsius
3426 633 3574 670 mar-

1959 706 2098 756 mor,
2141 691 2326 761 inqua
2375 691 2672 747 vexabatur
2719 695 3023 765 deponeret
3064 701 3572 775 maxillam,sicque

1958 783 2260 837 sanandum
2286 799 2345 838 se
2367 783 2676 851 confidens,
2724 787 2945 843 domum
2988 806 3271 865 regressus
3296 795 3569 865 cooperiri

1959 888 2017 927 se
2040 873 2285 927 vestibus
2324 872 2526 928 faceret
2556 883 2716 946 atque
2747 877 2932 948 sepori
2965 881 3329 949 permitteret.
3362 885 3572 948 Quibus

1961 962 2053 1016 ille
2099 978 2197 1032 per
2236 963 2484 1017 ordinem
2534 965 2777 1034 patratis,
2830 981 3082 1022 somnum
3141 970 3285 1025 iniit.
3335 973 3572 1044 Tempus

1959 1063 2140 1108 autem
2174 1065 2291 1109 erat
2345 1056 2714 1110 solemnitatis
2744 1059 2941 1112 natalis
2991 1061 3231 1128 Domini,
3262 1071 3315 1117 et
3371 1063 3568 1120 fratres

1960 1151 2082 1213 post
2104 1143 2441 1197 celebratum
2468 1145 2848 1214 vespertinum
2877 1147 3120 1203 officium
3178 1151 3232 1204 in
3261 1153 3568 1219 cmnaculo,

1959 1233 2053 1286 ubi
2086 1233 2446 1288 calefaciendi
2487 1249 2651 1288 causa
2701 1246 3102 1291 consueverant
3142 1239 3325 1313 colligi
3359 1241 3571 1296 reside-

1958 1324 2111 1380 bant.
2146 1326 2410 1381 Przefatus
2438 1342 2567 1381 vero
2598 1326 2766 1381 frater
2821 1326 2971 1381 videt
3029 1326 3083 1380 in
3141 1328 3349 1382 somnis
3378 1329 3490 1385 illic
3510 1347 3570 1385 se

1959 1432 2072 1486 prie
2098 1415 2364 1489 gradibus
2402 1415 2664 1470 ccenaculi
2719 1416 2978 1479 astitisse,
3041 1427 3205 1488 atque
3234 1418 3448 1473 beatam
3472 1419 3567 1474 Dei

1957 1509 2289 1570 Genitricem
2325 1509 2378 1562 in
2400 1509 2802 1579 superioribus,
2840 1519 2966 1564 ante
2998 1510 3173 1580 ipsius
3221 1511 3424 1566 ostium
3467 1513 3570 1568 do-

1957 1613 2079 1651 mus
2108 1597 2430 1652 consistere.
2468 1599 2506 1650 A
2537 1597 2776 1651 sinistris
2801 1598 2855 1652 in
2888 1598 3060 1670 gradu
3092 1597 3280 1655 infimo
3311 1601 3414 1654 sub
3440 1617 3568 1671 spc-

1957 1688 2042 1743 cio
2073 1689 2357 1755 cujusdam
2399 1689 2664 1763 chirurgi,
2709 1689 3011 1762 malignum
3069 1691 3360 1761 conspexit
3389 1699 3567 1746 astare

1953 1777 2227 1848 spiritum.
2261 1778 2376 1832 Non
2417 1777 2676 1831 dubitans
2700 1785 2885 1832 autem
2925 1793 3047 1849 quae
3075 1789 3223 1834 esset
3253 1781 3345 1834 illa
3401 1797 3564 1852 quam

1953 1869 2262 1938 aspiciebat
2288 1869 2530 1935 domina,
2583 1883 2786 1939 pavore
2845 1869 2966 1924 tetri
3024 1870 3198 1924 hostis
3231 1871 3472 1940 abjccto,
3501 1874 3568 1926 ad

1951 1975 2070 2013 eam
2103 1977 2278 2032 usque
2310 1962 2653 2027 conscendit,
2687 1970 2740 2015 et
2769 1968 2894 2016 ante
2929 1961 3100 2032 ipsius
3142 1963 3438 2032 procidens
3470 1979 3572 2034 pe-

1952 2052 2050 2105 des
2079 2053 2324 2121 ejusdem
2385 2062 2674 2124 susceptus
2717 2063 2802 2108 est
2859 2070 3067 2120 manu;
3116 2055 3186 2108 ita
3219 2063 3276 2109 ut
3316 2063 3564 2110 mentum

1954 2145 2102 2200 illius
2136 2153 2347 2212 tenens,
2372 2154 2616 2200 vexatam
2672 2146 2919 2218 piissima
2957 2146 3181 2201 domina
3219 2148 3569 2220 contingeret

1952 2239 2246 2292 maxillam.
2285 2239 2345 2292 Et
2375 2239 2595 2310 erigens
2643 2255 2769 2293 eum
2801 2238 3004 2292 blande
3031 2239 3310 2294 consolata
3341 2247 3438 2304 es',
3475 2256 3565 2293 as-

1953 2343 2146 2381 serens
2181 2328 2304 2382 ideo
2336 2345 2394 2381 se
2420 2344 2528 2382 non
2565 2329 2841 2382 inventam
2875 2327 2943 2381 ab
2976 2344 3042 2383 eo
3077 2328 3129 2382 in
3156 2329 3570 2399 ecclesia,quo-

1952 2417 2098 2469 niam
2129 2416 2332 2469 ibidem
2367 2417 2433 2469 ad
2481 2417 2785 2472 custodiam
2847 2415 3072 2470 fratrum
3102 2424 3288 2471 staret.
3329 2418 3442 2482 llle,
3477 2417 3566 2471 in—

1951 2504 2169 2575 quiens,
2203 2504 2496 2578 malignus,
2531 2521 2694 2576 quem
2736 2504 2892 2559 vides
2921 2505 3008 2560 hic
3068 2521 3243 2576 prope
3270 2512 3567 2573 astantem,

1950 2597 2152 2668 cogitat
2179 2597 2284 2650 huc
2314 2597 2637 2662 ascendere,
2687 2606 2742 2651 et
2774 2597 2888 2651 vult
2947 2605 3164 2652 nostros
3212 2597 3410 2652 fratres
3435 2613 3570 2652 con-

1951 2685 2190 2740 turbare.
2229 2685 2603 2757 Przecepitque
2661 2703 2785 2740 cum
2819 2686 3020 2752 redire,
3074 2693 3128 2740 et
3178 2686 3247 2739 de
3304 2700 3569 2739 concessa

1949 2777 2055 2832 sibi
2086 2778 2257 2832 salute
2290 2776 2590 2832 confidere.
2627 2778 2726 2842 Qui
2759 2794 2946 2832 rursus
2976 2777 3043 2830 ad
3075 2777 3194 2846 ejus
3224 2792 3284 2830 se
3317 2783 3568 2847 proster-

1951 2885 2090 2922 nens
2111 2869 2282 2940 pedes
2313 2877 2527 2924 erectus
2547 2878 2629 2923 est
2658 2869 2726 2922 ab
2757 2885 2842 2935 ea,
2871 2876 3076 2924 vestem
3121 2875 3329 2922 tantum
3365 2883 3568 2938 purpu-

1953 2976 2123 3026 ream,
2172 2976 2279 3031 qua
2337 2959 2453 3030 ipsa
2509 2966 2625 3012 erat
2681 2958 2892 3025 induta,
2959 2957 3309 3012 deosculans.
3367 2957 3566 3028 Sicque

1953 3068 2076 3107 mox
2109 3053 2392 3119 excitatus,
2427 3052 2543 3106 dari
2577 3052 2681 3105 sibi
2730 3051 2994 3122 praecepit
3025 3051 3376 3106 manducare.
3415 3049 3567 3114 Quod

1952 3152 2009 3198 ut
2047 3145 2294 3214 ejusdem
2328 3145 2884 3209 domesticiaudiere,
2915 3143 3156 3196 insanire
3189 3144 3338 3197 illum
3361 3152 3564 3214 putan-

1953 3239 2189 3308 tes,quia
2221 3247 2325 3291 tam
2359 3237 2612 3290 alacriter
2634 3235 2740 3288 sibi
2774 3235 2956 3288 cibum
2975 3234 3089 3287 dari
3107 3236 3564 3303 peteret,anxiari

1950 3333 2258 3395 ca3perunt.
2289 3324 2386 3378 Ille
2425 3340 2556 3378 vero
2596 3321 2960 3377 confirmabat
2989 3338 3048 3376 se
3083 3339 3112 3376 a
3153 3321 3314 3376 beata
3347 3323 3439 3376 Dei
3471 3323 3571 3378 Ge-

1954 3413 2150 3468 nitrice
2181 3420 2456 3477 sanatum,
2490 3411 2574 3464 vel
2608 3409 2855 3480 nihilque
2886 3410 3231 3483 aegritudinis
3259 3427 3340 3474 se,
3366 3410 3449 3463 vel
3481 3411 3570 3464 in-

1951 3505 2119 3559 sanize
2149 3504 2280 3574 pati,
2315 3504 2512 3574 Sicque
2535 3502 2822 3556 celerrime
2857 3502 3099 3557 redditus
3120 3502 3390 3573 SOSpitali,
3420 3518 3569 3573 smpe

1952 3602 2140 3665 postea
2169 3593 2402 3648 fidenter
2426 3592 2825 3663 astipulabatur
2878 3608 2987 3648 non
3040 3608 3098 3646 se
3153 3592 3386 3647 ulterius
3444 3609 3569 3648 esse

1952 3703 2238 3758 passurum
2271 3685 2417 3750 talia,
2451 3701 2615 3757 quem
2663 3693 2812 3740 tanta
2842 3687 3002 3741 saluti
3039 3686 3365 3740 restituisset
3387 3685 3570 3740 domi-

1953 3795 2042 3833 na.
2068 3778 2220 3843 Quod
2253 3785 2308 3832 et
2348 3794 2535 3832 revera
2598 3776 2674 3830 illi
2730 3775 2950 3842 accidit,
3003 3774 3349 3845 utdeinceps
3382 3774 3574 3841 hujus-

1952 3871 2099 3926 modi
2133 3868 2515 3944 aegritudinem
2551 3883 2896 3939 nequaquam
2949 3866 3202 3933 senserit,
3237 3866 3364 3920 dum
3401 3864 3574 3935 pluri-

1953 3960 2055 4014 bus
2088 3958 2436 4030 postmodum
2469 3957 2662 4012 vixerit
2693 3956 2872 4010 annis.

2025 4067 2194 4135 llujus
2248 4065 2492 4140 Ilugonis
2544 4063 2777 4118 clericus
2835 4070 2890 4116 et
2952 4062 3239 4128 diaconus,
3293 4058 3570 4114 Ebrardus

1954 4156 2202 4221 neruine,
2235 4155 2406 4208 febris
2429 4153 2644 4206 anhelze
2697 4151 2998 4205 vexabatur
3030 4150 3258 4205 aestibus
3291 4147 3421 4219 ;qui
3454 4147 3574 4215 ejus

1953 4247 2298 4320 aegritudinis
2314 4245 2550 4320 agitatus
2579 4243 2900 4316 angoribus,
2962 4243 3017 4296 in
3052 4252 3261 4313 crypta,
3297 4258 3419 4313 quee
3467 4239 3570 4294 sub

1955 4338 2130 4410 ipsius
2164 4335 2413 4391 ecclesiae
2445 4333 2577 4387 sede
2637 4333 2691 4386 in
2732 4333 2941 4387 honore
2975 4331 3122 4386 beati
3167 4330 3396 4404 Remigii
3436 4345 3572 4384 con-

1955 4435 2165 4483 secrata
2197 4433 2301 4491 est,
2329 4423 2509 4477 fessus
2565 4420 2862 4488 residebat,
2923 4421 3052 4475 dum
3115 4421 3225 4475 illic
3257 4421 3439 4474 missa
3472 4434 3570 4472 cc-

1953 4518 2300 4572 lebrarentur
2352 4511 2630 4584 mysteria.
2681 4509 2776 4564 Cui
2821 4510 2872 4565 vi
2932 4509 3168 4564 febrium
3227 4508 3454 4580 fatigato
3497 4510 3575 4576 (ut

1953 4607 2156 4661 assolet
2206 4600 2665 4659 febricitantibust
2718 4615 2888 4671 sopor
2936 4598 3110 4654 irruit.
3144 4599 3206 4652 Et
3256 4614 3385 4652 ecce
3423 4596 3572 4651 videt

1956 4702 2169 4756 beatam
2205 4700 2296 4753 Dei
2331 4695 2657 4750 Genitricem
2715 4692 2821 4746 sibi
2871 4700 3164 4757 astantem,
3204 4689 3572 4760 impositaque

1955 4811 2120 4848 manu
2152 4793 2270 4861 ejus
2314 4789 2478 4860 capiti
2535 4786 2915 4858 pertransisse,
2962 4793 3016 4840 et
3076 4791 3197 4855 post
3251 4785 3420 4838 altare
3451 4798 3573 4838 sese

1958 4886 2070 4939 visa
2110 4893 2194 4938 est
2224 4883 2494 4937 intulisse.
2563 4879 2679 4933 Mox
2727 4878 2818 4932 ille
2872 4874 3348 4947 patefactisoculis
3377 4874 3572 4946 surgit,

1957 4974 2236 5045 finitisque
2270 4970 2544 5042 mysteriis
2582 4969 2693 5038 jam
2725 4982 2892 5022 sanus
2949 4981 3109 5018 amen
3169 4964 3487 5034 respondet,
3522 4970 3577 5017 et

1957 5069 2136 5122 alacer
2167 5064 2474 5120 ofliciorum
2512 5059 3088 5130 iuseruitexpletioni.
3133 5057 3299 5126 Cujus
3325 5056 3574 5127 caputad

1959 5171 2160 5215 tactum
2189 5156 2455 5211 mirabilis
2507 5155 2745 5209 dominre
2805 5155 2878 5208 ita
2934 5161 3019 5207 est
3075 5151 3499 5216 delibutum,ac
3530 5148 3576 5202 si

1959 5252 2080 5306 oleo
2125 5251 2316 5304 eadem
2348 5245 2686 5300 fuissethora
2706 5252 3050 5314 perunctum.
3074 5241 3226 5312 Quod
3245 5253 3576 5311 nosquoque

1960 5339 2142 5393 mirati
2171 5353 2379 5400 sumus,
2423 5333 2513 5404 qui
2550 5348 2673 5384 eum
2699 5333 2816 5404 ipsa
2847 5333 2938 5388 die
2967 5333 3172 5397 lzetum,
3205 5329 3578 5385 etcomeden-

1964 5435 2070 5482 tem
2105 5427 2390 5482 nobiscum
2432 5425 2689 5478 vidimus.

2034 5519 2168 5573 Tres
2219 5518 2461 5588 denique
2509 5516 2756 5581 claudos,
2805 5522 2860 5569 et
2911 5513 3215 5586 poplitibus
3261 5514 3578 5580 contractis,

1968 5611 2120 5666 nullo
2144 5610 2306 5666 modo
2348 5625 2596 5684 gressum
2632 5606 2799 5680 figere
2831 5606 3098 5674 valentes,
3135 5606 3187 5660 in
3218 5606 3317 5660 hac
3345 5605 3580 5661 ecclesia

1971 5703 2206 5758 diversis
2235 5701 2625 5773 conspeximus
2641 5700 2782 5771 [ms.,
2812 5692 3188 5771 cognovimus]
3205 5704 3419 5752 erectos
3439 5705 3580 5752 tem-
