3970 6218
369 274 472 328 m
1504 240 1872 316 rwo’oxam
1911 257 2218 314 CANONICI
2257 255 2584 314 REMENSIS
3613 261 3720 316 με

370 401 617 473 poribus.
652 396 831 451 Unum
859 391 1084 466 quidem
1110 389 1213 446 sub
1242 390 1567 462 episcopatu
1600 389 1792 445 domni
1827 387 1988 444 Heri-
2013 391 2063 460 Α
2088 386 2398 461 Remigium
2429 391 2622 457 postea
2653 384 2927 440 sibividet
2958 385 3240 451 assistere,
3269 400 3422 440 suam
3482 385 3543 441 ili
3575 404 3722 458 pan-

374 495 460 551 vei
487 490 761 565 praesulis,
819 487 912 560 qui
968 487 1200 542 aliorum
1257 483 1514 539 manibus
1577 484 1706 539 illuc
1752 482 1991 551 delatus,
2095 475 2278 532 dendo
2303 491 2618 548 personam,
2652 475 3070 550 etmgritudinis
3094 475 3526 543 hujusremedia
3559 476 3727 547 polli-

378 581 617 656 propriis
646 592 930 651 regressus
950 582 1034 630 est
1063 573 1320 646 pedibus.
1348 572 1521 626 Alium
1555 571 1657 626 sub
1703 571 1996 641 praesulatu
2097 575 2336 623 centem.
2369 567 2468 633 Qui
2529 582 2652 622 mox
2714 567 2908 622 urbem
2949 566 3278 621 Remensem
3329 567 3548 632 adiens,
3583 568 3724 622 dum

379 672 568 740 Seulfi,
598 670 823 726 nomine
881 667 1255 743 Maganerum,
1315 664 1409 736 qui
1461 671 1624 736 gente
1685 664 1996 731 Britannus,

382 775 624 837 utroque
650 778 796 838 genu
843 759 1074 816 claudus
1130 764 1186 812 et
1213 755 1475 812 scabellis
1514 756 1810 822 inhaerens,
1863 757 2006 812 inter

385 872 486 912 nos
517 854 733 925 piorum
779 848 1149 919 eleemosynis
1181 852 1543 912 sustentatus,
1589 852 1865 900 transacto
1891 844 2006 902 fere

381 946 492 1014 jam
525 939 918 997 demorabatur
945 952 1111 992 anno.
1152 935 1289 990 Huic
1319 935 1448 988 dum
1471 940 1769 988 nocturnas
1800 933 1854 986 in
1892 948 2006 987 om-

389 1037 540 1091 nium
574 1043 889 1088 sanctorum
945 1028 1298 1088 solemnitate
1357 1026 1764 1082 celebraremus
1789 1024 2003 1091 laudes,

392 1128 467 1182 ita
496 1125 680 1181 subito
704 1125 758 1178 in
791 1121 975 1176 medio
1031 1119 1222 1190 pepuli
1262 1117 1490 1187 jacentil
1521 1131 1762 1191 genuum
1795 1113 2006 1168 extensi

392 1222 522 1272 sunt
553 1213 730 1279 nervi,
765 1220 824 1266 ut
853 1211 970 1266 lora
998 1224 1242 1280 quoque,
1291 1205 1493 1278 quibus
1523 1221 1680 1261 crura
1705 1220 1827 1259 cum
1859 1203 2009 1259 coxis

394 1311 552 1361 erant
581 1317 815 1366 annexa,
847 1300 1274 1368 'rumperentur,
1321 1303 1479 1366 rupta
1522 1294 1687 1349 etiam
1746 1291 1889 1364 pelle
1943 1308 2008 1346 ex

399 1395 702 1470 poplitibus
738 1392 788 1446 ei
816 1389 1041 1465 sanguis
1061 1387 1332 1443 deﬂueret
1355 1400 1750 1460 ;surgensque,
1773 1392 2008 1454 stupen-

399 1498 452 1544 te
483 1485 710 1558 populo,
745 1482 1030 1554 gressibus
1073 1479 1338 1549 deinceps
1386 1493 1517 1532 usus
1544 1483 1626 1531 est
1655 1475 1892 1547 propriis
1918 1477 2014 1544 (8).

400 1579 645 1636 Tertium
669 1590 800 1632 vero
831 1573 933 1628 sub
963 1573 1125 1643 hujus
1145 1567 1353 1627 domini
1379 1568 1631 1641 praesulis
1662 1567 1866 1622 Artoldi
1888 1582 2021 1637 pon-

403 1672 633 1736 tificatu,
665 1682 843 1739 eoque
899 1665 1192 1720 missarum
1242 1678 1400 1717 sacra
1439 1661 1778 1725 celebrante,
1809 1659 1897 1712 die
1927 1674 2018 1713 so-

404 1759 573 1816 lemni
615 1757 862 1827 ejusdem
910 1753 1292 1810 sacratissima:
1343 1750 1599 1826 Virginis,
1651 1764 1759 1819 qua
1802 1747 2017 1802 Gabriel

2104 659 2451 730 perlustratis
2474 658 2738 714 orationis
2765 657 2941 731 gratia
2979 657 3276 712 beatae-Dei
3307 657 3625 724 Genitricis,
3661 674 3730 713 ac

2105 751 2280 807 sancti
2314 748 2546 824 Remigii
2587 749 2847 814 basilicis,
2881 749 2936 802 in
2974 749 3096 803 vico
3121 754 3290 803 noctu
3319 749 3728 819 requiesceret,

2109 840 2283 912 ipsius
2303 841 2448 895 beati
2480 838 2713 910 Remigii
2744 837 2893 893 videt
2943 853 3004 892 se
3024 837 3322 892 deductum
3363 837 3419 891 in
3451 838 3730 909 templum

2106 932 2382 1005 quoddam
2430 931 2960 1003 splendidissimum,
3025 930 3094 984 ad
3138 929 3285 1000 quod
3339 928 3728 983 beatissimam

2106 1032 2398 1080 contuetur
2443 1023 2711 1096 virginem
2767 1022 2988 1077 Mariam
3057 1027 3471 1092 prOperantem,
3531 1027 3735 1074 sancto

2106 1116 2378 1190 Remigio,
2427 1123 2732 1187 sanctoque
2761 1115 2990 1169 Martino
3020 1114 3089 1168 ab
3144 1120 3380 1183 utroque
3411 1112 3585 1168 latere
3619 1113 3736 1166 sti-

2109 1205 2364 1276 pantibus
2389 1220 2530 1258 eam.
2559 1205 2618 1257 ln
2653 1204 2771 1274 ipso
2798 1218 2928 1258 vero
2961 1202 3167 1273 templo
3217 1202 3515 1258 multitudo
3570 1201 3740 1257 Levi-

2109 1293 2198 1348 tici
2220 1293 2432 1348 ordinis
2476 1299 2642 1363 atque
2673 1291 3032 1347 sacerdotalis
3057 1291 3344 1364 dignitatis
3377 1307 3497 1346 eam
3529 1306 3740 1363 exspe-

2107 1387 2308 1452 ctabat,
2341 1395 2399 1439 et
2445 1385 2707 1440 diacones
2755 1384 2930 1440 induti
2972 1384 3302 1449 dalmaticis,
3345 1383 3570 1456 quidam
3600 1401 3737 1440 cum

2119 1476 2338 1549 palmis,
2394 1476 2618 1548 quidam
2673 1476 2795 1530 sine
2868 1475 3002 1546 ipsis
3059 1477 3330 1530 astabant.
3392 1475 3738 1531 Caeterorum

2119 1579 2338 1636 quoque
2389 1571 2703 1618 sanctorum
2760 1563 3030 1634 plurimus
3087 1564 3175 1619 hic
3225 1563 3362 1618 ordo
3415 1564 3734 1619 videbatur.

2125 1656 2274 1710 Idem
2296 1671 2426 1710 vero
2459 1657 2742 1727 presbyter
2771 1655 2978 1710 nullius
3014 1655 3332 1726 specialiter
3362 1658 3743 1730 cognoscebat

2118 1743 2350 1809 vultum,
2401 1751 2599 1814 praeter
2665 1744 2810 1798 beati
2879 1744 3044 1808 Petri,
3103 1744 3197 1815 qui
3227 1745 3332 1798 sibi
3367 1745 3481 1812 jam
3513 1745 3740 1814 pridem

405 1847 769 1920 archangelus
791 1845 859 1900 ad
899 1859 1020 1899 eam
1075 1841 1278 1896 missus
1335 1839 1403 1894 ab
1457 1837 1640 1903 astris,
1699 1845 1911 1906 partum
1937 1835 2018 1889 illi
2118 1833 2294 1888 fuerat
2319 1832 2592 1887 revelatus
2648 1833 2712 1887 At
2771 1839 3064 1904 postquam
3122 1833 3280 1887 beata
3332 1833 3426 1887 Dei
3484 1832 3741 1887 Genitrix

404 1937 711 1993 mirabilem
742 1934 960 1990 saeculis
1002 1930 1299 1986 nuntiavit.
1355 1927 1453 1993 Qui
1485 1927 1734 1992 claudus,
1785 1940 2018 1996 pauper,
2120 1927 2188 1982 ad
2217 1925 2538 1996 praedictum
2570 1924 2836 1995 templum
2866 1925 3140 1995 pervenit,
3169 1925 3261 1979 ubi
3284 1925 3404 1992 ejus
3433 1925 3742 1980 adventum

409 2034 464 2082 et
492 2024 848 2089 miserabilis,
909 2022 1039 2075 dum
1095 2035 1194 2090 per
1243 2016 1545 2089 pavimenti
1592 2029 1715 2070 sese
1747 2028 2022 2068 marmora
2124 2015 2212 2070 hic
2236 2013 2403 2068 frater
2432 2029 2490 2068 se
2549 2013 2852 2084 praestolari
2906 2013 3153 2079 videbat,
3213 2013 3492 2084 requirere
3543 2014 3745 2084 cmpit,

409 2120 673 2183 traheret,
723 2120 952 2186 repente
1007 2111 1220 2168 solutus
1275 2107 1610 2172 extenditur,
1660 2112 1715 2160 et
1768 2103 2022 2159 tellurem
2127 2103 2250 2174 quis
2269 2102 2360 2157 ille
2381 2109 2548 2166 esset,
2602 2108 2696 2155 aut
2743 2100 2877 2172 quid
2925 2101 3248 2173 puaereret?
3278 2102 3378 2164 Qui
3412 2103 3606 2156 beatus
3639 2102 3752 2157 Re-

411 2222 644 2278 corpore
696 2219 941 2268 mensus,
992 2201 1047 2254 in
1088 2199 1261 2270 pedes
1283 2196 1505 2252 tandem
1555 2193 1803 2266 erigitur,
1845 2192 2026 2247 inces—
2125 2195 2328 2269 migius
2361 2193 2675 2260 :Famulus,
2735 2193 2933 2264 inquit,
2983 2208 3140 2248 meus
3180 2201 3285 2258 est,
3313 2194 3559 2261 domina,
3593 2213 3752 2267 quae-

413 2313 587 2369 suque
618 2309 761 2351 novo
814 2292 966 2346 auxit
1014 2288 1221 2344 laetanti
1286 2285 1484 2358 gaudia
1540 2283 1765 2355 pepulo,
1821 2281 2026 2353 quique

416 2388 597 2442 adhuc
626 2385 769 2439 inter
791 2397 892 2437 nos
918 2381 1129 2453 degens
1157 2377 1298 2447 stipe
1317 2381 1655 2430 sustentatur
1686 2371 1955 2442 praesulis.

485 2479 718 2544 Quartus
748 2487 971 2545 quoque
1011 2470 1232 2541 quidam
1253 2466 1508 2531 ruricola,
1541 2463 1786 2518 Gerlaius
1817 2462 1875 2534 [i,
1899 2461 2032 2516 Ger-

416 2566 575 2635 lanis]
602 2562 852 2626 nomine,
875 2577 941 2614 ex
961 2558 1168 2613 familia
1186 2556 1345 2624 hujus
1378 2553 1646 2618 ecclesiae,
1676 2553 1818 2606 hanc
1838 2551 2029 2604 urbem

416 2657 610 2711 adiens
633 2660 906 2718 oraturus,
941 2651 1116 2704 beatae
1148 2647 1242 2702 Dei
1304 2642 1590 2718 genitricis
1623 2642 1801 2696 Mariae
1825 2642 2032 2712 ingres-

419 2761 513 2800 sus
537 2752 619 2798 est
646 2741 949 2795 basilicam.
1005 2737 1104 2791 Ubi
1160 2736 1289 2789 dum
1352 2739 1476 2788 vota
1507 2729 1812 2801 profundit,
1848 2727 2032 2784 subito

422 2847 668 2890 marcore
691 2829 934 2902 diriguit,
966 2823 1373 2894 contractisque
1405 2820 1614 2887 nervis,
1648 2834 1792 2890 pene
1823 2818 2036 2874 cunctis

422 2921 749 2994 astringitur
777 2915 1062 2981 membris,
1119 2913 1310 2984 sicque
1355 2916 1687 2974 coarctatus,
1746 2906 1950 2961 ibidem
1978 2923 2036 2960 se

427 3027 867 3086 permansurum,
909 3016 964 3064 et
984 3009 1115 3062 dum
1142 3005 1354 3060 videret
1385 3001 1734 3066 serviturum,
1762 2999 1808 3054 si
1840 2999 2045 3054 relaxa-

2129 2300 2257 2338 rens
2285 2299 2318 2337 a
2345 2290 2438 2338 tua
2463 2283 2669 2353 pietate
2692 2282 2886 2337 salutis
2927 2283 3190 2337 remedia.
3243 2283 3381 2348 Quid
3412 2291 3599 2338 autem
3633 2287 3756 2357 ipsa

2132 2374 2501 2447 responderit,
2538 2373 2661 2438 iste,
2702 2380 2762 2428 ut
2794 2374 2998 2440 retulit,
3031 2372 3224 2428 audire
3276 2390 3386 2429 non
3415 2375 3617 2444 potuit.
3651 2377 3755 2431 Ve-

2133 2469 2244 2524 lum
2274 2485 2402 2524 vero
2432 2467 2707 2540 quoddam
2725 2465 3250 2537 appensumibidem
3289 2467 3610 2533 videbatur;
3628 2476 3756 2538 post

2133 2559 2279 2630 quod
2312 2558 2404 2612 ubi
2436 2558 2556 2629 ipsa
2584 2556 2824 2622 intravit,
2851 2555 3200 2627 splendidius
3229 2556 3369 2611 hanc
3409 2557 3529 2612 sole
3565 2559 3753 2613 lumen

2132 2652 2200 2706 ab
2230 2653 2406 2707 oculis
2438 2653 2558 2720 ejus
2583 2650 2850 2721 suscepit,
2881 2650 2956 2704 ita
2994 2655 3054 2703 ut
3086 2649 3138 2702 in
3170 2647 3248 2713 id,
3303 2664 3414 2719 pra:
3441 2649 3758 2719 splendoris

2137 2741 2538 2812 magnitudine,
2582 2737 2870 2794 intendere
2929 2737 3156 2791 minime
3207 2735 3472 2806 potuerit.
3516 2734 3647 2796 Post
3666 2733 3761 2787 ali-

2137 2837 2271 2900 quot
2296 2829 2538 2901 denique
2570 2828 2691 2882 dies
2709 2825 2969 2898 apparuit
2999 2825 3077 2879 illi
3110 2825 3306 2878 beatus
3328 2823 3609 2887 Martinus,
3633 2821 3765 2875 mis-

2143 2933 2378 2988 sumque
2409 2933 2469 2971 se
2507 2932 2538 2970 a
2568 2922 2759 2970 sancto
2809 2912 3059 2988 Remigio
3114 2912 3182 2966 ad
3230 2911 3488 2966 eumdem
3532 2917 3768 2964 testatus

2145 3015 2523 3073 est,asserens
2549 3007 2712 3062 etiam
2746 3006 2822 3060 illi
2880 3005 3136 3060 donatam
3167 3003 3357 3069 vitam,
3410 3017 3764 3074 concessam-

427 3113 597 3172 retur,
631 3101 900 3175 promisit.
933 3099 1177 3154 Tandem
1211 3102 1338 3168 post
1366 3109 1613 3148 mensem
1647 3092 1732 3146 his
1762 3090 2046 3146 absolutus
2073 3078 2122 3146 C
2146 3117 2254 3172 quo
2281 3099 2632 3155 medicinam,
2669 3097 2884 3152 Restim
2915 3104 3099 3152 tamen
3127 3102 3319 3165 postea
3346 3094 3476 3149 huic
3508 3093 3765 3148 dubiem

424 3197 680 3263 vinculis,
741 3191 1130 3250 ecclesiasticis
1198 3187 1474 3243 addicitur
1529 3182 1787 3239 servitiis.
1845 3182 2042 3253 Sicque

427 3289 625 3361 partim
654 3287 707 3341 in
737 3285 932 3341 eadem
963 3283 1216 3348 ecclesia,
1277 3279 1473 3351 partim
1504 3278 1558 3331 in
1611 3275 1838 3331 basilica
1868 3274 2042 3329 sancti

425 3377 668 3448 Dionysii
714 3383 865 3429 extra
893 3388 1109 3426 murum
1157 3368 1390 3426 civitatis
1444 3383 1542 3438 per
1601 3364 2040 3438 quinquennium

429 3467 723 3525 incolumis
761 3464 1077 3521 deservivit.
1129 3463 1256 3518 Post
1312 3459 1460 3532 quod
1491 3458 1758 3529 temporis
1777 3456 2037 3527 spatium,

431 3559 488 3613 in
519 3557 712 3612 eadem
743 3553 1118 3618 solemnitate,
1152 3547 1457 3622 Hypapanti
1487 3547 1698 3602 scilicet
1727 3543 2039 3610 Salvatoris,

432 3649 572 3704 hanc
601 3649 885 3721 ingressus
951 3642 1264 3708 ecclesiam,
1290 3641 1419 3694 dum
1464 3637 1720 3707 precibus
1751 3633 2040 3701 incumbit,

433 3739 508 3793 ita
538 3735 844 3811 rigentibus
869 3732 1132 3788 membris
1151 3730 1301 3785 visus
1323 3736 1410 3783 est
1439 3726 1734 3781 adhaesisse
1767 3724 2046 3793 pavimen-

434 3829 523 3895 tis,
555 3836 616 3882 ut
645 3843 748 3882 nec
774 3842 858 3891 os,
913 3839 1018 3878 nec
1073 3820 1298 3892 aliquod
1327 3817 1633 3872 membrum
1678 3816 1746 3870 ab
1777 3815 1863 3869 his
1893 3815 2042 3869 rele-

438 3937 564 3975 vare
596 3919 822 3974 valeret.
857 3916 1080 3970 Erectus
1127 3920 1307 3966 autem
1353 3927 1383 3964 a
1414 3907 1912 3972 circumstantibus,
1935 3914 2043 3960 tam

2143 3193 2326 3264 aliqua
2360 3191 2429 3245 de
2459 3191 2630 3245 beatze
2663 3189 2757 3243 Dei
2775 3187 3070 3242 Genitricis
3093 3201 3351 3257 persona,
3376 3187 3642 3256 quoniam
3667 3200 3765 3240 no-

2147 3299 2269 3337 men
2290 3282 2464 3352 ipsius
2483 3282 2537 3335 in
2551 3281 2763 3335 visione
2777 3280 3074 3333 revelatum
3094 3293 3204 3332 non
3226 3277 3496 3331 audierat.
3518 3276 3629 3330 Sed
3643 3291 3768 3346 pre-

2145 3375 2369 3430 cabatur
2383 3373 2626 3439 assidue,
2647 3380 2706 3426 ut
2719 3371 2981 3426 Dominus
2993 3369 3098 3424 sibi
3114 3374 3424 3424 monstrare
3440 3368 3769 3442 dignaretur

2146 3476 2324 3522 utrum
2361 3466 2478 3537 ipsa
2510 3465 2724 3530 fuisset,
2757 3480 2921 3535 quam
2953 3463 3184 3524 viderat,
3211 3461 3307 3516 Dei
3332 3460 3583 3536 genitrix
3611 3459 3768 3531 virgo

2143 3559 2324 3612 Maria.
2360 3557 2602 3631 Contigit
2639 3563 2820 3610 autem
2854 3555 2933 3609 illi
2995 3562 3118 3624 post
3146 3569 3240 3608 sex
3281 3551 3398 3607 fere
3431 3566 3676 3617 menses,
3705 3558 3768 3604 ut

2143 3649 2348 3714 subito,
2401 3648 2530 3702 dum
2580 3654 2750 3702 noctu
2809 3647 3142 3718 quiesceret,
3202 3643 3352 3716 gravi
3411 3649 3761 3713 premeretur

2145 3737 2494 3810 aegritudine,
2522 3736 2661 3790 adeo
2678 3742 2738 3790 ut
2763 3734 3087 3804 desperaret
3124 3731 3358 3788 ulterius
3408 3748 3470 3786 se
3492 3747 3658 3802 posse
3685 3731 3770 3786 vi-

2147 3849 2294 3888 vere.
2327 3832 2388 3885 Et
2418 3831 2552 3884 dum
2601 3829 2760 3883 valde
2809 3815 3144 3893 an'xiaretur,
3199 3825 3463 3896 appensis
3515 3841 3684 3896 supra
3707 3841 3768 3879 se

2151 3925 2324 3978 beatze
2350 3922 2529 3976 Mariae
2557 3921 2898 3996 pignoribus,
2933 3918 3248 3988 hujusmodi
3281 3919 3450 3988 cmpit
3482 3915 3768 3972 effundere

433 4008 683 4066 cruribus
712 4023 873 4078 (ιυειηι
906 4003 1173 4059 ambabus
1189 3999 1534 4056 contrahitur
1560 3996 1833 4051 manibus-
1876 3996 2046 4084 Ωιιίει-
2152 4027 2345 4084 preces
2380 4011 2454 4066 :0
2485 4011 2648 4064 beata
2671 4009 2766 4064 Dei
2788 4008 3054 4072 Genitrix,
3116 4007 3276 4078 cujus
3315 4006 3404 4061 hic
3447 4003 3772 4074 dependent

383 4117 388 4122 '
435 4097 719 4155 tadecima
749 4094 951 4150 deinde
983 4092 1074 4146 die
1123 4091 1320 4145 iterum
1379 4086 1685 4152 absolutus,
1729 4099 1848 4177 nec
1878 4083 2050 4138 multo
2153 4083 2406 4177 gignora’
2439 4101 2483 4156 si
2528 4116 2737 4165 revera,
2798 4105 2858 4154 ut
2917 4097 3214 4162 credimus,
3276 4097 3346 4150 de
3403 4103 3459 4149 te
3488 4092 3656 4148 nobis
3686 4092 3769 4145 1133

437 4197 562 4262 post
594 4185 852 4243 humanis
878 4190 1165 4254 exemptus
1186 4187 1270 4236 est
1298 4181 1484 4235 rebus.
1519 4177 1624 4232 Sed
1649 4174 1774 4248 quis
1797 4189 2029 4229 enarrari

2153 4174 2583 4263 superappensze
2643 4189 2917 4242 habentur
2947 4184 3221 4256 reliquiae,
3269 4189 3322 4237 ct
3377 4183 3423 4235 si
3465 4195 3598 4235 vere
3622 4179 3692 4232 de
3715 4185 3769 4232 te

435 4282 751 4356 praevaleat,
793 4286 927 4351 quot
986 4277 1075 4332 hic
1129 4275 1462 4349 languentes
1510 4286 1652 4342 pene
1676 4270 1926 4341 quotidie
1958 4267 2029 4338 pi:

2146 4285 2286 4341 visio
2317 4289 2592 4352 estquam
2644 4295 2821 4350 nuper
2871 4277 3022 4342 vidi;
3059 4277 3105 4330 si
3172 4283 3227 4330 tu
3278 4289 3338 4328 es
3391 4273 3486 4327 illa
3522 4273 3770 4327 domina.

436 4374 582 4428 dona
603 4369 795 4425 salutis
825 4373 1053 4422 sumunt
1081 4365 1109 4418 ?
1149 4369 1283 4435 quot
1338 4361 1738 4425 febricitantes,
1784 4365 1918 4430 quot
1940 4356 2029 4411 sal-

2149 4391 2314 4446 quam
2347 4372 2414 4426 ad
2439 4370 2574 4425 illud
2606 4367 2860 4422 mirabile
2915 4365 3184 4436 templum
3214 4369 3436 4418 sanctus
3486 4359 3774 4421 Martinus,

434 4470 632 4517 vantur
659 4455 1021 4529 energumeni
1053 4453 1080 4507 ?
1110 4451 1332 4524 quisvel
1362 4450 1584 4504 edicere
1602 4455 1786 4519 pestes
1806 4447 1895 4502 hic
1917 4446 2050 4500 libe-
2072 4441 2130 4510 D
2157 4441 2210 4522 ἐι
2249 4466 2426 4520 almus
2459 4461 2741 4536 Remigius
2797 4457 3206 4514 comitabantur
3266 4459 3519 4512 euntem.
3574 4452 3669 4506 ubi
3724 4457 3774 4503 ιθ

436 4554 568 4609 ratis
599 4548 916 4606 hominibus
947 4545 1212 4619 effugatas
1241 4542 1268 4596 ?
1317 4541 1426 4596 Sed
1454 4540 1522 4594 de
1555 4538 2052 4594 innumerabilibus
2152 4553 2497 4611 clarissimus
2551 4557 2867 4605 sanctorum
2897 4553 3074 4602 εωιυε
3112 4552 3432 4615 expectans,
3466 4540 3776 4611 aspiciam,

436 4647 631 4704 saltem
657 4658 831 4714 pauca
858 4651 1322 4695 commemorasse
1350 4631 1606 4689 sufficiat.

1061 4749 1270 4806 CAPUT
1299 4748 1409 4802 VII.

616 4847 691 4900 De
718 4845 923 4899 visione
951 4840 1239 4910 cujusdam
1269 4836 1540 4896 Gerhardi
1549 4835 1874 4906 presbyteri.

512 4937 804 5007 Presbyter
854 4933 1079 5006 quidam
1136 4931 1206 4985 de
1260 4943 1402 5004 pago
1433 4926 1713 4992 Porcensi,
1748 4924 2061 4980 Gerhardus

440 5027 688 5092 nomine,
722 5026 776 5079 in
810 5022 1103 5096 quamdam
1127 5019 1336 5074 dudum
1367 5013 2058 5078 decideratvaletudinem,

439 5121 516 5175 ita
544 5126 604 5172 ut
629 5129 846 5172 veneno
879 5119 1101 5184 potatus
1140 5124 1262 5164 esse
1295 5107 1633 5164 crederetur.
1681 5105 1736 5158 ln
1765 5120 1873 5174 qua
1902 5101 2056 5156 vale-

442 5210 636 5266 tudine
667 5214 984 5263 sanctorum
1017 5199 1296 5258 nonnullis
1325 5199 1644 5256 consolatus
1681 5203 1765 5249 est
1797 5193 2058 5250 visitatio-

447 5297 630 5364 nibus,
664 5294 811 5350 beati
841 5289 1478 5361 scilicetPetriapostoli,
1511 5286 1774 5359 quisnam
1803 5283 2054 5354 ei,quam

441 5386 688 5458 regebat,
731 5383 994 5454 praacepit
1022 5381 1185 5436 etiam
1230 5379 1337 5447 bis,
1370 5386 1430 5433 ut
1461 5382 1769 5431 restaurare
1809 5372 2057 5427 studeret

442 5472 753 5537 ecclesiam,
787 5479 952 5542 atque
975 5467 1263 5539 redarguit
1298 5483 1399 5538 per
1454 5466 1590 5531 visa,
1622 5478 1721 5518 cur
1750 5461 1912 5516 toties
1936 5475 2055 5513 me-

441 5565 596 5622 dicos
625 5563 819 5616 salutis
846 5578 958 5616 sua:
990 5557 1304 5631 requisierit
1333 5573 1516 5612 causa.
1551 5555 1808 5609 Sanctum
1831 5565 2055 5624 quoque

510 5688 586 5760 (8)
625 5686 780 5748 Idem
812 5685 980 5741 refert
1011 5685 1066 5742 in
1110 5682 1334 5747 Chron.,
1379 5697 1465 5736 au.
1501 5678 1626 5737 934.

2154 4660 2264 4710 me,
2298 4643 2547 4696 lmtanter
2576 4637 2816 4708 excepit,
2842 4635 2925 4690 fer
2945 4650 3107 4705 opem
3141 4631 3276 4686 mihi
3309 4631 3540 4704 indigno
3569 4627 3772 4683 famulo

2155 4741 2270 4796 tuo,
2291 4737 2346 4784 et
2370 4740 2478 4782 tam
2511 4725 2605 4782 diu
2640 4725 2872 4796 impetra
2931 4723 3068 4777 mihi
3098 4723 3263 4776 vitam
3297 4729 3465 4791 atque
3494 4718 3773 4778 virtutem,

2157 4828 2218 4873 ut
2253 4817 2431 4871 missa
2484 4814 2744 4886 mysteria
2789 4811 3020 4868 Domino
3072 4809 3376 4872 celebrem,
3436 4813 3493 4861 et
3547 4821 3776 4860 munera

2158 4913 2282 4968 vitae
2305 4909 2556 4980 corporis
2587 4907 2789 4963 Christi
2828 4920 3048 4960 sumere
3079 4917 3296 4958 merear
3329 4914 3602 4971 ;vosque,
3635 4899 3777 4954 beati

2162 4999 2454 5075 pontiﬁces
2496 4997 2717 5063 Christi,
2778 5010 2918 5068 quos
2959 5009 3084 5049 cum
3125 4989 3321 5046 eadem
3371 4989 3625 5044 comitari
3657 5004 3778 5044 con-

2161 5089 2337 5164 spexi,
2371 5089 2624 5157 adjuvate
2655 5102 2745 5140 me
2780 5083 2927 5155 apud
2961 5081 3158 5152 ipsam,
3191 5078 3285 5149 qui
3321 5093 3409 5131 me
3436 5084 3621 5130 vestro
3649 5077 3775 5149 piis-

2161 5185 2303 5240 simo
2323 5178 2596 5238 consolari
2628 5175 2843 5252 dignari
2877 5171 3058 5227 fuistis
3081 5166 3348 5238 alloquio.
3381 5167 3602 5219 Interea
3633 5165 3770 5216 inter

2159 5289 2393 5349 angores
2417 5282 2723 5343 precesque
2744 5264 2833 5320 vix
2863 5262 3001 5317 levis
3039 5256 3293 5328 obrepsit
3339 5269 3592 5318 somnus,
3651 5265 3765 5306 cum

2156 5344 2340 5423 subito
2361 5364 2463 5418 sub
2493 5361 2689 5417 eodem
2742 5357 2896 5412 vultu
2939 5352 3262 5422 habituque,
3287 5362 3400 5419 quo
3440 5344 3597 5416 prius
3622 5357 3761 5397 eam-

2157 5457 2281 5510 dem
2305 5459 2613 5523 aspexerat,
2636 5445 2960 5502 beatissima
3001 5456 3061 5496 se
3090 5436 3385 5495 videndam
3420 5431 3656 5504 praebuit
3684 5444 3760 5482 rc-

2155 5546 2306 5621 gina,
2331 5544 2541 5598 eisdem
2561 5539 2835 5599 columnis
2860 5534 3068 5598 innixa,
3094 5528 3298 5603 quibus
3324 5533 3380 5582 et
3408 5532 3574 5581 antea
3611 5517 3758 5575 inniti
