3970 6218
206 278 293 335 149
833 267 1159 324 HlSTORI/E
1198 268 1529 324 ECCLESUE
1566 268 1893 324 REMENSIS
1933 268 2109 324 LIBRI
2150 269 2475 335 QUATUOR.
2501 301 2571 313 —
2609 271 2735 331 LIB.
2760 274 2829 328 Ill
3404 280 3508 334 150

203 417 383 479 fuerat,
406 408 540 475 visa,
572 410 692 464 luce
747 422 1044 463 coruscans
1070 406 1391 463 clarissima.
1422 407 1485 463 At
1527 407 1619 462 ille
1643 415 1792 463 tanto
1817 411 1868 478 Α
1897 408 1990 480 qui
2032 408 2112 463 sic
2140 408 2246 463 sibi
2279 409 2481 465 lectum
2509 410 2723 465 solebat
2746 419 3018 479 sternere,
3052 429 3216 485 quem
3248 416 3506 472 novimus

202 502 533 559 tremefactus
569 497 890 570 splendore,
925 496 1177 569 nihilque
1204 495 1303 551 fari
1343 513 1529 561 ausus,
1563 496 1793 551 lumini-
1894 500 2024 554 olim
2056 498 2317 553 aerumnis
2338 498 2592 555 affectum
2626 500 2681 553 in
2711 501 3064 571 pauperrimo
3087 518 3308 576 quoque
3332 512 3504 562 stratu

202 599 294 651 bus
321 594 593 648 interram
615 588 1183 645 demissisvidebatur
1202 588 1540 659 stupefactus
1562 588 1790 643 haerere.
1894 588 2121 643 obiisse.
2174 589 2252 643 lta
2307 590 2603 645 deterritus
2632 590 2807 663 surgit
2850 590 3243 663 propriamque
3286 594 3504 665 culpam

202 692 353 754 Quem
382 687 573 741 beatus
629 682 971 753 compellans
1023 680 1539 754 RemigiuszQuid,
1593 680 1790 752 inquit,
1893 675 2197 743 confessus,
2264 678 2503 732 scamnis
2557 678 2759 749 tapetia
2808 680 3007 747 reddit,
3075 691 3130 737 et
3204 682 3503 739 Dominum

203 798 291 836 nos
320 782 421 834 huc
438 776 715 833 advocasti
753 775 781 828 τ
815 776 1008 831 Nonne
1038 774 1194 831 vides
1221 775 1502 830 dominam
1551 780 1792 829 nostram
1894 788 2064 842 super
2084 772 2186 827 hac
2227 773 2579 843 correptione
2623 790 2722 828 sua
2761 774 2992 847 ejusque
3032 776 3308 832 collaudat
3337 778 3506 833 Geni-

203 872 285 925 Dei
321 867 645 924 Genitricem
677 872 729 921 te
775 864 1085 921 confortare
1134 870 1377 935 paratam
1409 862 1596 934 ?quid
1628 862 1790 917 dubi-
1892 864 2103 919 tricem.
2140 866 2287 921 Hanc
2342 875 2525 921 autem
2576 867 2853 921 dominam
2901 884 3025 939 quae
3073 885 3134 923 se
3190 870 3507 927 visitaverat

202 966 309 1013 tans
356 956 533 1012 tardas
576 954 841 1009 accedere
890 953 958 1007 ad
1010 951 1203 1008 illam?
1235 952 1326 1006 His
1383 951 1544 1008 dictis
1588 961 1792 1007 tremor
1891 968 2001 1008 non
2027 955 2251 1027 agnovit
2292 972 2368 1021 ;a
2400 956 2562 1011 beata
2612 957 2773 1011 Maria
2803 966 2985 1012 tamen
3029 956 3198 1013 fuisse
3228 960 3505 1014 credimus

200 1048 445 1111 abscedit,
481 1046 749 1101 allevatur
790 1044 1030 1111 animus,
1058 1044 1390 1115 elevansque
1421 1043 1614 1097 oculos
1644 1041 1790 1096 vires
1891 1046 2131 1100 missam.
2168 1046 2430 1102 Novimus
2489 1047 2655 1102 etiam
2712 1049 2981 1120 quosdam
3029 1050 3278 1119 devotos,
3338 1060 3506 1123 atque

200 1141 410 1212 recepit,
461 1146 517 1194 et
569 1144 697 1193 ante
756 1138 930 1208 pedes
975 1136 1305 1193 beatissimae
1347 1135 1589 1191 Domina:
1624 1134 1791 1188 frater
1894 1138 2194 1208 promissos
2249 1156 2280 1193 a
2373 1140 2701 1210 parentibus
2788 1140 2845 1195 in
2910 1142 3011 1195 hac
3084 1140 3321 1195 ecclesia
3389 1142 3506 1197 fore

198 1228 561 1286 illecorrnisse
612 1243 672 1281 se
702 1226 861 1281 vidit.
913 1226 1083 1290 Quem
1126 1241 1293 1280 manu
1349 1224 1468 1295 ipsa
1498 1224 1679 1278 levare
1707 1222 1791 1277 di-
1895 1225 2130 1292 Christo,
2189 1228 2421 1299 ejusque
2475 1228 2737 1283 Genitrici
2814 1228 3132 1284 servituros.
3196 1230 3347 1294 Quod
3410 1246 3508 1286 vo-

197 1328 366 1396 gnata,
396 1316 561 1374 fronti
603 1318 823 1392 signum
864 1318 1044 1373 crucis
1077 1316 1330 1388 imponit,
1369 1324 1423 1371 et
1453 1316 1581 1371 talia
1603 1330 1793 1384 prose-
1896 1322 2008 1371 tum
2042 1317 2170 1371 dum
2222 1318 2429 1372 vellent
2475 1325 2665 1388 postea
2721 1325 2935 1373 mutare
2984 1325 3261 1389 parentes.
3334 1320 3507 1390 prolis

197 1410 400 1481 quitur:
451 1407 532 1462 Ne
578 1407 792 1475 timeas,
859 1423 1038 1478 neque
1079 1407 1345 1477 desperes
1394 1423 1406 1458 :
1463 1403 1681 1460 confide
1733 1403 1789 1457 in
1890 1413 2018 1461 sunt
2064 1406 2240 1462 coacti
2322 1409 2585 1479 languore
2647 1423 2802 1461 suam
2857 1408 3283 1477 promissionem
3330 1409 3509 1464 adim-

196 1502 409 1557 Domino
430 1500 564 1572 quia
589 1498 868 1571 percipies
912 1500 1122 1554 donum
1168 1499 1235 1552 ab
1275 1498 1394 1569 ipso
1441 1497 1650 1558 salutis,
1705 1496 1787 1549 si-
1891 1499 2064 1570 plere.

195 1606 456 1663 gnumque
474 1590 697 1661 pulsare
719 1589 857 1657 jube
901 1597 961 1643 ut
1003 1604 1156 1643 sacra
1208 1586 1467 1658 mysteria
1513 1585 1786 1650 celebreS,
1962 1592 2175 1647 Dudum
2206 1607 2328 1647 cum
2361 1591 2615 1663 agricolae
2646 1592 2771 1646 urbi
2796 1591 2964 1647 vieini
2994 1599 3117 1664 post
3144 1594 3372 1663 Pascha,
3413 1612 3506 1653 so-

194 1694 241 1738 et
270 1684 462 1757 gratias
512 1685 624 1737 Deo
661 1681 891 1748 referas,
941 1698 1066 1736 eum
1099 1680 1421 1736 collaudans
1457 1678 1551 1751 qui
1585 1686 1636 1733 te
1669 1683 1791 1748 post
1820 1749 1862 1757 _‘
1893 1681 1993 1738 lito
2024 1682 2090 1737 de
2121 1697 2294 1749 more,
2330 1682 2468 1737 hanc
2499 1683 2766 1753 petissent
2788 1684 2981 1737 urbem
3005 1684 3169 1753 hujus
3207 1684 3510 1739 admirabi-

194 1776 403 1831 verbera
423 1782 605 1829 sanat.
669 1773 761 1827 His
805 1772 987 1839 dictis,
1040 1773 1107 1826 ab
1159 1772 1280 1841 ejus
1311 1769 1783 1835 recessitvisibus,
1818 1749 1964 1829 Blis
1994 1774 2230 1829 dominae
2288 1775 2624 1847 requirendo
2683 1774 2944 1849 suffragia
3001 1792 3212 1847 suaque
3267 1787 3391 1832 vota
3425 1778 3511 1832 fe-

192 1868 297 1922 suis
312 1867 511 1936 stipata
547 1864 863 1920 comitibus.
896 1864 1095 1935 Sicque
1122 1879 1248 1919 mox
1302 1862 1468 1917 frater
1500 1861 1646 1915 idem
1670 1860 1790 1915 col-
1896 1864 2089 1930 rendo,
2124 1864 2375 1934 quaedam
2411 1864 2556 1918 villas
2604 1872 2870 1919 consueta
2919 1881 3166 1936 quaerere
3220 1866 3512 1939 neglexere

191 1956 288 2009 lata
324 1954 426 2008 sibi
457 1954 639 2008 salute
665 1953 824 2007 lmtus
878 1952 1141 2026 exsurgit,
1170 1958 1225 2007 et
1256 1952 1323 2005 ad
1350 1950 1794 2022 explendajussa
1895 1956 2171 2025 praesidia.
2197 1956 2433 2020 Quarum
2463 1971 2670 2010 messes
2708 1972 2829 2011 cum
2852 1956 2965 2024 jam
3025 1964 3246 2027 tempus
3278 1956 3512 2013 instaret

190 2044 452 2109 festinans,
490 2044 567 2097 ita
623 2058 789 2097 sanus
846 2049 901 2096 et
956 2042 1139 2097 alacer
1167 2040 1395 2096 effectus
1423 2048 1524 2106 est,
1558 2047 1616 2095 ut
1646 2055 1787 2094 nun-
1890 2044 2153 2109 metendi,
2184 2051 2333 2099 tanta
2362 2044 2707 2115 tempestatis
2763 2053 2894 2099 sunt
2949 2044 3149 2099 attritas
3207 2045 3501 2119 grandine,

189 2154 335 2207 quam
365 2136 605 2192 alacrior
642 2151 766 2190 esse
794 2135 1051 2205 potuerit.
1097 2134 1219 2189 Haec
1245 2142 1302 2188 ut
1327 2134 1521 2188 eodem
1554 2132 1788 2203 presby-
1888 2144 1949 2192 ut
1982 2152 2120 2207 pene
2140 2137 2325 2191 omnia
2352 2152 2541 2192 eorum
2574 2137 2842 2207 perierint
2871 2144 3019 2203 sata;
3049 2137 3225 2192 vineas
3252 2155 3499 2211 quoque,

188 2233 293 2281 tero
322 2232 583 2281 narrante
616 2223 933 2291 didicimus,
964 2223 1035 2278 ita
1076 2223 1393 2278 describere
1449 2237 1669 2293 quoque
1701 2221 1789 2275 di-
1890 2225 2098 2279 adustis
2128 2225 2425 2296 fractisque
2458 2225 2755 2296 pampinis,
2812 2243 3038 2281 uvarum
3068 2227 3353 2283 amiserint
3380 2228 3501 2283 fru-

185 2331 337 2389 gnum
368 2314 465 2369 rati
512 2329 722 2368 sumus.
802 2382 829 2391 Α
853 2382 861 2391 ι
882 2382 1004 2391 mm
1890 2326 2058 2372 ctum.
2093 2319 2289 2372 Eorum
2322 2334 2452 2373 vero
2485 2318 2623 2374 fines
2678 2320 2771 2390 qui
2803 2336 2861 2375 se
2902 2321 3067 2389 hujus
3096 2319 3360 2391 piissimae
3391 2321 3499 2377 do-

690 2474 723 2485 ”
797 2382 1161 2485 CAPUTym'
1210 2472 1220 2483 .
1366 2471 1399 2485 ν
1892 2408 2198 2463 minatricis
2230 2409 2480 2464 muniere
2510 2382 2798 2477 subsidiis,
2842 2382 3020 2481 neque
3049 2382 3272 2483 tangere
3306 2412 3507 2465 nedum

386 2566 396 2577 .
475 2566 487 2577 ‘
519 2476 592 2577 9"
621 2473 748 2577 am}
782 2472 1112 2577 quibusdam
1143 2471 1444 2577 miraculfs'
1556 2563 1566 2577 _
1614 2570 1623 2577 ι
1688 2564 1699 2577 ⁸
1894 2502 2097 2557 intrare
2128 2503 2338 2576 grando
2366 2504 2732 2574 pnesumpsit.
2775 2471 2977 2575 Sicque
2994 2471 3261 2576 deinceps
3301 2513 3409 2561 tam
3430 2505 3508 2571 hi,

251 2566 600 2636 Haecinelyta
627 2564 746 2619 caeli
778 2564 990 2638 regina,
1043 2572 1102 2618 ut
1153 2562 1455 2617 subvenire
1487 2563 1631 2618 solet
1688 2564 1793 2617 hu-

1904 2608 2058 2663 quam
2074 2562 2254 2648 caeteri
2274 2562 2481 2665 quique
2500 2562 2770 2667 contigui,
2806 2562 3115 2665 promptius
3130 2562 3510 2667 libentiusque

193 2658 293 2712 mili
318 2675 373 2713 se
403 2658 575 2714 corde
638 2655 977 2757 petentibus,
1032 2655 1112 2709 sic
1164 2655 1220 2708 in
1253 2661 1679 2725 praesumptores
1708 2656 1792 2754 γει
1896 2655 2181 2737 annuatim
2221 2655 2469 2751 ejusdem
2528 2655 2767 2738 dominas
2806 2655 3041 2752 nostrae,
3075 2686 3249 2740 sancti
3282 2655 3507 2757 quoque

190 2754 610 2848 ξξθωξδωΡίΟΓθδί
667 2743 897 2848 union?
941 2758 1569 2848 ”°“f_‘““q“am,P“3"aS
1599 2744 1788 2842 exerit:
1896 2774 2149 2848 Remigii,
2209 2743 2645 2845 cieterorumque
2694 2743 3211 2830 sanctorum'hane
3269 2743 3508 2831 [femen-

191 2833 327 2939 (ξυξά
347 2833 435 2904 pie
466 2848 711 2939 qf‘loqu?
744 2830 871 2933 ﬁeri,
929 2830 1226 2898 credimus’
1258 2830 1432 2939 ut‘hic
1454 2831 1508 2885 in
1533 2832 1791 2939 Ρτδῗδθξηί
1893 2882 2008 2921 sem
2040 2830 2309 2923 adeuntes
2339 2830 2997 2931 urbem,leonsueverunt
3035 2874 3298 2938 expetere
3330 2873 3511 2939 patro-

190 2923 633 2995 delinquentibus
660 2923 828 2998 digna
858 2922 1179 2997 ingerantur
1236 2923 1486 2985 verbera,
1522 2939 1590 2977 ne
1622 2923 1677 2977 in
1708 2923 1793 2979 fu-
1893 2958 2060 3015 cinia.

193 3025 301 3073 turo
329 3020 587 3094 graviora
618 3033 713 3073 eos
740 3017 1083 3073 ,excrucient
1110 3023 1400 3072 tormenta.
1432 3017 1585 3082 Quod
1607 3027 1791 3072 autem
1826 3074 1868 3094 η
2536 3029 2746 3084 CAPUT
2781 3030 2866 3085 ιχ,

329 3074 361 3094 υ
496 3074 503 3075 ,
1437 3074 1472 3082 .-
2667 3074 2737 3084 ν-

192 3112 339 3206 ⁸³9ἀο
358 3112 615 3206 ἀξθίυτηδ
654 3126 774 3165 sum
837 3126 967 3206 “9"_
1004 3110 1124 3181 ipse
1175 3109 1311 3177 Vidi,
1365 3110 1791 3206 δῗάΪηῖξιίίῗΨῐη
1821 3074 1870 3143 C
1965 3140 2037 3191 De
2075 3137 2309 3192 secunda
2340 3136 2482 3190 beati
2522 3137 2748 3204 Remigii
2795 3140 3030 3206 corporis
3062 3139 3435 3193 translatione.

191 3200 347 3256 relatu
394 3202 624 3256 Patrum
683 3200 890 3254 narrari
944 3200 1264 3271 frequenter
1300 3199 1507 3254 audivi.
1560 3200 1790 3265 Quidam

189 3305 246 3341 ex
274 3290 485 3346 clericis
500 3295 709 3345 nostra:
722 3288 1193 3362 congregationis,
1210 3288 1520 3342 Bernardus
1543 3289 1786 3356 nomine,

187 3384 353 3432 custos
383 3380 547 3447 hujus
586 3383 705 3432 erat
738 3376 987 3431 ecclesiae
1022 3376 1146 3448 ;qui
1170 3376 1425 3447 petitusa
1460 3376 1791 3447 quibusdam

185 3469 383 3524 levibus
407 3468 669 3541 personis
721 3469 795 3538 (ut
854 3468 976 3538 ipse
1026 3476 1149 3538 post
1187 3468 1393 3538 scripto
1446 3468 1791 3537 monstravit)

187 3566 445 3627 quatenus
466 3558 614 3631 ipsis
637 3559 891 3630 quadam
914 3568 1225 3614 sanctorum
1265 3558 1508 3613 dedisset
1540 3574 1794 3633 pignora,

185 3649 304 3704 dum
337 3652 579 3722 quadam
616 3650 705 3704 die
725 3666 849 3705 cum
880 3650 1121 3721 quodam
1151 3665 1323 3720 puero
1355 3648 1446 3704 hic
1471 3648 1623 3702 solus
1652 3655 1797 3702 esset

186 3740 237 3793 in
268 3742 485 3812 templo,
516 3749 778 3813 correpta
817 3741 1054 3812 quadam
1106 3740 1312 3811 pixide,
1340 3740 1394 3794 in
1426 3756 1533 3811 qua
1567 3746 1791 3795 sancto-

186 3850 294 3887 rum
312 3834 747 3889 continebantur
764 3833 1038 3904 reliquiae,
1055 3849 1191 3887 ausu
1224 3832 1517 3887 temerario
1533 3848 1797 3902 praesum-

193 3926 292 3993 psit
319 3927 558 3997 aperire.
617 3926 731 3989 Quo
780 3925 924 3980 facto
960 3926 1131 3981 nimio
1164 3940 1366 3996 pavore
1394 3924 1724 3995 concutitur,
1744 3933 1798 3979 et

188 4013 378 4069 nebula
417 4016 577 4070 locus
598 4022 746 4070 totus
797 4030 993 4087 magna
1028 4014 1295 4084 repletur.
1332 3998 1545 4085 talique
1567 4013 1799 4067 vallatur

184 4103 423 4173 horrore,
456 4114 519 4161 ut
558 4121 673 4161 non
729 4112 941 4176 putaret
971 4120 1030 4158 se
1096 4104 1329 4176 amplius
1358 4106 1564 4160 vivere.
1594 4104 1797 4176 Sicque

1966 4178 2065 4227 Hoc
2098 4177 2204 4227 tibi.
2239 4175 2448 4239 Remigi.
2482 4174 2744 4240 fabricavit
2766 4190 2941 4239 magne
2970 4177 3254 4240 sepulcrum

187 4196 389 4264 perdita
1234 4214 1374 4268 puer
1967 4196 2204 4289 "Oﬁollﬂl.
2239 4196 2448 4239 1113111181.
2484 4196 2744 4225 ιίωτιυεινιι
2766 4196 2941 4239 magna
2970 4196 3032 4239 δυ]

282 4297 288 4299 ,
383 4289 416 4299 ._
521 4290 532 4299 .
662 4289 673 4299 .
1183 4289 1193 4299 ,
1220 4289 1233 4299 ,
1388 4298 1393 4299 γ
1457 4289 1477 4299 Α
1540 4289 1550 4299 ,
1684 4296 1690 4299 Α
2075 4253 2325 4288 inemarus
2344 4238 2529 4299 praesul
2551 4238 2907 4287 ductusamore
2933 4247 3032 4288 tuo.

188 4297 315 4355 erat,
344 4289 489 4344 ultra
521 4289 677 4359 loqui
735 4305 837 4344 nec
880 4305 948 4343 ea
979 4304 1103 4360 quae
1144 4289 1401 4344 viderant
1452 4289 1553 4343 fari
1605 4296 1801 4359 potue-
1965 4304 2025 4353 Ut
2049 4302 2267 4365 requiem
2298 4289 2536 4365 Dominus
2561 4299 2747 4365 tribuat
2772 4301 2915 4365 mihi,
2943 4309 3127 4365 sancte,
3160 4308 3363 4365 precatu

186 4388 323 4436 mm.
2024 4366 2083 4414 Et
2104 4362 2266 4428 dignis
2299 4362 2503 4419 meritis,
2529 4362 2599 4410 mi
2620 4363 2918 4423 venerande,
2946 4363 3059 4412 tuis.

251 4473 478 4537 Quidam
532 4487 759 4544 quoque
816 4479 1002 4528 custos
1056 4472 1223 4541 hujus
1280 4472 1549 4537 ecclesiae,
1590 4478 1649 4527 ut
1680 4444 1880 4543 ipseD
1978 4466 2334 4542 Evangelium
2368 4464 2552 4519 aureis
2580 4464 2782 4519 litteris
2800 4464 3179 4541 insignivit,ac
3208 4466 3515 4537 parietibus

186 4564 340 4621 nobis
403 4567 673 4631 narravit,
731 4566 861 4621 dum
914 4568 1003 4622 die
1062 4567 1249 4639 aliqua
1284 4575 1409 4637 post
1454 4568 1807 4623 matutinales
1909 4562 2111 4629 aureis,
2186 4574 2640 4635 gemmarumque
2705 4559 2884 4613 nitore
2934 4558 3211 4614 distinctis
3257 4561 3515 4629 munivit,

183 4655 367 4712 laudes
399 4659 456 4713 in
490 4659 733 4714 ecclesia
765 4660 1120 4730 requiescere
1152 4660 1338 4726 vellet,
1369 4658 1644 4729 arripiens
1678 4668 1807 4713 lcm-
1909 4652 2162 4707 versibus
2183 4651 2348 4705 etiam
2398 4665 2531 4705 auro
2565 4649 2737 4704 inlitis
2764 4648 3134 4720 praetitulavit.
3169 4651 3275 4705 Sed
3303 4658 3359 4706 et
3388 4668 3517 4707 eru-

183 4744 252 4813 pli
285 4747 515 4818 tapetia,
556 4749 759 4803 lectum
792 4748 899 4802 sibi
960 4765 1025 4803 ex
1058 4749 1145 4804 his
1192 4748 1405 4813 stravit,
1453 4747 1643 4818 ibique
1675 4765 1804 4803 sese
1907 4760 2025 4797 cem
2048 4742 2312 4811 majorem
2340 4740 2803 4813 c00pcruitauro,
2836 4740 3181 4815 gemmisque
3214 4740 3515 4796 decoravit.

178 4851 370 4894 Somno
401 4840 582 4895 dedit.
622 4841 681 4895 Et
708 4857 837 4896 ecce
897 4848 1151 4897 matrona
1190 4841 1441 4912 quaedam
1473 4840 1575 4895 sub
1610 4841 1803 4896 habitu
1909 4835 2128 4889 Librum
2158 4850 2377 4906 quoque
2392 4839 2863 4888 sacramentorum
2879 4830 2980 4885 sub
3000 4830 3263 4885 eburneis
3293 4830 3516 4899 tabulis,

180 4927 332 4981 senili
366 4928 558 4984 eidem
592 4930 870 5000 apparuit,
928 4946 1050 5002 quae
1083 4929 1284 4984 herbas
1315 4930 1582 5001 quasdam
1614 4946 1800 4984 secum
1906 4934 2134 4999 argento
2165 4924 2497 4997 praesignitis
2529 4941 2543 4989 ;
2576 4923 2674 4977 sed
2705 4928 2759 4977 et
2782 4921 3170 4997 lectionarium
3222 4922 3290 4976 ad
3322 4923 3519 4977 missas

182 5014 472 5071 videbatur
504 5016 887 5073 deferre.Haec
916 5019 1093 5089 primo
1143 5018 1368 5089 quidem
1425 5018 1647 5072 blandis
1675 5035 1800 5072 eum
1903 5016 2123 5083 librum,
2181 5014 2298 5085 pari
2330 5015 2532 5069 decore
2580 5018 2949 5073 venustatum,
2996 5010 3202 5064 ibidem
3260 5010 3515 5089 contulit,

183 5102 344 5171 coepit
375 5103 533 5158 affari
575 5105 944 5159 sermonibus.
991 5105 1091 5160 Ubi
1114 5120 1243 5160 vero
1263 5122 1416 5161 saera
1437 5106 1539 5159 sub
1573 5122 1638 5160 eo
1670 5122 1803 5160 con-
1904 5105 2147 5175 aliosque
2179 5103 2352 5158 libros
2380 5109 2434 5157 et
2464 5108 2787 5156 ornamenta
2829 5099 3094 5155 nonnulla
3125 5099 3306 5154 eidem
3337 5115 3515 5155 vene-

183 5195 480 5265 templatur
509 5196 743 5265 tapetia,
788 5197 970 5251 taliter
1018 5196 1158 5261 infit,
1190 5214 1313 5252 cum
1350 5204 1555 5251 mutato
1582 5213 1802 5268 quoque
1905 5196 2067 5250 rabili
2116 5195 2237 5250 loco
2263 5193 2553 5269 delegavit.

181 5286 330 5340 vultu
365 5293 612 5352 terrens,
650 5304 926 5362 aggressa.
981 5289 1045 5344 Et
1087 5295 1145 5344 tu
1200 5290 1440 5344 domina:
1483 5297 1686 5343 sanctae
1710 5290 1804 5344 Dei
1978 5290 2051 5343 De
2082 5303 2315 5357 corpore
2346 5296 2526 5341 autem
2584 5285 2758 5356 ipsius
2798 5284 3106 5340 beatissimi
3137 5283 3375 5359 Remigii
3408 5299 3519 5340 non

184 5378 477 5433 Genitricis
508 5393 682 5432 ausus
704 5395 763 5433 es
792 5380 1000 5435 violare
1040 5397 1101 5436 ac
1121 5380 1353 5450 pedibus
1384 5398 1536 5436 sacra
1565 5380 1807 5452 snperhe
1910 5388 1991 5434 est
2022 5376 2423 5447 ausus-aliquid
2451 5391 2693 5443 sumere,
2725 5375 2867 5430 sicut
2897 5374 3015 5445 ipse
3043 5389 3262 5446 quoque
3294 5380 3522 5429 testatur

183 5469 511 5524 conculcare
544 5477 888 5526 ornamenta.
962 5488 1064 5527 nec
1124 5479 1324 5527 tantam
1367 5472 1593 5528 timuisti
1626 5473 1809 5527 domi-
1912 5474 1964 5527 in
1998 5470 2229 5541 epistola
2263 5470 2328 5523 ad
2383 5468 2716 5524 Ludovicum
2776 5484 2961 5542 regem
2992 5467 3520 5535 Transrhenensem,

187 5572 305 5610 nam
340 5557 369 5609 ?
398 5557 565 5611 Modo
592 5558 819 5627 quidem
855 5576 1107 5629 parcam;
1144 5577 1424 5631 nunquam
1450 5566 1632 5615 tamen
1665 5561 1809 5615 ultra
1912 5562 2003 5634 qui
2032 5561 2087 5614 id
2116 5559 2223 5614 sibi
2251 5559 2319 5613 ab
2374 5575 2439 5614 eo
2498 5558 2723 5630 petebat
2778 5557 3041 5613 muneris.
3075 5557 3181 5613 Sed
3235 5556 3324 5611 hic
3354 5559 3412 5627 (i,
3447 5556 3519 5623 id)

186 5664 489 5717 praasumas
521 5647 675 5705 talia.
702 5651 1135 5724 Exemplumque
1166 5653 1321 5707 dedit
1353 5652 1428 5705 illi
1451 5652 1517 5706 de
1549 5652 1806 5724 quodam,
1914 5650 2158 5725 pontifex
2191 5666 2289 5721 pro
2322 5650 2556 5705 maxima
2588 5648 3017 5723 praesumptione
3036 5646 3216 5704 meriti
3239 5662 3298 5703 se
3329 5645 3521 5701 duxis-

1964 3246 2226 3299 Przefatus
2302 3245 2545 3315 denique
2618 3245 2817 3313 prmsul
2870 3245 3196 3300 Hincmarus
3263 3254 3507 3318 cryptam

1893 3338 2139 3410 przeclari
2173 3338 2361 3407 operis
2391 3335 2459 3390 ad
2492 3335 2662 3404 pedes
2691 3334 2743 3388 S.
2799 3336 3035 3409 Remigii
3085 3338 3413 3405 construxit,
3455 3347 3512 3395 et

1894 3449 2097 3504 corpus
2124 3430 2373 3498 ejusdem
2425 3429 2733 3484 beatissimi
2782 3430 2999 3501 patroni
3032 3431 3099 3485 de
3151 3431 3272 3485 loco
3304 3439 3511 3501 crypta:

1897 3524 2118 3597 prioris,
2141 3540 2249 3578 una
2280 3540 2404 3578 cum
2427 3523 2682 3594 sepulcro
2711 3522 2888 3592 ipsius
2927 3522 2983 3575 in
3016 3522 3233 3588 eadem,
3263 3522 3512 3578 collectis

1898 3614 2187 3669 Remensis
2240 3613 2550 3668 dimceseos
2602 3611 2904 3684 episc0pis,
2964 3619 3025 3666 ut
3076 3611 3188 3680 jam
3255 3612 3515 3682 superius

1897 3704 2103 3760 dictum
2158 3710 2241 3758 est
2298 3702 2411 3772 (lib.
2464 3720 2501 3769 ι,
2561 3718 2682 3772 cap.
2741 3700 2852 3768 21),
2913 3700 3238 3755 transtulit:
3273 3708 3326 3754 et
3384 3709 3513 3758 ante

1899 3792 2072 3864 ipsius
2100 3791 2414 3863 sepulcrum
2446 3806 2587 3862 opus
2618 3789 2905 3864 egregium
2963 3804 3098 3844 auro
3125 3788 3321 3854 edidit,
3354 3805 3513 3860 gem-

1900 3885 2114 3958 misque
2146 3883 2418 3948 distinxit,
2461 3882 2756 3938 fenestram
2814 3880 2973 3950 inibi,
3023 3882 3169 3937 unde
3219 3882 3391 3936 sancti
3424 3900 3515 3939 se-

1900 3980 2148 4049 pulcrum
2173 3978 2477 4042 videretur,
2509 3974 2659 4046 fecit,
2703 3985 2759 4032 et
2788 3976 2934 4032 circa
2960 3975 3136 4047 ipsam
3164 3974 3509 4032 fenestellam

1900 4074 1999 4129 hos
2028 4072 2331 4127 versiculos
2361 4070 2563 4124 indidit
2590 4088 2603 4123 :
