3970 6218
210 273 240 325 Ἰ
255 274 331 329 53

877 275 1198 332 ΗΙΒΤΟΒΙᾹΞ
1242 278 1571 335 ECCLESle
1610 283 1826 339 REMEN

1928 287 1937 337 ἱ
1977 284 2152 340 LIBRI
2193 285 2608 351 QUATUOR.—-
2647 288 2769 341 LIB.
2814 288 2904 341 ll].

3444 292 3542 346 154

210 412 305 459 tes
346 423 362 466 ξ
390 407 632 477 itemque
655 423 685 460 a
718 421 844 480 rege
902 407 1178 464 Ludovico
1229 411 1661 467 Transrhenensi
1695 431 1838 484 prm-
1865 423 1914 488 Α
1944 416 2229 471 Remensis
2261 417 2516 472 Ecclesiae
2548 417 2799 472 canonici
2861 433 2923 472 ac
2963 419 3241 484 monachi,
3282 421 3544 475 videlicet

209 509 442 568 ceptum
467 502 834 556 restitutionis
873 502 1086 574 accepit
1114 517 1283 572 super
1306 503 1637 572 quibusdam
1669 506 1835 561 rebus

208 596 414 642 sancto
456 589 704 662 Remigio
743 592 1024 661 quondam
1087 592 1316 665 legatis:
1348 594 1452 647 hoc
1483 601 1567 648 est
1607 595 1660 648 in
1695 612 1833 668 pago

211 676 597 732 Wormacensi
624 680 981 733 Scavenheim
1009 681 1065 750 [i,
1094 681 1467 752 Stadenheim]
1497 699 1620 738 cum
1647 685 1833 739 omni-

207 767 324 818 hus
359 767 424 819 ad
480 784 539 821 se
588 768 1016 837 pertinentibus,
1076 769 1240 824 COSS-.1
1295 778 1350 824 et
1397 771 1550 825 Gleni
1610 772 1664 827 in
1691 775 1830 829 saltu

203 856 451 929 Vcsago.
491 858 548 909 ln
579 857 880 930 Thuringia
908 874 1132 929 quoque
1153 860 1459 926 etAustria,
1501 861 1556 915 in
1585 863 1704 918 loco
1737 863 1831 935 qui

199 943 420 997 dicitur
447 946 904 1013 Schonerunstat,
925 954 979 1001 et
1011 947 1064 1000 in
1098 947 1393 1015 Helisleba,
1423 965 1545 1004 cum
1575 953 1832 1008 omnibus

204 1032 427 1086 ibidem
461 1035 885 1104 aspicientibus.
923 1036 1027 1090 Res
1045 1053 1268 1107 quoque
1287 1041 1830 1112 nonnullasjuraque

198 1122 463 1175 ecclesiae
497 1140 557 1176 ac
578 1124 857 1194 mancipia
889 1124 1105 1198 legibus
1157 1143 1256 1195 per
1286 1127 1578 1183 advocatos
1605 1130 1828 1184 evindi-

203 1220 336 1266 cata
361 1214 636 1282 recepisse
667 1215 957 1284 reperitur.
992 1217 1098 1269 Res
1119 1217 1283 1270 etiam
1301 1219 1596 1274 nonnullas
1615 1221 1831 1290 episco-

207 1301 314 1370 pii,
377 1310 547 1355 terras
603 1303 812 1357 scilicet
862 1311 1027 1374 atque
1082 1306 1377 1374 mancipia,
1425 1324 1548 1362 cum
1599 1310 1832 1365 diversis

207 1395 489 1463 personis,
532 1395 596 1448 ad
657 1405 1057 1450 incrementum
1107 1398 1374 1464 ecclesia},
1437 1417 1534 1470 pro
1593 1403 1830 1472 partium

203 1487 632 1554 Opportunitate
663 1489 1036 1542 commutavit.
1097 1490 1201 1543 Sed
1226 1498 1280 1544 et
1321 1500 1595 1562 praecepta
1626 1494 1830 1566 regalia

204 1593 385 1646 super
408 1578 660 1646 pluribus
690 1595 876 1633 carum
919 1597 1102 1634 rerum
1136 1583 1666 1638 commutationibus
1685 1586 1831 1639 obti-

208 1687 351 1723 nere
401 1672 624 1725 curavit.
691 1673 984 1729 Canonicis
1053 1692 1277 1747 quoque
1333 1679 1495 1746 hujus
1545 1681 1833 1736 Remensis

1937 507 2234 572 Radoldus,
2269 507 2545 572 Gislodus,
2615 505 2878 559 Vull‘adus
2921 506 3040 576 [ms.
3076 508 3374 578 Volladus],
3409 509 3540 563 Fre-

1935 603 2199 657 debertus
2225 615 2288 653 ex
2321 598 2602 653 canonicis
2635 598 2812 667 ipsius
2859 598 3067 651 matris.
3101 599 3374 664 Ecclesiai,
3399 599 3546 672 Sigi-

1935 690 2173 744 mundus
2193 705 2257 742 ex
2280 687 2536 742 cmuobio
2565 688 2737 741 sancti
2767 686 3087 740 Theoderici
3116 705 3128 749 ;
3164 705 3226 740 ex
3263 689 3545 742 monachis

1933 787 2115 834 autem
2158 777 2476 832 monasterii
2516 776 2688 829 sancti
2725 776 2980 848 Remigii,
3015 777 3327 843 Nortvinus,
3383 778 3546 830 Hein-

1934 871 2116 930 radus.
2141 869 2473 941 Mauringus.
2509 869 2773 932 Antheus,
2806 867 3124 933 Tetlaudus,
3161 868 3541 933 Hairohaldus,

1937 959 2217 1020 Radulfus,
2279 958 2611 1028 Wicpcrtus,
2671 955 3046 1009 clamaverunt
3099 972 3400 1026 suspensos
3430 972 3542 1010 sea

1936 1047 2159 1118 praefato
2191 1047 2611 1116 archiepiscopo
2632 1061 2731 1098 suo
2777 1044 2844 1097 ab
2877 1045 3355 1098 administratione
3389 1044 3544 1097 ordi-

1934 1156 2062 1193 num
2098 1137 2620 1200 ecclesiasticorum,
2652 1135 2719 1188 ad
2748 1151 2886 1205 quos
2932 1135 3000 1188 ab
3047 1135 3227 1187 Ebone
3259 1134 3538 1204 quondam

1933 1231 2174 1301 provecti
2209 1230 2444 1283 fuerant.
2479 1228 2656 1296 Super
2681 1244 2790 1297 qua
2805 1227 3190 1280 recluuatione
3215 1225 3380 1299 elegit
3403 1242 3544 1295 pra:-

1934 1330 2156 1377 notatus
2183 1320 2430 1391 pontifex
2467 1320 2788 1374 Hincmarus
2809 1318 3028 1386 judiccs
3059 1318 3162 1371 sibi
3197 1318 3540 1371 Wenilonem

1935 1419 1989 1466 et
2020 1410 2348 1463 Almaricum
2373 1426 2540 1478 supra
2579 1417 2787 1462 taxatos
2830 1407 3304 1477 archiepisc0pos.
3335 1406 3545 1459 Pardu—

1932 1500 2043 1552 lum
2077 1515 2300 1569 quoque
2359 1499 2778 1552 Lauduneusem
2834 1496 3179 1566 episcopum,
3227 1494 3319 1564 qui
3353 1494 3406 1546 in
3441 1495 3544 1548 hoc

1928 1591 2140 1658 judicio
2170 1591 2349 1644 locum
2382 1589 2818 1660 metropolitame
2858 1605 2971 1642 suae
3003 1595 3276 1641 servasset
3302 1586 3544 1640 auctori-

1936 1685 2078 1739 tatis.
2118 1685 2224 1754 Ipsi
2267 1684 2591 1737 clamatores
2635 1683 2858 1736 eosdem
2885 1681 3104 1749 judices
3153 1682 3540 1750 suscipientes,

207 1763 468 1816 ecclesia)
509 1765 779 1834 hospitale
810 1767 1095 1822 constituit
1125 1769 1193 1822 ad
1225 1771 1634 1840 susceptionem
1667 1789 1828 1842 pere-
1860 1737 1904 1803 Β
1933 1772 2264 1827 addiderunt
2294 1773 2457 1825 etiam
2520 1771 2875 1824 Prudentium
2938 1770 3272 1824 Trecassiute
3303 1770 3543 1824 civitatis

203 1853 526 1924 grinornm,
559 1857 642 1909 vel
678 1873 980 1928 pauperum
1010 1860 1270 1930 congruis
1297 1861 1368 1914 ad
1403 1861 1454 1915 id
1485 1863 1832 1934 rebusdepu-

206 1944 360 2008 tatis,
391 1962 514 1998 eum
539 1961 810 2001 consensu
830 1948 1290 2018 coepisc0porum
1316 1950 1601 2006 Remensis
1624 1953 1832 2008 ditnce-

203 2041 528 2103 seos,atque
544 2034 1476 2104 subscriptionibuseorumdem,ea
1488 2042 1828 2107 conditione,

209 2128 273 2174 ut
305 2121 459 2174 nullo
509 2139 750 2191 unquam
806 2131 1055 2194 tempore
1115 2127 1347 2196 quilibet
1395 2130 1710 2200 episc0pus,
1745 2133 1828 2185 vel

207 2209 480 2279 quzelibct
514 2226 747 2279 persona
767 2212 988 2265 easdem
1017 2230 1101 2267 res
1127 2215 1382 2286 cuiquam
1410 2218 1463 2270 in
1499 2218 1828 2274 beneficium

204 2299 364 2359 dare,
397 2299 478 2352 vel
514 2299 567 2351 in
599 2299 739 2353 alios
769 2317 901 2354 usus
949 2319 1284 2375 quocunque
1314 2308 1477 2362 modo
1509 2309 1829 2364 abstrahere

203 2395 529 2458 praesumat,
565 2404 746 2458 neque
764 2390 1004 2460 aliquem
1020 2408 1248 2446 censum
1285 2395 1367 2447 vel
1393 2396 1826 2452 redhibitionem

206 2475 418 2529 exinde
450 2475 704 2545 accipiat,
761 2477 859 2530 sed
893 2485 1064 2533 totum
1097 2480 1371 2552 quidquid
1405 2501 1467 2537 ex
1504 2485 1638 2554 ipsis
1666 2488 1830 2542 rebus

193 2565 354 2632 juste
389 2564 598 2634 acquiri
635 2566 894 2634 potuerit,
930 2566 985 2620 in
1044 2585 1175 2623 usus
1207 2587 1512 2641 pauperum
1543 2585 1709 2646 atque
1733 2594 1826 2630 ea-

204 2652 562 2716 nonicorum,
595 2654 899 2708 secundum
928 2656 1149 2710 modqu
1183 2658 1519 2730 descriptum
1561 2665 1616 2717 in
1658 2665 1828 2734 privi-

201 2745 377 2819 legio,
413 2753 466 2798 et
491 2763 522 2798 a
556 2746 770 2798 caeteris
793 2747 1070 2817 episcopis
1090 2750 1433 2818 confirmato,
1464 2759 1824 2826 expendatur.

201 2839 388 2906 Super
421 2837 522 2890 hoc
550 2853 768 2908 quoque
802 2839 1103 2895 constituto
1132 2842 1295 2916 regiae
1326 2847 1665 2900 auctoritatis
1695 2866 1828 2918 prae-

196 2934 430 2996 ceptum
460 2943 490 2980 a
523 2927 714 2983 Karoto
765 2946 890 3004 rege
941 2929 1060 2984 fieri
1114 2940 1278 3005 atque
1328 2935 1531 2991 firmari
1559 2940 1819 2996 obtinuit.

199 3021 314 3074 Res
351 3026 615 3089 praeterea
638 3023 859 3076 etvillas
872 3023 1146 3095 episc0pii
1165 3043 1307 3096 pene
1333 3044 1528 3084 omnes
1556 3033 1825 3089 ordinatis

195 3110 613 3166 rationabiliter
630 3113 862 3168 coloniis
901 3115 1138 3170 describi
1179 3116 1326 3173 fecit.

851 3252 1058 3306 CAPUT
1095 3253 1181 3308 XI.

197 3341 279 3392 De
308 3337 514 3404 synodo
569 3342 1011 3408 comprovinciati
1061 3344 1210 3412 apud
1239 3346 1615 3402 Suessonicam
1640 3351 1825 3404 urbem

910 3413 1100 3468 habita

277 3523 374 3577 Hic
403 3524 746 3579 honorabilis
802 3529 998 3597 praesul
1035 3531 1374 3599 llincmarus,
1409 3552 1553 3591 anno
1584 3538 1667 3592 sui
1703 3539 1825 3609 epi-

196 3619 471 3682 sc0patus
497 3615 733 3683 septimo
759 3617 1029 3686 ((111.8353),
1062 3622 1544 3691 synodumhabuit
1573 3642 1828 3698 compro-

194 3703 497 3759 vincialem
530 3706 677 3774 apud
735 3707 1119 3764 Suessonicam
1169 3714 1382 3781 urbem,
1409 3715 1463 3768 in
1493 3719 1825 3774 monasterio

196 3793 380 3848 sancti
405 3793 668 3862 Medardi,
719 3795 774 3848 in
807 3797 1038 3852 ecclesia
1069 3811 1268 3856 sanctae
1307 3803 1586 3860 Trinitatis
1616 3809 1826 3864 honore

202 3890 444 3945 sacrata,
487 3899 610 3937 cum
671 3884 960 3940 Wenilone
1017 3889 1323 3944 Senonensi
1383 3894 1824 3967 archiepiscopo,

206 3975 483 4030 Amalrico
538 3977 867 4044 Turonensi,
908 3980 1248 4037 Theoderico
1282 3984 1660 4041 Cameracensi
1695 3989 1823 4060 epi-

209 4081 408 4135 scopo,
427 4065 676 4121 Rothado
702 4068 1054 4136 Suessonico,
1092 4072 1246 4143 Lupo
1275 4075 1680 4142 Catalaunensi,
1709 4079 1823 4132 lm-

211 4169 382 4208 mone
422 4154 866 4230 Noviomagensi,
891 4158 1136 4229 Erpuino
1158 4162 1259 4214 Sih
1276 4167 1581 4233 anectensi,
1606 4168 1827 4222 Ermen-

207 4243 358 4297 frido
386 4243 726 4308 Belvacensi,
792 4247 1027 4304 Pardulo
1074 4250 1447 4319 Laudunensi,
1511 4255 1824 4312 I-lilmcrado

204 4337 589 4404 Ambianensi,
624 4339 865 4395 Huberto
925 4341 1209 4409 Meldensi,
1255 4345 1387 4418 Agio
1419 4349 1821 4414 Aurelianensi,

210 4431 512 4485 l’rudcntio
542 4431 884 4498 Trecassino,
945 4434 1257 4490 Hermanno
1311 4438 1654 4506 Niverncnsi,
1684 4442 1821 4496 Jona
1852 4468 1907 4535 ί)

203 4523 691 4596 Augustodunensi
727 4566 741 4589 ,
798 4525 1105 4582 Godelsado
1167 4527 1536 4594 Cavilonensi,
1600 4533 1821 4587 Dodone

201 4613 614 4687 Andegavensi,
672 4615 975 4672 Guntherto
1047 4617 1384 4686 Ebroicensi,
1450 4621 1821 4679 llildebranno

201 4702 482 4770 Sagiensi,
516 4704 808 4776 lligboldo,
872 4706 1162 4762 Remorum
1205 4711 1622 4780 chorcpiscopo.
1662 4712 1821 4766 Resi-

199 4792 469 4845 dentibus
506 4795 670 4848 etiam
731 4797 1070 4865 presbyteris
1141 4808 1192 4850 ct
1252 4799 1565 4863 abbatibus,
1602 4801 1822 4855 ltodone

199 4884 408 4939 abbate
443 4889 756 4942 monasterii
790 4889 1195 4951 sanctiSabini,
1225 4891 1373 4960 Lupo
1396 4892 1597 4947 abbate
1631 4909 1824 4947 mona-

200 4976 361 5029 sterii
396 4977 542 5046 quod
577 4977 781 5031 dicitur
809 4980 1137 5045 Fert-arium,
1175 4981 1450 5036 Bernardo
1479 4982 1679 5036 abbate
1707 4998 1825 5037 mo-

201 5066 428 5118 nasterii
465 5068 636 5119 sancti
693 5066 996 5130 Benedicti,
1041 5068 1188 5137 quod
1251 5069 1454 5123 dicitur
1497 5071 1821 5138 Floriacum,

197 5151 392 5205 Odone
452 5153 770 5206 monasterii
831 5158 977 5224 quod
1037 5159 1238 5212 dicitur
1289 5161 1554 5228 COI‘bCi‘dP,
1599 5162 1824 5217 Heriaco

198 5244 526 5297 monasterii
580 5244 893 5309 Corbionis,
932 5249 1142 5304 ltavone
1187 5253 1504 5307 monasterii
1536 5253 1821 5307 Orbacen-

193 5333 296 5398 sis,
333 5343 387 5388 et
419 5336 847 5405 quampluribus
873 5339 998 5393 aliis
1025 5343 1403 5398 sacerdotibus
1427 5353 1481 5398 et
1505 5345 1820 5411 abbatibus,

193 5421 509 5476 astantibus
540 5423 872 5480 diaconibus
900 5443 962 5481 ac
995 5429 1331 5500 reliquorum
1358 5433 1627 5504 graduum
1651 5434 1818 5499 clero,

195 5515 499 5569 Residente
532 5530 759 5586 quoque
806 5516 859 5570 in
915 5521 1096 5575 medio
1155 5522 1395 5593 glorioso
1450 5541 1578 5597 rege
1605 5525 1817 5581 Karolo.

198 5606 298 5661 Ubi
333 5609 591 5678 quaedam
659 5611 972 5664 necessaria
1037 5613 1291 5668 Ecclesia}
1324 5616 1414 5668 Dei
1440 5627 1569 5670 sunt
1608 5629 1822 5687 pertra-

190 5703 337 5750 ctata
361 5697 608 5768 negotia.
635 5695 712 5749 Ad
733 5713 894 5768 quam
927 5701 1196 5769 synodum
1231 5703 1560 5758 accedentes
1592 5703 1819 5775 quidam

1856 3104 1904 3171 C

1932 1861 2273 1931 episcolmm.
2294 1860 2349 1912 Ri
2375 1860 2595 1926 judiccs
2616 1859 2896 1913 constituti
2921 1859 3353 1926 hocjudicaruut
3370 1860 3538 1929 quod,

1931 1950 1976 2003 si
2008 1949 2118 2002 Eho
2149 1949 2601 2018 archiepiscOpus
2629 1949 2685 2000 in
2715 1963 2814 2001 suo
2847 1955 2989 2000 statu
3024 1964 3253 2000 manens
3275 1948 3541 2001 canonice

1934 2039 2030 2091 hos
2049 2037 2243 2090 fratres
2269 2036 2626 2101 ordinaverit,
2651 2036 2918 2090 deberent
2949 2036 3280 2090 ministrare.
3301 2036 3353 2089 Si
3374 2036 3540 2090 etiam

1933 2128 2132 2196 injuste
2174 2127 2445 2193 dejectus,
2485 2136 2539 2179 et
2591 2125 2854 2179 canonice
2889 2125 3190 2186 restitutus,
3229 2133 3349 2195 post
3387 2141 3540 2179 suam

1931 2216 2251 2271 canonicam
2285 2215 2687 2270 restitutionem
2755 2215 2979 2269 eosdem
3029 2214 3389 2281 ordinaverit,
3421 2215 3542 2268 sine

1931 2309 2041 2362 ulla
2070 2308 2374 2378 quaestione
2406 2308 2674 2362 deberent
2705 2307 2868 2361 etiam
2896 2306 3229 2360 ministrare.
3267 2306 3418 2360 Unde
3452 2306 3539 2359 in-

1930 2400 2185 2473 terrogati
2245 2407 2373 2454 sunt
2417 2400 2764 2454 ordinatorcs
2821 2398 3114 2464 Hincmari,
3169 2408 3222 2452 ut
3253 2398 3539 2452 edicerent

1930 2508 2052 2562 quae
2083 2493 2152 2544 de
2188 2492 2392 2546 Ebonis
2422 2491 2793 2561 depositione,
2827 2499 2882 2544 et
2913 2491 2981 2544 de
3010 2489 3280 2544 lbnmnari
3309 2505 3540 2558 compe-

1931 2579 2136 2633 rissent
2161 2579 2526 2634 ordinatione.
2562 2579 2712 2632 Tunc
2748 2594 2982 2651 surgens
3030 2577 3405 2648 Theodericus
3433 2576 3540 2630 Ca-

1928 2671 2264 2726 meracensis
2297 2672 2593 2740 episcopus
2615 2671 2855 2740 porrexit
2914 2671 2966 2723 in
2992 2677 3293 2740 conspectu
3329 2670 3540 2740 princi-

1931 2761 2014 2831 pis
2035 2768 2089 2815 et
2115 2760 2312 2829 synodi
2337 2759 2622 2830 scriptum,
2655 2759 2947 2813 continens
2969 2758 3221 2813 ordinem
3240 2758 3542 2829 depositio-

1929 2850 2012 2903 nis
2070 2848 2278 2920 przefati
2339 2849 2562 2903 Ebonis.
2623 2849 2753 2902 Tum
2816 2849 3132 2902 ventilatum
3175 2857 3257 2902 est
3309 2849 3544 2918 qualiter

1926 2949 2308 2996 exauctoratus
2328 2941 2622 3011 episc0pus
2646 2941 2862 2996 restitui
2887 2941 3107 3002 debeat,
3154 2948 3210 2994 ut
3234 2941 3363 3011 quia
3396 2939 3542 2993 idem

1928 3028 2038 3083 Ebo
2073 3032 2358 3085 restitutus
2397 3032 2662 3086 canonice
2718 3047 2828 3086 non
2885 3031 3069 3097 fuerit,
3132 3030 3358 3101 insuper
3387 3029 3540 3084 etab

1926 3123 2229 3191 apostolica
2257 3124 2389 3176 sede
2415 3124 2603 3194 Sergio
2627 3141 2769 3194 papa
2801 3125 3157 3178 contirmantc
3171 3122 3540 3190 dejectionem

1927 3215 2095 3281 illius,
2128 3216 2417 3270 damnatus
2455 3216 2748 3277 exstiterit,
2811 3226 2867 3268 ut
2903 3216 2956 3267 in
2998 3215 3133 3269 laica
3159 3216 3302 3284 [ms.,
3336 3215 3532 3285 laicali]

1927 3306 2308 3361 tantummodo
2373 3306 2765 3360 communione
2824 3314 3092 3360 maneret.
3144 3307 3276 3358 Tum
3310 3304 3538 3359 recitata

1926 3399 2274 3461 auctoritate,
2309 3397 2550 3467 qualiter
2575 3397 3035 3466 metr0politanus
3048 3396 3250 3450 debeat
3271 3395 3512 3450 ordinari
3526 3437 3540 3460 ,

1929 3489 2126 3544 litteris
2157 3504 2378 3558 quoque
2411 3488 2686 3543 caconicis
2709 3487 3084 3551 Erchamradi,
3105 3487 3351 3556 episcopi
3391 3487 3543 3539 Pari—

1926 3581 2133 3635 siorum
2169 3579 2448 3642 Ecclesiae,
2492 3575 2832 3631 confirmatis
2864 3592 2962 3628 sua
2999 3575 3198 3645 suique
3255 3573 3539 3643 archiepi-

1926 3672 2100 3742 scopi,
2135 3679 2189 3724 et
2219 3671 2674 3740 coepisc0porum
2735 3683 2960 3721 suorum
2985 3666 3262 3731 manibus,
3304 3681 3443 3736 quas
3473 3666 3541 3719 ad

1929 3765 2254 3836 petitionem
2284 3763 2569 3817 Remensis
2615 3762 2891 3827 Ecclesiaa,
2938 3759 3069 3815 cleri
3104 3776 3165 3814 ac
3198 3759 3377 3829 plebis
3409 3758 3540 3811 llin-

1926 3855 2439 3917 cmarotribucrat;
2473 3854 2694 3908 decreto
2744 3852 2906 3906 etiam
2949 3850 3217 3907 canonico
3249 3849 3540 3904 Remorum

1927 3947 2059 4001 cleri
2089 3946 2472 4016 nobiliumque
2498 3943 2754 3998 manibus
2781 3942 3061 4007 roborato,
3113 3940 3349 4012 qualiter
3387 3955 3542 3993 eum-

1927 4041 2052 4094 dem
2084 4041 2430 4095 llincmarum
2476 4039 2579 4092 sibi
2639 4037 2986 4107 postularunt
3041 4033 3284 4090 ordinari
3318 4031 3540 4102 episco-

1929 4153 2057 4206 pum
2079 4145 2362 4190 ostensum
2390 4143 2472 4188 est
2502 4133 2769 4187 canonice
2800 4147 2924 4186 cum
2963 4129 3272 4200 praesentia,
3298 4127 3381 4180 vel
3414 4141 3541 4180 con-

1925 4246 2089 4282 sensu
2115 4228 2359 4284 omnium
2409 4226 2866 4295 coepisc0porum
2921 4223 3207 4277 Remensis
3238 4221 3544 4275 diwceseos

1928 4340 2053 4378 eum
2082 4322 2395 4377 ordinatum
2426 4318 2928 4388 archiepiscopum.
2978 4317 3104 4372 Post
3135 4317 3251 4370 lnec
3308 4329 3542 4387 surgens

1929 4416 2074 4470 idem
2109 4415 2450 4475 Hincmarus,
2511 4413 2565 4465 in
2610 4416 2968 4480 conspectum
3017 4410 3164 4480 ]ms,
3217 4407 3537 4478 conspectu]

1931 4511 2199 4582 principis
2223 4517 2277 4565 et
2305 4508 2524 4580 synodi,
2575 4506 2813 4579 porrexit
2845 4506 3055 4559 litteras
3084 4503 3380 4560 canonicas
3407 4519 3543 4574 quas

1922 4603 2234 4658 ordinatum
2266 4601 2406 4656 sacri
2455 4614 2698 4654 canones
2751 4597 2818 4651 ab
2847 4596 3258 4651 ordinatoribus
3286 4594 3542 4664 accipere

1918 4693 2139 4761 jubent,
2195 4693 2340 4746 diem
2409 4691 2764 4762 praeferentes
2823 4693 2878 4742 et
2927 4688 3233 4742 consulem.
3297 4685 3542 4741 Porrexit

1927 4789 2092 4842 etiam
2116 4787 2407 4858 epistolam
2441 4783 2730 4840 Remensis
2758 4782 3075 4853 provinciae,
3109 4799 3173 4838 ac
3205 4797 3344 4853 pene
3377 4780 3541 4835 totius

1926 4882 2110 4936 Gallia:
2143 4882 2401 4936 manibus
2434 4882 2819 4951 episcoporum
2875 4878 3262 4948 subscriptam,
3295 4876 3362 4930 ad
3395 4891 3536 4946 apo-

1924 4973 2170 5026 stolicam
2202 4973 2391 5026 sedem
2411 4968 2940 5041 proconﬁrmatione
2965 4967 3138 5038 ipsius
3169 4965 3540 5022 ordinationis

1925 5067 2126 5120 datam.
2161 5064 2411 5119 Ostendit
2437 5065 2602 5118 etiam
2631 5063 2877 5132 diploma
2907 5077 3143 5127 sacrum,
3165 5061 3338 5131 ipsius
3367 5074 3540 5114 vene-

1926 5159 2082 5214 randi
2116 5158 2381 5228 principis
2433 5159 2689 5212 manibus
2731 5156 3077 5229 insignitum,
3114 5164 3167 5210 et
3191 5155 3376 5228 sigillo
3403 5154 3539 5208 sub-

1926 5249 2302 5323 tersignatum,
2336 5266 2399 5302 ex
2425 5248 2826 5318 approbatione
2877 5265 2990 5302 suae
3044 5247 3412 5303 ordinationis
3469 5247 3534 5300 ad

1924 5339 2173 5393 eamdem
2199 5348 2442 5392 sanctam
2501 5348 2555 5394 et
2609 5339 2965 5408 apostolicam
3026 5341 3323 5394 Romanam
3349 5337 3539 5392 Eccle-

1923 5431 2080 5484 siam.
2147 5430 2346 5500 Sicque
2399 5430 2706 5498 judicatum
2757 5440 2924 5502 atque
3009 5432 3393 5486 confirmatum
3452 5440 3536 5486 est

1926 5518 2272 5572 llincntarum
2303 5521 2624 5592 episcOpum
2657 5523 2921 5577 canonice
2961 5523 3297 5576 ordinatum.
3327 5522 3535 5577 Deinde

1921 5612 2238 5668 ventilatum
2266 5623 2366 5677 est,
2402 5615 2534 5686 quid
2559 5616 2967 5670 decernendum
3002 5617 3143 5671 foret
3165 5618 3233 5670 de
3256 5617 3360 5683 his,
3395 5633 3536 5688 quos

1922 5707 2036 5763 Ebo
2075 5717 2200 5778 post
2227 5726 2378 5763 suam
2412 5711 2839 5782 depositionem,
2871 5712 3081 5784 absque
3114 5713 3359 5786 legitima
3378 5714 3534 5770 resti-
