3970 6218
434 267 538 321 155

1543 257 1910 313 FLODOARDI
1950 254 2254 310 CANONlCl
2297 252 2624 308 REMENSIS

3659 249 3765 306 1%

432 390 668 454 tutione,
697 394 1123 460 praesumpserat
1149 388 1427 442 ordinare.
1447 386 1596 440 Tunc
1615 400 1847 457 surgens
1869 385 2037 438 Immo
2064 389 2114 454 Α
2139 383 2344 456 gradus
2363 380 2768 436 ecclesiasticos
2818 379 3074 435 obtinere
3121 395 3232 436 non
3286 379 3574 444 valebant,
3614 392 3765 432 com-

430 479 882 552 Noviomagensis
912 478 1228 550 episc0pus,
1261 475 1501 548 porrexit
1526 474 1763 530 rotulum
1795 474 2043 544 [ms.,ro—

434 571 621 642 tulam]
648 569 1025 626 auctoritatem
1068 567 1391 624 canonicam
1442 573 1496 621 et
1527 565 1885 637 apostolicam
1907 579 2044 618 con~

434 667 724 728 tinentem,
769 665 1033 736 quoniam
1068 663 1162 735 qui
1186 663 1253 718 ab
1289 663 1410 734 ipso
1438 662 1538 718 visi
1564 659 2044 716 fuerantordinari

430 757 484 810 in
503 757 704 828 gradus
731 756 1157 821 ecclesiasticos,
1205 754 1272 808 ab
1313 754 1537 820 eodem,
1594 753 1740 825 quod
1773 753 1892 823 ipse
1933 765 2044 806 non

433 850 645 917 habuit,
680 867 841 906 nemo
871 867 1063 906 eorum
1095 850 1348 920 accipere
1381 849 1580 920 potuit,
1613 856 1668 904 et
1698 857 1914 904 cmtera.
1935 847 2045 902 Sic-

430 958 540 1012 que
579 941 861 996 decretum
888 949 994 1006 est,
1027 949 1087 996 ut
1115 940 1385 1012 quidquid
1410 940 1464 993 in
1485 938 1933 994 ordinationibus
1953 953 2045 992 ec-

429 1035 752 1091 clesiasticis
781 1035 896 1090 Ebo
928 1043 1050 1106 post
1081 1035 1488 1105 depositionem
1535 1050 1688 1088 suam
1711 1043 1920 1107 egerat,
1953 1048 2045 1087 se-

426 1126 668 1182 cundum
688 1125 1041 1180 traditionem
1065 1124 1383 1195 apostolicae
1402 1123 1573 1190 sedis,
1592 1129 1790 1194 printer
1823 1138 2038 1177 sacrum

429 1221 700 1291 baptisma
730 1221 898 1292 (quod
930 1222 986 1275 in
1027 1219 1250 1276 nomine
1305 1226 1507 1274 sanctas
1535 1217 1816 1273 Trinitatis
1856 1217 2040 1288 perfe-

429 1322 576 1369 ctum
605 1318 707 1381 est)
738 1314 949 1369 irritum
983 1314 1300 1377 haberetur,
1361 1324 1415 1368 et
1445 1313 1683 1369 ordinati
1717 1313 1784 1367 ab
1817 1328 1883 1369 eo
1915 1329 2038 1386 gra-

430 1408 596 1462 dibus
627 1408 1014 1464 ecclesiasticis
1041 1409 1238 1480 privati
1273 1409 1595 1464 existerent.
1638 1409 1789 1463 Tunc
1811 1425 1952 1463 unus
1973 1427 2038 1464 ex

431 1503 710 1574 przedictis
764 1505 1027 1560 fratribus
1073 1504 1297 1559 nomine
1364 1504 1734 1558 Fredebertus
1792 1502 2041 1558 libellum

432 1597 878 1667 proclamationis
908 1597 1061 1673 legit,
1098 1600 1151 1653 in
1176 1612 1286 1670 quo
1317 1595 1723 1661 continebatur,
1749 1596 1895 1664 quod
1916 1596 2042 1651 ideo

431 1704 489 1741 se
517 1689 584 1742 ab
621 1688 804 1742 Ebone
865 1690 1248 1759 permisissent
1296 1687 1560 1751 ordinari,
1621 1687 1752 1758 quia
1794 1688 2045 1743 viderant

430 1779 807 1854 suffraganeos
834 1781 1119 1837 Remensis
1175 1781 1453 1846 Ecclesiae,
1506 1780 1815 1835 Rothadum
1844 1780 2045 1835 videli-

431 1882 518 1925 cet
548 1872 896 1942 episcopum,
964 1873 1194 1943 Lupum,
1245 1872 1580 1937 Simeonem,
1637 1871 1937 1942 Erpuinum
1990 1872 2044 1925 in

431 1960 780 2029 metropolim
821 1960 1145 2015 Remensem
1196 1961 1485 2015 ecclesiam
1533 1962 1861 2016 convenisse
1919 1978 2044 2016 cum

434 2048 629 2103 litteris
678 2048 916 2104 Lotharii
979 2049 1349 2120 imperatoris,
1407 2059 1463 2103 et
1493 2049 1750 2104 eumdem
1800 2050 2045 2105 Ebonem

433 2139 757 2194 restituisse.
815 2140 875 2194 Et
923 2140 1150 2211 insuper
1203 2141 1570 2196 ostenderunt
1631 2140 1798 2195 iidem
1833 2140 2042 2211 praefati

429 2229 613 2285 clerici
633 2230 844 2285 litteras
872 2231 1025 2302 quasi
1060 2247 1124 2286 ex
1145 2231 1370 2286 nomine
1400 2229 1728 2286 Theoderici
1767 2231 2044 2301 episcOpi,

430 2321 686 2389 Rothadi,
720 2322 875 2389 Ludi,
905 2322 1187 2389 Immonis,
1221 2338 1283 2377 ac
1314 2330 1639 2378 caeterorum
1701 2323 1864 2391 hujus
1894 2323 2042 2378 dice-

431 2429 621 2468 ceseos
650 2414 1039 2484 episcoporum
1060 2413 1317 2469 manibus
1345 2415 1628 2470 roboratas
1660 2431 1819 2486 ;qu:e
1863 2423 2048 2470 tamen

431 2503 499 2557 ab
527 2504 738 2558 eisdem
768 2505 1046 2576 episcopis
1099 2505 1337 2560 recitata:
1373 2507 1432 2576 μ,
1485 2505 1641 2560 lecta}
1689 2509 1735 2573 f,
1781 2506 2046 2577 refutatze]

434 2594 696 2665 falsaeque
741 2603 869 2650 sunt
898 2597 1272 2667 comprobatae
1301 2615 1314 2662 ;
1346 2605 1401 2651 et
1449 2598 1578 2668 quia
1609 2597 1740 2652 talia
1771 2598 2052 2669 episcopis

436 2685 747 2757 impingere
805 2687 1273 2758 przesumpserint,
1327 2688 1463 2756 jussi
1497 2696 1624 2742 sunt
1653 2690 2046 2744 communione

435 2772 659 2842 privari.
694 2773 787 2828 His
826 2774 899 2828 ita
931 2776 1259 2838 terminatis,
1321 2777 1544 2831 decreto
1577 2776 1850 2844 judicum,
1883 2784 2050 2849 atque

436 2875 708 2916 consensu
732 2862 1019 2932 principis,
1037 2863 1358 2918 Hincmarus
1374 2864 1826 2935 archiepiSCOpus
1843 2865 2049 2935 prima-

440 2962 526 3006 tus
544 2955 626 3007 sui
653 2955 831 3009 locum
859 2958 1080 3026 recepit.
1113 2957 1245 3010 Tum
1270 2956 1339 3009 de
1367 2955 1691 3027 presbytero
1717 2957 1962 3027 quodam
1997 2967 2051 3013 et

438 3046 638 3101 abbate
669 3047 986 3103 Altivillaris
1050 3050 1315 3117 emnobii,
1375 3049 1602 3106 nomine
1658 3049 1950 3118 Halduino,
1980 3051 2048 3106 ab

439 3136 630 3192 Ebone
657 3138 925 3193 diaconus
962 3139 1116 3194 visus
1156 3139 1332 3194 fuerat
1386 3139 1693 3205 ordinatus,
1752 3147 1807 3194 et
1836 3156 1866 3193 a
1897 3140 2052 3212 Lupo

444 3236 635 3300 postea
657 3231 1040 3286 Catalaunensi
1084 3232 1347 3303 episcopo
1389 3232 1679 3303 presbyter
1709 3230 1886 3288 fuerat
1912 3249 2049 3288 con-

441 3329 707 3390 secratus,
755 3332 901 3380 mota
947 3333 1032 3380 est
1069 3325 1321 3397 quaestio.
1358 3325 1603 3398 Surgens
1655 3324 1841 3397 itaque
1875 3326 2058 3397 Lupus

441 3412 758 3483 episcOpus,
791 3415 1033 3484 porrexit
1082 3416 1363 3480 volumen,
1398 3415 1453 3469 in
1504 3431 1613 3486 quo
1645 3418 2052 3482 continebatur,

443 3503 935 3572 quomodojussus
979 3513 1062 3560 est
1115 3505 1284 3576 regiis
1335 3505 1532 3561 litteris
1577 3505 1754 3562 Karoli
1808 3508 1953 3583 regis
1994 3514 2054 3562 ut

443 3590 571 3663 quia
599 3593 922 3662 metropolis
979 3593 1273 3648 Remorum
1310 3594 1544 3649 ecclesia
1563 3602 1778 3665 pastore
1810 3595 2053 3663 carebat,

444 3679 499 3733 in
529 3679 877 3736 confectione
908 3682 1238 3747 chrismatis,
1270 3684 1504 3756 aliisque
1521 3686 1760 3760 negotiis
1789 3686 2056 3741 ecclesia—

446 3769 600 3823 sticis
648 3785 747 3840 pro
803 3771 887 3825 sui
939 3771 1308 3842 possibilitate
1373 3775 1660 3829 consulere
1713 3784 2050 3845 procuraret.

449 3863 716 3927 Quocirca
753 3879 876 3920 cum
907 3864 1142 3935 epistola
1201 3865 1350 3938 regia
1381 3875 1441 3920 ut
1491 3867 1670 3937 ipsum
1721 3867 2054 3923 Halduinum

449 3954 831 4025 presbyterum
861 3955 1161 4018 ordinaret,
1185 3964 1352 4028 atque
1374 3957 1430 4010 in
1453 3956 1741 4011 Altivillari
1776 3963 2058 4012 monaste-

448 4045 530 4102 rio
561 4047 817 4102 abbatem
874 4056 1132 4115 sacraret,
1181 4048 1603 4104 archidiaconus
1642 4048 1930 4104 Remensis
1958 4048 2055 4104 Ec-

443 4135 645 4203 clesiae,
679 4153 802 4192 cum
830 4137 954 4192 aliis
1001 4138 1394 4195 comministris
1441 4147 1550 4194 tam
1582 4138 1865 4195 canonicis
1891 4155 2056 4211 quam

447 4232 752 4299 monachis,
784 4231 861 4286 illi
889 4232 1150 4288 obtulerit
1183 4249 1197 4301 ;
1230 4250 1510 4306 quemque
1541 4234 1610 4288 ad
1635 4241 1822 4289 votum
1847 4231 2056 4304 praefati

448 4326 716 4398 principis
744 4333 799 4381 et
827 4325 1170 4382 offerentium
1186 4325 1540 4384 ordinaverit.
1578 4326 1731 4381 Unde
1745 4325 2056 4395 judicatum

2144 473 2464 529 munionem
2495 473 2685 528 saltem
2715 473 2963 543 recipere
2991 480 3220 542 possent
3250 489 3348 543 per
3365 472 3572 545 synodi
3594 470 3771 524 indul-

2143 566 2408 639 gentiam.
2439 564 2595 630 Quod
2648 571 2704 618 et
2756 565 2933 634 pietas
2979 564 3338 619 sacerdotalis
3401 565 3645 620 licenter
3683 578 3770 616 as-

2144 652 2336 720 sensit,
2371 660 2426 706 et
2450 651 2882 706 misericorditer
2943 651 3154 706 eisdem
3217 652 3486 707 fratribus
3544 651 3767 706 veniam

2145 743 2436 800 concessit.
2473 742 2536 797 Et
2590 743 2666 798 ita
2723 744 2841 798 hzec
2895 743 3080 798 omnia
3128 744 3297 818 gestis
3357 744 3592 807 inserta,
3629 750 3689 797 et
3718 743 3768 797 in

2145 839 2502 904 conspectum
2573 831 2716 902 [ms.,
2780 831 3099 902 conspectu]
3157 832 3355 902 synodi
3425 832 3687 897 recitata,
3719 839 3771 886 et

2146 924 2552 992 ratajudicata,
2606 923 2992 994 prtedictorum
3038 925 3294 979 manibus
3345 925 3773 995 episcoporum,

2145 1023 2199 1070 et
2227 1017 2481 1082 aliorum,
2543 1016 2638 1087 qui
2698 1015 3024 1082 interfuere,
3085 1017 3504 1088 subscriptione
3547 1015 3774 1071 ﬁrmata

2144 1119 2292 1166 sunt.

2211 1203 2339 1266 Quae
2359 1202 2503 1257 actio
2545 1201 2742 1273 synodi
2798 1201 2916 1256 sedi
2967 1200 3285 1272 apostolicae
3339 1201 3408 1256 ab
3472 1201 3778 1258 Hincmaro

2141 1293 2368 1357 directa,
2410 1300 2464 1347 et
2493 1292 2838 1347 aBenedicto
2869 1308 3012 1363 papa
3052 1291 3250 1346 Leonis
3271 1293 3391 1352 {Leo
3411 1295 3510 1362 ιν)
3542 1309 3779 1348 succes-

2140 1401 2264 1441 sore
2318 1386 2674 1441 corroborata
2723 1394 2825 1439 est.
2885 1385 2985 1449 Qui
3042 1384 3205 1439 etiam
3253 1383 3592 1439 Benedictus
3655 1388 3779 1450 (Be-

2143 1479 2264 1532 ned.
2308 1480 2407 1545 III)
2461 1493 2605 1549 papa
2659 1475 3008 1550 privilegium
3065 1474 3392 1531 auctoritate
3426 1474 3578 1529 beati
3606 1475 3780 1542 Petri,

2145 1581 2198 1628 et
2227 1572 2545 1644 apostolicae
2579 1572 2754 1642 ipsius
2808 1572 2958 1625 sedis
2991 1571 3121 1626 huic
3153 1570 3377 1641 prmsuli
3413 1579 3611 1626 nostro
3645 1571 3779 1624 Hin-

2149 1683 2333 1724 cmaro
2367 1665 2597 1722 contulit
2623 1667 2799 1735 (epist.
2849 1664 2921 1734 1),
2946 1665 3203 1720 sanciens
3234 1679 3301 1718 ne
3330 1663 3578 1734 quilibet
3610 1663 3781 1732 hujus

2151 1761 2456 1814 diwceseos
2487 1757 2693 1832 regulis
2737 1757 3046 1826 subjectus,
3085 1771 3151 1810 eo
3194 1754 3782 1826 contemptoimpune

2147 1856 2395 1922 auderet,
2446 1869 2544 1908 seu
2601 1853 2808 1908 valeret
2861 1852 3043 1906 aliena
3103 1859 3386 1922 expetere,
3444 1857 3544 1905 aut
3573 1865 3783 1921 exspe-

2148 1959 2296 2006 ctare
2357 1947 2591 2018 judicia.
2659 1948 2764 2001 Sed
2827 1947 3066 2001 domnus
3135 1944 3391 2000 Nicolaus
3458 1947 3666 2010 (Nicol.
3740 1948 3780 2013 Ι)

2149 2044 2396 2113 ejusdem
2430 2041 2713 2096 Benedicti
2741 2055 3047 2107 successor,
3074 2037 3391 2110 petentibus
3417 2038 3616 2092 sedem
3651 2055 3784 2110 apo-

2147 2134 2395 2189 stolicam
2454 2131 2768 2202 praanotatis
2817 2130 3070 2198 dejectis.
3125 2138 3568 2201 praamemorataa
3621 2137 3783 2203 gesta

2145 2227 2340 2300 synodi
2393 2233 2716 2281 retractasse
2774 2233 2938 2295 atque
3005 2223 3434 2294 reprehendisse
3492 2223 3780 2294 reperitur

2148 2323 2328 2389 (epist,
2361 2319 2469 2388 46),
2495 2316 2770 2388 praecipue
2786 2314 2934 2386 quod
2955 2313 3401 2369 solaobedientia
3416 2312 3778 2368 subditorum

2150 2419 2400 2484 reputata
2458 2410 2650 2465 fuisset
2699 2409 2754 2462 in
2804 2407 3045 2478 culpam,
3095 2415 3148 2462 et
3187 2407 3280 2478 qui
3318 2407 3778 2477 praelatijudicio

2152 2514 2360 2560 temere
2400 2518 2510 2559 non
2543 2502 3006 2568 restiterunt,sed
3032 2499 3316 2555 humiliter
3333 2499 3478 2554 colla
3499 2500 3779 2555 subdide-

2154 2601 2300 2660 runt,
2329 2592 2675 2649 severissime
2729 2591 3083 2662 punirentur,
3131 2596 3186 2644 et
3207 2588 3299 2660 qui
3329 2589 3778 2645 misericordiam

2157 2687 2487 2759 petiverant,
2518 2699 2619 2738 nec
2636 2684 2868 2751 justum,
2901 2691 2962 2737 ut
2993 2681 3210 2746 asserit,
3233 2681 3508 2749 judicium
3562 2697 3780 2736 merue-

2152 2778 2280 2832 rint.
2316 2775 2538 2830 lntimat
2594 2773 2759 2827 etiam
2811 2771 3090 2842 quomodo
3139 2770 3397 2825 dominus
3451 2769 3785 2824 Hincmarus

2151 2883 2250 2939 pro
2281 2867 2367 2920 his
2396 2863 2530 2918 actis
2555 2861 2775 2917 concilii
2805 2861 2971 2917 Leoni
3005 2877 3162 2932 papae
3209 2875 3318 2914 non
3353 2859 3527 2914 semel
3554 2860 3781 2930 suppli-

2151 2977 2242 3017 ces
2272 2960 2482 3016 litteras
2503 2956 2732 3023 miserit,
2765 2962 3040 3026 quatenus
3063 2953 3208 3008 idem
3240 2951 3538 3008 concilium
3570 2967 3784 3022 appro-

2074 3071 2124 3138 C
2151 3054 2307 3115 bans,
2370 3049 2694 3105 auctoritate
2747 3045 3049 3118 apostolica
3101 3044 3407 3100 roboraret.
3474 3043 3624 3108 Quod
3689 3044 3788 3138 ille

2154 3158 2317 3217 agere
2347 3139 2581 3196 sollicite
2629 3136 2895 3200 renuerit,
2957 3150 3024 3190 eo
3047 3134 3196 3205 quod
3231 3149 3329 3204 per
3356 3133 3575 3204 aliquos
3600 3148 3672 3187 ex
3693 3131 3789 3186 his

2154 3230 2452 3304 episcopis,
2485 3228 2576 3300 qui
2611 3226 2823 3298 synodo
2866 3224 3209 3287 resederant,
3239 3231 3299 3278 ut
3329 3222 3600 3278 dubitatio
3631 3222 3792 3277 foret

2160 3322 2423 3378 radicitus
2457 3318 2667 3385 evulsa,
2728 3315 2976 3384 ejusdem
3010 3311 3207 3384 synodi
3263 3319 3467 3367 statuta
3513 3311 3794 3366 destinari

2157 3414 2505 3478 debuissent,
2537 3408 2816 3481 praecipue
2840 3423 2964 3463 cum
3011 3406 3222 3461 ibidem
3275 3405 3438 3477 legati
3469 3404 3615 3459 sedis
3635 3421 3796 3476 apo-

2155 3504 2364 3560 stolicae
2392 3509 2700 3573 praesentes
2732 3513 2845 3553 non
2889 3496 3114 3551 fuerint.
3169 3495 3234 3548 Et
3265 3494 3396 3565 quia
3427 3493 3482 3547 hi
3515 3507 3657 3563 quos
3689 3492 3797 3546 ille

2156 3594 2483 3653 auctoritate
2515 3591 2713 3662 synodi
2744 3585 3374 3657 afﬁrmabatdepositos,
3399 3600 3496 3656 per
3523 3585 3798 3656 proprias

2156 3687 2370 3742 litteras
2391 3683 2459 3738 ad
2517 3681 2707 3736 sedem
2739 3677 3098 3749 apostolicam
3132 3675 3556 3748 appellaverint,
3585 3682 3639 3730 et
3662 3675 3804 3730 vel-

2158 3779 2273 3834 lent
2304 3777 2502 3832 iterum
2562 3787 2623 3826 se
2673 3768 2986 3840 apostolica:
3025 3765 3176 3821 sedis
3225 3765 3404 3820 audiri
3455 3766 3795 3836 praesentia,

2159 3866 2487 3941 praecepisse
2518 3877 2743 3934 quoque
2773 3859 3032 3915 eumdem
3101 3873 3319 3928 papam,
3353 3865 3414 3912 ut
3452 3857 3800 3914 Hincmarus

2159 3960 2360 4033 praesul
2390 3958 2458 4012 ad
2489 3954 2788 4011 concilium
2833 3969 2957 4008 cum
3017 3951 3125 4005 illis
3155 3957 3488 4016 occurreret,
3525 3949 3593 4003 ad
3623 3952 3794 4020 quod

2157 4066 2318 4106 suum
2369 4049 2484 4118 ipse
2529 4045 2790 4116 legatum,
2855 4040 3073 4094 Petrum
3135 4038 3395 4095 videlicet
3451 4038 3794 4108 episcopum

2158 4143 2536 4214 Spoletanum,
2559 4152 2589 4191 e
2615 4135 2785 4191 latere
2815 4149 2918 4188 suo
2941 4133 3236 4198 direxerat,
3270 4131 3339 4186 ad
3393 4130 3793 4186 renovandum

2157 4228 2666 4299 scilicetjudicium
2703 4226 2825 4281 vice
2854 4241 2972 4280 sua.
3035 4223 3131 4279 Cui
3163 4222 3485 4290 audientiae,
3517 4221 3797 4294 quoniam

2159 4327 2396 4382 domnus
2427 4322 2755 4377 Hincmarus
2787 4335 2942 4374 suam
2978 4333 3088 4373 non
3116 4315 3369 4372 exhibuit
3399 4314 3797 4385 praesentiam,

451 4423 534 4471 est
561 4433 591 4470 a
610 4415 842 4486 synodo,
873 4416 1129 4472 eumdem
1157 4416 1478 4488 episcopum
1507 4415 1644 4470 nihil
1683 4413 2058 4470 damnationis
2081 4441 2136 4509 D
2160 4419 2272 4476 voti
2292 4416 2490 4473 eﬂ‘ectu
2521 4413 2778 4469 frustrato
2827 4413 2934 4466 Leo
2973 4407 3221 4481 pontifex
3245 4407 3332 4461 ’ab
3364 4405 3610 4462 hacluce
3637 4405 3794 4460 sub-

451 4510 520 4564 de
562 4506 713 4562 illius
747 4507 1098 4562 ordinatione
1145 4507 1412 4580 attigisse.
1476 4508 1583 4562 Sed
1635 4506 1727 4579 qui
1760 4507 1902 4562 saltu
1933 4507 2058 4561 sine

449 4600 620 4672 gradu
653 4598 896 4654 diaconii
925 4599 994 4653 ad
1025 4598 1395 4654 sacerdotium
1427 4597 1750 4669 prosilierit,
1771 4597 1825 4651 in
1857 4597 2062 4671 degra-

451 4689 733 4743 dationem
759 4687 1005 4742 debitam
1038 4687 1250 4742 resilire
1297 4688 1544 4743 deberet.
1579 4686 1790 4741 Deinde
1821 4685 2063 4757 requisi-

455 4789 567 4836 tum
599 4789 682 4836 est
707 4781 774 4836 de
807 4780 893 4835 his
923 4781 1017 4852 qui
1045 4781 1218 4836 Eboni
1279 4789 1402 4851 post
1457 4779 1875 4850 depositionem
1904 4797 2060 4837 suam

449 4873 1010 4939 communicaveraut,
1064 4881 1117 4929 et
1173 4871 1400 4928 recitata
1441 4871 1768 4927 auctoritate
1825 4873 2064 4944 qualiter

452 4966 635 5020 sanari
657 4967 946 5031 deberent,
988 4973 1268 5036 repertum
1307 4971 1391 5019 est
1441 4981 1508 5018 ex
1537 4963 1819 5019 canonicis
1841 4963 2065 5020 institu-

453 5056 542 5118 tis,
579 5071 674 5110 eos
690 5064 815 5126 post
839 5053 1296 5120 satisfactionem,
1336 5053 1462 5109 data
1493 5052 1602 5107 illis
1632 5051 1980 5127 indulgentia
2012 5062 2068 5108 et

449 5149 840 5204 communione
877 5163 1034 5203 sacra
1087 5163 1212 5203 cum
1271 5145 1662 5202 benedictione
1702 5145 1927 5210 tributa,
1970 5161 2069 5216 per

456 5256 648 5297 eorum
672 5240 960 5313 preprium
1001 5240 1346 5312 episc0pum,
1375 5246 1642 5310 cperante
1698 5237 1929 5293 Domino
1965 5253 2064 5294 no-

453 5341 566 5389 stro
609 5334 738 5389 Jesu
795 5332 1027 5402 Christo,
1089 5332 1367 5404 puriﬁcari
1416 5341 1583 5403 atque
1647 5331 1828 5386 sanari
1880 5345 2062 5401 posse.

457 5425 610 5488 Quod
686 5432 742 5480 et
803 5433 985 5479 actum
1054 5432 1138 5479 est
1200 5441 1300 5495 per
1363 5422 1739 5478 venerabilem
1808 5422 2066 5476 Hincma-

458 5531 578 5570 rum
621 5513 1128 5586 archiepisc0pum,
1181 5514 1274 5568 His
1330 5513 1404 5568 ita
1470 5511 1728 5583 peractis,
1789 5509 2068 5583 benignus

459 5607 721 5677 princeps
773 5605 1000 5662 Karolus
1054 5606 1213 5678 petiit
1262 5605 1611 5660 Hincmarum
1698 5602 2073 5671 archiepisco-

461 5712 614 5766 pum,
650 5694 1006 5766 reliquosque
1061 5693 1374 5767 pontifices,
1403 5699 1465 5747 ut
1489 5691 1620 5763 quia
1651 5691 1861 5760 praefati
1882 5689 2076 5744 fratres

2162 4519 2368 4568 tractus
2392 4515 2493 4563 est.
2527 4506 2827 4562 Benedicto
2885 4510 3068 4582 autem
3097 4501 3215 4558 viro
3246 4499 3553 4571 apostolico
3584 4515 3794 4555 succe-

2161 4601 2348 4667 dente,
2371 4596 2550 4654 eidem
2579 4595 2904 4664 subreptum
2949 4591 3139 4657 fuisse,
3171 4596 3227 4644 et
3254 4589 3308 4644 in
3335 4589 3456 4660 ipso
3487 4603 3793 4643 consecra-

2163 4691 2328 4748 tionis
2361 4691 2480 4760 ejus
2512 4684 2785 4760 principio
2816 4687 3137 4745 suasum,ut
3165 4679 3300 4735 illud
3315 4679 3561 4733 ﬁrmaret
3590 4677 3793 4733 conci-

2162 4781 2332 4845 lium;
2381 4786 2708 4834 nontamen
2764 4772 2815 4826 ei
2867 4769 3090 4825 suaderi
3139 4766 3413 4839 potuisse,
3457 4773 3517 4820 ut
3553 4783 3584 4820 a
3617 4767 3793 4834 justas

2167 4866 2510 4924 definitionis
2569 4863 2783 4920 tramite
2823 4858 3146 4915 declinaret.
3195 4857 3393 4910 Verum
3445 4855 3518 4910 ita
3584 4872 3685 4926 per
3737 4856 3791 4910 ei

2168 4975 2491 5017 concessum
2523 4953 2871 5028 privilegium
2925 4950 3074 5005 illius
3116 4947 3337 5004 concilii
3363 4947 3658 5002 roborasse
3693 4946 3789 5001 in-

2167 5051 2441 5114 stitutum,
2472 5053 2532 5102 ut
2579 5041 2920 5099 auctoritatis
2968 5053 3238 5094 summam
3277 5036 3399 5091 sedi
3460 5035 3790 5106 apostolicae

2169 5137 2463 5196 reservarit
2494 5153 2509 5202 ;
2536 5135 2612 5190 ita
2649 5133 2956 5188 decernens
2999 5141 3229 5181 manere
3281 5122 3609 5180 inconvulsa
3665 5139 3788 5194 quae

2169 5231 2521 5304 petebantur,
2559 5226 2617 5294 si
2670 5225 2742 5280 ita
2807 5229 2996 5278 essent
3048 5236 3148 5291 per
3199 5219 3407 5284 omnia,
3442 5233 3567 5289 quae
3595 5217 3666 5271 de
3696 5216 3790 5270 illa

2166 5322 2379 5394 synodo
2405 5319 2474 5375 ab
2506 5317 2796 5372 Hincmaro
2828 5313 3228 5377 referebantur,
3249 5318 3304 5365 et
3324 5317 3382 5364 ut
3406 5308 3535 5363 inde
3556 5308 3786 5381 quaestio

2169 5415 2337 5470 nullis
2362 5411 2658 5485 aliquando
2717 5407 3063 5478 temporibus
3100 5404 3358 5459 oriretur.
3387 5401 3498 5457 Sed
3525 5401 3782 5473 quoniam

2168 5519 2279 5559 non
2312 5503 2389 5558 ita
2423 5519 2521 5573 per
2547 5499 2754 5565 omnia,
2787 5514 2892 5552 ceu
2947 5503 3268 5571 suggestum
3299 5500 3404 5558 est,
3438 5489 3613 5547 fuisse
3639 5506 3787 5548 com-

2176 5591 2462 5665 probatur,
2523 5590 2721 5647 merito
2787 5587 2987 5643 asserit
3057 5587 3111 5640 in
3171 5583 3385 5640 irritum
3469 5583 3784 5645 deductum,

2178 5685 2326 5758 quod
2358 5691 2550 5742 contra
2580 5684 2828 5754 dejectos
2848 5697 2960 5738 non
2973 5677 3296 5750 simpliciter
3320 5676 3501 5733 fuerat
3527 5676 3788 5747 impetra-
