3970 6218
155 307 255 361 157

805 303 1130 360 HISTORIA-3
1170 303 1505 359 ECCLESl/E
1544 305 1871 362 REMENSIS
1911 306 2084 361 LIBRI
2127 305 2450 370 QUATUOR.
2478 336 2548 344 —-
2588 288 2691 358 LIB
2757 305 2845 358 ΙΙΙ.

3385 304 3485 362 158

147 438 286 484 tum.
341 429 606 494 Quocirca
665 430 897 500 primum
957 429 1179 501 quidem
1240 431 1444 486 domno
1484 431 1772 488 Hincmaro
1799 446 1846 512 Α
1875 432 2067 486 urbem
2100 447 2222 486 cum
2253 429 2376 485 aliis
2397 430 2490 501 qui
2521 436 2650 483 tunc
2681 427 3045 499 nequiverunt
3075 428 3270 482 adesse
3292 444 3488 484 conve-

146 521 432 575 mandavit
499 522 704 587 (Νιροι.
771 521 955 590 Ι,θρίδί
1006 522 1118 587 47),
1184 522 1258 575 uti
1319 529 1774 577 commemoratos

147 613 321 679 viros,
351 613 638 668 Vulfadum
671 613 900 678 scilicet,
925 612 1280 686 collegasque
1299 614 1494 684 ipsius,
1519 616 1776 670 clementi

149 704 341 758 animo
393 703 639 756 studeret
687 701 754 755 ad
796 718 855 756 se
903 719 1178 768 revocare,
1219 709 1272 756 et
1317 703 1386 757 de
1437 705 1776 759 restitutione

152 795 406 865 ipsorum
440 809 627 847 secum
675 791 910 848 fraterne
953 801 1226 859 tractaret,
1259 801 1422 865 atque
1467 796 1778 851 misericor-

155 882 305 936 diter
343 896 731 936 consummare
772 882 1150 937 contenderet.
1194 883 1446 954 Alioquin
1486 884 1554 938 ad
1593 884 1777 939 conci-

153 973 292 1028 lium
317 991 440 1029 cum
476 973 560 1026 his
591 973 890 1044 episcopis,
925 975 1128 1046 quibus
1160 983 1213 1029 et
1245 977 1364 1047 ipse
1393 991 1610 1048 quoque
1643 991 1784 1046 papa

158 1082 260 1136 pro
293 1067 397 1120 hoc
428 1065 548 1135 ipso
580 1065 876 1136 scripserat
898 1065 1100 1135 (NICOL.
1139 1067 1180 1133 Ι,
1203 1069 1341 1137 epist
1361 1067 1451 1132 46,
1479 1067 1586 1134 47),
1620 1066 1780 1119 simul

155 1163 498 1221 occurreret,
530 1163 802 1227 quatenus
842 1172 1037 1212 omnes
1068 1158 1121 1211 in
1153 1174 1322 1212 unum
1364 1157 1778 1222 convenientes,

154 1262 386 1300 causam
426 1244 745 1299 corumdem
788 1244 1111 1299 clericorum
1153 1245 1548 1310 examinarent,
1590 1252 1779 1299 etnon

151 1338 348 1408 aliqua
390 1343 708 1408 emergente
738 1335 1162 1406 disceptatione,
1196 1336 1306 1390 Deo
1337 1353 1446 1406 pne
1479 1335 1652 1390 oculis
1686 1336 1780 1389 ha-

155 1424 300 1487 bito,
317 1418 637 1474 diffinirent
663 1421 715 1474 Si
735 1437 862 1475 vero
876 1421 1138 1493 quaelibet
1155 1423 1296 1476 inter
1316 1429 1498 1494 partes
1515 1422 1784 1492 discepta-

157 1505 241 1561 tio
269 1509 608 1577 proveniret,
643 1511 709 1564 ad
739 1512 928 1566 sedem
951 1513 1308 1582 apostolicam
1340 1529 1452 1567 sum
1477 1513 1780 1582 suscepturi

162 1596 417 1664 speciale
443 1598 709 1666 judicium
733 1615 1006 1670 personae,
1039 1601 1186 1655 vices
1218 1608 1468 1656 tenentes
1501 1601 1782 1672 utriusque

159 1687 358 1740 lateris
413 1692 786 1747 convenirent.
840 1694 903 1747 At
959 1694 1054 1748 Dei
1111 1694 1297 1767 gratiae
1347 1695 1628 1763 juvamine
1683 1694 1785 1749 hoc

157 1782 394 1844 peracto
427 1777 659 1846 judicio,
701 1779 913 1834 intimat
957 1798 1016 1836 se
1066 1781 1273 1837 litteras
1311 1783 1626 1852 suscepisse
1673 1799 1784 1836 am-

158 1868 478 1939 plectendm
544 1868 854 1924 dilectionis
912 1869 1180 1936 omnium,
1242 1872 1335 1942 qui
1398 1871 1784 1940 interfuerunt,

161 1961 587 2030 episcoporum,
663 1959 1114 2014 manifestissime
1187 1961 1582 2036 significantes,
1668 1981 1786 2020 crc-

161 2049 269 2103 bro
337 2055 670 2104 memoratos
738 2049 970 2105 clericos
1022 2067 1052 2104 a
1120 2052 1284 2106 totius
1339 2069 1582 2108 consona
1655 2069 1786 2108 voce

160 2140 392 2195 concilii
448 2140 646 2214 dignos
694 2141 962 2214 graduum
1021 2157 1244 2197 suorum
1299 2146 1613 2216 receptione
1661 2162 1786 2215 pro-

164 2232 477 2286 nuntiatos.
533 2231 631 2286 Ubi
687 2233 834 2287 nulla
892 2233 1050 2303 (sicut
1107 2234 1161 2287 in
1219 2235 1413 2291 litteris
1466 2241 1782 2294 eorumdem

160 2323 562 2394 episcoporum
641 2323 1033 2395 reperiebatur)
1102 2325 1428 2398 disceptatio
1501 2331 1784 2400 provenit,

162 2410 324 2464 nulla
382 2412 522 2466 sicut
580 2419 826 2484 putatum
894 2412 1088 2481 fuerat,
1157 2417 1390 2471 varietas
1445 2417 1551 2471 alia
1624 2424 1786 2490 atque

158 2510 275 2563 alia
350 2505 765 2561 defendentium
845 2508 1102 2576 accidit,
1185 2510 1369 2564 nullus
1447 2517 1729 2565 accusator
1771 2552 1784 2577 ,

159 2599 357 2652 nullus
389 2597 785 2655 condemnator
807 2604 1056 2667 repertus
1085 2605 1188 2664 est,
1213 2601 1310 2654 sed
1338 2607 1656 2656 cunctorum
1677 2615 1784 2654 una

155 2691 479 2760 eademque
525 2690 818 2756 sententia,
851 2698 1012 2762 atque
1059 2691 1114 2745 in
1160 2692 1501 2747 restitutione
1540 2693 1780 2762 ipsorum

153 2783 427 2837 difiinitio
457 2783 729 2845 claruerit,
755 2783 964 2837 eisdem
993 2784 1227 2838 innoxiis
1245 2800 1274 2837 a
1295 2791 1612 2838 cunctorqu
1646 2800 1779 2838 una-

154 2867 415 2923 nimitate
467 2869 644 2924 modis
691 2869 950 2925 omnibus
1007 2870 1346 2941 approbatis.
1408 2871 1782 2940 Reprehendit

156 2966 354 3012 autem
390 2965 444 3012 et
473 2959 576 3014 hoc
605 2975 823 3031 quoque
855 2960 1147 3016 concilium
1179 2960 1436 3032 praefatus
1464 2978 1605 3032 papa
1635 2962 1785 3016 Nico-

157 3053 288 3106 taus
304 3054 411 3119 (ep.
437 3051 545 3117 46),
578 3052 723 3122 quod
757 3067 866 3107 non
890 3053 1210 3108 solemnitcr
1230 3055 1436 3120 omnia,
1462 3055 1614 3124 juxta
1637 3055 1784 3126 quod

154 3140 290 3210 ipse
314 3136 667 3205 diffiniverat,
701 3140 935 3215 egerint,
969 3141 1089 3194 sedi
1119 3142 1433 3212 apostolicae
1465 3143 1626 3213 plena
1654 3143 1788 3198 rela-

154 3229 320 3282 tione
364 3227 597 3282 actionis
640 3229 837 3283 seriem
879 3237 1210 3286 reserantes.
1264 3232 1554 3298 Debuisse,
1608 3232 1785 3298 aiens,

152 3319 442 3391 quidquid
464 3319 534 3374 de
552 3319 756 3374 Ebonis
786 3321 1118 3390 dejectione.
1143 3323 1531 3380 reclamatione
1561 3326 1756 3393 [Νἱοοι.
1773 3366 1786 3390 ,

153 3413 554 3487 relegatione],
573 3413 764 3467 horum
790 3415 1110 3470 clericorum
1140 3417 1505 3486 promotionc,
1539 3424 1591 3471 et
1613 3417 1788 3487 ipsius

156 3504 382 3559 Ebonis
441 3503 628 3558 iterata
671 3507 1010 3575 repulsione,
1057 3509 1124 3562 ad
1164 3509 1438 3581 aliamque
1490 3511 1788 3567 Ecclesium

155 3591 525 3666 migratione,
553 3593 635 3646 vel
667 3593 1037 3665 undecunque
1070 3595 1144 3648 ibi
1183 3597 1330 3667 quod
1362 3596 1678 3651 ventilatum
1710 3604 1794 3651 est

154 3687 215 3741 ei
254 3684 464 3754 scripto
506 3685 855 3749 unanimiter,
887 3687 1124 3756 pleniter
1155 3704 1220 3743 ac
1249 3687 1485 3744 fideliter
1515 3690 1788 3745 intimare.

155 3779 278 3834 Sed
310 3785 366 3831 et
393 3777 745 3832 monimentis
787 3778 1051 3832 insertum
1091 3781 1159 3834 ad
1202 3779 1499 3849 pleniorem
1532 3798 1704 3851 penes
1732 3799 1794 3838 se

158 3868 423 3924 notitiam
472 3874 526 3922 et
560 3868 944 3923 certitudinem
997 3887 1295 3926 reservare.
1340 3871 1601 3943 Praecepit
1640 3889 1790 3948 ergo,

166 3969 234 4016 ut
266 3976 614 4032 quaecunque
647 3977 816 4032 super
845 3963 946 4016 hac
975 3979 1032 4016 re
1065 3963 1288 4034 scripta,
1318 3971 1425 4019 tam
1451 3982 1481 4019 a
1513 3966 1646 4021 sede
1666 3983 1794 4038 apo-

166 4050 398 4115 stolica,
450 4066 612 4121 quam
667 4066 698 4104 a
741 4051 1076 4106 nostratibus
1120 4053 1267 4108 edita
1316 4057 1677 4126 reperiantur,
1737 4064 1790 4112 et

166 4142 329 4216 quod
361 4141 490 4196 hinc
534 4143 731 4212 praesul
773 4143 1116 4211 Hincmarus,
1162 4153 1216 4200 et
1251 4147 1327 4201 illi
1360 4148 1559 4216 dejecti
1605 4150 1789 4205 clerici

166 4235 299 4291 sedi
329 4235 644 4306 apostolicae
676 4237 1245 4310 suggesserim-atque
1270 4241 1571 4308 retulerint,
1605 4243 1659 4296 in
1689 4259 1788 4297 vo-

165 4329 367 4382 lumen
398 4343 590 4392 unum,
623 4328 815 4382 ordine
848 4345 958 4399 quo
1001 4331 1170 4385 missa
1206 4340 1354 4399 sunt,
1387 4334 1787 4408 redigerentur,

166 4425 227 4474 et
246 4418 566 4488 apostolicae
591 4419 730 4484 sedi,
750 4421 1157 4490 exemplaribus
1183 4423 1289 4476 sibi
1313 4425 1619 4489 reservatis,
1646 4443 1792 4480 sum-

1878 538 2083 575 nimus.

1951 633 1976 656 α
2017 609 2221 663 Seriem
2255 624 2433 662 rerum
2454 616 2728 681 gestarum
2761 609 2830 663 de
2863 607 3066 663 Ebonis
3089 606 3366 678 quondam
3391 607 3491 661 Re-

1878 716 2087 756 morum
2113 699 2511 770 archiepiscopi
2541 699 2911 769 depositione,
2932 699 3030 753 sed
3047 706 3101 752 et
3118 698 3185 752 de
3217 697 3391 768 ipsius
3410 715 3490 752 re-

1878 788 2178 855 stitutione,
2227 803 2329 842 nec
2358 803 2468 842 non
2506 794 2560 842 et
2589 788 2658 842 de
2697 788 2872 843 fratris
2902 787 3115 842 Vulfadi
3151 802 3215 840 ac
3252 786 3489 859 collega-

1883 895 2001 934 rum
2057 881 2178 948 ejus
2216 881 2580 950 promotionc,
2627 889 2680 936 et
2712 882 2824 950 jam
2865 881 2995 934 dicti
3051 879 3255 934 Ebonis
3301 879 3490 934 iterata

1886 974 2221 1044 repulsione,
2253 975 2320 1029 ad
2350 976 2624 1046 aliamque
2644 975 2940 1030 Ecclesiam
2963 971 3308 1044 migratione,
3341 974 3488 1027 unde

1883 1081 1913 1118 a
1967 1064 2128 1118 nobis
2180 1066 2514 1139 investigari,
2573 1072 2626 1118 et
2677 1065 2832 1119 vobis
2874 1062 3182 1118 remandari
3220 1061 3487 1131 jussistis,

1883 1154 2010 1226 quia
2033 1156 2118 1209 his
2135 1172 2296 1211 nemo
2338 1164 2582 1211 nostrum
2607 1157 2660 1208 in
2682 1155 2874 1210 ordine
2897 1154 3198 1223 episcopali
3226 1151 3489 1218 interfuit,

1885 1247 1989 1300 nisi
2023 1247 2186 1301 frater
2227 1247 2528 1302 Rothaldus
2576 1247 2737 1316 (sicut
2782 1263 2844 1299 ex
2887 1261 3072 1317 regum
3107 1253 3160 1298 et
3197 1244 3488 1314 episcopo-

1885 1351 2000 1389 rum
2043 1336 2398 1390 monimentis
2449 1337 2541 1407 qui
2593 1335 2975 1399 interfuerunt,
3019 1342 3073 1388 et
3117 1334 3335 1404 scriptis
3375 1333 3492 1387 suis

1885 1424 2118 1494 posteris
2174 1425 2532 1496 reliquerunt,
2601 1425 2836 1478 breviter
2897 1423 3242 1493 collegimus)
3303 1429 3492 1477 vestrae

1885 1512 2244 1566 sanctissimae
2276 1513 2586 1584 paternitati
2628 1520 2681 1567 et
2709 1510 3230 1583 praecellentissimae
3258 1508 3494 1564 auctori-

1885 1604 1976 1657 tati
2013 1605 2449 1659 transmittimus.
2482 1607 2608 1670 Quae
2644 1612 2766 1659 ante
2806 1605 3066 1677 colligere
3107 1611 3160 1657 et
3189 1601 3492 1657 auctoritati

1886 1703 2077 1750 vestrae
2101 1697 2338 1770 dirigere
2361 1698 2732 1751 necessarium
2753 1714 2859 1753 non
2884 1697 3215 1768 putavimus,
3234 1695 3493 1766 quoniam

1887 1785 2026 1838 sicut
2054 1785 2211 1840 vobis
2250 1803 2347 1856 per
2389 1787 2669 1861 Egilonem
2720 1786 3090 1841 venerabilem
3123 1785 3494 1854 archiepisco-

1887 1888 2015 1942 pum
2049 1874 2251 1943 scripto
2291 1874 2670 1949 suggessimus
2711 1875 2765 1927 in
2797 1891 2906 1946 quo
2939 1875 3141 1928 nullam
3174 1874 3492 1929 memoriam

1888 1963 1954 2016 de
2001 1980 2329 2035 quacunque
2378 1965 2582 2020 Ebonis
2631 1967 2978 2037 depositione
3018 1965 3332 2029 habuimus,
3391 1981 3495 2019 nec

1890 2051 2078 2106 haberi
2120 2061 2248 2108 tunc
2291 2057 2664 2110 necessarium
2706 2057 2964 2122 vidimus,
3011 2057 3172 2113 nobis
3206 2057 3260 2110 in
3305 2071 3492 2110 eorum

1889 2140 2110 2194 fratrum
2144 2143 2486 2198 restitutione
2515 2160 2622 2198 non
2655 2145 2876 2216 quidem
2906 2146 3362 2217 disceptantibus,
3395 2161 3496 2200 nec

1886 2230 1994 2284 alia
2035 2237 2199 2302 atque
2238 2231 2343 2286 alia
2383 2231 2830 2301 decernentibus,
2887 2235 2982 2289 sed
3025 2252 3192 2290 unum
3236 2235 3496 2305 idemque

1888 2321 2192 2375 secundum
2235 2323 2579 2378 traditionem
2635 2327 2923 2393 majorum,
2975 2342 3137 2396 quam
3179 2324 3497 2380 discretioni

1887 2418 2081 2466 vestrae
2124 2413 2372 2470 intimare
2413 2418 2743 2484 curavimus,
2786 2419 3173 2484 sentientibus,
3215 2433 3354 2489 quos
3385 2432 3497 2472 non

1890 2505 2139 2573 procacia
2168 2505 2436 2562 obnoxios
2468 2508 2614 2575 fecit,
2657 2510 2756 2564 sed
2786 2511 3104 2565 obedientia
3134 2507 3498 2580 inculpabiles

1890 2592 1942 2646 in
1959 2593 2253 2664 adeptione
2268 2613 2544 2652 sacrorum
2563 2599 2852 2672 graduum,
2879 2600 3031 2668 juxta
3061 2596 3496 2651 sincerissimum

1886 2686 2172 2740 sententiae
2204 2694 2398 2742 vestrae
2431 2687 2765 2743 intellectum
2809 2687 3041 2752 induxit,
3081 2687 3202 2741 sine
3232 2689 3502 2744 contradi-

1884 2777 2066 2832 ctione
2116 2779 2170 2832 in
2218 2780 2333 2833 suis
2374 2779 2663 2834 ordinibus
2707 2781 2994 2834 restituere
3047 2787 3499 2844 maturasscmus,

1884 2869 1991 2923 nisi
2031 2870 2332 2944 privilegiis
2371 2878 2571 2926 sanctae
2602 2873 2860 2927 Romanae
2900 2873 3072 2936 sedis,
3115 2889 3212 2944 per
3250 2889 3502 2928 reveren-

1887 2959 2014 3014 dum
2043 2961 2369 3018 confratrem
2391 2972 2634 3020 nostrum
2658 2964 3006 3018 Hincmarum
3021 2965 3498 3036 archiepiscopum

1888 3057 2086 3105 nostra:
2119 3051 2494 3107 unanimitatis
2520 3054 2762 3125 prolatis,
2785 3071 2904 3126 quae
2927 3055 2995 3108 de
3029 3053 3163 3124 ipsis
3189 3053 3318 3106 viris
3349 3066 3500 3121 quae-

1888 3143 2012 3198 dam
2075 3150 2401 3211 statuerunt,
2477 3146 2666 3200 debita
2747 3147 3051 3201 reverentia
3125 3144 3498 3198 exhiberetur.

1889 3235 2125 3300 Quorum
2195 3251 2430 3302 summa,
2508 3237 2768 3306 perfecta,
2845 3245 2898 3291 et
2973 3237 3183 3307 integra
3251 3234 3500 3298 firmitas,

1890 3334 1948 3380 ut
2003 3326 2195 3380 claruit
2239 3333 2293 3380 et
2341 3327 2547 3395 justum
2590 3335 2693 3392 est,
2743 3328 2796 3380 in
2855 3328 3169 3397 apostolicae
3219 3326 3369 3379 sedis
3414 3342 3501 3378 re-

1891 3430 2102 3477 servata
2150 3428 2266 3476 erat
2322 3420 2544 3474 arbitrio
2604 3421 2932 3489 potestatis:
2991 3433 3334 3488 quorumque
3391 3417 3503 3487 pri-

1891 3515 2214 3590 vilegiorum
2242 3513 2584 3568 authenticas
2632 3512 2868 3576 chartas,
2916 3527 3037 3564 cum
3087 3511 3252 3564 salvis
3283 3509 3503 3582 sigillis,

1893 3611 1946 3659 et
1983 3602 2312 3673 incorruptis
2365 3601 2649 3672 scripturis
2690 3600 2834 3655 idem
2887 3599 3163 3654 confrater
3201 3607 3254 3653 et
3307 3615 3505 3653 consa-

1893 3696 2088 3752 cerdos
2134 3704 2340 3762 noster,
2379 3710 2488 3749 non
2517 3693 2585 3748 ad
2633 3694 3014 3765 praedictorum
3069 3690 3288 3745 fratrum
3336 3705 3506 3744 nocu-

1895 3793 2161 3853 mentum,
2192 3801 2374 3856 neque
2421 3784 2490 3838 ad
2517 3783 2682 3838 ullam
2724 3779 3237 3846 contradictionem,
3280 3779 3380 3832 sed
3438 3780 3506 3834 ad

1895 3875 2133 3930 debitam
2196 3873 2555 3928 reverentiam
2613 3871 2734 3926 sedi
2787 3868 3125 3939 apostolicae,
3173 3875 3230 3922 ut
3279 3866 3507 3938 dignum

1895 3973 1998 4031 est,
2024 3962 2414 4029 exhibendam,
2448 3961 2710 4027 ostendit,
2740 3977 2863 4015 cum
2896 3957 3066 4031 gestis
3097 3957 3506 4028 episcOporum,

1894 4074 2124 4128 quorum
2170 4072 2268 4110 vos
2310 4062 2428 4109 acta
2472 4054 2757 4125 relegisse,
2809 4061 2861 4108 et
2911 4051 3147 4124 qualiter
3193 4049 3509 4121 praesignati

1890 4143 2071 4196 clerici
2137 4144 2421 4217 degradati
2471 4143 2673 4196 fuerint
2729 4141 3023 4214 reperisse,
3082 4140 3243 4195 nobis
3297 4137 3510 4207 aperire

1891 4235 2096 4306 dignati
2122 4236 2274 4289 estis.
2305 4234 2512 4298 Quibus
2544 4249 2653 4288 non
2676 4233 3023 4303 subscripsit,
3057 4232 3185 4303 quia
3207 4237 3260 4284 et
3283 4228 3507 4284 eosdem

1893 4324 2083 4378 fratres
2113 4340 2212 4379 suo
2231 4324 2442 4392 judicio
2474 4339 2584 4378 non
2616 4323 2836 4392 dejecit,
2870 4323 3009 4377 sicut
3035 4321 3192 4376 vobis
3220 4327 3273 4375 et
3302 4320 3513 4390 ipsc,et

1894 4432 1995 4471 nos
2032 4415 2378 4486 scripsimus,
2411 4422 2465 4470 et
2493 4421 2646 4488 gesta
2686 4415 2806 4485 ipsa
2846 4414 3245 4479 demonstrant,
3278 4418 3330 4466 et
3371 4411 3513 4465 sicut

165 4475 500 4565 molstudio
540 4511 885 4584 dirigeretur.
912 4475 998 4566 .Et
1043 4513 1090 4567 si
1142 4514 1213 4569 de
1269 4522 1465 4571 caetero
1507 4475 1638 4587 quid
1685 4475 1869 4572 taleD
1889 4525 1999 4579 jam
2046 4509 2406 4563 sanctissimae
2438 4475 2746 4579 paifernitati
2777 4513 2971 4560 vestrae
3012 4505 3414 4579 suggessimus,
3449 4503 3505 4556 in

162 4603 316 4658 forte
348 4603 640 4676 contigerit
668 4603 913 4668 evenire,
949 4611 1175 4675 propter
1203 4607 1350 4678 quod
1380 4615 1708 4664 conventum
1741 4609 1795 4662 in

165 4695 502 4768 regionibus
530 4697 616 4750 his
653 4697 769 4752 ﬁeri
802 4700 1147 4754 sacerdotum
1180 4699 1481 4770 praecipiat,
1516 4700 1621 4754 hoc
1656 4701 1798 4755 inter

162 4793 375 4840 caetera
407 4787 542 4840 nulli
571 4790 790 4858 penitus
834 4791 1099 4848 oblivioni
1130 4793 1366 4854 tradant,
1401 4793 1498 4847 sed
1533 4799 1656 4863 post
1683 4809 1795 4847 om-

164 4878 262 4931 nia
297 4877 350 4930 id
388 4893 555 4950 agere
597 4879 861 4947 majorum
895 4897 1045 4936 more
1083 4881 1488 4937 studiosissime
1523 4889 1792 4957 satagant,

166 4976 227 5022 et
257 4974 478 5022 caetera.

243 5059 521 5112 Praemissi
545 5058 787 5130 denique
817 5063 1034 5118 concilii
1059 5064 1344 5133 praesules,
1369 5065 1684 5134 apostolicae
1707 5079 1793 5119 se-

160 5148 258 5201 dis
299 5147 632 5202 obedientes
665 5151 975 5219 praeceptis.
1013 5151 1262 5206 ordinem
1311 5169 1488 5206 rerum
1517 5158 1792 5226 gestarum

160 5237 241 5289 de
272 5235 480 5290 Ebonis
512 5237 847 5305 dejectione,
870 5239 956 5292 vel
989 5240 1352 5306 restitutione,
1387 5240 1686 5310 iterataque
1717 5255 1797 5295 re-

161 5327 797 5404 pulsionecolligentes,
817 5331 995 5386 eidem
1015 5331 1313 5386 venerabili
1335 5347 1490 5402 papae
1507 5331 1793 5394 miserunt,

165 5419 497 5486 hujusmodi
524 5421 886 5492 praeferentes
912 5422 1200 5492 epistolam
1228 5440 1240 5475 :

252 5530 279 5558 α
323 5507 816 5565 Reverendissimo
843 5516 896 5562 et
941 5501 1292 5564 Sanctissimo
1319 5510 1522 5564 domno
1559 5508 1701 5562 Patri
1734 5525 1798 5565 ac

158 5615 329 5672 papae
357 5598 628 5659 NICOLAO,
657 5594 907 5666 episcOpi
939 5597 1033 5668 qui
1064 5597 1337 5667 praeterito
1368 5612 1514 5650 anno
1548 5611 1647 5664 per
1671 5613 1797 5668 gra-

155 5693 297 5747 tiam
341 5689 438 5744 Dei
486 5693 540 5742 et
590 5685 874 5740 decretum
931 5695 1169 5742 vestrum
1225 5689 1371 5759 apud
1410 5689 1793 5747 Suessonicam

1898 4598 2146 4665 ejusdem
2178 4599 2255 4653 rei
2288 4598 2508 4671 negotio
2535 4595 2944 4652 decertantibus
2974 4602 3027 4649 et
3054 4594 3303 4666 quaedam
3336 4590 3510 4646 deﬂo-

1898 4688 2166 4757 rantibus,
2200 4706 2311 4744 non
2342 4696 2522 4745 tamen
2565 4687 2988 4744 terminantibus
3023 4687 3204 4753 nobis,
3237 4700 3304 4740 eo
3335 4699 3511 4754 usque

1895 4797 2115 4836 causam
2153 4782 2530 4853 perduximns,
2563 4789 2620 4835 ut
2650 4780 3001 4837 solummodo
3032 4778 3388 4854 magisteriali
3419 4792 3512 4832 ve-

1898 4881 2008 4930 stro
2032 4875 2258 4930 culmini
2283 4891 2471 4930 eorum
2509 4875 2884 4948 assignaretur
2921 4872 3211 4938 restitutio,
3251 4871 3514 4926 attribue-

1898 4975 2042 5021 retur
2098 4967 2432 5034 reformatio,
2474 4967 2840 5022 ascriberetur
2893 4965 3299 5038 redintegratio.
3357 4963 3514 5019 Unde

1896 5068 2090 5131 postea
2141 5062 2473 5116 unanimitas
2524 5068 2708 5116 nostra
2766 5061 2819 5114 in
2869 5073 3255 5131 quamcunque
3303 5063 3514 5128 partem

1898 5167 2007 5204 non
2048 5151 2367 5218 declinavit,
2409 5151 2511 5206 etsi
2553 5151 2773 5222 quidam
2816 5165 3145 5221 quacunque
3184 5147 3512 5203 necessitate

1899 5239 2097 5294 exinde
2120 5238 2282 5293 nobis
2323 5239 2727 5308 ignorantibus,
2762 5239 3114 5294 diverterunt.
3157 5235 3380 5308 Egimus
3413 5235 3513 5288 ita-

1899 5348 2005 5403 quc
2059 5337 2219 5402 prout
2259 5331 2578 5401 potuimus,
2621 5331 2673 5385 in
2728 5331 3006 5386 succincta
3064 5327 3388 5385 collectione
3445 5327 3513 5380 de

1897 5425 2066 5500 gestis
2097 5439 2274 5478 rerum
2305 5431 2358 5478 et
2388 5424 2775 5495 episcoporum
2809 5441 2875 5479 ex
2909 5439 3075 5478 causa
3101 5421 3328 5487 Ebonis,
3361 5427 3416 5476 et
3454 5426 3513 5474 ut

1899 5512 2240 5586 praecepistis
2277 5521 2470 5568 vestrae
2503 5514 2806 5569 auctoritati
2841 5513 3280 5568 transmittimus.
3319 5535 3342 5558 ι·
3384 5511 3513 5566 Post

1901 5605 2089 5658 harum
2139 5617 2269 5656 vero
2328 5619 2504 5656 rerum
2551 5610 2828 5678 gestarum
2883 5604 3130 5659 ordinem
3174 5603 3507 5674 descriptum

1901 5695 1974 5748 ita
1995 5691 2419 5762 subjunxerant:
2449 5717 2474 5741 «
2511 5693 2632 5748 Haec
2656 5692 2797 5747 sicut
2818 5699 2999 5748 vestra
3008 5693 3175 5762 jussit
3195 5692 3508 5756 auctoritas,
