3970 6218
482 274 581 329 159
1598 258 1965 315 FLODOARDI
2005 250 2308 309 CANONICI
2349 246 2674 303 REMENSIS
3712 230 3830 286 160

479 432 600 488 quae
639 415 707 468 de
747 413 950 468 Ebonis
1001 408 1279 482 quondam
1320 407 1611 460 Remorum
1661 397 2082 470 archiepiscOpi,
2111 400 2158 466 Α
2184 391 2403 457 merito,
2436 388 2726 443 Remorum
2758 383 3075 454 episcopus,
3105 394 3170 433 ac
3195 376 3379 448 plebis
3408 373 3508 429 Dei
3543 370 3827 427 famulus.

480 484 600 581 qua),
642 516 767 562 ante
806 504 1026 577 triginta
1055 508 1109 555 et
1138 507 1250 554 tres
1294 497 1512 553 circiter
1541 510 1715 549 annos
1747 491 1951 547 exstitit
1992 490 2061 544 de

2261 527 2288 556 ιι
2334 505 2392 558 in
2417 500 2651 574 epistola
2669 503 2865 552 vestrae
2887 491 3192 549 sanctitatis
3214 505 3311 561 per
3328 488 3580 543 Odonem
3603 484 3833 555 episco—

479 595 774 667 positione,
807 600 861 646 et
901 597 1022 661 post
1052 590 1118 643 de
1152 587 1326 658 ipsius
1360 582 1721 646 restitutione,
1755 594 1873 671 nec
1900 591 2009 630 non
2037 581 2089 629 et
2191 614 2317 671 pum
2355 593 2633 667 episcopis
2666 592 2720 645 in
2761 604 2932 661 regno
2962 584 3199 641 ιοηηπίί
3243 599 3339 655 pro
3381 578 3723 652 praeiudicio
3761 577 3832 630 Ca

480 687 548 740 de
577 685 754 739 fratris
778 682 991 737 VUlfadi
1042 697 1105 735 ac
1130 680 1461 753 Conegamm
1494 675 1614 742 eius
1645 669 2010 743 Ρτοῖηοίίοηθν
2037 673 2091 721 εί
2190 666 2522 742 meracensis
2554 678 2810 735 Ecclesiae
2834 676 3063 736 directa,
3096 672 3264 744 relegi
3291 677 3530 725 vestram
3557 666 3830 723 auctori-

475 784 587 851 .iam
630 780 758 835 die“
816 777 1015 832 Ebonis
1056 776 1244 829 iterata
1297 769 1635 841 Γθρυιδίοηθν
1694 766 1761 820 ad
1815 763 2090 851 aliam‘l“?
2189 786 2357 833 tatem
2386 775 2808 834 sciscitaturam,
2841 768 2999 837 cujus
3030 764 3286 838 neglectu
3317 761 3517 816 eadem
3566 756 3832 813 Ecclesia

482 868 777 924 ECCleSlam
830 864 1177 938 migratione,
1230 861 1285 914 in
1339 874 1528 914 00mm
1573 856 1667 927 (ιιιί
1705 855 1817 924 iam
1876 867 1980 905 "03
2021 848 2089 903 ad
2192 866 2331 921 ultra
2358 862 2631 917 decimum
2664 872 2910 912 mensem
2944 860 3164 926 pastore
3187 858 3426 914 vacaret,
3456 847 3744 910 unde;ne
3776 852 3833 897 ut

483 956 772 1013 Dominum
804 934 1206 1024 praecesserunt
1235 947 1474 1017 scriptis,
1515 960 1702 999 verum
1732 949 1786 997 et
1815 956 1936 1011 quae
1968 938 2089 992 illo-

2235 952 2481 1027 egligens
2530 966 2561 1003 a
2603 954 2785 1002 vestro
2839 942 3151 1015 apostolatu
3194 952 3528 994 succensear
3556 976 3572 1000 ,
3630 934 3835 988 indico

481 1061 621 1109 rum,
654 1042 745 1115 qui
778 1038 1160 1103 interfuerunt,
1192 1036 1447 1093 veridicis
1478 1029 1837 1087 relationibus
1868 1038 2089 1095 compe-
2194 1026 2502 1100 auctoritati
2533 1045 2729 1093 vestrm
2784 1037 2969 1107 (Νιοοι
3001 1077 3015 1100 ,
3047 1035 3203 1103 epist.
3261 1028 3350 1093 63,
3395 1028 3489 1093 δι’
3519 1026 3636 1091 65),
3700 1029 3835 1095 post

478 1137 670 1191 rimus.
702 1134 829 1198 Qum
877 1131 1038 1185 etiam
1071 1146 1137 1184 ex
1175 1144 1373 1202 magna
1415 1131 1565 1196 parte
1594 1123 1648 1177 in
1678 1120 1849 1193 gestis
1875 1117 2092 1187 episco-

2235 1135 2431 1188 irectas
2461 1128 2716 1185 Lothario
2756 1134 2811 1181 et
2839 1122 3116 1195 episcopis
3154 1119 3309 1193 regni
3349 1117 3471 1185 ejus
3499 1122 3677 1185 atque
3714 1112 3836 1166 Hil-

481 1242 673 1299 porum
703 1223 954 1296 Belgicae,
995 1220 1199 1285 Gallim,
1233 1217 1517 1282 Neustrize,
1551 1222 1605 1269 et
1634 1210 1933 1284 Aquitania:
1964 1221 2091 1277 pro-

2235 1226 2386 1291 uino,
2419 1221 2511 1294 qui
2564 1219 2814 1275 eamdem
2848 1214 3145 1270 Ecclesiam
3176 1209 3555 1282 irregulariter
3580 1221 3835 1275 occupa-

480 1313 781 1368 νίηθίδτωη
814 1327 968 1381 Pal)"B
1010 1310 1198 1383 sergio
1248 1304 1574 1379 dirigendis,
1620 1308 1674 1356 εί
1724 1298 1890 1354 Leoni
1940 1310 2094 1367 papa:
2196 1319 2292 1379 vit.
2321 1318 2393 1371 ita
2421 1321 2482 1370 ut
2511 1323 2806 1383 antequam
2858 1311 3004 1381 ipsas
3031 1304 3321 1361 mitteretis
3352 1300 3643 1373 epistolas,
3696 1298 3837 1353 hac-

483 1400 707 1455 directis
736 1416 858 1454 cum
890 1415 1077 1453 eorum
1110 1396 1363 1468 epistola,
1396 1392 1494 1447 sed
1525 1392 1578 1446 in
1620 1387 1870 1460 epistolis
1900 1385 2094 1439 Lotha-
2199 1414 2361 1462 tenus
2410 1402 2788 1475 prim-udicium
2848 1411 3173 1470 permanere
3208 1411 3221 1448 ε
3267 1406 3466 1462 meque
3498 1389 3834 1443 Loumrium

486 1493 551 1547 rii
590 1491 954 1562 imperatoris,
995 1497 1047 1543 et
1075 1488 1253 1544 liaroli
1294 1486 1440 1559 regis
1479 1482 1681 1539 exinde
1721 1478 1943 1533 directis
1971 1490 2100 1530 con-
2200 1514 2385 1571 regem
2417 1504 2472 1550 et
2502 1493 2699 1565 legatis
2729 1498 2783 1545 et
2814 1489 3029 1554 “lteris,
3075 1493 3237 1558 prout
3265 1482 3422 1555 potui
3459 1496 3634 1552 saepe,
3679 1486 3741 1533 et
3770 1493 3838 1532 eo

485 1583 748 1645 tinentur,
790 1596 926 1650 quas
960 1579 1012 1632 in
1052 1577 1254 1632 scrinio
1287 1576 1532 1630 Romano
1559 1572 1833 1627 credimus
1878 1580 2099 1621 conser-

2238 1568 2373 1658 sque
2404 1584 2532 1638 inde
2578 1579 3007 1640 commonuisse,
3042 1577 3222 1631 donec
3261 1572 3426 1645 regiis
3474 1570 3594 1624 suis
3626 1568 3836 1623 litteris

487 1672 598 1726 vari
627 1712 640 1735 ,
708 1678 901 1725 vestra:
976 1666 1285 1723 auctoritati
1369 1660 1807 1718 transmittimus.
1892 1655 2101 1723 Scripta
2201 1655 2335 1728 mihi
2368 1670 2674 1742 respondit,
2708 1667 3025 1721 “nduinum
3055 1663 3123 1717 ad
3154 1668 3387 1716 vestram
3435 1655 3832 1711 auctoritatem

488 1776 708 1831 quoque
732 1801 746 1825 ,
799 1776 919 1830 qua!
950 1757 1079 1812 hinc
1104 1774 1135 1811 a
1166 1762 1344 1811 vestra
1386 1751 1705 1808 auctoritate
1757 1748 1964 1801 directa
1987 1782 2001 1809 ,
2049 1748 2103 1795 et

2235 1778 2361 1816 uum
2394 1760 2631 1832 legatum
2665 1755 2900 1819 misisse,
2930 1759 2985 1807 et
3014 1751 3152 1805 nihil
3184 1749 3343 1803 aliter
3371 1747 3439 1801 de
3470 1744 3712 1817 praefata
3745 1744 3838 1797 Ec-

486 1858 680 1906 vestrm
728 1850 999 1905 sanctitati
1059 1850 1293 1903 remissa
1347 1844 1685 1916 relegimus,
1745 1838 1940 1894 ordine
1995 1825 2133 1906 quo.

2235 1852 2388 1916 lesia,
2406 1850 2511 1904 nisi
2524 1858 2583 1904 ut
2596 1858 2776 1921 egerat
2790 1887 2803 1912 ,
2818 1845 3116 1915 disponere
3128 1840 3412 1903 debuisse,
3428 1838 3617 1893 donec
3632 1835 3839 1891 avobis

492 1943 679 2007 missa,
725 1942 811 1997 vel
853 1944 1083 1998 remissa
1115 1944 1351 2006 fuerunt,
1384 1936 1687 1992 secundum
1719 1939 1952 1988 vestram
1979 1927 2099 1998 ju's-

491 2035 728 2104 sionem,
780 2038 833 2091 in
886 2035 1162 2090 volumine
1195 2032 1297 2085 isto
1341 2026 1743 2099 congessimus.
1781 2023 1842 2076 Et
1885 2021 1931 2075 si
1963 2019 2102 2075 forte

491 2132 597 2186 alia
624 2149 691 2186 ex
718 2133 820 2187 hoc
876 2130 1122 2203 negotio.
1165 2132 1257 2180 aut
1290 2139 1323 2177 a
1354 2119 1517 2174 nobis
1564 2123 1657 2171 aut
1705 2115 1772 2169 ad
1800 2128 1902 2167 nos
1943 2111 2109 2165 missa

494 2225 734 2291 fuerunt,
767 2240 867 2279 nos
905 2232 1089 2278 tamen
1149 2234 1260 2273 non
1302 2216 1554 2289 legimus.
1584 2210 1712 2275 Qua:
1752 2207 1913 2261 etiam
1949 2205 2113 2258 frater

495 2324 549 2370 et
569 2316 937 2371 consacerdos
958 2320 1147 2368 noster
1164 2310 1485 2363 Hincmarus
1516 2301 1679 2358 nobis
1699 2306 1891 2352 vestrae
1923 2301 2111 2349 aucto-

499 2406 639 2459 ritati
694 2404 959 2458 mittenda
1005 2401 1177 2464 dedit,
1228 2397 1533 2453 secundum
1578 2395 1722 2465 quod
1772 2385 2113 2461 prmeepistis

502 2496 738 2562 (NICOL.,
766 2497 919 2563 epist.
960 2493 1074 2558 56),
1107 2492 1354 2545 dicentes
1385 2489 1528 2541 inter
1565 2487 1670 2540 alia
1701 2502 1713 2538 :
1767 2484 2116 2548 Quaecunque

504 2600 672 2654 super
710 2583 812 2636 hac
842 2598 897 2636 re
929 2582 1131 2650 scripta
1161 2587 1267 2634 tam
1312 2594 1344 2632 a
1375 2576 1537 2632 nobis
1566 2575 1739 2645 prius,
1771 2585 1933 2643 quam
1972 2580 2119 2620 nunc

505 2695 535 2729 ιι
562 2674 722 2729 vobis
761 2674 907 2727 edita
948 2673 1315 2743 reperiuntur,
1348 2678 1402 2726 et
1440 2670 1573 2742 quid
1606 2669 1735 2723 hinc
1755 2664 2120 2735 coepiscopus

508 2768 829 2821 llincmarus
857 2773 909 2819 et
941 2765 1017 2818 illi
1049 2764 1247 2833 dejecti
1280 2763 1463 2818 clerici
1497 2761 1615 2815 sedi
1647 2758 1961 2830 apostolicze
1992 2769 2121 2825 sug-

506 2854 801 2931 gesserint,
831 2860 995 2924 atque
1019 2852 1321 2917 retulerint,
1345 2852 1400 2904 in
1432 2850 1689 2904 volumen
1714 2861 1907 2911 unum,
1929 2840 2123 2897 ordine

509 2960 618 3016 quo
664 2944 831 2998 missa
861 2951 1007 3008 sunt,
1050 2944 1385 3017 redigantur,
1428 2948 1481 2995 et
1517 2938 1832 3010 apostolica:
1878 2933 2019 2995 sedi,
2066 2932 2126 2984 ut

511 3043 835 3107 competens
865 3044 968 3101 est,
1002 3035 1159 3089 vobis
1199 3034 1387 3089 eorum
1425 3030 1830 3103 exemplaribus
1872 3024 2118 3086 servatis,

2203 1941 2330 1995 inde
2355 1953 2678 2009 responsum
2711 1934 2989 2003 acciperet
3034 1930 3339 1984 Balduinus
3366 1942 3592 1999 quoque
3622 1926 3680 1979 in
3712 1940 3842 1995 pro-

2202 2032 2347 2086 ximo
2376 2045 2524 2083 nunc
2551 2028 2786 2082 decurso
2807 2039 2999 2078 mense
3027 2021 3307 2086 Octobrio,
3338 2019 3533 2091 quinto
3559 2016 3842 2071 Kalendas

2212 2118 2534 2175 Novembris
2562 2159 2576 2180 ,
2618 2132 2717 2187 per
2764 2114 2903 2168 duos
2952 2110 3208 2166 homines
3262 2124 3393 2163 suos
3430 2106 3569 2160 mihi
3624 2105 3839 2159 litteras

2212 2211 2551 2268 auctoritatis
2582 2217 2775 2263 vestrae
2805 2205 3024 2269 direxit,
3065 2205 3122 2258 in
3153 2202 3357 2274 quibus
3399 2198 3748 2261 continetur,
3779 2203 3835 2249 ut

2213 2305 2433 2359 easdem
2489 2303 2697 2357 litteras
2726 2297 3073 2369 coepiSCOpis
3122 2293 3420 2367 provinciae
3451 2296 3658 2346 nostra:
3687 2288 3834 2362 lege-

2216 2418 2352 2466 rem,
2393 2407 2448 2454 et
2471 2398 2659 2453 Judith
2689 2394 2930 2466 paternis
2959 2408 3023 2447 ac
3066 2388 3354 2454 maternis,
3386 2384 3683 2442 obtutibus
3707 2399 3838 2453 prae-

2218 2493 2542 2549 sentandam
2594 2488 3025 2557 susciperemus,
3075 2483 3120 2537 si
3162 2491 3345 2536 tamen
3397 2477 3838 2551 intelligeremus

2221 2581 2367 2653 quod
2400 2577 2688 2634 confestim
2716 2573 2974 2645 praefatus
2993 2567 3491 2626 excellentissimus
3512 2580 3610 2618 rex
3631 2572 3834 2626 noster,

2222 2686 2342 2744 quae
2369 2669 2439 2723 de
2470 2667 2561 2721 illa
2592 2664 2749 2720 vobis
2790 2662 3027 2732 scriptis,
3060 2670 3116 2714 et
3150 2657 3338 2712 verbis
3368 2671 3468 2727 per
3497 2654 3717 2724 legatos
3749 2668 3836 2706 ve-

2222 2742 2364 2813 stros
2381 2755 2711 2827 apostolatui
2742 2758 2925 2807 vestro
2946 2747 3317 2805 renuntianda
3330 2743 3658 2816 spopondit,
3683 2742 3840 2795 adim-

2225 2847 2374 2917 plere
2402 2843 2586 2898 vellet.
2620 2841 2773 2908 Quod
2804 2840 2849 2894 si
2881 2853 3072 2893 eorum
3104 2836 3319 2890 animos
3348 2833 3419 2887 ad
3460 2832 3517 2885 id
3551 2829 3837 2901 protelan-

2226 2935 2356 2988 dum
2373 2948 2495 2987 esse
2522 2930 2764 2985 intentos
2779 2926 3109 2999 investigare
3140 2937 3457 2994 possemus,
3489 2933 3839 2992 nequaquam

2220 3040 2340 3078 eam
2364 3021 2756 3091 reciperemus.
2781 3015 3059 3088 Alioquin,
3079 3013 3134 3067 id
3157 3019 3242 3067 est
3269 3010 3315 3065 si
3346 3009 3510 3064 aliter
3534 3009 3843 3082 egissemus

511 3139 725 3180 summo
755 3123 935 3179 ειυάὶο
987 3124 1309 3196 dirigantur,
1477 3117 1770 3186 subjuncta
1812 3109 2119 3184 dirigimus,
2146 3139 2195 3207 Ο
2224 3115 2399 3191 graﬁa
2427 3122 2483 3168 et
2527 3109 2920 3168 communione
2948 3114 3133 3163 vestra
3162 3104 3266 3159 frui
3318 3116 3674 3173 nequaquam
3707 3099 3845 3152 vale.

512 3222 615 3271 etc.
660 3238 685 3261 ιο

1145 3282 1354 3339 CAPUT
1384 3282 1497 3336 ΧΗ.

589 3382 660 3433 Dc
692 3381 971 3434 uacatione
1000 3378 1408 3435 Cameracensis
1424 3372 1590 3437 sedis,
1610 3374 1660 3425 et
1688 3367 2060 3438 conjunctione

836 3468 1097 3523 Balduim'
1125 3482 1245 3520 cum
1270 3463 1464 3520 Iudith
1499 3462 1617 3530 ﬁlia
1646 3459 1809 3526 regis.

590 3577 663 3631 De
694 3575 982 3630 vacatione
1022 3579 1292 3643 praeterea
1321 3568 1471 3624 sedis
1505 3560 1931 3625 Camaracensis,
1954 3558 2051 3612 sed
2080 3563 2134 3612 et

525 3666 594 3718 de
625 3663 1017 3732 conjunctione
1041 3659 1291 3715 Balduini
1320 3656 1539 3713 comitis
1569 3652 1823 3709 etJudith
1851 3648 2131 3712 indebita;

523 3772 644 3828 quae
691 3755 904 3810 scilicet
927 3753 1114 3808 Judith
1148 3751 1326 3806 Karoli
1368 3748 1514 3823 regis
1540 3746 1653 3801 filia
1690 3742 1967 3799 Edilnulfo
2017 3739 2133 3813 regi

526 3848 844 3921 Anglorum,
883 3846 979 3915 qui
1010 3850 1064 3897 et
1088 3842 1444 3900 Edelboldus.
1493 3839 1698 3893 dudum
1730 3836 1909 3891 fuerat
1937 3834 1991 3888 in
2025 3848 2135 3887 ma-

526 3934 844 3990 trimonium
898 3931 1170 4002 copulata,
1221 3938 1276 3984 et
1306 3928 1513 4002 regina:
1562 3927 1763 3982 decore
1789 3941 1852 3979 ac
1898 3922 2135 3977 benedi-

526 4025 1008 4099 ctioneinsignita.
1042 4024 1168 4079 Post
1206 4021 1361 4090 cujus
1390 4020 1625 4084 obitum,
1659 4017 1898 4073 venditis
1925 4015 2133 4087 quasin

524 4117 825 4189 Anglorum
857 4113 1177 4170 obtinuerat
1221 4126 1392 4183 regno
1436 4107 1901 4181 possessionibus,
1932 4106 2000 4160 ad
2041 4122 2139 4176 pa-

530 4212 667 4260 trem
716 4204 1025 4270 revertitur,
1057 4217 1180 4273 qute
1223 4200 1324 4255 sub
1377 4198 1543 4271 regali
1584 4198 1753 4253 tutela
1792 4197 1873 4252 sic
1914 4209 2138 4251 manere

528 4298 844 4353 decernitur
872 4316 884 4352 :
916 4298 1015 4352 sed
1046 4296 1139 4351 illa
1164 4295 1491 4351 Balduinum
1522 4292 1800 4351 comitem.
1837 4290 1956 4361 ipso
1984 4290 2137 4344 leno-

528 4391 771 4458 cinante,
805 4398 861 4447 et
891 4391 1057 4446 fratre
1086 4405 1187 4445 suo
1218 4388 1494 4444 Ludovico
1519 4384 1920 4450 consentiente,
1953 4388 2140 4437 secuta

2227 3221 2426 3261 remus.
2491 3205 2661 3269 Quam
2715 3209 2910 3255 vestra:
2980 3194 3321 3269 auctoritatis
3373 3191 3673 3263 epistolam
3705 3232 3719 3256 ,
3793 3196 3845 3242 ut

2228 3297 2491 3369 oportuit,
2523 3300 2843 3349 reverenter
2892 3287 3134 3359 suscepi,
3165 3295 3221 3341 et
3259 3282 3619 3354 coepiscOpis
3650 3280 3845 3336 nostris

2229 3401 2349 3441 eam
2380 3383 2575 3458 relegi,
2620 3388 2676 3436 et
2706 3395 2809 3451 pro
2837 3377 3064 3451 praefata
3110 3374 3298 3430 Judith
3351 3371 3499 3443 apud
3531 3378 3749 3441 patrem
3798 3376 3846 3423 et

2231 3482 2463 3531 matrem
2495 3474 2662 3539 illius,
2681 3480 2949 3543 quantum
2969 3469 3268 3541 potuimus,
3298 3475 3358 3521 ut
3386 3465 3691 3529 mandatis,
3713 3480 3846 3519 com-

2233 3565 2477 3619 muniter
2510 3560 2930 3625 intervenimus,
2960 3565 3015 3614 et
3042 3556 3287 3629 paternis
3315 3571 3379 3610 ac
3407 3553 3680 3608 maternis
3704 3552 3847 3608 obtu-

2238 3656 2384 3709 tibus
2405 3669 2525 3708 eam
2547 3658 2880 3723 praesentare
2902 3647 3229 3702 studuimus.
3258 3644 3386 3699 Post
3407 3658 3533 3715 qua:
3561 3644 3844 3708 voluimus,

2236 3744 2365 3815 quia
2417 3742 2497 3797 sic
2555 3739 2719 3795 nobis
2759 3736 3065 3792 secundum
3092 3748 3276 3789 sacras
3304 3730 3525 3804 regulas
3578 3730 3725 3784 sicut
3765 3746 3843 3785 eas

2237 3835 2614 3909 intelligimus,
2642 3833 2819 3887 visum
2842 3831 3019 3886 fuerat
3045 3832 3173 3897 (non
3203 3826 3351 3882 enim
3382 3826 3504 3881 sine
3526 3825 3718 3901 dignis
3747 3841 3844 3897 pte-

2237 3924 2482 3980 nitentite
2511 3921 2781 3977 fructibus
2810 3919 3023 3974 absolvi
3056 3933 3217 3989 posse
3244 3923 3521 3987 putamus,
3556 3914 3711 3985 quod
3734 3929 3845 3967 ana-

2238 4016 2494 4072 thematis
2542 4014 2764 4069 vinculo
2794 4029 2825 4067 a
2879 4011 3049 4067 sacris
3080 4009 3284 4081 regulis
3339 4007 3671 4062 innodatum
3709 4006 3842 4062 vide-

2238 4107 2377 4175 mus)
2431 4111 2491 4159 ut
2563 4105 2718 4174 juxta
2775 4100 3205 4156 ecclesiasticam
3282 4094 3641 4151 traditionem
3711 4095 3847 4167 prius

2240 4196 2515 4260 Ecclesiae,
2549 4209 2713 4264 quam
2763 4192 3046 4254 laeserant,
3103 4186 3509 4253 satisfacerent,
3554 4194 3611 4241 et
3661 4186 3742 4240 sic
3769 4184 3848 4237 de-

2240 4304 2386 4342 mum
2445 4288 2593 4360 quod
2651 4282 2980 4356 praecipiunt
3026 4281 3150 4350 jura
3200 4279 3384 4351 legum
3443 4278 3847 4341 mundialium,

2242 4380 2466 4451 exsequi
2518 4382 2857 4450 procuraret.
2910 4372 3017 4427 Sed
3048 4370 3310 4443 quoniam
3362 4369 3577 4424 litteras
3605 4377 3849 4433 vestras,

532 4488 632 4536 est.
670 4481 823 4536 Unde
870 4499 960 4536 rex
992 4481 1219 4535 Karolus
1270 4478 1565 4549 epiSCOpos
1604 4491 1666 4529 ac
1704 4479 1933 4527 caeteros
1977 4469 2133 4542 regni
2159 4455 2220 4526 D
2245 4490 2366 4545 quae
2396 4473 2525 4528 inde
2554 4470 2692 4525 nihil
2725 4471 3124 4540 praeceperunt,
3158 4464 3267 4518 imo
3295 4462 3458 4517 etiam
3492 4462 3706 4516 nullam
3738 4476 3851 4532 pro-

532 4573 619 4625 sui
663 4571 937 4641 primores
966 4569 1283 4633 consulens,
1318 4577 1442 4638 post
1483 4564 1779 4619 mundanae
1830 4560 1968 4632 legis
1989 4559 2139 4628 judi-

536 4662 701 4723 cium,
727 4660 1049 4715 canonicam
1074 4659 1255 4726 injatn
1277 4657 1487 4711 dictum
1509 4651 1837 4707 Balduinum
1852 4658 1906 4703 et
1927 4646 2141 4711 Judith,

536 4750 839 4805 secundum
865 4750 1011 4803 edita
1038 4747 1183 4802 beati
1206 4744 1474 4819 Gregorii,
1492 4742 1561 4798 ab
1593 4739 1870 4812 episcopis
1894 4735 2144 4808 depromi

539 4840 871 4894 sententiam
901 4839 1045 4893 fecit.
1073 4837 1147 4890 De
1183 4834 1410 4890 Rotltadi
1434 4845 1657 4904 quoque
1686 4825 2029 4884 Suessonica:
2059 4825 2145 4880 ci-

538 4928 718 4982 vitatis
747 4928 993 4999 episcopi
1017 4925 1351 4996 dejectionc,
1386 4937 1553 4993 quem
1573 4920 1642 4975 ab
1663 4914 1966 4989 episcopali
1989 4914 2150 4968 mini-

537 5020 705 5075 sterio
731 5020 945 5089 judicio
997 5024 1304 5074 removerat
1353 5015 1760 5086 episcoporum.
1804 5012 1876 5065 De
1908 5024 2151 5065 comme-

541 5113 846 5171 moratione
891 5112 1056 5166 ctiam
1089 5110 1329 5165 nominis
1376 5108 1604 5174 Ebonis,
1638 5116 1801 5178 atque
1856 5105 1926 5159 de
1956 5102 2153 5158 Gothe-

543 5208 707 5265 scalci
739 5207 1023 5273 cujusdam
1067 5207 1305 5263 haeretici
1336 5208 1693 5261 damnatione
1726 5202 1985 5276 praefatus
2018 5215 2154 5271 prae-

543 5306 627 5360 sul
673 5303 986 5371 hujusmodi
1028 5301 1231 5371 scripta
1263 5301 1531 5355 direxisse
1560 5300 1629 5354 ad
1667 5298 1855 5353 sedem
1885 5293 2156 5364 reperitur

544 5395 927 5468 apostolicam.

621 5508 646 5535 a
690 5487 899 5541 Domno
916 5485 1077 5540 unice
1090 5480 1556 5553 singulariterque
1573 5476 1929 5547 suscipiendo
1940 5474 2159 5528 Patrum

552 5574 800 5639 Patri,et
852 5589 1064 5627 summa
1118 5572 1472 5626 veneratione
1527 5566 1849 5621 honorando
1908 5579 2162 5617 reveren-

553 5664 780 5719 dissimo
833 5677 987 5733 papae
1036 5662 1306 5721 NICOLAO,
1369 5659 1686 5712 Hmcnanus
1743 5655 2007 5714 nomine,
2053 5666 2161 5706 non

2245 4566 2562 4622 telationem
2603 4563 2659 4616 in
2685 4576 2875 4616 eorum
2926 4554 3320 4625 conjunctione
3353 4551 3599 4607 ﬁendam
3655 4551 3852 4625 signiﬁ-

2244 4658 2555 4717 caverunt,
2595 4650 2702 4705 sibi
2745 4646 3004 4703 sufficere
3046 4644 3380 4707 voluerunt,
3430 4648 3486 4696 et
3515 4642 3643 4697 sine
3690 4650 3855 4697 vestra

2247 4744 2594 4807 auctoritate,
2624 4741 2692 4796 ad
2724 4754 2886 4811 quam
2936 4736 3326 4799 clamaverant,
3358 4733 3483 4806 cogi
3517 4734 3649 4798 ,nisi
3676 4734 3780 4790 alio
3805 4748 3855 4788 se

2249 4838 2414 4894 modo
2434 4835 2844 4897 submitterent,
2870 4844 2980 4884 non
2999 4827 3334 4882 debuerunt.
3351 4825 3421 4878 Ex
3438 4825 3617 4879 altera
3639 4826 3856 4897 epistola

2250 4937 2443 4985 vestra:
2466 4923 2771 4982 sanctitatis
2800 4921 2880 4976 eis
2902 4918 3083 4983 retuli,
3116 4913 3264 4987 quod
3281 4930 3393 4971 non
3426 4914 3583 4988 leges
3613 4918 3857 4972 ecclesia-

2251 5023 2413 5078 sticas
2442 5015 2791 5080 dissolvistis,
2844 5011 2941 5067 sed
2974 5023 3170 5081 preces
3225 5021 3326 5077 pro
3378 5021 3445 5060 eo
3494 5007 3746 5072 misistis,
3777 5007 3855 5079 qui

2254 5107 2439 5183 puniri
2471 5102 2776 5161 secundum
2810 5101 2963 5174 leges
2990 5096 3305 5151 mundanas
3335 5100 3571 5164 poterat,
3606 5104 3857 5166 quatenus

2255 5181 2437 5251 locum
2468 5188 2777 5264 paenitendi
2809 5186 3058 5251 haberet,
3090 5182 3240 5253 quod
3265 5190 3458 5236 contra
3488 5181 3646 5254 leges
3665 5184 3855 5239 divinas

2255 5288 2566 5344 admiserat.
2626 5282 2715 5337 Sic
2744 5289 2800 5335 et
2855 5279 3102 5333 Salvator
3131 5281 3322 5329 noster
3345 5315 3357 5337 ,
3389 5273 3485 5343 qui
3535 5274 3655 5329 vult
3682 5291 3853 5331 omnes

2260 5376 2515 5432 homines
2539 5372 2719 5428 salvos
2744 5368 2885 5438 fieri,
2917 5376 2971 5421 et
2996 5363 3277 5419 neminem
3308 5363 3426 5417 vult
3452 5362 3644 5433 perire
3664 5367 3710 5436 (Ι
3735 5368 3847 5419 Tim.

2262 5470 2344 5533 ιι),
2401 5466 2455 5518 ἱιι
2487 5477 2653 5518 cruce
2682 5459 2831 5529 apud
2877 5456 3089 5511 Patrem
3115 5452 3242 5520 jure
3280 5451 3591 5507 sacerdotis
3636 5468 3730 5524 pro
3754 5452 3849 5507 suis

2265 5548 3036 5627 persecutoribusintercessit
3056 5549 3201 5602 (Luc.
3228 5547 3416 5611 xxtu):
3449 5543 3601 5613 quod
3621 5544 3672 5597 in
3692 5544 3848 5614 eisqni

2267 5654 2390 5719 post
2404 5647 2721 5718 passionem
2744 5644 2863 5713 ejus
2889 5639 3263 5703 crediderunt,
3285 5643 3343 5691 et
3366 5649 3488 5691 com
3499 5635 3682 5705 puncti
3700 5636 3849 5706 poeni-
