3970 6218
140 307 236 362 ibi

781 307 1103 364 HlSTORl/E
1143 309 1480 367 ECCLESUE
1523 311 1848 368 REMENSIS
1888 311 2062 368 LIBRI
2105 313 2430 378 QUATUOR.
2457 348 2527 356 —
2571 318 2692 372 LIB.
2737 320 2825 374 lll.

3362 325 3466 378 162

142 434 365 489 tentiam
395 442 646 506 egerunt,
704 437 796 506 qui
829 453 950 491 cum
984 439 1142 494 Patre
1173 442 1358 494 omnia
1413 442 1602 508 donat,
1635 440 1757 495 efﬁ-
1783 448 1832 516 Α
1855 445 2205 512 praesentiam
2236 446 2304 500 ab
2337 447 2441 502 hoc
2474 450 2700 523 negotio
2737 450 3200 520 subducentibus,
3235 455 3458 510 Baldui-

143 521 342 576 caciter
393 522 719 592 impetravit.
778 525 856 580 Ad
922 527 1078 596 cujus
1125 528 1315 593 instar,
1376 529 1749 600 apostolorum

143 613 392 679 vicarius,
421 616 486 668 ad
509 631 741 685 quorum
773 617 960 672 limina
983 619 1374 690 confugerunt,
1398 630 1452 676 et
1471 621 1751 676 catholica:

142 710 299 774 atque
322 703 638 774 apostolicae
667 706 922 762 Ecclesize
946 724 1196 762 summus
1224 710 1490 778 pontifex,
1521 710 1665 780 quod
1697 710 1748 762 in

140 794 414 848 hominem
434 811 618 867 regem
643 803 697 850 et
719 797 774 851 in
804 797 957 871 leges
987 799 1178 853 mundi
1203 808 1482 870 peccatum
1501 809 1604 864 est,
1627 817 1750 869 per-

139 881 323 936 donari
351 883 586 952 petistis,
603 893 660 940 ut
679 887 824 955 quod
847 887 898 940 in
925 903 1108 961 regem
1129 889 1514 955 ccelietterrze,
1538 890 1658 943 etin
1678 888 1751 942 le-

137 986 228 1042 ges
238 972 476 1028 caelestis
488 975 644 1045 regni
658 974 933 1029 offensum
951 986 1088 1043 erat,
1112 977 1379 1033 haberent
1394 978 1642 1032 inducias
1651 991 1752 1046 per

140 1063 516 1131 paenitentiam
535 1065 814 1120 abolendi.
833 1067 1074 1122 Econtra
1098 1070 1364 1134 carnales,
1379 1076 1432 1123 et
1453 1067 1748 1137 etiamqui-

136 1153 251 1206 dam
274 1169 490 1219 eorum,
519 1157 612 1227 qui
635 1163 796 1212 antea
817 1160 1195 1228 conjunctioni
1210 1161 1522 1228 hujusmodi
1537 1168 1752 1214 contra-

136 1241 410 1308 dicebant,
431 1243 531 1298 hac
548 1245 894 1312 defensione,
919 1249 1071 1303 uteis
1083 1250 1256 1304 visum
1271 1249 1466 1314 fuerat,
1488 1265 1546 1303 se
1570 1256 1748 1320 prote-

132 1338 338 1403 gentes,
358 1334 479 1399 (sed
496 1335 707 1390 sicutse
733 1337 898 1393 habet
925 1339 1140 1402 veritas)
1159 1341 1332 1394 salute
1350 1341 1644 1407 nudantes,
1676 1341 1745 1395 ab

135 1423 282 1477 istius
312 1426 626 1480 novissimae
647 1437 842 1483 vestne
871 1432 1117 1500 epistola:
1149 1432 1334 1486 verbis
1351 1433 1614 1486 recedere
1644 1449 1742 1487 no-

134 1513 364 1581 luerunt,
397 1533 564 1586 quam
599 1518 719 1572 sine
767 1521 1134 1589 protelatione
1161 1537 1350 1575 eorum
1397 1522 1743 1589 conjunctio-

134 1618 252 1656 nem
283 1603 493 1658 debere
527 1604 643 1660 fieri
667 1607 1048 1663 demonstrare
1079 1609 1353 1664 dicebant.
1383 1611 1594 1664 Dicenti
1617 1625 1744 1664 vero

135 1693 280 1760 mihi,
305 1695 434 1766 quia
459 1711 559 1765 pro
583 1698 731 1752 nulla
755 1706 1026 1769 potestate
1058 1708 1274 1755 terrena
1301 1702 1448 1771 quod
1479 1702 1548 1755 de
1573 1702 1744 1756 eccle-

1855 546 1956 584 nus
1973 539 2026 586 et
2053 533 2240 588 Judith
2259 535 2385 602 jura
2404 537 2582 608 legum
2607 540 2973 607 szecularium,
3007 558 3130 612 quae
3153 544 3459 617 elegerunt,

1853 620 2079 690 exsequi
2116 622 2465 678 studuerunt.
2497 627 2738 681 Domnus
2769 627 2933 682 etiam
2961 639 3148 684 noster
3175 648 3287 698 rex,
3320 631 3465 687 filius

1852 717 2054 776 vester,
2089 713 2218 768 huic
2256 715 2675 785 desponsationi
2706 727 2760 773 et
2789 721 3166 791 conjunctioni
3200 723 3464 778 interesse

1852 811 1962 850 non
2003 800 2195 867 voluit,
2231 803 2326 855 sed
2364 803 2548 859 missis
2602 806 2838 876 publica:
2879 808 2955 862 rei
2998 810 3289 875 ministris,
3323 811 3464 866 sicut

1850 887 2009 942 vobis
2057 892 2330 960 promisit,
2365 896 2667 951 secundum
2725 896 2874 969 leges
2919 901 3106 954 smeuli
3145 918 3240 957 eos
3273 904 3461 958 uxoria

1849 980 2240 1047 conjunctione
2257 984 2323 1038 ad
2338 985 2571 1040 invicem
2586 989 2833 1059 copulari
2861 993 3132 1060 permisit,
3150 1001 3203 1047 ct
3225 995 3465 1049 honores

1854 1072 2120 1128 Balduino
2149 1091 2247 1144 pro
2279 1087 2455 1131 vestra
2480 1079 2827 1136 solummodo
2854 1083 3124 1152 petitione
3155 1086 3398 1140 donavit.
3433 1107 3457 1135 »

2456 1168 2665 1224 CAPUT
2720 1173 2854 1226 Xlll.

1957 1238 2029 1288 De
2063 1251 2230 1290 causa
2261 1239 2496 1292 Rothadi
2533 1242 2832 1297 Suessonici
2871 1246 3106 1313 episcopi
3134 1248 3377 1314 depositi.

1920 1346 1944 1367 «ι
1990 1324 2234 1394 Denique
2251 1327 2318 1378 ad
2343 1325 2632 1396 epistolam
2658 1337 2848 1384 vestra:
2869 1333 3208 1386 auctoritatis
3229 1335 3459 1401 (Moon,

1845 1413 1997 1479 epist.
2033 1413 2140 1477 32',
2174 1413 2240 1466 ad
2273 1431 2435 1484 quam
2475 1433 2561 1470 me
2587 1418 2817 1472 misistis
2857 1420 3184 1475 obedienter
3227 1423 3461 1476 audien-

1846 1502 1993 1567 dam,
2053 1507 2390 1575 generaliter
2428 1509 2688 1563 omnibus
2742 1511 3022 1582 episc0pis
3078 1517 3230 1588 regni
3273 1517 3460 1571 domui

1849 1592 2018 1645 nostri
2054 1593 2233 1648 Karoli
2284 1595 2430 1664 regis
2461 1597 2713 1667 gloriosi,
2744 1616 2843 1669 pro
2872 1601 3104 1656 Rothadi
3145 1621 3328 1671 causa,
3363 1624 3462 1676 per

1847 1682 2091 1737 Odoncm
2126 1686 2445 1756 episc0pum
2495 1690 2894 1757 transmissam,
2929 1692 3070 1746 sicut
3120 1695 3315 1750 litteris
3345 1699 3461 1750 cxi-

133 1764 353 1837 siasticis
410 1764 618 1857 regulis
675 1764 1042 1860 intelligerem
1100 1764 1375 1844 dimittei‘e
1428 1790 1738 1845 deberem:

1850 1772 2040 1844 guitati
2073 1789 2210 1826 mea)
2240 1775 2466 1829 directis
2496 1778 2759 1831 sanctitas
2787 1788 2966 1833 vestra
2998 1793 3281 1852 praecepit.
3314 1800 3455 1839 con-

133 1874 355 1930 maxime
385 1891 514 1929 cum
546 1876 709 1931 etiam
761 1895 999 1942 mecum,
1032 1880 1141 1935 imo
1171 1896 1294 1934 cum
1335 1882 1470 1947 Deo,
1509 1882 1748 1937 domnus

133 1979 217 2016 rex
247 1971 455 2031 noster,
487 1963 634 2019 filius
661 1975 864 2032 vester,
908 1968 1137 2024 Karolus
1168 1968 1394 2038 faceret,
1428 1971 1581 2042 quasi
1610 1987 1743 2026 eon-

137 2051 358 2107 sulendo
409 2054 548 2108 mihi
603 2056 825 2126 quidam
869 2058 972 2112 hoc
1015 2058 1288 2113 dederunt
1318 2060 1630 2125 consilium,
1690 2060 1745 2113 in

139 2160 238 2214 quo
265 2163 374 2201 non
406 2147 572 2213 meis,
605 2148 703 2201 sed
734 2149 916 2203 verbis
945 2165 1135 2204 eorum
1164 2158 1301 2215 utar,
1327 2167 1448 2222 quae
1479 2167 1744 2206 mansue-

140 2236 258 2292 tudo
287 2245 493 2303 vestra,
546 2239 697 2293 velut
725 2240 1041 2310 exemplum
1091 2251 1146 2296 et
1175 2242 1383 2297 doctrix
1441 2241 1746 2312 disciplina:

140 2327 243 2393 Dei,
275 2329 417 2383 mitis
445 2337 506 2384 et
534 2331 758 2384 humilis
807 2333 974 2387 corde
1013 2349 1075 2388 ac
1119 2335 1338 2404 patiens
1365 2334 1748 2405 aequanimiter

137 2420 430 2486 sustinebit,
497 2423 797 2478 dicentium
833 2443 844 2478 :
881 2432 939 2479 ut
984 2425 1112 2496 quia
1149 2441 1260 2480 non
1319 2425 1614 2490 saecularis,
1649 2429 1745 2480 sed

139 2510 500 2567 ecclesiastica
521 2521 763 2584 potestas
789 2516 856 2569 de
884 2517 986 2570 hoc
1016 2517 1147 2570 mihi
1171 2517 1395 2590 negotio
1427 2517 1744 2587 imperaret,

140 2600 595 2669 conspirationem
638 2603 1008 2658 resistentium
1056 2605 1456 2677 aliquantulum
1489 2605 1741 2660 declina-

140 2701 261 2753 rem,
285 2705 352 2744 ne
404 2690 707 2761 quisquam
739 2693 970 2748 aemulus
1013 2703 1201 2749 noster
1246 2701 1438 2749 vestras
1467 2695 1745 2750 sanctitati

139 2792 473 2857 suggereret,
502 2787 659 2856 quasi
716 2786 769 2840 in
799 2794 1171 2858 contemptum
1205 2789 1380 2842 sancti
1410 2788 1746 2858 apostolatus

139 2875 303 2940 vestri,
347 2884 401 2931 et
430 2877 591 2931 sedis
635 2879 950 2948 apostolicae
1019 2879 1121 2934 hoc
1151 2881 1410 2954 egissem,
1443 2887 1495 2934 et
1550 2887 1742 2934 vestrae

140 2964 573 3019 mansuetudinis
624 2981 752 3038 erga
809 2983 896 3021 me
954 2969 1197 3023 animum
1256 2978 1646 3031 commoveret,
1689 2974 1741 3021 et

138 3067 515 3126 quamcunque
545 3057 1194 3123 excommunicationem,
1225 3058 1365 3112 sicut
1404 3074 1500 3128 pro
1533 3058 1741 3112 Rotha-

137 3139 198 3194 do
223 3148 394 3198 actum
422 3142 614 3197 fuerat
644 3145 811 3214 (quod
863 3153 1045 3200 tamen
1073 3146 1143 3200 ad
1201 3163 1288 3200 me
1320 3161 1430 3201 non
1471 3146 1744 3216 pervenit,

139 3229 232 3283 nisi
257 3238 532 3302 quantum
575 3231 686 3286 Odo
718 3233 1031 3304 episcolius,
1064 3239 1117 3287 et
1145 3242 1335 3303 postea
1370 3234 1537 3289 Luido
1617 3251 1742 3300 ms,

143 3317 330 3383 Landot
381 3320 608 3386 detulit,
641 3330 937 3392 antequam
969 3323 1036 3376 ad
1084 3323 1462 3378 auctoritatem
1508 3332 1742 3378 vestram

142 3415 404 3478 gestorum
461 3412 666 3466 seriem
728 3414 857 3468 inde
916 3415 1133 3469 mittere
1188 3416 1597 3481 valuissemus;
1657 3417 1743 3471 vel

143 3502 403 3566 quomodo
433 3519 524 3558 res
552 3511 704 3577 gesta
728 3505 887 3559 luerit
914 3522 1011 3576 per
1039 3505 1246 3579 legatos
1274 3514 1486 3562 vestros
1522 3508 1745 3562 rescire-

142 3588 218 3658 tis)
247 3593 554 3650 obtineret:
605 3597 904 3660 praesertim
937 3613 1061 3651 cum
1093 3597 1148 3651 in
1210 3599 1310 3653 hac
1358 3598 1590 3668 epistola
1643 3616 1738 3653 ve-

140 3684 253 3734 strae
275 3684 614 3738 auctoritatis
644 3684 855 3758 legatur
883 3704 898 3738 :
942 3685 1092 3755 quod
1122 3685 1166 3740 si
1200 3685 1358 3740 aliter
1387 3686 1693 3760 egissemus
1727 3729 1740 3754 ,

141 3786 291 3841 quam
338 3775 393 3829 in
434 3793 500 3830 ea
557 3777 817 3846 scriptum
875 3785 976 3843 est,
1024 3778 1198 3852 gratia
1253 3785 1308 3832 et
1350 3780 1741 3834 communione

141 3871 306 3918 vestra
351 3864 456 3920 frui
489 3881 838 3936 nequaquam
871 3867 1197 3923 valeremus.
1244 3870 1358 3934 Quo
1385 3877 1573 3925 contra
1607 3871 1742 3924 mihi

143 3947 328 4005 dicenti
359 3954 462 4008 hoc
497 3955 553 4007 in
582 3954 814 4023 epistola
845 3963 1022 4010 vestra
1068 3957 1138 4012 ob
1172 3959 1223 4012 id
1257 3959 1527 4030 posuisse,
1563 3977 1632 4014 ne
1663 3960 1740 4014 fe-

143 4037 278 4093 mina
324 4042 413 4096 illa
445 4059 473 4096 a
536 4041 696 4096 nobis
727 4043 1098 4113 deciperetur,
1148 4055 1200 4100 et
1230 4063 1340 4102 non
1397 4049 1468 4100 ob
1503 4049 1627 4115 hoc,
1671 4065 1741 4103 ne

145 4131 376 4188 ecclesias
425 4136 780 4193 satisfaceret.
817 4139 1259 4210 Responderunt,
1293 4157 1408 4205 cur,
1443 4140 1600 4194 aliter
1628 4141 1745 4195 vel-

144 4215 239 4272 lem
269 4231 499 4278 vestram
533 4226 818 4295 epistolam
864 4229 1192 4304 intelligere,
1244 4246 1407 4300 quam
1442 4229 1599 4284 vobis
1625 4231 1742 4300 pla-

144 4309 245 4362 cuit
265 4327 380 4366 eam
399 4329 758 4385 componere,
783 4333 904 4373 cum
929 4319 1073 4374 dein
1107 4324 1380 4390 praeterito
1406 4327 1540 4382 mihi
1565 4336 1741 4384 trans-

145 4401 312 4458 missis
356 4406 478 4474 ejus
506 4423 728 4462 sensum
781 4425 998 4481 possem
1050 4413 1342 4470 manifeste
1382 4433 1739 4490 cognoscere.

143 4487 474 4565 Quapropter
514 4513 724 4554 memor
763 4501 1163 4569 praeteritarum
1203 4487 1562 4574 epistolarum
1607 4509 1738 4562 mihi
1767 4493 1825 4560 D

140 4582 404 4656 episcOpis
460 4589 616 4660 regni
669 4587 767 4644 ﬁlii
813 4592 982 4647 vestri
1035 4593 1222 4648 domui
1285 4596 1465 4652 Karoli
1503 4615 1532 4652 a
1585 4600 1745 4655 vobis

141 4672 441 4745 missarum,
483 4681 774 4737 attendens
829 4685 991 4739 etiam
1034 4704 1155 4758 quae
1213 4691 1267 4745 in
1303 4693 1536 4763 epistola
1568 4712 1746 4766 nuper

143 4776 233 4830 per
282 4766 588 4826 Luidonem
631 4774 764 4828 mihi
809 4775 1127 4852 benignitas
1164 4789 1344 4836 vestra
1392 4785 1747 4847 mandaverat

143 4852 274 4917 (haec
308 4859 457 4914 enim
505 4862 559 4918 in
591 4865 944 4924 Antisiodoro
977 4879 1101 4941 post
1138 4873 1432 4928 adventum
1481 4876 1746 4933 Luidonis

142 4948 560 5026 ventilabantur)
611 4956 756 5012 inter
780 4967 986 5015 metum
1037 4964 1458 5034 prmteritarum,
1492 4977 1546 5023 et
1589 4987 1743 5040 spem

143 5037 458 5100 posterioris
487 5044 733 5113 epistola:
773 5048 907 5102 mihi
941 5051 1160 5106 mitiora
1190 5057 1572 5124 monstrantis,
1607 5037 1742 5114 con-

143 5123 433 5183 tentionem
466 5129 522 5184 in
551 5133 653 5188 hac
683 5151 848 5191 causa
878 5139 1278 5198 dissimulando
1305 5143 1468 5199 vitavi
1527 5155 1582 5201 et
1609 5164 1744 5204 con-

142 5211 553 5278 descensionem
583 5227 738 5296 quasi
760 5227 814 5281 in
849 5239 1065 5302 tempus
1095 5235 1242 5288 aliud
1272 5236 1600 5306 differendo,
1633 5242 1747 5296 dis-

140 5299 400 5374 simulavi,
458 5321 789 5382 cxspectans
819 5325 876 5370 ut
907 5299 977 5372 in-
1007 5336 1186 5376 causa:
1227 5324 1388 5394 hujus
1427 5343 1549 5397 quae
1582 5329 1748 5384 instat

143 5387 483 5461 depositione
533 5411 734 5469 vestra,
795 5420 862 5459 ex
914 5407 1159 5464 Rothado
1216 5387 1696 5471 discere-valeam
1731 5461 1744 5484 ,

146 5481 371 5545 qualiter
385 5486 457 5540 de
483 5489 700 5560 reliquo
724 5492 777 5544 in
803 5493 1114 5561 hujusmodi
1149 5515 1312 5572 agere
1340 5501 1594 5558 debeam.
1625 5481 1746 5562 Sic;

145 5584 244 5637 que
273 5576 412 5630 nihil
441 5580 602 5636 nobis
629 5582 698 5637 de
730 5587 1106 5643 ecclesiastico
1133 5590 1442 5647 ministerio
1469 5596 1550 5650 eis
1574 5597 1748 5654 inter-

143 5655 450 5721 dicentibus
517 5670 614 5724 sed
672 5678 880 5726 tantum
943 5676 1091 5745 quod
1147 5678 1439 5745 valuimus,
1501 5694 1743 5742 nostram

1847 1860 1993 1928 veni,
2017 1867 2071 1915 et
2093 1861 2257 1915 simul
2277 1862 2489 1917 eisdem
2515 1867 2927 1921 venerabilibus
2955 1871 3256 1940 episc0pis,
3285 1891 3462 1944 quan-

1848 1959 1960 2006 tum
1994 1968 2060 2006 ex
2092 1968 2177 2006 me
2208 1952 2328 2020 fuit,
2363 1970 2485 2010 mox
2522 1963 2816 2027 antequam
2852 1961 3096 2029 synodus
3128 1965 3455 2030 solveretur,

1846 2047 2080 2094 vestram
2124 2041 2433 2112 jussionem
2463 2045 2533 2098 de
2589 2046 2783 2100 eodem
2839 2048 3111 2114 Rothado,
3175 2068 3243 2106 ne
3273 2054 3459 2124 aliqua

1848 2145 2002 2185 mora
2030 2139 2226 2186 vestrae
2259 2135 2650 2204 praeceptionis
2684 2136 3001 2208 implendze,
3037 2150 3131 2195 aut
3161 2142 3230 2196 de
3261 2160 3456 2215 super-

1847 2221 2103 2276 ventione
2136 2239 2496 2297 paganorum,
2530 2235 2621 2281 aut
2652 2228 2720 2282 de
2755 2229 2860 2283 alia
2885 2231 3133 2300 qualibet
3161 2251 3325 2288 causa
3377 2237 3456 2290 in-

1848 2311 2168 2378 terveniret,
2197 2313 2503 2384 adimplere
2543 2317 2750 2383 curavi,
2796 2317 2936 2372 sicut
2976 2331 3029 2374 et
3057 2321 3218 2393 legati
3271 2325 3459 2380 domni

1847 2397 1992 2470 regis
2031 2415 2094 2454 ac
2132 2401 2324 2463 nostri,
2378 2409 2432 2456 et
2483 2402 2676 2458 litterae
2727 2405 2969 2476 pleniter
3021 2417 3210 2464 vestrze
3267 2422 3454 2468 notum

1847 2486 2050 2542 facient
2076 2492 2370 2545 sanctitati.
2406 2492 2511 2545 Sed
2545 2496 2805 2564 quoniam
2836 2514 2999 2552 causa
3033 2499 3458 2571 interveniente,

1846 2592 2010 2646 quam
2052 2579 2210 2632 vobis
2242 2579 2343 2650 ipsi
2378 2580 2537 2655 legati
2573 2583 2832 2650 referent,
2876 2588 3056 2640 statim
3099 2597 3154 2642 ut
3187 2594 3459 2663 praecepi-

1845 2679 1968 2717 mus
2016 2665 2159 2719 datis
2198 2667 2413 2722 litteris.
2461 2680 2515 2722 et
2545 2670 2847 2745 designatis
2882 2676 3084 2729 nostris
3109 2677 3348 2744 vicariis,
3393 2681 3459 2734 ad

1844 2760 2081 2808 vestram
2113 2756 2464 2825 praesentiam
2526 2775 2649 2812 cum
2692 2761 2886 2814 eodem
2939 2763 3188 2820 Rothado
3220 2766 3300 2820 ire
3350 2784 3459 2822 non

1846 2852 2165 2914 potuerunt,
2196 2857 2250 2902 et
2280 2848 2350 2902 ob
2385 2849 2440 2901 id
2471 2850 2679 2905 diutius
2704 2869 2866 2924 quam
2900 2855 3237 2911 voluerimus
3268 2858 3459 2914 immo-

1845 2932 1947 2986 rati
1978 2932 2203 2989 fuerunt
2230 2954 2243 3002 ;
2286 2937 2497 2993 interea
2527 2941 2700 2996 Luido
2724 2944 2938 3016 legatus
2959 2946 3146 3000 domni
3183 2949 3352 3002 nostri
3378 2966 3464 3004 re—

1843 3021 1926 3094 gis
1975 3039 2004 3075 a
2062 3031 2239 3077 vestra
2299 3027 2520 3080 rediens
2572 3032 2880 3092 sanctitate,
2943 3033 3121 3102 pridie
3189 3036 3461 3091 Kalendas

1769 3126 1818 3194 ρ
1841 3111 2158 3168 Decembris
2189 3123 2395 3170 vestras
2424 3121 2756 3188 apostolicas
2795 3123 3004 3177 litteras
3035 3127 3238 3182 domno
3269 3141 3460 3184 nostro

1845 3203 1981 3277 regi,
1999 3203 2326 3273 filiovestro,
2348 3207 2401 3260 in
2416 3208 2636 3263 civitate
2654 3211 3001 3268 Antisiodoro
3020 3215 3234 3279 detulit,
3262 3227 3309 3270 et
3330 3221 3458 3289 quia

1845 3292 1992 3347 filius
2049 3296 2167 3362 ejus
2207 3304 2373 3366 atque
2443 3299 2758 3369 aequivocus
2809 3303 3055 3369 liarolus,
3133 3311 3224 3377 qui
3289 3311 3459 3378 patris

1845 3386 2090 3440 animum
2121 3387 2174 3440 in
2207 3389 2537 3459 quibusdam
2591 3392 2918 3458 offenderat,
2960 3406 3014 3451 et
3044 3398 3115 3452 ob
3158 3398 3208 3451 id
3241 3401 3306 3452 ad
3340 3403 3462 3470 ejus

1846 3478 2218 3548 prmsentiam,
2253 3482 2618 3549 quorumdam
2647 3486 3023 3556 suggestione,
3057 3489 3457 3558 aliquantulum

1845 3565 2035 3620 venire
2052 3566 2360 3633 distulerat,
2387 3578 2595 3638 partem
2619 3570 2812 3642 legatis
2855 3575 3172 3644 suispetiit,
3197 3585 3254 3631 ut
3282 3595 3458 3634 meam

1847 3657 2171 3727 parvitatem
2199 3675 2321 3714 cum
2349 3660 2473 3714 aliis
2503 3663 2832 3734 quibusdam
2856 3666 2972 3720 suis
2998 3666 3257 3722 fidelibus
3279 3687 3458 3739 proco

1845 3750 1912 3804 ad
1940 3750 2112 3820 ipsius
2139 3753 2369 3827 vestigia
2386 3753 2712 3811 deducendo
2743 3758 3154 3826 transmitteret,
3183 3771 3459 3832 quatenus

1845 3847 2036 3893 nostro
2071 3839 2384 3897 interventu
2417 3851 2624 3914 patrem
2646 3846 3059 3916 placabiliorem
3087 3851 3334 3905 invenire
3366 3870 3460 3908 va-

1845 3929 1984 3984 leret
2011 3931 2366 4005 exiguitatem
2414 3935 2738 3992 humilitatis
2769 3955 2906 3994 mete
2936 3939 3175 3996 domnus
3205 3959 3300 3997 rex
3328 3943 3460 3998 illuc

1846 4019 1899 4072 in
1930 4035 2087 4074 suum
2121 4023 2310 4077 venire
2339 4025 2896 4095 servitiumjusserat.
2932 4029 3047 4093 Quo
3081 4047 3203 4086 mox
3227 4040 3285 4086 ut
3310 4032 3458 4097 veni,

1846 4112 2205 4168 mihilitteras
2221 4123 2429 4170 vestras
2449 4117 2712 4192 legendas
2731 4121 2989 4176 donavit:
3026 4123 3078 4175 in
3104 4125 3306 4194 quibus
3326 4125 3465 4180 licet

1847 4214 1946 4269 pro
2004 4216 2103 4254 sua
2144 4202 2463 4276 dignatione
2505 4206 2816 4262 sublimitas
2873 4219 3050 4264 vestra
3094 4213 3456 4269 humilitatem

1848 4305 2024 4343 meam
2063 4292 2184 4345 sine
2224 4294 2333 4347 ulla
2362 4295 2543 4349 meriti
2586 4301 2943 4371 praerogativa
2985 4301 3226 4377 benigne
3264 4310 3462 4360 tracta-

1848 4381 2004 4444 verit,
2041 4391 2094 4436 et
2124 4400 2154 4437 a
2188 4401 2309 4438 mea
2343 4386 2661 4456 insipientia
2704 4392 2989 4460 sapientia:
3030 4403 3222 4449 vestra).
3255 4397 3457 4468 scripta

1848 4485 2014 4540 supra
2039 4471 2089 4524 id
2113 4473 2259 4542 quod
2281 4475 2393 4528 scio
2410 4483 2574 4546 atque
2600 4477 2869 4554 intelligo,
2901 4497 3010 4535 non
3046 4491 3223 4538 tamen
3247 4485 3459 4557 absque

1847 4561 2182 4617 subinducto
2234 4567 2501 4633 cauterio,
2537 4569 2756 4623 laudare
2789 4572 3010 4645 dignata
3044 4574 3240 4630 fuerit:
3276 4585 3457 4633 tamen

1847 4650 1928 4704 eis
1952 4651 2142 4706 videor
2172 4654 2305 4707 mihi
2338 4655 2524 4712 videre
2548 4657 2704 4713 vobis
2735 4661 3142 4734 multiloquium
3176 4683 3356 4721 meum
3381 4669 3459 4722 in-

1846 4757 2112 4798 crescere.
2161 4746 2311 4801 Undc
2343 4747 2603 4824 dignetur
2644 4753 2904 4808 sanctitas
2933 4765 3113 4810 vestra
3167 4758 3460 4832 dignanter

1846 4834 2153 4906 suscipere,
2188 4841 2334 4910 quod
2370 4841 2563 4896 beatus
2609 4845 2944 4918 Augustinus
2977 4848 3045 4902 de
3078 4866 3178 4904 suo
3207 4852 3455 4908 multilo—

1846 4923 1978 4993 quio
2028 4925 2257 4982 Domino
2289 4930 2636 4986 dominorum
2679 4935 2961 4990 audaciter
2993 4937 3134 5007 [ms.,
3178 4941 3456 5012 audacter]

1846 5027 1957 5065 non
2018 5013 2290 5070 dubitavit
2346 5018 2574 5087 dicere,
2637 5038 2758 5076 cum
2819 5040 2878 5078 se
2937 5025 3062 5080 inde
3130 5029 3274 5097 apud
3333 5045 3455 5082 eum

1845 5104 2014 5158 voluit
2073 5107 2442 5164 excusabilem
2496 5113 2745 5179 reddere,
2817 5116 2960 5170 inter
3008 5118 3111 5171 alia
3163 5119 3455 5174 scribens:

1847 5192 2016 5263 Loqui
2049 5195 2277 5250 multum
2312 5214 2421 5254 non
2453 5208 2535 5254 est
2574 5203 2824 5270 nimium,
2859 5208 2902 5261 si
2935 5216 3114 5263 tamen
3147 5218 3227 5264 est
3259 5228 3460 5266 neces-

1847 5298 2074 5337 sarium.

1927 5390 1950 5420 α
2017 5371 2131 5434 Qua
2167 5375 2233 5428 de
2277 5392 2354 5442 re,
2387 5379 2734 5434 sanctissime
2765 5381 2986 5440 domine
3019 5393 3073 5440 et
3104 5387 3261 5441 Pater
3293 5405 3452 5446 reve-

1850 5461 2200 5530 rendissime,
2252 5470 2636 5539 sequanimiter
2681 5475 2948 5530 sustinete
3001 5479 3275 5534 modicum
3323 5483 3454 5554 quid

1849 5549 2186 5619 insipientia:
2215 5571 2371 5624 mea),
2405 5559 2500 5612 sed
2531 5567 2584 5614 et
2613 5571 2934 5632 supportate
2966 5584 3054 5622 me
3085 5571 3160 5636 (II
3202 5549 3455 5642 ϐοὴ-λι),

1847 5638 1892 5691 si
1920 5638 2099 5694 adhuc
2129 5644 2389 5714 quiddam
2425 5648 2493 5702 de
2516 5649 2748 5704 Rothadi
2778 5667 2942 5708 causa
2967 5655 3125 5710 vobis
3155 5664 3260 5712 tam
3294 5638 3456 5713 sufli;

1847 5728 2056 5782 cienter
2101 5734 2409 5805 notissima,
2441 5740 2595 5809 quasi
2639 5751 2897 5812 repetens
2933 5746 3137 5806 scribo,
3172 5763 3295 5800 cum
3343 5765 3453 5816 quo
