3970 6218
508 301 612 355 163

1617 294 1982 351 FLODOARDI
2025 294 2328 350 CANONICI
2373 296 2714 351 REMENSIS.

3687 317 3694 321 ‘
3723 301 3818 357 164

508 434 638 505 quia
657 433 818 490 vobis
843 433 1021 504 placet
1051 433 1157 502 (cui
1185 440 1380 488 cuncta
1411 432 1557 488 bona
1575 433 1820 504 placent)
1848 432 2116 486 mittimus
2141 434 2190 502 Α
2215 438 2300 486 est
2326 438 2386 486 ut
2425 433 2643 487 caeteris
2696 431 3105 502 praeemineret.
3141 433 3214 488 De
3258 449 3368 505 qua
3409 433 3582 489 forma
3610 437 3819 506 episco-

506 527 740 581 vicarios
781 533 1017 584 nostros.
1069 540 1177 579 non
1222 531 1282 578 ut
1311 530 1657 578 accusatores
1697 523 1764 576 ad
1811 522 2117 596 confligen-

508 619 662 684 dum,
694 618 788 671 sed
824 625 881 672 ut
911 634 940 671 a
973 617 1246 682 Rothado,
1281 625 1444 687 atque
1475 633 1506 670 a
1533 616 1734 670 vicinis
1764 614 1984 679 nostris,
2021 611 2113 684 qui

505 723 723 761 causam
756 707 994 776 pleniter
1027 722 1090 760 ac
1119 707 1386 761 veraciter
1416 713 1508 760 aut
1545 705 1820 770 nesciunt,
1854 713 1947 758 aut
1977 703 2117 759 scire

507 811 618 850 non
646 795 854 861 volunt,
880 795 1138 860 accusati,
1167 794 1316 865 quod
1349 809 1459 849 non
1489 794 1543 847 in
1565 801 1940 864 contemptum
1971 791 2120 846 sedis

507 885 822 954 apostolicae
849 883 1221 954 appellantem
1253 882 1560 938 Rothadum
1593 883 1896 937 secundum
1929 879 2118 934 Sardi—

504 987 702 1027 censes
738 987 980 1027 canones
1012 973 1081 1042 (4,
1116 972 1166 1040 6)
1198 971 1387 1026 sedem
1443 971 1830 1041 apostolicam:
1863 969 1960 1024 sed
1985 983 2110 1022 eum

505 1060 682 1131 quiad
705 1061 1005 1116 electorum
1033 1060 1304 1129 judicium
1339 1060 1406 1113 de
1438 1059 1600 1114 certis
1628 1058 1886 1128 capitulis
1915 1071 2115 1127 provo-

506 1151 670 1217 cavit,
724 1153 879 1219 juxta
929 1150 1394 1222 Carthaginenses
1451 1160 1506 1204 et
1553 1143 1834 1204 Africanos
1875 1162 2117 1202 canones

508 1243 724 1312 (Concil.
756 1243 890 1307 Afr.
933 1256 980 1294 c.
1025 1240 1110 1305 63,
1149 1240 1238 1303 88,
1287 1240 1375 1300 89,
1415 1238 1534 1306 94),
1586 1254 1649 1292 ac
1707 1238 1928 1292 decreta
1976 1236 2119 1289 beati

508 1333 752 1407 Gregorii
786 1332 1111 1404 regulariter
1133 1330 1506 1401 judicavimus
1539 1336 1736 1384 vestrae
1765 1344 1993 1382 summae
2023 1343 2120 1380 au-

508 1425 746 1477 ctoritati
778 1422 1062 1476 humiliter
1091 1420 1480 1475 intimandum.
1514 1419 1666 1473 Absit
1693 1419 1840 1472 enim
1872 1433 1902 1471 a
1935 1416 2120 1481 nobis,

509 1520 570 1567 ut
605 1510 956 1585 privilegium
986 1510 1177 1580 primae
1227 1517 1279 1563 et
1311 1524 1540 1563 summaa
1571 1508 1721 1562 sedis
1772 1516 1972 1561 sancta:
2020 1504 2125 1559 lto-

509 1620 684 1658 manaa
703 1603 958 1659 Ecclesiae
982 1601 1260 1673 pontificis
1283 1617 1382 1672 pro
1408 1602 1487 1656 sic
1517 1615 1682 1671 parvo
1713 1599 2042 1670 pendamus,
2064 1603 2123 1650 ut

510 1692 910 1747 controversias
939 1701 994 1745 et
1018 1691 1202 1765 jurgia
1237 1699 1343 1744 tam
1375 1688 1698 1760 superioris,
1759 1703 1920 1758 quam
1956 1685 2120 1739 etiam

511 1781 790 1836 inferioris
817 1780 1052 1844 ordinis,
1086 1796 1208 1850 quae
1235 1779 1425 1833 Niceni
1475 1781 1618 1848 (cap.
1651 1776 1698 1841 5)
1735 1783 1789 1830 et
1819 1775 2001 1830 caeteri
2036 1789 2122 1827 sa-

509 1890 727 1928 crorum
757 1873 1117 1928 conciliorum
1151 1886 1412 1935 canones,
1447 1877 1501 1924 et
1532 1869 1839 1923 Innocentii
1868 1871 2036 1938 (epist.
2067 1869 2123 1934 2,

510 1982 555 2020 c.
591 1967 664 2034 5),
697 1973 861 2035 atque
891 1964 1125 2019 aliorum
1168 1972 1371 2017 sanctae
1412 1961 1669 2016 Romana:
1699 1960 1849 2015 sedis
1903 1958 2123 2030 pontiﬁ-

511 2074 633 2112 cum
667 2057 888 2112 decreta
919 2057 973 2110 in
1017 2055 1242 2126 synodis
1269 2052 1702 2124 provincialibus
1746 2068 1776 2105 a
1807 2051 2127 2121 metropoli-

510 2146 653 2200 tanis
707 2145 1033 2215 praecipiunt
1086 2143 1388 2207 terminari,
1443 2142 1513 2196 ad
1568 2147 1803 2196 vestram
1853 2155 2122 2194 summam

511 2237 892 2293 auctoritatem
945 2235 1279 2309 fatigandam
1329 2234 1614 2288 ducamus.
1663 2235 1728 2288 At
1764 2233 1809 2287 si
1868 2233 2005 2286 forte
2053 2232 2123 2285 de

505 2330 784 2402 episcOpis
815 2345 982 2384 causa
1031 2339 1155 2382 nata
1187 2328 1371 2394 fuerit,
1401 2327 1550 2381 unde
1595 2333 1744 2380 certa
1774 2334 1827 2381 et
1865 2341 2123 2394 expressa

508 2423 562 2476 in
595 2423 768 2477 sacris
797 2422 1002 2496 regulis
1033 2437 1142 2476 non
1177 2421 1481 2476 habeamus
1506 2421 1739 2490 judicia,
1773 2427 1827 2475 et
1858 2419 1929 2475 ob
1975 2420 2028 2474 id
2061 2423 2120 2486 it,

504 2513 853 2583 provinciali,
885 2513 967 2567 vel
999 2513 1052 2566 in
1097 2512 1548 2582 comprovinciali
1599 2519 1838 2583 nequeat
1869 2514 2122 2567 examine

505 2603 755 2668 difﬁniri,
780 2607 848 2658 ad
871 2603 1116 2658 divinum
1139 2603 1443 2666 oraculum,
1476 2601 1531 2656 id
1562 2611 1645 2657 est
1675 2603 1743 2657 ad
1767 2604 2121 2673 apostolicam

507 2696 696 2749 sedem
749 2695 911 2749 nobis
966 2694 1096 2748 inde
1151 2703 1234 2749 est
1276 2697 1687 2750 recurrentium.
1746 2697 1798 2750 Si
1845 2697 2008 2750 etiam
2053 2697 2121 2751 de

511 2781 814 2852 majoribus
833 2782 1014 2836 causis
1041 2798 1072 2836 a
1102 2782 1426 2852 provinciali
1449 2783 1710 2854 episcOpo
1730 2783 1796 2837 ad
1824 2783 2121 2838 electorum

504 2872 773 2940 judicium
816 2886 927 2925 non
961 2869 1125 2924 fuerit
1158 2877 1533 2941 provocatum,
1572 2879 1626 2926 et
1658 2872 1712 2925 in
1744 2872 1930 2942 aliqua
1959 2889 2122 2928 causa

512 2963 659 3017 idem
693 2964 991 3034 episcopus
1029 2962 1192 3017 fuerit
1227 2963 1526 3031 judicatus,
1559 2963 1613 3017 id
1646 2972 1731 3018 est
1760 2981 1790 3018 a
1820 2965 1991 3038 gradu
2020 2980 2122 3020 suo

2217 542 2411 596 porum
2437 541 2660 598 quoque
2690 534 2774 582 est
2803 532 2923 582 orta
2949 527 3258 594 distinctio,
3287 537 3342 582 et
3369 543 3568 600 magna
3605 527 3818 584 ordina-

2217 618 2365 673 tione
2398 620 2700 690 provisum,
2740 635 2809 674 ne
2843 635 3036 674 omnes
3075 619 3180 673 sibi
3231 619 3420 675 omnia
3467 618 3814 684 vindicarent,

2219 708 2319 762 sed
2369 715 2558 762 essent
2613 708 2667 762 in
2707 707 2944 781 singulis
2981 707 3283 777 provinciis
3320 707 3546 782 singuli,
3599 724 3815 780 quorum

2222 796 2364 850 inter
2397 796 2589 851 fratres
2619 795 2919 850 haberetur
2947 796 3123 866 prima
3153 796 3450 861 sententia,
3483 805 3536 850 et
3569 811 3671 867 per
3695 813 3819 868 quos

2221 883 2289 938 ad
2321 900 2484 955 quam
2508 883 2655 938 beati
2689 883 2831 937 Petri
2851 883 3040 938 sedem
3063 883 3394 939 universalis
3424 883 3680 940 Ecclesiae
3703 901 3818 939 cura

2221 976 2544 1040 conflueret,
2581 981 2634 1029 et
2663 973 2798 1028 nihil
2833 991 3064 1045 usquam
3093 991 3122 1030 a
3161 991 3263 1030 suo
3294 975 3474 1047 capite
3515 975 3814 1032 dissideret.

2217 1068 2315 1132 Qui
2368 1083 2499 1142 ergo
2539 1067 2642 1122 scit
2671 1081 2730 1120 se
2780 1066 3114 1137 quibusdam
3157 1067 3535 1138 praepositum,
3570 1084 3678 1124 non
3711 1084 3816 1123 mo-

2219 1155 2356 1208 leste
2389 1155 2533 1210 ferre
2577 1155 2742 1210 debet
2780 1155 3021 1226 aliquem
3053 1156 3159 1210 sibi
3211 1172 3333 1212 esse
3371 1159 3693 1228 praelatum:
3732 1158 3816 1212 sed

2220 1245 2594 1301 obedientiam
2655 1263 2821 1318 quam
2862 1246 3052 1319 exigit,
3093 1248 3259 1302 etiam
3300 1248 3419 1319 ipse
3457 1249 3751 1320 dependat.
3794 1270 3810 1298 ι

2222 1338 2391 1402 Quam
2426 1339 2710 1395 Rothadus
2748 1355 2779 1393 a
2808 1339 2926 1393 suis
2971 1338 3194 1414 exigere
3233 1340 3432 1412 magis,
3473 1356 3637 1411 quam
3668 1340 3819 1395 sacris

2225 1426 2431 1497 regulis
2471 1427 2672 1499 sategit
2707 1426 3023 1497 dependere
3057 1428 3206 1498 (cum
3247 1426 3411 1482 etiam
3452 1428 3628 1482 sancti
3657 1427 3816 1500 angeli

2224 1519 2282 1572 in
2319 1519 2459 1573 coelo
2489 1518 2742 1592 legantur
2769 1518 2884 1572 suis
2914 1517 3224 1588 potioribus
3253 1518 3484 1574 obedire
3537 1525 3592 1573 et
3613 1518 3734 1573 ideo
3758 1517 3816 1572 ad

2225 1608 2330 1663 hoc
2348 1607 2598 1679 pervenit
2628 1616 2686 1660 ut
2713 1606 2878 1675 dejici
2900 1606 3286 1676 promeruerit.
3323 1607 3495 1670 Quem
3527 1622 3627 1678 per
3654 1605 3818 1676 plures

2224 1715 2399 1754 annos
2433 1707 2486 1753 et
2515 1696 2808 1752 beneﬁciis
2851 1697 3135 1768 impensis,
3185 1705 3237 1752 et
3273 1697 3499 1752 monitis
3542 1706 3702 1768 atque
3729 1696 3818 1751 ob-

2226 1787 2651 1854 secrationibus,
2695 1803 2794 1858 per
2847 1803 2933 1842 me
2965 1795 3020 1841 et
3059 1801 3161 1858 per
3211 1786 3598 1857 coepiscopos,
3639 1802 3698 1840 ac
3734 1801 3818 1855 per

2225 1893 2589 1949 quoscunque
2621 1876 2918 1932 familiares
2943 1876 3122 1947 potui,
3153 1875 3223 1930 ad
3257 1874 3636 1931 obediendum
3666 1873 3815 1927 sacris

2227 1969 2432 2040 regulis
2480 1984 2831 2024 commonere
2887 1967 3094 2023 curavi.
3137 1967 3414 2023 Multoties
3459 1967 3623 2021 etiam
3651 1974 3703 2020 et
3735 1981 3818 2036 per

2226 2061 2437 2116 litteras
2476 2061 2932 2132 metrOpolitanas
2970 2069 3025 2114 et
3069 2076 3135 2114 ex
3173 2060 3488 2130 apostolicae
3538 2058 3682 2113 sedis
3722 2073 3814 2110 au-

2224 2153 2474 2208 ctoritate
2521 2154 2700 2208 minas
2737 2152 2789 2208 ei
2834 2151 3114 2208 inculcare
3144 2151 3350 2217 curavi,
3397 2160 3452 2205 et
3487 2167 3556 2204 ex
3603 2149 3815 2204 lectione

2225 2241 2646 2309 catholicorum,
2678 2257 2842 2312 quam
2891 2241 3130 2316 graviter
3157 2239 3492 2302 offendebat,
3531 2239 3582 2294 ei
3641 2247 3809 2293 osten-

2224 2331 2356 2386 dere
2385 2329 2594 2384 studui.
2629 2331 2702 2384 Ad
2735 2345 2860 2401 quae
2901 2328 3296 2399 respondebat,
3343 2327 3474 2399 quia
3509 2327 3647 2381 nihil
3682 2325 3808 2379 aliud

2223 2423 2404 2477 facere
2435 2423 2702 2487 sciebam,
2733 2422 2841 2476 nisi
2878 2421 2927 2476 ei
2960 2437 3113 2476 meos
3136 2419 3357 2474 libellos
3383 2426 3497 2474 tota
3533 2418 3622 2472 die
3643 2427 3809 2473 osten—

2223 2516 2373 2571 dere.
2425 2515 2578 2570 Unde
2619 2530 2648 2568 a
2678 2513 2865 2568 multis
2910 2521 2965 2568 et
3003 2511 3454 2584 frequentissime
3510 2511 3811 2581 redargutus

2224 2607 2324 2674 fui,
2357 2623 2454 2661 cur
2486 2604 2917 2679 incorrigibilem
2948 2612 3005 2658 et
3031 2602 3338 2658 ministerio
3371 2617 3536 2657 sacro
3566 2601 3809 2662 inutilem,

2223 2697 2416 2751 tandiu
2464 2695 2702 2750 scienter
2747 2703 2938 2749 contra
2987 2692 3082 2747 Dei
3126 2691 3464 2747 voluntatem
3529 2700 3583 2744 et
3627 2704 3806 2743 sacram

2223 2788 2604 2843 auctoritatem
2627 2794 2925 2856 portarem.
2956 2784 3067 2856 Ego
3093 2798 3225 2838 vero
3256 2783 3514 2853 quamvis
3543 2779 3811 2851 saepissime

2222 2888 2277 2934 et
2323 2894 2534 2952 regem,
2593 2885 2646 2932 et
2679 2877 3044 2948 coepiscopos
3091 2891 3154 2930 ac
3199 2874 3413 2928 vicinos
3470 2888 3621 2938 suos,
3670 2879 3811 2940 atque

2222 2971 2387 3026 etiam
2411 2987 2498 3025 me
2525 2970 2697 3025 multo
2727 2969 2950 3040 saepius,
2986 2966 3144 3038 quasi
3185 2982 3249 3020 ex
3288 2965 3473 3019 studio
3506 2965 3574 3020 ad
3620 2965 3813 3018 iracun-

509 3051 563 3104 in
591 3051 1040 3121 comprovinciali
1061 3052 1273 3122 synodo
1291 3052 1558 3120 dejectus,
1583 3060 1638 3107 et
1660 3058 1813 3123 putat
1837 3069 1897 3107 se
1921 3053 2119 3108 bonam

2221 3064 2366 3118 diam
2418 3077 2717 3134 provocare
2756 3068 3047 3135 satageret.
3091 3058 3220 3112 lieet
3259 3073 3368 3112 non
3401 3065 3616 3128 posset,
3653 3054 3813 3110 sciens

507 3161 730 3200 causam
767 3143 993 3210 habere,
1025 3151 1080 3199 et
1109 3144 1469 3215 appellaverit
1498 3145 1592 3216 qui
1647 3145 1894 3213 dejectus
1921 3153 2022 3210 est,
2067 3154 2122 3201 et

505 3234 818 3308 confugerit
843 3234 910 3289 ad
931 3235 1250 3305 episcOpum
1276 3233 1532 3289 Romana»
1557 3235 1830 3298 Ecclesiae,
1857 3243 1911 3290 et
1933 3236 2123 3290 volue-

508 3325 577 3380 rit
606 3340 664 3380 se
695 3323 898 3389 audiri,
939 3323 984 3376 si
1010 3323 1218 3392 justum
1258 3323 1532 3394 putaverit
1561 3330 1620 3378 ut
1648 3331 1938 3378 renovetur
1991 3339 2122 3378 exa-

507 3433 658 3484 men,
682 3415 1033 3470 scribendum
1062 3423 1143 3470 est
1159 3415 1226 3469 ab
1258 3415 1364 3482 his,
1382 3416 1474 3487 qui
1497 3431 1716 3471 causam
1739 3415 2121 3470 examinarunt

509 3508 915 3580 postjudicium
938 3507 1275 3578 episcopale,
1308 3507 1487 3561 eidem
1518 3523 1734 3562 summo
1766 3506 2034 3578 pontifici,
2069 3515 2122 3562 et

507 3599 576 3654 ad
604 3600 751 3654 illius
795 3599 1214 3670 dispositionem
1247 3598 1550 3653 secundum
1607 3598 1904 3668 septimum
1935 3597 2121 3651 Sardi-

506 3692 689 3746 censis
715 3691 935 3746 concilii
988 3691 1283 3760 capitulum
1319 3688 1673 3744 renovabitur
1700 3704 1953 3743 examen.
1988 3689 2118 3742 Nam

508 3789 577 3842 de
609 3785 1035 3857 metropolitano
1076 3800 1176 3854 per
1206 3799 1390 3837 sacras
1420 3781 1636 3856 regulas
1675 3781 1990 3847 constituto,
2025 3779 2119 3851 qui

507 3892 579 3945 ex,
603 3875 830 3946 antiqua
867 3871 1268 3927 consuetudine
1300 3870 1368 3924 ab
1396 3869 1700 3940 apostolica
1731 3869 1863 3923 sede
1895 3868 2116 3939 pallium

507 3969 726 4040 accipit,
753 3968 922 4022 sicut
956 3966 1062 4020 Leo
1100 3967 1272 4034 (epist.
1309 3965 1398 4030 84,
1433 3980 1458 4018 c
1524 3964 1569 4031 1)
1629 3962 1696 4017 ad
1727 3961 2073 4016 Anastasium
2106 4001 2120 4027 ,

508 4060 656 4133 quod
687 4067 740 4114 et
770 4058 1047 4112 Nicaanum
1077 4055 1369 4110 concilium
1412 4055 1475 4123 (ο.
1510 4055 1560 4122 7)
1594 4052 1808 4118 innuit,
1856 4058 1910 4106 et
1939 4051 2122 4106 caeteri

507 4153 766 4208 Romanze
797 4150 950 4205 sedis
998 4146 1288 4219 pontiﬁces
1319 4146 1374 4200 in
1423 4145 1660 4200 decretis
1690 4144 1806 4199 suis
1845 4160 1910 4198 ex
1953 4142 2124 4198 sacris

506 4243 816 4301 canonibus
863 4247 1197 4307 monstrant,
1227 4239 1377 4294 sedis
1427 4237 1601 4308 ipsius
1633 4234 1912 4307 pontificis
1958 4235 2120 4289 etiam

505 4345 632 4394 ante
657 4336 926 4410 judicium
949 4339 1032 4389 est
1059 4333 1334 4387 sententia
1361 4330 1745 4402 prastolanda.
1765 4330 1814 4383 ls
1840 4330 1986 4384 enim
2016 4335 2120 4393 est,

2222 3152 2754 3225 periculosissimum
2786 3165 2908 3204 esse
2949 3149 3003 3202 in
3062 3146 3349 3202 sacerdote
3381 3145 3744 3216 perturbatam
3771 3151 3813 3195 et

2224 3240 2562 3311 praecipitem
2622 3240 2757 3292 iram
2815 3236 3270 3308 praecipitemque
3331 3233 3582 3304 proferre
3611 3240 3812 3287 senten-

2223 3330 2374 3394 tiam,
2401 3337 2456 3384 et
2493 3327 2943 3399 persecutionum
2975 3324 3232 3395 supplere
3262 3322 3559 3389 saevitiam,
3591 3321 3810 3375 dissimi-

2220 3421 2484 3476 litudines
2538 3435 2752 3476 morum
2812 3416 3188 3473 contumacias
3245 3413 3719 3480 inobedientium,
3769 3419 3812 3464 et

2221 3517 2582 3588 malignarum
2650 3512 2757 3567 tela
2786 3510 3120 3585 linguarum,
3180 3507 3275 3562 diu
3334 3507 3518 3571 illum,
3547 3523 3653 3561 non
3710 3505 3812 3557 sine

2222 3605 2420 3660 timore
2452 3603 2520 3658 de
2570 3601 2821 3673 periculo
2861 3599 3165 3654 animarum
3223 3597 3332 3651 sibi
3387 3598 3811 3656 commissarum,

2225 3695 2457 3767 portavi,
2489 3701 2546 3749 et
2574 3709 2699 3748 cum
2728 3691 2968 3763 amplius
3009 3697 3229 3761 portare
3257 3705 3366 3744 non
3399 3689 3594 3754 debui,
3627 3687 3688 3741 ad
3709 3687 3815 3756 plu-

2222 3787 2484 3841 rimorum
2516 3784 2907 3855 episcoporum
2936 3781 3249 3848 consilium,
3273 3790 3332 3835 ut
3358 3781 3446 3835 vel
3481 3797 3578 3835 eos
3601 3777 3812 3835 audiret,

2222 3879 2374 3932 illum
2426 3876 2654 3930 deduxi.
2705 3874 2946 3938 Quorum
2985 3888 3096 3928 non
3139 3872 3330 3926 audire
3369 3871 3686 3934 consilium,
3733 3866 3812 3920 sed

2224 3966 2516 4021 adversum
2544 3980 2633 4018 me
2671 3961 2950 4034 postulare
2985 3961 3255 4031 judicium
3287 3959 3510 4015 maluit.
3566 3959 3641 4013 Ad
3675 3957 3813 4024 cujus

2224 4054 2576 4126 petitionem,
2609 4059 2669 4106 ut
2697 4051 2748 4105 ei
2781 4049 3180 4115 satisfacerem,
3211 4057 3272 4103 ut
3300 4048 3385 4101 vel
3435 4048 3518 4103 sic
3545 4045 3813 4101 erubesce-

2223 4151 2327 4209 ret,
2365 4152 2419 4196 et
2456 4159 2488 4196 a
2517 4149 2696 4212 coepta
2745 4154 2805 4194 se
2849 4137 3081 4193 stultitia
3125 4144 3428 4200 revocaret,
3479 4134 3687 4204 judicio
3740 4144 3812 4183 me

2223 4234 2467 4301 devinxi,
2519 4233 2669 4288 velut
2719 4232 2833 4300 jam
2882 4237 3077 4285 vestrae
3124 4227 3402 4284 sanctitati
3445 4226 3662 4298 plenius
3707 4224 3814 4279 aliis

2223 4329 2424 4384 litteris
2457 4325 2705 4382 intimavi
2753 4331 2808 4378 et
2839 4321 3106 4392 replicare
3151 4334 3240 4372 me
3271 4331 3372 4388 pro
3411 4326 3608 4371 vestrae
3649 4319 3813 4368 aucto-

505 4428 601 4499 qui
657 4424 962 4481 secundum
1000 4422 1342 4478 Ezechielem
1396 4421 1718 4492 prolilietam
1766 4428 2012 4474 moratur
2061 4418 2401 4504 inDritatis
2449 4416 2826 4474 satisfactione
2878 4414 3027 4487 cogit
3060 4411 3398 4467 necessitas:
3452 4419 3513 4464 ut
3541 4421 3812 4504 cognoscat:

503 4515 895 4591 gazophylacio
925 4512 1072 4584 quod
1107 4512 1332 4583 respicit
1361 4512 1500 4566 viam
1526 4509 1911 4572 meridianam,
1940 4516 1994 4561 et
2023 4523 2118 4562 ex-

503 4602 667 4660 cubat
695 4604 750 4656 in
784 4601 1048 4656 custodiis
1084 4600 1274 4671 templi
1306 4601 1511 4670 (Ezech.
1545 4599 1643 4668 χι).
1685 4598 1746 4652 Et
1782 4615 1884 4652 nos
1914 4605 2116 4653 metro-

503 4693 733 4765 politani
767 4691 834 4744 ad
865 4688 1334 4760 comparationem
1366 4687 1515 4742 illius
1554 4703 1766 4754 sumus,
1800 4687 1892 4758 qui
1925 4687 1980 4740 in
2013 4687 2118 4740 mi-

506 4781 732 4838 nisterio
761 4779 964 4846 altaris,
997 4778 1147 4850 quod
1179 4785 1261 4832 est
1291 4783 1418 4831 ante
1449 4775 1643 4830 faciem
1677 4775 1886 4846 templi,
1920 4775 1974 4828 in
2007 4791 2116 4846 quo

504 4887 698 4928 carnes
731 4870 1123 4935 incenduntur,
1165 4867 1456 4932 servimus,
1489 4871 1542 4919 et
1572 4864 1973 4919 controversias
1999 4879 2115 4918 car-

505 4961 708 5017 nalium
742 4961 797 5015 in
837 4958 1064 5029 synodis
1096 4954 1529 5028 provincialibus
1557 4953 1872 5008 laborantes
1902 4951 2113 5007 dirimi-

500 5071 646 5123 mus,
677 5061 730 5110 et
757 5053 828 5108 de
858 5050 1162 5122 majoribus
1191 5065 1255 5105 ac
1283 5048 1554 5118 majorum
1576 5047 1756 5102 causis
1784 5046 1850 5101 ad
1882 5061 2113 5101 examen

501 5161 732 5202 summae
761 5143 912 5199 sedis
938 5139 1233 5216 pontiﬁcis,
1268 5146 1390 5211 post
1426 5137 1694 5208 judicium
1729 5136 1932 5192 referre
1964 5154 2117 5193 cura-

501 5253 644 5295 mus.
682 5237 943 5293 Homines
982 5234 1132 5289 enim
1165 5230 1268 5288 sub
1303 5231 1452 5286 illius
1483 5236 1775 5302 potestate,
1817 5230 1919 5283 sub
1955 5229 2116 5285 nobis

500 5325 910 5384 commilitones
924 5323 1194 5379 habemus
1213 5329 1267 5378 et
1283 5321 1518 5376 dicimus
1533 5319 1663 5374 huic
1691 5318 1850 5384 vade,
1870 5327 1924 5374 et
1943 5319 2113 5384 vadit,

500 5427 555 5474 et
584 5418 677 5474 alii
708 5417 857 5482 veni,
891 5424 946 5472 et
970 5416 1121 5472 venit
1144 5416 1352 5487 (Matth.
1378 5413 1512 5486 vm),
1550 5434 1574 5463 (ι
1608 5411 1898 5476 Quoniam,
1922 5417 1983 5465 ut
2009 5410 2116 5466 Leo

501 5506 652 5573 dicit,
685 5509 826 5576 (cap.
863 5506 948 5575 Μ)
981 5515 1035 5560 et
1074 5506 1216 5560 inter
1241 5503 1592 5558 beatissimos
1621 5499 1900 5569 apostolos
1943 5500 2000 5554 in
2039 5501 2117 5554 si-

500 5595 819 5650 militudine
850 5593 1078 5648 honoris
1104 5593 1208 5648 fuit
1229 5593 1478 5665 quaedam
1514 5589 1777 5645 discretio
1809 5589 2111 5659 potestatis,

497 5693 703 5738 etcum
735 5681 984 5738 omnium
1010 5697 1110 5752 par
1140 5687 1287 5736 esset
1329 5680 1549 5745 electio,
1583 5676 1678 5731 uni
1713 5683 1895 5731 tamen
1930 5679 2117 5734 datum

2224 4510 2292 4564 tis
2320 4509 2582 4580 quoniam
2625 4505 2762 4560 nihil
2809 4504 2865 4558 in
2911 4519 3037 4558 eum
3069 4502 3156 4575 egi
3212 4499 3397 4554 animo
3429 4498 3674 4562 inimico,
3727 4491 3810 4547 sed

2219 4599 2337 4653 zelo
2365 4597 2574 4662 divino,
2603 4601 2874 4666 quantum
2905 4592 2960 4645 in
2995 4588 3331 4646 conscientia
3363 4603 3488 4642 mea
3520 4584 3810 4658 perspicere

2218 4690 2394 4744 valeo.
2429 4687 2534 4742 Sed
2583 4696 2638 4741 et
2663 4686 2868 4740 domno
2899 4683 3036 4757 regi,
3067 4697 3130 4736 ac
3173 4679 3457 4751 episc0pis
3489 4677 3641 4751 regni
3685 4675 3808 4743 ejus,

2219 4788 2275 4836 et
2307 4779 2749 4852 quamplurimis,
2784 4784 2890 4831 tam
2927 4773 3314 4830 ecclesiasticis
3355 4786 3520 4842 quam
3551 4763 3808 4824 saeculari-

2217 4872 2323 4927 bus
2353 4869 2507 4934 viris,
2542 4869 2661 4923 haec
2699 4873 2828 4920 sunt
2855 4875 2983 4920 nota
3013 4878 3136 4935 quae
3167 4863 3312 4917 dico.
3358 4861 3485 4916 Post
3533 4854 3808 4928 depositio-

2217 4978 2343 5017 nem
2373 4967 2554 5015 autem
2590 4958 2759 5022 illius,
2803 4955 3020 5012 obtinui
3064 4962 3124 5009 ut
3153 4969 3318 5008 unam
3359 4949 3638 5006 abbatiam
3668 4943 3805 5001 valde

2217 5051 2419 5106 bonam
2452 5049 2502 5102 ei
2533 5048 2770 5103 domnus
2816 5061 2908 5100 rex
2940 5051 2994 5099 et
3025 5041 3273 5113 episc0pi
3305 5038 3708 5096 consentirent:
3761 5040 3804 5083 ct

2218 5155 2414 5196 omnes
2444 5153 2544 5193 nos
2577 5135 2656 5190 illi
2689 5134 2832 5190 sicut
2862 5131 3023 5204 patri,
3059 5131 3128 5185 de
3160 5129 3364 5186 nostris
3394 5126 3686 5199 impendiis
3711 5137 3804 5176 ser-

2217 5231 2482 5296 viremus,
2539 5234 2812 5300 quatenus
2857 5225 2951 5297 qui
3012 5225 3069 5278 in
3127 5222 3343 5277 deliciis
3392 5221 3557 5277 vitam
3609 5227 3802 5284 semper

2217 5324 2465 5388 duxerat,
2521 5337 2633 5376 non
2676 5319 3037 5393 frangeretur,
3095 5323 3302 5370 tantum
3345 5322 3404 5369 ut
3432 5311 3717 5367 seditiosus
3756 5309 3798 5356 et

2216 5411 2484 5466 molestus
2518 5408 2795 5473 Ecclesiae,
2829 5407 2917 5462 cui
2969 5403 3264 5476 praefuerat
3319 5419 3439 5458 esse
3489 5417 3597 5457 non
3640 5398 3797 5451 decer-

2217 5509 2358 5557 taret
2407 5501 2563 5566 Quod
2613 5500 2852 5572 primum
2901 5497 3124 5569 quidem
3157 5494 3451 5566 acquievit,
3485 5491 3602 5557 sed,
3634 5495 3686 5543 ut
3727 5483 3796 5537 di-

2217 5589 2458 5659 cuntqui
2491 5590 2596 5644 hoc
2615 5605 2675 5642 se
2696 5588 2838 5642 scire
2870 5592 3153 5651 testantur,
3184 5583 3408 5654 quidam
3439 5582 3790 5654 episc0porum

2217 5681 2375 5756 regni
2431 5683 2670 5739 Lotharii
2723 5683 2841 5739 zelo
2880 5697 3065 5738 amaro
3113 5686 3303 5736 contra
3353 5694 3453 5736 nos
3483 5675 3648 5736 ducti,
3685 5668 3793 5742 qui!
