3970 6218
180 280 283 336 165

826 277 1150 333 HISTORle
1190 278 1519 333 ECCLESUE
1558 278 1889 333 REMENSIS
1932 279 2105 333 LIBRI
2146 276 2470 341 QUATUOR.
2506 308 2575 316 —
2618 278 2742 333 LIB.
2777 278 2869 332 IIl.

3408 277 3508 332 166

180 416 405 471 illorum
444 413 696 469 consiliis
732 413 803 468 de
833 413 1125 469 Waldrada
1175 430 1284 472 non
1310 416 1711 487 acquievimus,
1744 424 1799 471 et
1824 419 1873 486 Α
1896 414 2191 469 meditatus
2228 430 2349 468 sum
2379 430 2503 468 cum
2545 414 2711 469 corde
2758 430 2903 481 meo,
2954 422 3007 468 et
3035 412 3330 468 conferens
3385 430 3508 469 cum

182 504 351 559 etiam
409 502 579 574 aliqui
629 503 698 557 de
730 502 1043 569 Germania,
1098 513 1158 559 ut
1198 505 1421 576 quidam
1467 504 1676 569 dicunt,
1730 504 1799 558 ad

183 596 447 657 Ludovici
479 595 563 649 sui
596 595 742 669 regis
772 596 1113 665 suasionem,
1146 597 1405 667 quoniam
1438 612 1559 651 cum
1591 612 1657 651 eo
1691 611 1799 651 non

180 690 289 745 feci
320 689 463 744 sicut
495 688 798 753 Rothadus,
853 688 909 742 in
941 688 1123 743 fratris
1152 689 1236 743 sui
1293 689 1363 743 de
1390 704 1561 763 regno
1603 688 1801 758 expul-

178 779 366 843 sione,
417 784 815 848 persuaserunt
858 776 1036 831 eidem
1079 776 1349 843 Rothado,
1401 784 1461 831 ut
1505 792 1613 832 non
1661 794 1720 832 se
1771 794 1802 831 a

179 867 459 923 seditione
490 867 765 921 movenda
804 867 1209 921 concrederet:
1263 875 1317 922 et
1363 866 1465 938 ipsi
1510 867 1656 937 apud
1702 883 1801 923 vos

181 960 522 1025 obtinerent,
556 967 614 1015 ut
644 960 1050 1016 restitueretur.
1094 962 1247 1016 Nunc
1277 970 1483 1029 autem,
1516 963 1657 1017 sicut
1680 963 1803 1031 jus-

180 1048 355 1111 sistis,
390 1049 460 1102 ad
504 1054 740 1103 vestram
789 1050 1138 1121 pra-sentiam
1184 1059 1239 1105 et
1277 1051 1703 1121 dispositionem
1738 1052 1804 1105 il—

179 1136 296 1191 lum
328 1137 579 1208 perduci,
612 1139 757 1209 apud
798 1139 1062 1193 domuum
1096 1148 1342 1194 nostrum
1394 1156 1577 1214 regem
1628 1140 1800 1196 filium

178 1238 425 1283 vestrum
470 1230 835 1297 obtinuimus,
886 1231 1176 1285 credentes
1208 1232 1337 1303 quia
1391 1234 1537 1303 quod
1571 1233 1800 1288 Domino

177 1319 312 1373 inde
349 1321 676 1391 placabilius
706 1322 831 1391 erit,
864 1322 1019 1377 cordi
1056 1330 1236 1379 vestro
1294 1324 1565 1394 inspirare
1607 1324 1804 1398 digna-

180 1410 361 1465 bitur.

262 1522 281 1547 α
330 1500 406 1553 De
427 1514 558 1570 quo,
592 1498 722 1569 quia
743 1498 1143 1571 benignissima
1173 1501 1424 1575 dignatio
1455 1510 1635 1558 vestra
1664 1504 1800 1558 milii

179 1605 347 1646 servo
377 1598 558 1645 vestro
586 1605 685 1660 per
716 1590 1020 1646 Luidonem
1060 1592 1287 1665 dignata
1315 1601 1398 1649 est
1446 1596 1713 1663 scribere,
1746 1604 1807 1652 ut

175 1685 381 1752 juncto
415 1682 548 1736 mihi
574 1682 789 1754 integro
816 1683 1055 1756 collegio
1082 1684 1329 1751 fratrum,
1354 1688 1657 1743 secundum
1684 1706 1806 1745 mo-

182 1773 321 1827 dum
354 1772 563 1828 ibidem
607 1772 970 1843 descriptum,
1015 1780 1193 1829 vestra
1224 1776 1526 1845 apostolica
1578 1794 1812 1833 censura

184 1864 391 1928 fretus,
420 1864 701 1919 studerem
736 1865 883 1918 illam
923 1864 1155 1935 pristino
1187 1866 1561 1941 redintegrare
1605 1869 1812 1924 decen-

184 1965 274 2011 ter
303 1957 509 2011 oificio.
567 1957 714 2013 Sciat
746 1959 1209 2014 reverendissima
1238 1968 1294 2014 et
1322 1962 1695 2018 amantissime
1726 1980 1813 2018 co-

182 2044 361 2099 lenda
390 2045 712 2100 dulcissima
760 2055 937 2103 vestra
968 2049 1294 2119 paternitas,
1347 2051 1449 2105 hoc
1503 2068 1591 2105 me
1647 2068 1812 2125 agere

188 2136 536 2207 nequivisse,
563 2153 663 2208 pro
718 2139 805 2194 his
834 2139 929 2210 qui
961 2140 1314 2195 continentur
1345 2142 1401 2195 in
1428 2141 1700 2197 subditis:
1731 2144 1814 2197 vi-

186 2228 402 2284 delicet
442 2229 574 2300 quia
614 2247 738 2285 cum
776 2230 974 2285 litteris
1027 2232 1095 2287 ad
1148 2242 1383 2288 vestram
1430 2235 1810 2290 auctoritatem

187 2318 514 2373 deferendis
553 2319 699 2373 idem
733 2320 1017 2375 Rothadus
1050 2322 1162 2389 jam
1196 2323 1525 2378 commissus
1555 2334 1673 2379 erat
1710 2325 1812 2391 eis,

184 2407 287 2478 qui
323 2408 393 2461 ad
450 2416 684 2463 vestram
727 2409 1079 2479 praesentiam
1138 2410 1289 2465 illum
1345 2412 1707 2478 deducerent,
1761 2422 1815 2470 et

185 2500 333 2554 mihi
364 2514 476 2555 non
508 2508 624 2555 erat
654 2500 920 2570 possibile
953 2500 1225 2576 integrum
1260 2502 1484 2558 fratrum
1517 2504 1813 2576 collegium

184 2605 548 2657 convocare;
607 2592 889 2661 quoniam,
922 2600 982 2647 ut
1030 2610 1196 2664 supra
1233 2595 1451 2665 scripsi,
1498 2612 1528 2650 a
1585 2597 1812 2653 dioecesi

189 2688 387 2735 nostra
425 2679 649 2752 longius
704 2696 852 2735 eram
886 2689 1149 2749 remotus,
1199 2682 1253 2736 in
1303 2682 1401 2737 filii
1442 2685 1609 2740 vestri
1670 2686 1816 2760 regis

188 2768 372 2824 nostri
432 2768 676 2824 servitio.
712 2770 776 2824 Et
834 2771 1093 2841 quoniam
1126 2771 1246 2827 sine
1306 2773 1525 2828 illorum
1578 2775 1813 2843 judicio,

188 2861 292 2932 qui
324 2861 381 2914 in
413 2860 533 2929 ejus
564 2860 911 2931 depositione
933 2861 1165 2927 fuerant,
1201 2872 1256 2918 et
1286 2865 1490 2935 quibus
1520 2866 1648 2921 inde
1680 2868 1818 2923 scri-

186 2950 407 3022 psistis,
442 2950 659 3005 restitui
693 2951 1020 3025 regulariter
1050 2968 1161 3008 non
1190 2953 1429 3021 valebat,
1475 2962 1528 3009 et
1567 2958 1816 3028 epiSCOpi

1902 508 2221 563 fidelissimo
2250 506 2364 562 filio
2385 514 2564 562 vestro
2595 508 2800 563 domno
2838 522 2963 563 meo
2992 523 3121 580 rege
3158 507 3418 581 glorioso,
3454 510 3509 563 in

1903 598 2003 652 hac
2032 612 2196 651 causa
2234 596 2470 666 providi,
2511 604 2705 651 vestrae
2744 596 3164 668 sapientissime:
3200 599 3508 652 auctoritati

1900 689 2143 743 scribere
2163 689 2389 762 dignum
2418 688 2576 742 duxi:
2611 688 2665 741 id
2693 695 2794 753 est,
2828 689 2955 759 quia
2982 689 3293 744 licetfretus
3314 698 3510 745 vestrae

1902 777 2235 833 auctoritatis
2292 777 2489 831 litteris
2537 793 2636 848 per
2674 777 2974 832 Luidonem
3025 794 3161 832 mete
3226 779 3510 850 exiguitati

1902 865 2144 932 directis,
2209 882 2440 937 quarum
2488 866 2825 921 mentionem
2892 866 3098 921 fecistis
3164 866 3217 919 in
3282 867 3514 937 epistola

1903 974 2066 1028 quam
2100 957 2213 1013 filio
2243 969 2425 1013 vestro
2456 960 2661 1015 domno
2694 966 2879 1014 nostro
2915 960 3028 1032 regi
3058 959 3304 1023 misistis,
3339 975 3509 1029 quas—

1902 1064 2009 1119 que
2039 1048 2115 1101 illi
2144 1047 2335 1119 relegi,
2364 1048 2506 1117 apud
2535 1064 2659 1102 eum
2691 1047 2945 1101 obtinere
2974 1063 3215 1117 possem,
3242 1056 3301 1102 ut
3333 1049 3517 1103 missis

1902 1139 2036 1205 suis,
2089 1139 2182 1209 qui
2214 1138 2522 1193 Rothadum
2574 1138 2641 1193 ad
2672 1145 2907 1192 vestram
2949 1139 3337 1193 deducendum
3372 1156 3515 1209 prte-

1901 1227 2135 1282 sentiam
2186 1236 2571 1298 susceperunt,
2605 1227 2911 1293 mandaret,
2963 1235 3236 1298 quatenus
3266 1230 3333 1281 ab
3381 1230 3516 1283 arri-

1903 1316 2108 1387 piendo
2136 1316 2364 1371 Romam
2397 1316 2595 1370 itinere
2617 1324 3018 1386 exspectarent,
3047 1316 3225 1371 donec
3247 1327 3515 1387 Opportu-

1902 1422 2030 1459 num
2064 1414 2280 1477 tempus
2311 1406 2603 1477 episc0pos
2642 1406 2933 1479 regionum
2966 1412 3278 1460 nostrarum
3310 1422 3516 1461 convo-

1905 1494 2067 1549 candi
2094 1494 2379 1549 adveniret
2410 1513 2422 1549 :
2465 1495 2596 1564 quia
2625 1511 2736 1549 non
2768 1503 2884 1549 erat
2916 1496 3073 1561 ratio,
3128 1504 3187 1550 ut
3222 1496 3342 1551 aliis
3374 1499 3521 1553 noti-

1907 1580 2182 1649 ficaretur,
2217 1600 2316 1637 cur
2354 1584 2588 1638 Rothadi
2618 1584 2959 1639 transmissio
2990 1584 3320 1655 tardaretur,
3354 1596 3518 1641 ante-

1907 1687 2070 1741 quam
2108 1674 2386 1743 episcOpis
2430 1680 2625 1729 vestrae
2657 1674 2997 1728 auctoritatis
3046 1674 3281 1744 epistola
3312 1676 3529 1748 legere-

1838 1733 1888 1800 B
1912 1733 2029 1815 t-ur:
2062 1733 2274 1832 poterat
2300 1733 2441 1829 fieri,
2475 1771 2533 1817 ut
2560 1762 2654 1833 qui
2698 1777 2783 1815 me
2813 1762 2997 1816 divina
3025 1733 3316 1819 clementia
3427 1782 3525 1821 sua

1912 1853 2254 1927 benignitate
2285 1865 2340 1911 et
2385 1858 2589 1912 amoris
2618 1860 2914 1913 devotione
2967 1860 3179 1925 colunt,
3214 1869 3267 1913 et
3313 1859 3519 1930 aliquid

1911 1946 2186 2001 testimant
2239 1961 2381 2013 esse,
2438 1964 2563 2002 cum
2606 1948 2742 2002 nihil
2780 1950 2903 2012 sim,
2942 1957 3341 2022 cognoscentes
3395 1966 3519 2005 meo

1911 2035 2142 2091 obtentu
2178 2036 2233 2090 id
2267 2037 2554 2105 accidisse,
2614 2040 2665 2092 in
2717 2054 2802 2093 me
2837 2039 3153 2093 scandalum
3186 2047 3525 2109 paterentur,

1914 2130 2072 2203 quasi
2112 2132 2392 2187 contemni
2424 2141 2515 2186 aut
2564 2124 2767 2207 negligi
2808 2132 3041 2187 facerem
3087 2141 3321 2188 vestram
3372 2149 3525 2190 com-

1914 2226 2353 2293 mendationem,
2383 2225 2477 2296 qui
2509 2226 2652 2281 intra
2683 2227 3017 2282 constitutos
3047 2244 3078 2280 a
3119 2227 3275 2282 vobis
3320 2227 3442 2283 dies
3473 2229 3526 2283 in

1915 2317 2148 2388 epistola
2175 2333 2273 2388 per
2301 2316 2546 2371 Odonem
2579 2317 2903 2387 episcopum
2939 2316 3125 2385 missa,
3154 2318 3221 2371 ad
3260 2319 3534 2373 obedien-

1917 2408 2048 2463 dum
2094 2417 2328 2462 vestram
2385 2407 2676 2462 accelerari
2746 2407 2991 2474 fecerim,
3041 2416 3306 2478 quantum
3357 2410 3530 2479 potui,

1911 2502 2265 2571 jusssiouem.
2300 2502 2362 2555 Et
2390 2501 2435 2555 si
2468 2503 2690 2572 quando
2720 2502 2774 2555 in
2806 2518 2975 2556 unum
3017 2503 3382 2557 convenirent
3410 2504 3533 2573 epi-

1915 2596 2089 2665 scopi,
2123 2596 2217 2665 qui
2257 2596 2459 2660 sciunt,
2501 2600 2556 2648 et
2587 2610 2672 2649 me
2722 2610 2829 2647 una
2867 2610 2991 2649 cum
3022 2595 3103 2648 eis
3142 2594 3284 2649 scire
3324 2601 3530 2649 norunt

1916 2687 2150 2743 Rotbadi
2186 2686 2599 2760 negligentiam,
2649 2694 2703 2741 et
2741 2687 3010 2741 diutinam
3061 2687 3115 2740 in
3156 2702 3312 2743 sacro
3355 2687 3530 2740 mini-

1916 2778 2085 2833 sterio
2124 2778 2500 2845 inutilitatem,
2534 2778 2603 2832 de
2649 2777 2769 2846 ejus
2808 2778 3156 2833 restitutione
3196 2779 3528 2849 alloquerer,

1918 2887 2112 2925 omnes
2152 2888 2239 2926 me
2264 2870 2645 2937 exsufﬂarent,
2674 2878 2727 2925 et
2765 2880 3039 2927 amentem
3073 2873 3293 2943 penitus
3317 2873 3535 2941 judica-

1921 2972 2041 3017 rent
2071 2982 2085 3029 ;
2118 2965 2198 3019 sic
2229 2963 2445 3019 etiamsi
2480 2964 2750 3029 Rothado,
2785 2971 2845 3019 ut
2891 2982 2952 3019 se
2982 2966 3341 3021 concrederet
3367 2964 3537 3034 (quod

186 3038 431 3093 aliarum
482 3039 910 3110 provinciarum,
958 3057 1056 3111 per
1120 3058 1297 3096 meam
1338 3046 1813 3112 convocationem,
1848 3052 2028 3121 Cnon
2068 3069 2180 3107 sua)
2232 3053 2424 3107 salutis
2455 3052 2653 3106 intuitu
2691 3052 2872 3119 faciet)
2919 3052 3189 3108 beneﬁcia
3231 3070 3331 3109 nos
3359 3060 3539 3123 impe-

188 3134 252 3186 in
284 3131 476 3187 multis
506 3132 778 3202 occupati,
811 3134 1139 3208 congregari
1172 3149 1282 3189 non
1315 3144 1592 3206 poterant.
1628 3138 1735 3193 Sed
1763 3147 1817 3194 et

187 3224 517 3295 coepisc0pi
548 3224 839 3279 Remorum
874 3226 1195 3295 provinciae,
1228 3227 1296 3281 ab
1338 3228 1456 3298 ipsa
1486 3230 1718 3300 synodo,
1764 3232 1817 3284 in

188 3335 309 3390 qua
341 3318 633 3389 epistolam
662 3319 963 3374 sanctitatis
1020 3328 1214 3375 vestrae
1268 3321 1597 3389 audivimus,
1655 3340 1819 3378 causa

189 3410 496 3465 resistendi
526 3410 853 3465 Normannis
882 3411 950 3464 ad
996 3427 1124 3466 suas
1154 3412 1317 3467 sedes
1350 3412 1611 3469 festinare
1642 3423 1821 3470 matu-

190 3505 480 3553 raverunt.
510 3498 673 3553 Pauci
701 3499 864 3554 etiam
905 3515 1139 3556 numero
1172 3501 1441 3572 episcopi,
1475 3502 1568 3573 qni
1604 3519 1817 3558 mecum

190 3589 259 3643 in
307 3585 411 3640 filii
442 3588 607 3642 vestri
639 3588 787 3663 regis
831 3590 1001 3644 nostri
1045 3597 1200 3645 erant
1229 3590 1523 3662 obsequio,
1565 3608 1688 3647 cum
1739 3594 1821 3647 eis

190 3676 570 3751 benignitatis
612 3687 810 3733 vestrm
853 3680 1388 3736 commendationem
1445 3680 1515 3735 de
1575 3681 1821 3737 Rotliado

191 3767 402 3842 relegi,
438 3770 842 3840 responderunt
870 3786 980 3826 non
1013 3788 1073 3826 se
1093 3772 1236 3827 scire
1270 3773 1432 3827 talem
1465 3772 1630 3829 vitam
1660 3780 1822 3846 atque

194 3856 647 3931 intelligentiam,
691 3858 907 3931 taleque
963 3860 1204 3915 studium
1251 3863 1391 3917 sacri
1440 3863 1731 3918 ministerii
1767 3864 1823 3918 in

195 3962 273 4002 eo
305 3946 501 4012 fuisse,
534 3954 591 4001 ut
624 3947 677 4000 in
707 3948 809 4003 hoc
830 3964 889 4003 se
922 3948 1153 4003 miscere
1185 3950 1487 4005 auderent:
1519 3952 1821 4022 praesertim

195 4056 333 4094 cum
362 4038 427 4105 is,
455 4039 548 4109 qui
577 4046 738 4093 antea
759 4040 999 4112 aliquam
1027 4041 1392 4097 reverentiam
1426 4043 1494 4097 de
1518 4043 1827 4112 dejectione

198 4146 309 4185 sua
345 4128 600 4195 habebat,
633 4136 687 4183 et
715 4145 937 4201 semper
972 4130 1305 4185 inobediens
1335 4139 1388 4185 et
1416 4134 1589 4188 sacris
1623 4134 1829 4209 regulis

201 4230 259 4277 et
292 4222 465 4295 regite
483 4221 761 4297 dignitati,
784 4231 838 4277 et
868 4223 1291 4293 metrOpolitano
1314 4224 1606 4300 privilegio
1629 4226 1825 4295 fuerat,

202 4330 361 4370 nunc
389 4312 705 4370 effrenatius
737 4316 805 4370 ad
836 4317 1133 4371 multorum
1176 4318 1377 4371 malum
1409 4318 1748 4390 exemplum,
1778 4328 1831 4375 et

1920 3152 2157 3200 traturos
2211 3146 2705 3215 promitteremus:
2741 3145 3000 3215 quoniam
3052 3162 3193 3215 pene
3225 3161 3421 3199 omnes
3480 3145 3535 3198 in

1920 3236 2039 3291 istis
2071 3238 2368 3307 provinciis
2398 3238 2600 3299 sciunt,
2631 3236 2761 3306 quia
2791 3237 3097 3290 secundum
3134 3237 3538 3305 Carthaginen-

1919 3342 2009 3381 ses
2044 3334 2099 3381 et
2142 3327 2425 3383 Africanos
2473 3343 2716 3382 canones
2748 3328 2855 3394 (63,
2905 3330 2995 3393 88,
3043 3329 3132 3393 89,
3178 3328 3286 3393 94,)
3337 3336 3391 3381 et
3435 3328 3537 3382 de-

1920 3423 2068 3469 creta
2090 3414 2238 3469 beati
2267 3414 2535 3489 Gregorii,
2569 3416 2870 3470 electorum
2902 3431 2963 3469 se
2993 3416 3266 3471 commisit
3288 3415 3537 3483 judicio;

1922 3516 1977 3561 et
2007 3507 2244 3577 amplius
2276 3523 2438 3577 quam
2478 3506 2766 3580 quingenti
2800 3507 3172 3562 interfuerunt
3210 3507 3411 3561 diversi
3448 3522 3540 3561 or-

1922 3595 2067 3649 dinis
2105 3595 2228 3662 viri,
2258 3595 2510 3650 videntes
2549 3594 2773 3667 quando
2815 3595 2954 3650 calix
2984 3611 3187 3649 aureus
3226 3612 3347 3649 cum
3388 3611 3545 3669 gem-

1925 3684 2030 3739 mis
2060 3701 2091 3739 a
2138 3699 2388 3754 caupone
2428 3691 2483 3739 et
2512 3684 2827 3739 tabernaria
2858 3700 2957 3755 per
3011 3684 3240 3739 missum
3271 3684 3417 3760 regis
3472 3685 3541 3740 de

1926 3773 2070 3828 illius
2120 3774 2350 3847 pignore
2416 3782 2692 3846 sumptus,
2730 3791 2794 3830 ac
2859 3774 3074 3829 delatus
3150 3774 3249 3829 fuit
3322 3774 3378 3828 in
3448 3789 3543 3844 sy-

1925 3864 2152 3929 nodum,
2195 3872 2250 3919 et
2279 3865 2519 3920 scientes
2547 3879 2781 3920 coronas
2821 3870 3109 3937 argenteas
3140 3881 3169 3918 a
3207 3862 3419 3927 Judazo,
3453 3863 3542 3916 cui

1926 3953 2049 4007 illas
2096 3953 2345 4020 dederat,
2418 3961 2745 4024 resumptas,
2805 3962 2859 4008 et
2937 3952 3224 4007 facultates
3282 3950 3544 4006 ecclesia-

1927 4046 2092 4100 sticas
2118 4046 2186 4100 ab
2239 4062 2305 4102 eo
2349 4061 2695 4117 suppressas,
2729 4055 2783 4100 et
2822 4047 3056 4100 latenter
3106 4043 3543 4109 commendatus,

1928 4135 2171 4206 indeque
2228 4144 2477 4206 receptas
2533 4144 2588 4189 et
2618 4134 2874 4189 Ecclesiae
2905 4133 3145 4188 redditas
3225 4142 3279 4187 et
3326 4132 3547 4186 vascula

1931 4231 2213 4295 argentea,
2273 4240 2395 4294 qua:
2454 4238 2563 4277 non
2612 4223 2769 4293 pauci
2815 4222 3077 4293 ponderis
3108 4238 3137 4275 a
3195 4222 3361 4295 longo
3408 4228 3551 4275 tem-

1931 4333 2065 4387 pore
2097 4315 2150 4369 in
2186 4315 2447 4370 ecclesias
2471 4315 2873 4386 pependerunt.
2912 4314 3017 4368 Sed
3059 4322 3113 4368 et
3152 4314 3256 4367 alia
3314 4330 3434 4384 qua}
3461 4313 3546 4367 sui

200 4404 575 4476 plurimorum
605 4406 1051 4462 benevolentium
1100 4409 1420 4463 scandalum
1453 4409 1743 4477 desaevire,
1777 4419 1830 4466 et
1855 4420 1911 4488 D
1932 4406 2254 4461 decessores
2293 4420 2354 4459 ac
2386 4404 2845 4474 prmdccessores,
2874 4403 3171 4474 cmleriquc
3199 4402 3414 4469 ﬁdeles,
3449 4419 3548 4473 pro

203 4494 590 4569 negligentius
619 4504 785 4567 atque
812 4497 1180 4567 perniciosius
1212 4498 1418 4565 vivere,
1452 4498 1831 4555 voluntatibus

202 4586 331 4640 suis
362 4585 630 4647 serviens,
657 4602 781 4641 cum
814 4585 1068 4641 libertate
1089 4586 1337 4641 deberet.

285 4698 316 4729 ι
360 4677 436 4730 De
464 4692 530 4732 eo
553 4684 732 4732 autem
757 4678 907 4750 quod
928 4678 1247 4753 benignitas
1273 4677 1441 4733 animi
1476 4680 1662 4745 vestri,
1694 4698 1831 4752 pen—

205 4784 471 4825 sansnon
502 4768 832 4837 belluinum,
856 4770 952 4825 sed
982 4771 1284 4825 humanum
1315 4770 1555 4825 hominis
1585 4772 1830 4827 animum

206 4860 439 4932 scripsit
468 4860 697 4915 dicens:
742 4860 988 4916 Fortasse
1027 4866 1322 4934 cognoscet
1351 4860 1611 4917 delictum
1645 4880 1827 4927 suum,

210 4963 271 5009 et
290 4970 392 5007 sua
408 4958 608 5024 sponte
627 4951 918 5020 injudicio.
940 4952 1340 5024 quojudicatus
1358 4959 1459 5019 est,
1478 4970 1832 5024 perseverare

211 5047 446 5122 deliget.
467 5046 678 5111 Quodsi
696 5045 907 5112 fecerit,
928 5046 1073 5116 apud
1090 5062 1271 5120 regem
1290 5045 1565 5111 Karolum,
1592 5047 1833 5101 dilectis-

212 5142 423 5196 simum
453 5138 715 5195 videlicet
749 5138 918 5192 filium
951 5145 1189 5193 vestrum
1240 5139 1515 5211 agendum
1550 5147 1649 5204 est,
1684 5147 1742 5193 ut
1774 5139 1840 5193 li-

212 5232 512 5287 beralitate
538 5247 637 5286 sua
659 5230 841 5285 eidem
870 5246 1110 5303 congrua
1133 5230 1427 5291 beneficia,
1463 5231 1666 5300 quibus
1687 5229 1841 5283 suffi-

216 5325 439 5379 cienter
494 5339 619 5378 cum
660 5322 777 5377 suis
824 5322 1140 5387 sustentari,
1175 5338 1237 5377 ac
1293 5320 1592 5377 henorifice
1643 5321 1843 5394 degere

220 5412 419 5485 possit,
462 5411 708 5485 benigno
738 5410 945 5463 mentis
993 5411 1259 5485 largiatur
1287 5410 1482 5464 affectu
1520 5429 1532 5463 :
1590 5410 1727 5465 sciat
1758 5410 1841 5462 di—

217 5504 412 5580 gnatio
446 5514 649 5570 vestra,
686 5516 795 5554 non
834 5500 987 5555 illum
1016 5519 1135 5557 esse
1167 5501 1481 5570 liujusmodi
1522 5509 1840 5571 temperan-

218 5594 334 5649 tiae.
370 5593 504 5647 Nam
543 5590 614 5645 ab
646 5604 713 5644 eo
754 5590 901 5659 quod
927 5591 1095 5661 erepit
1144 5606 1428 5660 nunquam
1458 5589 1636 5658 potuit
1685 5603 1841 5642 revo-

216 5683 359 5737 cari.
390 5681 519 5745 Quae
553 5679 721 5734 etiam
759 5690 860 5747 ego
899 5676 1135 5733 famulus
1167 5683 1362 5734 vestra}
1420 5675 1836 5737 dominationis,

1932 4498 2180 4553 remedio
2212 4496 2407 4551 animae
2438 4512 2549 4550 sua:
2582 4495 2763 4549 eidem
2800 4496 3055 4551 Ecclesiae
3095 4495 3437 4562 obtulerunt,
3480 4496 3548 4549 ab

1932 4603 1998 4642 eo
2025 4588 2144 4642 sine
2163 4601 2437 4641 consensu
2462 4583 2871 4654 metropolitani
2902 4600 2964 4638 ac
2991 4584 3465 4655 coepisc0porum,
3497 4591 3552 4638 et

1933 4680 2051 4734 sine
2079 4679 2377 4746 (Economi,
2399 4694 2462 4732 ac
2484 4677 2935 4748 presbyterorum
2966 4684 3019 4730 et
3050 4676 3405 4732 diaconorum
3435 4693 3548 4731 suae

1934 4771 2183 4826 ecclesia:
2212 4787 2441 4826 assensu
2493 4785 2591 4841 pro
2625 4769 2780 4825 libitu
2812 4784 2911 4824 suo
2950 4770 3172 4825 donata.
3221 4770 3350 4824 Cum
3384 4768 3547 4825 etiam

1932 4860 2129 4916 beatus
2157 4861 2450 4934 Gregorius
2506 4860 2782 4915 multoties
2838 4859 2889 4912 in
2923 4857 3172 4929 epistolis
3201 4858 3315 4912 suis
3348 4873 3413 4913 ex
3466 4874 3553 4912 sa-

1934 4951 2041 5004 cris
2071 4950 2380 5005 canonibus
2432 4948 2637 5003 scribat
2666 4966 2678 5002 :
2721 4964 3067 5020 quzecunque
3101 4947 3401 5017 episcopus
3431 4957 3555 5017 post

1939 5041 2342 5095 ordinationem
2392 5041 2742 5111 episcopatus
2798 5038 3135 5111 acquisierit,
3193 5039 3376 5093 omnia
3434 5055 3554 5093 esse

1942 5133 2197 5188 Ecclesia}
2256 5133 2310 5185 in
2343 5149 2449 5202 qua
2494 5133 2700 5188 exstitit
2754 5133 3057 5187 ordinatus.
3120 5131 3271 5185 Unde
3316 5138 3551 5195 constat,

1944 5220 2072 5292 quia
2104 5236 2205 5275 nec
2234 5221 2353 5291 ipse
2380 5220 2499 5275 sine
2537 5237 2825 5277 oeconomo
2858 5230 2911 5275 et
2932 5220 3270 5276 conscientia
3327 5220 3558 5275 clerico-

1944 5330 2058 5366 rum
2092 5312 2186 5366 illa
2226 5312 2426 5367 debeat
2456 5313 2798 5383 dispensare.
2832 5313 2939 5367 Sed
2969 5319 3023 5366 et
3054 5327 3247 5367 omnes
3278 5311 3431 5365 urbis
3472 5311 3558 5365 in-

1940 5402 2073 5456 cola}
2106 5416 2167 5455 ac
2206 5401 2416 5472 populi,
2453 5401 2697 5472 quicum
2726 5418 2854 5473 rege
2884 5418 2947 5457 ac
2978 5401 3259 5473 episcopis
3292 5400 3358 5455 ad
3390 5416 3561 5471 syno—

1942 5493 2070 5547 dum
2099 5502 2496 5565 convenerunt,
2529 5504 2583 5549 et
2612 5502 2673 5549 ut
2701 5511 2891 5550 revera
2923 5495 2987 5549 ad
3030 5494 3403 5567 spectaculum
3434 5510 3562 5549 cur-

1943 5592 2147 5651 rentes,
2221 5602 2347 5640 eum
2403 5585 2659 5641 viderunt
2738 5602 2911 5658 usque
2971 5586 3037 5640 ad
3110 5585 3310 5642 ostium
3365 5584 3562 5656 synodi

1942 5673 2280 5744 venientem,
2313 5686 2368 5732 et
2403 5676 2532 5732 inde
2561 5686 2620 5733 ut
2667 5675 3022 5732 maniaticum
3069 5676 3417 5741 redeuntem,
3470 5678 3563 5744 qui
