3970 6218
490 279 593 334 167

1596 275 1963 332 FLODOARDI
2004 275 2306 332 CANONICI
2349 277 2682 335 REMENSIS

3709 290 3810 347 168

488 419 598 475 que
628 404 809 459 sciunt
858 410 1115 474 quantam
1149 401 1548 475 benignitatem
1593 402 1738 474 regis
1786 409 1841 457 et
1871 401 2095 458 fratrum
2121 404 2175 471 Α
2196 402 2405 457 dicunt.
2435 412 2490 458 et
2518 418 2713 459 omnes
2741 406 3077 478 generaliter
3097 407 3300 474 sciunt.
3333 410 3599 480 quoniam
3634 420 3809 467 vestra

487 514 778 569 spernens,
832 498 1070 569 qualiter
1098 497 1168 551 de
1209 497 1373 552 certis
1423 497 1697 567 capitulis,
1752 497 1902 552 unde
1956 497 2097 553 sacri

488 605 733 646 canones
787 604 1045 658 expressa
1108 588 1468 642 decreverunt
1520 587 1750 656 judicia,
1795 588 2092 656 judicatus,

489 680 924 752 lacrymantibus
945 696 1073 751 rege
1101 690 1156 733 et
1181 679 1477 751 episcopis,
1508 678 1701 734 durior
1745 695 1874 734 saxo
1906 696 2094 735 reces-

487 775 639 841 serit,
674 782 935 845 putarent
964 790 1088 838 nos,
1121 774 1216 845 qui
1263 789 1390 828 eum
1421 774 1725 829 secundum
1778 790 1964 830 sacros
2007 790 2100 829 ca-

489 882 663 922 nones
685 866 825 920 sicut
847 880 942 920 eos
970 864 1360 930 intelleximus,
1376 864 1766 932 judicavimus,
1799 875 1855 919 et
1885 873 2095 935 postea,

486 965 545 1010 ut
576 956 680 1026 ipsi
731 956 1056 1028 praecipiunt
1095 972 1356 1021 canones,
1418 970 1516 1026 per
1547 956 1937 1026 coepiscopum
1996 972 2098 1012 no-

487 1059 683 1115 strum,
720 1050 816 1120 qui
858 1050 1036 1103 eidem
1079 1049 1288 1118 judicio
1325 1047 1591 1112 interfuit,
1638 1049 1791 1119 prius
1827 1048 2097 1117 judicium

487 1152 754 1207 nostrum,
813 1143 881 1196 de
913 1157 980 1196 eo
1012 1141 1236 1205 referre,
1271 1149 1326 1195 et
1363 1157 1511 1196 nunc
1550 1141 1702 1195 illum
1760 1141 1939 1211 ipsum
1971 1157 2094 1196 cum

488 1236 690 1291 nostris
746 1234 942 1288 litteris
997 1242 1164 1306 atque
1210 1235 1449 1299 vicariis,
1509 1235 1651 1291 sicut
1696 1236 1960 1304 jussistis,
2028 1236 2095 1291 ad

485 1327 840 1396 apostolicam
869 1326 1081 1389 sedem,
1129 1341 1251 1396 quae
1292 1334 1552 1395 paternos
1606 1342 1848 1381 canones
1873 1341 2099 1380 servan-

485 1417 591 1470 dus
629 1416 936 1482 confirmat,
969 1424 1023 1471 et
1068 1416 1421 1471 confirmatos
1473 1433 1536 1471 ac
1574 1417 1947 1472 observandos
1997 1432 2094 1471 sua

484 1505 874 1560 observatione
905 1506 1265 1571 demonstrat,
1296 1506 1534 1580 dirigere
1561 1507 1996 1576 procuravimus,
2025 1507 2095 1560 de

484 1609 677 1655 vestrae
729 1601 1068 1656 auctoritatis
1112 1600 1326 1667 justitia
1383 1610 1437 1655 et
1487 1601 1763 1673 aequitatis
1802 1600 2092 1655 libramine

484 1690 775 1746 dubitare:
819 1700 876 1745 et
922 1690 1049 1746 ideo
1090 1701 1151 1745 ut
1207 1708 1267 1746 se
1305 1692 1668 1746 concrederet
1721 1692 1985 1747 locarium
2039 1692 2090 1747 ei
2118 1713 2168 1781 Β

484 1783 820 1852 promittere,
861 1782 1052 1853 sicque
1109 1798 1209 1837 nos
1237 1788 1297 1837 ut
1326 1782 1550 1838 insanos
1601 1783 1798 1838 merito
1854 1783 2089 1836 denota-

480 1882 623 1941 rent,
652 1891 773 1929 cum
806 1876 971 1930 etiam
1018 1875 1061 1930 si
1095 1875 1213 1929 ﬁeri
1245 1882 1435 1946 posset
1463 1875 1641 1947 (quod
1680 1875 1748 1930 ab
1777 1874 1869 1929 illa
1917 1874 2093 1944 prima

482 1976 538 2020 et
562 1977 748 2022 sancta
777 1968 911 2023 sede
951 1984 1014 2023 ac
1041 1984 1256 2023 summo
1293 1968 1600 2039 apostolatu
1628 1977 1808 2023 vestro
1848 1966 2088 2021 ﬂendum

483 2072 595 2111 non
635 2058 893 2126 creditur)
920 2066 979 2112 ut
1005 2057 1125 2112 talis
1152 2074 1181 2111 a
1212 2058 1371 2113 vobis
1394 2059 1670 2132 cognitus,
1712 2058 1995 2113 restitutus
2032 2055 2089 2109 in

478 2152 675 2207 ordine
706 2153 1040 2218 nominetur,
1066 2152 1223 2207 nulla
1252 2152 1322 2207 de
1349 2162 1548 2208 cmtero
1571 2152 1729 2208 nobis
1752 2151 2091 2207 conscientia

477 2244 547 2299 de
577 2245 683 2300 sibi
714 2263 745 2301 a
774 2246 934 2301 vobis
950 2246 1257 2301 commissis
1280 2246 1571 2301 animabus
1587 2255 1733 2301 esset
1758 2246 2086 2317 periculum.

480 2338 543 2392 Et
571 2355 695 2393 cum
736 2354 928 2394 omnes
958 2338 1014 2392 in
1048 2339 1167 2394 istis
1199 2339 1524 2413 regionibus
1551 2340 1747 2406 sciant,
1788 2354 1951 2411 quam
1993 2352 2093 2390 ne-

474 2430 689 2502 gligens
717 2439 773 2485 et
801 2436 1152 2501 contemptor
1178 2446 1462 2485 sacrorum
1492 2447 1790 2497 canonum,
1820 2440 1875 2486 et
1909 2448 2089 2503 quan-

476 2524 591 2589 diu,
623 2540 900 2595 quamque
940 2525 1218 2595 patienter
1266 2531 1427 2594 atque
1458 2524 1701 2599 benigne
1732 2523 1897 2579 fuerit
1948 2526 2091 2580 tole-

478 2623 647 2678 ratus,
677 2621 732 2668 et
761 2631 790 2668 a
830 2630 994 2685 quam
1024 2614 1231 2680 invitis,
1294 2615 1446 2685 (quia
1484 2632 1545 2669 se
1583 2615 1860 2688 corrigere
1891 2617 2085 2683 noluit,

476 2707 782 2762 secundum
830 2722 1015 2761 sacras
1071 2707 1306 2778 regulas,
1373 2708 1513 2762 sicut
1558 2723 1653 2762 eas
1696 2708 2085 2780 intelleximus)

478 2797 656 2852 fuerat
676 2798 977 2866 judicatus,
1024 2796 1229 2851 nullam
1259 2798 1460 2853 habere
1492 2813 1781 2869 possemus
1806 2814 2084 2854 verecun—

480 2891 625 2945 diam
656 2892 725 2945 de
777 2892 1122 2947 restitutione
1162 2892 1347 2945 illius:
1398 2892 1443 2946 si
1479 2890 1621 2947 foret
1670 2889 1810 2946 facta
1848 2908 1878 2946 a
1918 2893 2087 2948 vestri

475 2986 674 3039 summi
702 2983 1052 3056 pontificatus
1073 2993 1365 3057 potestate.
1393 2985 1529 3051 Quia
1557 3001 1751 3042 omnes
1774 3003 1937 3041 senes
1961 3004 2085 3042 cum

469 3076 786 3145 junioribus
837 3076 1062 3144 scimus,
1095 3084 1308 3131 nostras
1363 3076 1633 3132 Ecclesias
1670 3077 1920 3132 subditas
1964 3094 2087 3133 esse

476 3168 737 3223 Romanae
768 3167 1050 3233 Ecclesiae,
1069 3175 1240 3223 etnos
1270 3168 1563 3239 episcopos
1586 3168 1642 3222 in
1674 3168 1907 3238 primatu
1938 3169 2086 3224 beati

476 3260 621 3315 Petri
643 3261 922 3329 subjectos
952 3276 1071 3315 esse
1104 3260 1349 3315 Romano
1368 3260 1634 3331 pontifici,
1666 3267 1721 3315 et
1750 3260 1820 3315 ob
1854 3260 1907 3314 id
1939 3261 2090 3316 salva

474 3352 604 3418 ﬁde,
634 3371 756 3426 quae
815 3356 866 3409 in
895 3354 988 3409 illa
1017 3354 1259 3409 Ecclesia
1298 3371 1520 3426 semper
1548 3355 1741 3428 viguit,
1776 3362 1830 3409 et
1859 3355 2086 3410 Domino

475 3454 810 3517 coeperante
836 3445 1059 3501 ﬂorebit
1112 3444 1274 3500 nobis
1303 3455 1389 3501 est
1416 3453 1611 3500 vestrae
1637 3446 1950 3516 apostolicae
1980 3462 2079 3501 au-

474 3537 711 3592 ctoritati
752 3537 1151 3592 obcdiendum.
1200 3537 1365 3592 Nobis
1394 3538 1599 3609 quippe
1631 3553 1755 3592 cum
1796 3538 1917 3592 aliis
1957 3538 2086 3610 qui-

472 3627 689 3699 busque
716 3628 982 3699 scriptum
1014 3636 1117 3696 est,
1168 3628 1298 3699 quia
1325 3628 1487 3683 Jesus
1534 3637 1652 3685 erat
1683 3629 1942 3684 subditus
1985 3647 2085 3701 pa-

469 3723 723 3779 rentibus
751 3723 865 3778 suis
893 3726 1039 3790 (Luc.
1078 3726 1153 3791 ιι).
1189 3722 1460 3793 nobisque
1501 3724 1631 3778 item
1667 3724 1929 3793 scriptum
1957 3734 2039 3780 est
2068 3743 2081 3779 :

471 3813 702 3868 Obedite
751 3811 1063 3883 praepositis
1092 3810 1312 3875 vestris,
1361 3820 1416 3867 et
1444 3812 1728 3881 subjacete
1781 3814 1861 3868 eis
1899 3815 2080 3883 (Hebr.

468 3909 605 3979 xm).
655 3908 717 3962 Et
746 3907 821 3961 nil
848 3922 945 3977 per
973 3907 1407 3973 contentionem,
1466 3922 1645 3979 neque
1704 3925 1805 3979 per
1862 3909 2082 3964 inanem

466 4000 696 4073 gloriam
730 3999 890 4070 (Phil.
920 3999 1021 4065 ιιι.)
1049 3997 1113 4051 Et
1142 3998 1188 4051 si
1217 3997 1341 4068 quis
1370 3997 1484 4051 vult
1514 3998 1900 4053 contentiosus
1939 4014 2081 4065 esse,

467 4108 569 4147 nos
612 4091 773 4146 talem
803 4087 1261 4145 consuetudinem
1288 4104 1401 4144 non
1444 4088 1733 4153 habemus,
1769 4105 1951 4160 neque
1983 4090 2084 4145 Ec-

465 4188 635 4243 clesia
682 4187 779 4241 Dei
813 4188 860 4256 (Ι
906 4186 1025 4241 Cor.
1060 4187 1160 4258 χι).
1206 4187 1500 4255 PrOpterea
1528 4185 1744 4241 locutus
1775 4201 1900 4240 cum
1941 4183 2082 4240 ﬁde-

463 4278 671 4332 lissimo
733 4276 846 4333 filio
877 4284 1079 4345 vestro,
1135 4279 1340 4334 domno
1365 4294 1489 4333 meo
1535 4294 1661 4351 rege
1689 4276 1953 4352 glorioso,
2002 4277 2079 4331 illi

464 4370 746 4441 replicavi,
773 4371 920 4442 quod
948 4388 1093 4443 saepe
1115 4371 1404 4438 inculcavi,
1429 4372 1690 4444 quodque
1713 4371 2080 4426 libentissime

461 4464 699 4537 accepit,
759 4474 813 4521 et
839 4466 1143 4538 adimplere
1183 4468 1356 4538 cupit,
1400 4467 1527 4538 quia
1580 4467 1721 4522 sicut
1750 4465 1964 4521 Domini
1996 4474 2159 4568 estD

461 4566 608 4614 terra
635 4567 689 4615 et
727 4559 1018 4631 plenitudo
1059 4561 1200 4629 ejus,
1243 4560 1396 4617 orbis
1435 4570 1698 4615 terrarum
1744 4567 1798 4614 et
1837 4560 2079 4615 universi

463 4654 558 4725 qui
615 4654 865 4711 habitant
920 4655 977 4709 in
1011 4670 1099 4719 eo,
1128 4656 1295 4723 (Psal.
1341 4664 1487 4721 xxm)
1519 4673 1530 4708 :
1573 4663 1628 4709 et
1665 4654 1840 4726 ipsius
1869 4662 1952 4709 est
1990 4672 2081 4710 re-

460 4762 654 4821 gnum,
698 4755 752 4801 et
780 4747 866 4802 cui
908 4744 1153 4803 voluerit
1196 4747 1352 4802 dabit
1390 4747 1525 4801 illud
1557 4748 1759 4818 (Matth
1827 4748 1973 4816 xvn):
2006 4747 2079 4801 ita

461 4834 581 4907 ipse
635 4850 800 4907 supra
850 4834 1269 4891 fundamentum
1323 4835 1639 4907 apostolica:
1699 4843 1870 4907 petrae
1920 4852 2073 4891 suam

458 4923 714 4979 fundavit
765 4924 1060 4979 Ecclesiam
1094 4926 1271 4981 (Joan.
1306 4925 1420 4991 xx),
1469 4940 1633 4997 quam
1681 4932 1737 4979 et
1779 4932 1904 4980 ante
1947 4942 2074 4996 pas-

458 5017 699 5083 sionem,
733 5024 787 5072 et
819 5026 943 5088 post
992 5015 1455 5073 resurrectionem
1480 5033 1634 5072 suam
1685 5018 1909 5089 speciali
1942 5034 2074 5073 cura

457 5117 515 5166 et
545 5107 813 5181 singulari
861 5107 1153 5183 privilegio
1200 5108 1364 5165 beato
1403 5109 1562 5164 Petro
1633 5117 1687 5165 et
1721 5108 1777 5163 in
1824 5109 1919 5164 illo
1957 5109 2071 5164 suis

454 5197 733 5256 commisit
752 5196 975 5253 vicariis
1004 5215 1016 5252 :
1052 5198 1210 5267 cujus
1239 5199 1457 5267 sedem,
1499 5214 1727 5269 suzeque
1758 5198 1908 5253 sedis
1934 5214 2070 5270 pon-

2197 497 2517 552 auctoritate
2548 497 2700 552 illum
2733 514 2855 553 cum
2888 500 3092 554 nostris
3130 500 3351 557 vicariis
3378 502 3447 556 ad
3474 519 3637 558 suum
3670 520 3807 574 prae—

2198 592 2348 661 cepit
2367 590 2633 645 destinari
2655 590 2949 659 judicium,
2991 590 3219 665 dignum
3252 599 3309 646 et
3345 592 3558 661 justum
3620 602 3724 659 est,
3754 600 3808 648 ut

2198 694 2588 750 quemcunque
2642 674 2964 751 episcopum
3012 679 3304 735 Romanus
3355 681 3605 751 pontifex
3635 682 3702 736 ad
3753 698 3807 736 se

2200 770 2425 825 Romam
2478 770 2669 825 venire
2706 771 3070 836 mandaverit,
3107 772 3152 826 si
3207 772 3519 839 infirmitas,
3562 775 3650 829 vel
3690 791 3809 846 gra-

2197 860 2319 915 vior
2346 875 2736 931 quemcunque
2764 860 3066 916 necessitas
3091 861 3175 916 vel
3209 861 3652 932 impossibilitas,
3675 864 3811 918 sicut

2197 952 2337 1008 sacri
2353 951 2643 1027 praeﬁgunt
2658 969 2919 1017 canones,
2941 970 3065 1009 cum
3091 970 3203 1010 non
3225 954 3548 1021 detinuerit,
3570 955 3641 1009 ad
3660 955 3807 1009 illum

2197 1044 2390 1099 venire
2410 1044 2648 1111 studeat,
2677 1045 2851 1100 multo
2885 1045 3062 1120 magis
3090 1046 3258 1100 etiam
3291 1045 3358 1113 is,
3390 1062 3559 1118 quem
3600 1062 3703 1117 pro
3723 1048 3808 1102 tali

2198 1132 2423 1201 querela
2440 1132 2510 1187 ad
2532 1148 2589 1187 se
2612 1149 2945 1205 quocunque
2970 1135 3135 1190 modo
3152 1135 3482 1189 clamantem
3499 1135 3810 1205 praesentiae

2197 1236 2310 1276 suae
2325 1221 2942 1290 judicatexhibendum.
2968 1225 3030 1279 Et
3045 1224 3366 1296 quicunque
3386 1224 3588 1280 viderit
3607 1225 3698 1279 vel
3718 1241 3810 1279 au-

2199 1314 2383 1380 dierit,
2408 1315 2554 1386 quod
2578 1332 2671 1370 rex
2684 1324 2739 1370 et
2762 1316 3345 1387 episcopiapostolicae
3364 1317 3516 1371 sedis
3535 1332 3808 1371 summum

2199 1402 2517 1474 pontificem
2550 1412 2803 1475 prompte
2839 1405 3168 1471 obaudiunt,
3201 1414 3257 1460 et
3297 1406 3594 1472 honorant,
3630 1420 3812 1475 prom-

2197 1494 2343 1557 ptius
2373 1504 2428 1550 et
2449 1496 2713 1551 humilius
2757 1497 2841 1552 eis
2867 1497 3100 1565 subjecti
3139 1496 3224 1552 sui
3259 1496 3544 1552 obedient.
3592 1497 3726 1551 Nam
3758 1508 3811 1551 ut

2196 1581 2393 1637 beatus
2414 1583 2710 1657 Gregorius
2739 1585 2871 1640 dicit
2898 1603 2912 1639 :
2954 1586 3106 1641 Sicut
3137 1586 3437 1660 languente
3466 1585 3653 1656 capite
3683 1586 3813 1640 sub-

2189 1674 2337 1742 jecta
2366 1676 2614 1730 membra
2644 1677 2701 1731 in
2755 1694 2969 1733 cassum
3002 1679 3230 1751 vigent;
3273 1678 3349 1733 ita
3377 1678 3559 1750 gloria
3602 1684 3660 1732 et
3708 1678 3807 1732 ho-

2195 1782 2331 1821 nore
2374 1776 2655 1833 coronato,
2689 1769 2745 1824 id
2772 1777 2856 1825 est
2900 1768 3264 1826 honoriﬁcato
3294 1786 3358 1825 ac
3409 1770 3677 1825 decorato
3724 1785 3812 1824 ca-

2193 1854 2329 1924 pite,
2386 1856 2638 1928 subjecta
2679 1858 2925 1913 membra
2973 1859 3095 1927 ejus
3134 1859 3344 1915 honore
3394 1865 3564 1929 atque
3612 1858 3810 1913 decore

2192 1943 2502 2017 fulgebunt.
2534 1948 2598 2003 Et
2642 1948 2893 2005 Rothado
2940 1949 2996 2004 in
3036 1950 3190 2006 nullo
3231 1956 3447 2020 poterat
3478 1948 3681 2003 melius
3726 1966 3814 2004 sa-

2192 2033 2407 2101 tistieri,
2442 2052 2604 2107 quam
2657 2037 2703 2092 si
2742 2039 2810 2093 ad
2839 2046 3078 2094 vestram
3124 2048 3380 2114 pergeret
3435 2037 3809 2109 praesentiam.

2194 2131 2249 2177 et
2288 2123 2339 2178 ei
2382 2132 2659 2180 tantorum
2705 2127 3213 2199 subscriptionibus
3259 2128 3676 2198 episcOporum,
3720 2128 3810 2198 qui

2193 2212 2302 2268 Deo
2344 2220 2400 2268 et
2427 2214 2588 2271 vobis
2639 2218 2861 2273 mentiri
2911 2217 3108 2272 nolunt
3146 2225 3202 2271 et
3258 2215 3693 2290 allegationibus
3736 2225 3809 2271 tot

2190 2301 2520 2360 vicariorum
2556 2309 2881 2364 eorumdum
2936 2309 3326 2381 episcoporum
3375 2307 3594 2375 fuerit,
3656 2308 3805 2362 illum

2193 2392 2395 2452 bonam
2422 2415 2641 2455 causam
2659 2417 3008 2473 nequaquam
3039 2401 3267 2470 habere,
3298 2411 3605 2459 ostensum.

2268 2555 2284 2579 ι
2332 2531 2697 2596 Quamobrem
2711 2532 2818 2587 sibi
2843 2532 2968 2603 ipsi,
2988 2541 3042 2589 et
3055 2548 3166 2589 non
3181 2533 3343 2589 vobis
3361 2542 3622 2605 reputare.
3636 2533 3808 2589 debe-

2189 2622 2293 2687 bit,
2317 2622 2448 2694 quia
2476 2623 2596 2678 sine
2624 2622 2770 2678 bona
2791 2640 2954 2679 causa
2980 2639 3039 2679 se
3070 2632 3125 2679 et
3145 2625 3348 2680 multos
3372 2626 3513 2681 alios
3535 2625 3805 2700 fatigavit.

2191 2711 2347 2767 Unde
2371 2711 2524 2766 illum
2547 2720 2730 2767 vestra
2752 2712 3151 2768 discretissima
3177 2714 3375 2784 pietas,
3399 2730 3526 2785 quae
3548 2730 3804 2786 compas-

2188 2805 2402 2862 sionem
2432 2808 2703 2879 proximo,
2729 2816 2784 2863 et
2809 2808 3198 2864 rectitudinem
3223 2808 3432 2863 debere
3452 2809 3608 2864 vitiis
3635 2809 3805 2875 novit,

2188 2899 2302 2954 suis
2342 2900 2664 2971 apostolicis
2688 2900 2889 2956 litteris
2918 2900 3260 2957 sufficienter
3286 2901 3641 2972 praemonuit.
3677 2901 3809 2965 Qui-

2190 3007 2297 3063 que
2338 2991 2481 3047 inter
2511 2993 2649 3048 alias
2679 2992 2960 3048 secordias
3002 2992 3057 3064 [i,
3104 2992 3401 3064 socordias]
3438 3001 3607 3048 tantae
3656 2993 3810 3047 duri-

2189 3080 2281 3135 tiae
2311 3080 2678 3155 dignoscitur,
2712 3089 2771 3137 ut
2800 3098 2922 3137 cum
2953 3083 3236 3138 multoties
3262 3082 3385 3138 sine
3410 3082 3525 3137 ullo
3557 3091 3808 3154 respectu

2190 3170 2402 3227 timoris
2428 3171 2516 3226 vel
2566 3168 2770 3228 amoris
2826 3172 3021 3238 divini,
3069 3180 3125 3227 et
3155 3170 3365 3242 absque
3423 3170 3538 3226 ulla
3571 3171 3810 3226 humana

2187 3264 2541 3328 verecundia,
2577 3281 2677 3335 per
2722 3272 2801 3321 tot
2828 3280 3004 3319 annos
3032 3271 3086 3319 et
3126 3264 3179 3318 in
3217 3263 3384 3318 tantis
3412 3263 3620 3329 causis,
3649 3264 3810 3318 toties

2187 3358 2356 3414 sacris
2385 3358 2714 3423 canonibus,
2745 3368 2800 3413 et
2845 3358 3084 3413 decretis
3112 3364 3314 3413 sanctaeI
3362 3357 3516 3413 sedis
3548 3358 3808 3413 Romana?

2188 3446 2538 3519 pontiﬁcum,
2571 3455 2626 3503 et
2653 3463 2767 3503 suae
2788 3447 3113 3519 metropolis
3138 3448 3452 3522 privilegio,
3479 3462 3544 3502 ac
3565 3448 3808 3517 synoda~

2186 3542 2334 3598 libus
2355 3541 2582 3613 judiciis
2607 3540 2977 3608 resultaverit,
3001 3549 3055 3595 et
3077 3556 3176 3611 per
3196 3547 3378 3596 tantos
3408 3555 3608 3607 annos,
3643 3548 3807 3611 atque

2185 3651 2216 3689 a
2244 3634 2412 3690 tantis
2438 3634 2806 3705 pertoleratus
2830 3649 2866 3700 ξι
2894 3649 2993 3687 sua
3025 3632 3259 3687 stultitia
3289 3648 3349 3687 se
3380 3647 3645 3687 revocare
3677 3647 3811 3687 con-

2188 3722 2495 3794 tempserit,
2529 3737 2559 3775 a
2581 3737 2712 3796 rege
2741 3727 2796 3776 et
2825 3720 3103 3792 episcopis
3145 3718 3528 3791 multipliciter
3554 3720 3813 3775 obsecra—

2188 3819 2295 3878 tus,
2319 3812 2374 3866 in
2404 3812 2510 3867 hoc
2539 3809 2738 3866 adduci
2764 3825 2873 3865 non
2898 3809 3098 3880 potuit,
3120 3816 3179 3864 ut
3209 3807 3380 3863 sacris
3408 3808 3729 3862 canonibus
3758 3816 3809 3863 et

2187 3902 2424 3956 decretis
2452 3911 2657 3957 sanctae
2685 3899 2834 3955 sedis
2858 3898 3118 3954 Romanae
3150 3896 3498 3969 pontiﬁcum,
3527 3905 3585 3953 et
3605 3914 3810 3954 secun-

2186 3996 2313 4050 dum
2343 4013 2406 4051 ea
2437 4013 2550 4051 suae
2582 3994 2904 4066 metropolis
2928 3994 3217 4067 privilegio
3243 3994 3312 4049 de
3339 4003 3542 4050 caetero
3569 4011 3631 4049 se
3660 3996 3803 4051 obe-

2185 4090 2430 4143 diturum
2456 4088 2833 4144 subscriberet
2849 4087 3125 4160 (quoniam
3156 4086 3276 4141 sine
3307 4087 3505 4142 horum
3533 4087 3806 4143 observa-

2181 4180 2335 4235 tione
2373 4194 2537 4235 nemo
2568 4187 2817 4235 nostrum
2868 4184 3053 4249 potest
3111 4193 3233 4233 esse
3262 4177 3579 4249 episcOpus)
3639 4188 3699 4233 et
3728 4178 3807 4232 sic

2179 4285 2316 4340 pace
2349 4267 2587 4323 fraterna
2631 4268 2687 4322 in
2718 4267 2985 4324 omnibus
3033 4269 3323 4341 potiretur.
3364 4269 3562 4326 Postea
3616 4279 3805 4326 autem

2179 4374 2279 4413 sua
2311 4367 2508 4430 sponte
2551 4356 2607 4411 in
2638 4356 2827 4413 libello
2858 4374 2972 4412 suae
2996 4356 3381 4428 professionis,
3416 4373 3516 4429 per
3535 4375 3709 4429 quem
3740 4359 3806 4413 ad

2183 4449 2483 4503 electorum
2521 4447 2790 4517 judicium
2847 4447 3183 4519 provocavit,
3216 4449 3330 4504 haec
3382 4464 3443 4504 se
3476 4449 3807 4506 observasse

2183 4538 2556 4611 impudenter,
2586 4539 2717 4611 quia
2744 4539 3048 4594 scientibus
3077 4540 3290 4595 cunctis
3316 4540 3689 4608 mendaciter,
3720 4559 3812 4613 sy-

2183 4629 2330 4684 nodo
2361 4628 2527 4695 misit,
2561 4636 2616 4683 et
2653 4628 2732 4683 sic
2780 4627 2847 4682 ad
2872 4628 3146 4697 judicium
3190 4628 3527 4699 provocavit,
3561 4646 3693 4702 quae
3751 4647 3811 4686 sc

2182 4734 2525 4781 servaturum
2564 4741 2633 4779 ne
2659 4724 3021 4794 judicaretur,
3063 4723 3413 4779 subscribere
3444 4725 3807 4784 detrectavit.

2181 4816 2332 4882 Quod
2362 4816 2510 4882 ideo,
2547 4815 2688 4870 sicut
2717 4822 2909 4885 postea
2940 4813 3104 4869 nobis
3131 4815 3409 4883 dixerunt,
3442 4817 3541 4888 qui
3574 4819 3647 4873 ab
3684 4820 3811 4892 ipso

2176 4906 2489 4974 audierunt,
2520 4905 2869 4961 subscribere
2896 4904 3093 4972 noluit,
3126 4907 3273 4977 quod
3317 4914 3373 4963 et
3406 4922 3509 4963 nos
3541 4912 3811 4983 percepi-

2175 5015 2317 5067 mus,
2348 5016 2417 5053 ne
2453 4999 2768 5054 vinceretur
2799 5016 2810 5052 :
2845 4998 2942 5054 sed
2970 4997 3015 5052 si
3044 4997 3100 5052 in
3130 5007 3317 5053 nostra
3340 5015 3435 5054 rex
3465 5007 3521 5055 et
3550 5001 3809 5074 episcOpi

2173 5108 2630 5164 permaneremus
2681 5092 2980 5158 sententia,
3045 5092 3271 5146 Romam
3331 5091 3438 5147 iret
3499 5102 3808 5168 antequam

2169 5189 2497 5255 vinceretur,
2530 5196 2585 5243 et
2615 5188 2833 5260 quando
2873 5187 3003 5242 illuc
3045 5188 3277 5252 veniret,
3312 5187 3399 5243 his
3428 5205 3533 5260 per
3560 5200 3806 5247 vestram

455 5289 662 5346 titicem
695 5287 789 5360 qui
842 5287 1096 5353 honorat,
1138 5288 1292 5344 illum
1336 5290 1572 5345 honorat
1624 5289 1719 5360 qui
1764 5286 1933 5343 dixit:
1967 5288 2066 5352 Qui
2164 5283 2643 5354 jussionem,cum
2673 5299 2704 5338 a
2732 5281 2890 5338 vobis
2920 5282 3058 5338 foret
3078 5282 3244 5338 nobis
3275 5283 3607 5340 nolentibus
3634 5286 3806 5341 abso-

452 5381 657 5453 accipit
686 5381 731 5436 si
762 5397 927 5452 quem
974 5382 1198 5450 misero,
1252 5398 1339 5437 me
1369 5381 1571 5452 accipit
1615 5383 1787 5453 (Joan.
1827 5386 1960 5450 xm).
2006 5381 2069 5436 Et

451 5474 521 5528 ab
545 5473 669 5543 ipso
694 5472 1061 5529 honorabitur
1090 5473 1311 5529 dicente
1343 5491 1356 5528 :
1401 5473 1744 5529 Honorantes
1774 5490 1862 5528 me
1894 5474 2071 5528 hono-

449 5559 705 5629 rificabo,
750 5568 806 5616 et
867 5560 963 5632 qui
1016 5568 1378 5618 contemnunt
1431 5577 1518 5616 me
1576 5570 1739 5617 erunt
1796 5562 2072 5635 ignobiles

454 5652 499 5719 (Ι
551 5654 681 5719 Reg.
725 5652 804 5715 ιι).
858 5650 1067 5707 Idcirco
1107 5652 1235 5724 quia
1272 5653 1428 5708 multi
1469 5651 1671 5719 sciunt,
1729 5654 1967 5724 qualiter
2010 5669 2069 5709 se

460 5739 695 5795 Rothadi
734 5738 1053 5794 reclamatio
1094 5740 1315 5805 habeat,
1355 5748 1409 5794 et
1444 5740 1668 5810 quidam
1714 5741 1845 5795 inde
1888 5741 2065 5805 aliter,

2171 5377 2341 5439 lutus,
2373 5374 2765 5430 subscriberet.
2803 5374 2921 5430 Non
2955 5374 3293 5449 intelligens,
3341 5375 3454 5430 imo
3485 5375 3803 5453 intelligere

2172 5479 2284 5519 non
2304 5463 2493 5519 valens
2519 5463 2837 5530 {excaecavit
2862 5464 3006 5519 enim
3029 5480 3153 5518 eum
3182 5463 3390 5518 malitia
3412 5470 3537 5533 sua)
3560 5474 3799 5522 vestram

2172 5557 2553 5612 auctoritatem
2570 5557 2980 5628 sapientissime
2999 5558 3329 5633 intelligere,
3344 5576 3521 5632 quare
3532 5561 3799 5618 Dominus

2172 5649 2243 5704 de
2273 5650 2412 5705 coelo
2438 5650 2729 5722 alloquens
2760 5651 2986 5706 Paulum
3019 5660 3073 5707 et
3100 5652 3308 5708 dicenti
3346 5673 3357 5707 :
3405 5653 3548 5719 Quid
3581 5671 3671 5711 me
3694 5656 3796 5725 ju-

2172 5745 2289 5811 bes,
2309 5745 2559 5811 Domine,
2573 5744 2793 5801 facere?
2816 5748 2957 5811 (Act.
2984 5748 3073 5813 Ix).
3094 5762 3203 5802 non
3225 5748 3412 5802 omnia
3434 5764 3562 5819 qua!
3578 5747 3794 5823 agenda
