  <div class='ocr_page' id='page_1' title='image "/cluster/home/n/w/nwhite01/storage/ocr_20150623/134-135/uva.x000829784/666.png"; bbox 0 0 3970 6218; ppageno 0'>
   <div class='ocr_carea' id='block_1_1' title="bbox 177 263 1803 330">
    <p class='ocr_par' dir='ltr' id='par_1_1' title="bbox 177 264 1801 326">
     <span class='ocr_line' id='line_1_1' title="bbox 177 264 1801 326; baseline -0.004 0"><span class='ocrx_word' id='word_1_1' title='bbox 177 270 275 326; x_wconf 78' lang='grc'><strong>169</strong></span> <span class='ocrx_word' id='word_1_2' title='bbox 802 265 1127 321; x_wconf 73' lang='grc' dir='ltr'><strong>ΗΙΞΤΟΒΙΑΞ</strong></span> <span class='ocrx_word' id='word_1_3' title='bbox 1168 264 1499 320; x_wconf 81' lang='lat' dir='ltr'><strong>ECCLESI/E</strong></span> <span class='ocrx_word' id='word_1_4' title='bbox 1540 265 1801 321; x_wconf 81' lang='lat' dir='ltr'><strong>REMENS</strong></span> 
     </span>
    </p>
   </div>
   <div class='ocr_carea' id='block_1_2' title="bbox 1906 263 3496 330">
    <p class='ocr_par' dir='ltr' id='par_1_2' title="bbox 1906 263 3496 330">
     <span class='ocr_line' id='line_1_2' title="bbox 1906 263 3496 330; baseline -0.003 -11"><span class='ocrx_word' id='word_1_5' title='bbox 1906 266 2079 320; x_wconf 80' lang='lat' dir='ltr'>LIBRI</span> <span class='ocrx_word' id='word_1_6' title='bbox 2122 265 2429 330; x_wconf 83' lang='lat' dir='ltr'><strong>QUATUOR</strong></span> <span class='ocrx_word' id='word_1_7' title='bbox 2486 297 2554 309; x_wconf 97' lang='lat'><strong>—</strong></span> <span class='ocrx_word' id='word_1_8' title='bbox 2583 263 2708 318; x_wconf 86' lang='lat' dir='ltr'><strong>LIB.</strong></span> <span class='ocrx_word' id='word_1_9' title='bbox 2754 264 2845 316; x_wconf 85' lang='lat' dir='ltr'><strong>Ill.</strong></span> <span class='ocrx_word' id='word_1_10' title='bbox 3393 263 3496 319; x_wconf 78' lang='grc'><strong>170</strong></span> 
     </span>
    </p>
   </div>
   <div class='ocr_carea' id='block_1_3' title="bbox 178 390 3495 469">
    <p class='ocr_par' dir='ltr' id='par_1_3' title="bbox 178 390 3495 469">
     <span class='ocr_line' id='line_1_3' title="bbox 178 390 3495 469; baseline -0.003 -14"><span class='ocrx_word' id='word_1_11' title='bbox 178 406 324 455; x_wconf 88' lang='lat' dir='ltr'><strong>erant</strong></span> <span class='ocrx_word' id='word_1_12' title='bbox 360 396 609 469; x_wconf 73' lang='lat' dir='ltr'><strong>exposuit</strong></span> <span class='ocrx_word' id='word_1_13' title='bbox 644 394 783 450; x_wconf 88' lang='lat' dir='ltr'><strong>:sed</strong></span> <span class='ocrx_word' id='word_1_14' title='bbox 830 395 896 449; x_wconf 89' lang='lat' dir='ltr'><strong>ad</strong></span> <span class='ocrx_word' id='word_1_15' title='bbox 927 395 1209 460; x_wconf 84' lang='lat' dir='ltr'><strong>Ananiam,</strong></span> <span class='ocrx_word' id='word_1_16' title='bbox 1244 412 1273 449; x_wconf 88' lang='lat' dir='ltr'><strong>a</strong></span> <span class='ocrx_word' id='word_1_17' title='bbox 1298 410 1407 465; x_wconf 91' lang='lat' dir='ltr'><strong>quo</strong></span> <span class='ocrx_word' id='word_1_18' title='bbox 1439 395 1653 468; x_wconf 86' lang='lat' dir='ltr'><strong>agenda</strong></span> <span class='ocrx_word' id='word_1_19' title='bbox 1678 412 1778 450; x_wconf 88' lang='lat' dir='ltr'><strong>au-</strong></span> <span class='ocrx_word' id='word_1_20' title='bbox 1804 402 1851 467; x_wconf 79' lang='grc' dir='ltr'><strong>Α</strong></span> <span class='ocrx_word' id='word_1_21' title='bbox 1880 393 2407 459; x_wconf 84' lang='lat' dir='ltr'><strong>interitumcarnis,</strong></span> <span class='ocrx_word' id='word_1_22' title='bbox 2458 394 2694 457; x_wconf 70' lang='lat' dir='ltr'><strong>Satanae,</strong></span> <span class='ocrx_word' id='word_1_23' title='bbox 2745 399 2804 446; x_wconf 92' lang='lat' dir='ltr'><strong>ut</strong></span> <span class='ocrx_word' id='word_1_24' title='bbox 2841 390 3069 461; x_wconf 79' lang='lat' dir='ltr'><strong>spiritus</strong></span> <span class='ocrx_word' id='word_1_25' title='bbox 3114 390 3311 444; x_wconf 85' lang='lat' dir='ltr'><strong>salvus-</strong></span> <span class='ocrx_word' id='word_1_26' title='bbox 3333 391 3405 445; x_wconf 91' lang='lat' dir='ltr'><strong>sit</strong></span> <span class='ocrx_word' id='word_1_27' title='bbox 3441 391 3495 444; x_wconf 90' lang='lat' dir='ltr'><strong>in</strong></span> 
     </span>
    </p>
   </div>
   <div class='ocr_carea' id='block_1_4' title="bbox 177 481 3497 558">
    <p class='ocr_par' dir='ltr' id='par_1_4' title="bbox 177 481 3497 558">
     <span class='ocr_line' id='line_1_4' title="bbox 177 481 3497 558; baseline -0.003 -13"><span class='ocrx_word' id='word_1_28' title='bbox 177 491 378 546; x_wconf 89' lang='lat' dir='ltr'><strong>diturus</strong></span> <span class='ocrx_word' id='word_1_29' title='bbox 404 495 458 542; x_wconf 89' lang='lat' dir='ltr'><strong>et</strong></span> <span class='ocrx_word' id='word_1_30' title='bbox 504 494 832 558; x_wconf 88' lang='lat' dir='ltr'><strong>accepturus</strong></span> <span class='ocrx_word' id='word_1_31' title='bbox 855 496 991 553; x_wconf 90' lang='lat' dir='ltr'><strong>erat,</strong></span> <span class='ocrx_word' id='word_1_32' title='bbox 1013 487 1163 541; x_wconf 90' lang='lat' dir='ltr'><strong>illum</strong></span> <span class='ocrx_word' id='word_1_33' title='bbox 1220 486 1439 540; x_wconf 90' lang='lat' dir='ltr'><strong>direxit.</strong></span> <span class='ocrx_word' id='word_1_34' title='bbox 1473 487 1561 542; x_wconf 88' lang='lat' dir='ltr'><strong>Sic</strong></span> <span class='ocrx_word' id='word_1_35' title='bbox 1584 497 1637 541; x_wconf 90' lang='lat' dir='ltr'><strong>et</strong></span> <span class='ocrx_word' id='word_1_36' title='bbox 1667 504 1772 542; x_wconf 86' lang='lat' dir='ltr'><strong>an-</strong></span> <span class='ocrx_word' id='word_1_37' title='bbox 1879 484 1969 537; x_wconf 88' lang='lat' dir='ltr'><strong>die</strong></span> <span class='ocrx_word' id='word_1_38' title='bbox 1990 485 2202 539; x_wconf 84' lang='lat' dir='ltr'><strong>Domini</strong></span> <span class='ocrx_word' id='word_1_39' title='bbox 2239 486 2288 554; x_wconf 90' lang='grc' dir='ltr'><strong>(Ι</strong></span> <span class='ocrx_word' id='word_1_40' title='bbox 2316 487 2434 541; x_wconf 81' lang='lat' dir='ltr'><strong>Cor.</strong></span> <span class='ocrx_word' id='word_1_41' title='bbox 2492 491 2565 549; x_wconf 90' lang='lat' dir='ltr'><strong>v).</strong></span> <span class='ocrx_word' id='word_1_42' title='bbox 2616 482 2721 554; x_wconf 90' lang='lat' dir='ltr'><strong>Ipsi</strong></span> <span class='ocrx_word' id='word_1_43' title='bbox 2752 482 2901 537; x_wconf 87' lang='lat' dir='ltr'><strong>enim</strong></span> <span class='ocrx_word' id='word_1_44' title='bbox 2932 481 3342 537; x_wconf 76' lang='lat' dir='ltr'><strong>Corinthiorum</strong></span> <span class='ocrx_word' id='word_1_45' title='bbox 3375 498 3497 536; x_wconf 91' lang='lat' dir='ltr'><strong>rec-</strong></span> 
     </span>
    </p>
   </div>
   <div class='ocr_carea' id='block_1_5' title="bbox 177 574 3492 652">
    <p class='ocr_par' dir='ltr' id='par_1_5' title="bbox 177 574 3492 652">
     <span class='ocr_line' id='line_1_5' title="bbox 177 574 3492 652; baseline -0.001 -19"><span class='ocrx_word' id='word_1_46' title='bbox 177 578 324 652; x_wconf 89' lang='lat' dir='ltr'><strong>gelus</strong></span> <span class='ocrx_word' id='word_1_47' title='bbox 363 577 700 643; x_wconf 90' lang='lat' dir='ltr'><strong>Cornelium,</strong></span> <span class='ocrx_word' id='word_1_48' title='bbox 750 583 1039 647; x_wconf 76' lang='lat' dir='ltr'><strong>postquam</strong></span> <span class='ocrx_word' id='word_1_49' title='bbox 1072 576 1225 630; x_wconf 91' lang='lat' dir='ltr'><strong>illum</strong></span> <span class='ocrx_word' id='word_1_50' title='bbox 1290 577 1609 632; x_wconf 88' lang='lat' dir='ltr'><strong>exauditum</strong></span> <span class='ocrx_word' id='word_1_51' title='bbox 1655 594 1775 632; x_wconf 90' lang='lat' dir='ltr'><strong>esse</strong></span> <span class='ocrx_word' id='word_1_52' title='bbox 1879 584 2025 631; x_wconf 90' lang='lat' dir='ltr'><strong>tores</strong></span> <span class='ocrx_word' id='word_1_53' title='bbox 2064 576 2217 630; x_wconf 90' lang='lat' dir='ltr'><strong>illum</strong></span> <span class='ocrx_word' id='word_1_54' title='bbox 2251 576 2597 631; x_wconf 83' lang='lat' dir='ltr'><strong>tradiderunt</strong></span> <span class='ocrx_word' id='word_1_55' title='bbox 2626 576 2678 630; x_wconf 91' lang='lat' dir='ltr'><strong>in</strong></span> <span class='ocrx_word' id='word_1_56' title='bbox 2715 574 2997 630; x_wconf 90' lang='lat' dir='ltr'><strong>interitum</strong></span> <span class='ocrx_word' id='word_1_57' title='bbox 3047 574 3228 628; x_wconf 90' lang='lat' dir='ltr'><strong>carnis</strong></span> <span class='ocrx_word' id='word_1_58' title='bbox 3257 574 3492 639; x_wconf 66' lang='lat' dir='ltr'><strong>Satanae,</strong></span> 
     </span>
    </p>
   </div>
   <div class='ocr_carea' id='block_1_6' title="bbox 178 664 3493 743">
    <p class='ocr_par' dir='ltr' id='par_1_6' title="bbox 178 664 3493 743">
     <span class='ocr_line' id='line_1_6' title="bbox 178 664 3493 743; baseline -0 -21"><span class='ocrx_word' id='word_1_59' title='bbox 178 666 527 733; x_wconf 80' lang='lat' dir='ltr'><strong>denuntiavit,</strong></span> <span class='ocrx_word' id='word_1_60' title='bbox 559 665 626 719; x_wconf 92' lang='lat' dir='ltr'><strong>ad</strong></span> <span class='ocrx_word' id='word_1_61' title='bbox 674 664 819 719; x_wconf 87' lang='lat' dir='ltr'><strong>Petri</strong></span> <span class='ocrx_word' id='word_1_62' title='bbox 869 664 1175 719; x_wconf 85' lang='lat' dir='ltr'><strong>doctrinam</strong></span> <span class='ocrx_word' id='word_1_63' title='bbox 1208 673 1371 736; x_wconf 89' lang='lat' dir='ltr'><strong>atque</strong></span> <span class='ocrx_word' id='word_1_64' title='bbox 1399 666 1774 722; x_wconf 80' lang='lat' dir='ltr'><strong>obedientiam</strong></span> <span class='ocrx_word' id='word_1_65' title='bbox 1875 678 1928 724; x_wconf 87' lang='lat' dir='ltr'><strong>et</strong></span> <span class='ocrx_word' id='word_1_66' title='bbox 1960 670 2403 743; x_wconf 86' lang='lat' dir='ltr'><strong>Pauluscognito</strong></span> <span class='ocrx_word' id='word_1_67' title='bbox 2452 671 2572 738; x_wconf 91' lang='lat' dir='ltr'><strong>ejus</strong></span> <span class='ocrx_word' id='word_1_68' title='bbox 2630 686 2821 740; x_wconf 85' lang='lat' dir='ltr'><strong>Opere,</strong></span> <span class='ocrx_word' id='word_1_69' title='bbox 2875 685 2975 723; x_wconf 87' lang='lat' dir='ltr'><strong>sua</strong></span> <span class='ocrx_word' id='word_1_70' title='bbox 3020 667 3341 723; x_wconf 84' lang='lat' dir='ltr'><strong>auctoritate</strong></span> <span class='ocrx_word' id='word_1_71' title='bbox 3370 684 3493 722; x_wconf 90' lang='lat' dir='ltr'><strong>cum</strong></span> 
     </span>
    </p>
   </div>
   <div class='ocr_carea' id='block_1_7' title="bbox 177 753 3497 829">
    <p class='ocr_par' dir='ltr' id='par_1_7' title="bbox 177 753 3497 829">
     <span class='ocr_line' id='line_1_7' title="bbox 177 753 3497 829; baseline -0 -19"><span class='ocrx_word' id='word_1_72' title='bbox 177 755 313 811; x_wconf 88' lang='lat' dir='ltr'><strong>misit</strong></span> <span class='ocrx_word' id='word_1_73' title='bbox 340 758 451 821; x_wconf 82' lang='lat' dir='ltr'><strong>(Act</strong></span> <span class='ocrx_word' id='word_1_74' title='bbox 520 758 590 824; x_wconf 88' lang='lat' dir='ltr'><strong>x).</strong></span> <span class='ocrx_word' id='word_1_75' title='bbox 639 755 808 818; x_wconf 85' lang='lat' dir='ltr'><strong>Quem</strong></span> <span class='ocrx_word' id='word_1_76' title='bbox 857 753 987 807; x_wconf 88' lang='lat' dir='ltr'><strong>licet</strong></span> <span class='ocrx_word' id='word_1_77' title='bbox 1018 763 1145 809; x_wconf 88' lang='lat' dir='ltr'><strong>ante</strong></span> <span class='ocrx_word' id='word_1_78' title='bbox 1176 754 1512 824; x_wconf 86' lang='lat' dir='ltr'><strong>baptismum</strong></span> <span class='ocrx_word' id='word_1_79' title='bbox 1560 762 1772 820; x_wconf 83' lang='lat' dir='ltr'><strong>sancto,</strong></span> <span class='ocrx_word' id='word_1_80' title='bbox 1876 758 2108 812; x_wconf 80' lang='lat' dir='ltr'><strong>illiszet</strong></span> <span class='ocrx_word' id='word_1_81' title='bbox 2138 767 2420 829; x_wconf 88' lang='lat' dir='ltr'><strong>comperta</strong></span> <span class='ocrx_word' id='word_1_82' title='bbox 2468 759 2588 825; x_wconf 84' lang='lat' dir='ltr'><strong>ejus</strong></span> <span class='ocrx_word' id='word_1_83' title='bbox 2648 756 2994 827; x_wconf 63' lang='lat' dir='ltr'><strong>paenitentia,</strong></span> <span class='ocrx_word' id='word_1_84' title='bbox 3042 755 3144 825; x_wconf 86' lang='lat' dir='ltr'><strong>ipsi</strong></span> <span class='ocrx_word' id='word_1_85' title='bbox 3177 771 3300 809; x_wconf 90' lang='lat' dir='ltr'><strong>eum</strong></span> <span class='ocrx_word' id='word_1_86' title='bbox 3336 756 3497 809; x_wconf 89' lang='lat' dir='ltr'><strong>resti—</strong></span> 
     </span>
    </p>
   </div>
   <div class='ocr_carea' id='block_1_8' title="bbox 179 842 3488 916">
    <p class='ocr_par' dir='ltr' id='par_1_8' title="bbox 179 842 3488 916">
     <span class='ocr_line' id='line_1_8' title="bbox 179 842 3488 916; baseline -0.002 -12"><span class='ocrx_word' id='word_1_87' title='bbox 179 854 232 899; x_wconf 90' lang='lat' dir='ltr'><strong>ut</strong></span> <span class='ocrx_word' id='word_1_88' title='bbox 252 845 322 899; x_wconf 86' lang='lat' dir='ltr'><strong>ita</strong></span> <span class='ocrx_word' id='word_1_89' title='bbox 342 844 609 910; x_wconf 78' lang='lat' dir='ltr'><strong>dicamuS,</strong></span> <span class='ocrx_word' id='word_1_90' title='bbox 640 842 849 913; x_wconf 78' lang='lat' dir='ltr'><strong>Spiritu</strong></span> <span class='ocrx_word' id='word_1_91' title='bbox 882 842 1241 913; x_wconf 78' lang='lat' dir='ltr'><strong>baptizatum,</strong></span> <span class='ocrx_word' id='word_1_92' title='bbox 1272 844 1468 898; x_wconf 84' lang='lat' dir='ltr'><strong>beatus</strong></span> <span class='ocrx_word' id='word_1_93' title='bbox 1499 844 1689 899; x_wconf 79' lang='lat' dir='ltr'><strong>Petrus</strong></span> <span class='ocrx_word' id='word_1_94' title='bbox 1715 844 1775 897; x_wconf 88' lang='lat' dir='ltr'><strong>il-</strong></span> <span class='ocrx_word' id='word_1_95' title='bbox 1876 858 2118 916; x_wconf 88' lang='lat' dir='ltr'><strong>tuerunt,</strong></span> <span class='ocrx_word' id='word_1_96' title='bbox 2182 856 2235 903; x_wconf 89' lang='lat' dir='ltr'><strong>et</strong></span> <span class='ocrx_word' id='word_1_97' title='bbox 2280 849 2482 903; x_wconf 89' lang='lat' dir='ltr'><strong>Paulus</strong></span> <span class='ocrx_word' id='word_1_98' title='bbox 2526 866 2625 902; x_wconf 87' lang='lat' dir='ltr'><strong>sua</strong></span> <span class='ocrx_word' id='word_1_99' title='bbox 2673 846 2997 903; x_wconf 80' lang='lat' dir='ltr'><strong>auctoritate</strong></span> <span class='ocrx_word' id='word_1_100' title='bbox 3049 863 3172 901; x_wconf 93' lang='lat' dir='ltr'><strong>cum</strong></span> <span class='ocrx_word' id='word_1_101' title='bbox 3206 846 3313 899; x_wconf 88' lang='lat' dir='ltr'><strong>illis</strong></span> <span class='ocrx_word' id='word_1_102' title='bbox 3345 864 3357 900; x_wconf 89' lang='lat'><strong>:</strong></span> <span class='ocrx_word' id='word_1_103' title='bbox 3394 846 3488 899; x_wconf 81' lang='lat' dir='ltr'><strong>Cui</strong></span> 
     </span>
    </p>
   </div>
   <div class='ocr_carea' id='block_1_9' title="bbox 178 934 3495 1012">
    <p class='ocr_par' dir='ltr' id='par_1_9' title="bbox 178 934 3495 1012">
     <span class='ocr_line' id='line_1_9' title="bbox 178 934 3495 1012; baseline 0 -23"><span class='ocrx_word' id='word_1_104' title='bbox 178 936 278 991; x_wconf 90' lang='lat' dir='ltr'><strong>lius</strong></span> <span class='ocrx_word' id='word_1_105' title='bbox 305 936 656 1007; x_wconf 85' lang='lat' dir='ltr'><strong>baptismate,</strong></span> <span class='ocrx_word' id='word_1_106' title='bbox 707 934 802 1005; x_wconf 86' lang='lat' dir='ltr'><strong>qui</strong></span> <span class='ocrx_word' id='word_1_107' title='bbox 846 934 1089 1005; x_wconf 89' lang='lat' dir='ltr'><strong>baptizat</strong></span> <span class='ocrx_word' id='word_1_108' title='bbox 1141 936 1193 989; x_wconf 91' lang='lat' dir='ltr'><strong>in</strong></span> <span class='ocrx_word' id='word_1_109' title='bbox 1236 935 1443 1006; x_wconf 89' lang='lat' dir='ltr'><strong>Spiritu</strong></span> <span class='ocrx_word' id='word_1_110' title='bbox 1481 943 1692 1000; x_wconf 89' lang='lat' dir='ltr'><strong>sancto,</strong></span> <span class='ocrx_word' id='word_1_111' title='bbox 1724 943 1777 990; x_wconf 89' lang='lat' dir='ltr'><strong>et</strong></span> <span class='ocrx_word' id='word_1_112' title='bbox 1878 940 2154 1012; x_wconf 84' lang='lat' dir='ltr'><strong>inquiens,</strong></span> <span class='ocrx_word' id='word_1_113' title='bbox 2190 940 2401 1011; x_wconf 90' lang='lat' dir='ltr'><strong>aliquid</strong></span> <span class='ocrx_word' id='word_1_114' title='bbox 2457 940 2723 1004; x_wconf 83' lang='lat' dir='ltr'><strong>donastis,</strong></span> <span class='ocrx_word' id='word_1_115' title='bbox 2782 946 2835 992; x_wconf 90' lang='lat' dir='ltr'><strong>et</strong></span> <span class='ocrx_word' id='word_1_116' title='bbox 2893 953 3017 1011; x_wconf 94' lang='lat' dir='ltr'><strong>ego.</strong></span> <span class='ocrx_word' id='word_1_117' title='bbox 3076 938 3207 991; x_wconf 83' lang='lat' dir='ltr'><strong>Nam</strong></span> <span class='ocrx_word' id='word_1_118' title='bbox 3251 946 3428 1011; x_wconf 88' lang='lat' dir='ltr'><strong>etego</strong></span> <span class='ocrx_word' id='word_1_119' title='bbox 3450 937 3495 991; x_wconf 91' lang='lat' dir='ltr'><strong>si</strong></span> 
     </span>
    </p>
   </div>
   <div class='ocr_carea' id='block_1_10' title="bbox 180 1025 3497 1103">
    <p class='ocr_par' dir='ltr' id='par_1_10' title="bbox 180 1025 3497 1103">
     <span class='ocr_line' id='line_1_10' title="bbox 180 1025 3497 1103; baseline -0.001 -20"><span class='ocrx_word' id='word_1_120' title='bbox 180 1030 230 1083; x_wconf 89' lang='lat' dir='ltr'><strong>in</strong></span> <span class='ocrx_word' id='word_1_121' title='bbox 266 1042 372 1099; x_wconf 90' lang='lat' dir='ltr'><strong>quo</strong></span> <span class='ocrx_word' id='word_1_122' title='bbox 410 1026 756 1081; x_wconf 87' lang='lat' dir='ltr'><strong>credentium</strong></span> <span class='ocrx_word' id='word_1_123' title='bbox 781 1027 949 1082; x_wconf 90' lang='lat' dir='ltr'><strong>corda</strong></span> <span class='ocrx_word' id='word_1_124' title='bbox 978 1025 1084 1081; x_wconf 88' lang='lat' dir='ltr'><strong>ﬁde</strong></span> <span class='ocrx_word' id='word_1_125' title='bbox 1105 1026 1487 1097; x_wconf 88' lang='lat' dir='ltr'><strong>puriticantur,</strong></span> <span class='ocrx_word' id='word_1_126' title='bbox 1510 1026 1775 1097; x_wconf 84' lang='lat' dir='ltr'><strong>baptizari</strong></span> <span class='ocrx_word' id='word_1_127' title='bbox 1877 1033 2009 1103; x_wconf 81' lang='lat' dir='ltr'><strong>quid</strong></span> <span class='ocrx_word' id='word_1_128' title='bbox 2029 1032 2226 1087; x_wconf 80' lang='lat' dir='ltr'><strong>donavi</strong></span> <span class='ocrx_word' id='word_1_129' title='bbox 2248 1039 2474 1102; x_wconf 79' lang='lat' dir='ltr'><strong>propter</strong></span> <span class='ocrx_word' id='word_1_130' title='bbox 2499 1031 2667 1085; x_wconf 87' lang='lat' dir='ltr'><strong>vosin</strong></span> <span class='ocrx_word' id='word_1_131' title='bbox 2699 1046 2931 1100; x_wconf 80' lang='lat' dir='ltr'><strong>persona</strong></span> <span class='ocrx_word' id='word_1_132' title='bbox 2960 1029 3155 1083; x_wconf 87' lang='lat' dir='ltr'><strong>Christi</strong></span> <span class='ocrx_word' id='word_1_133' title='bbox 3176 1030 3251 1094; x_wconf 89' lang='lat' dir='ltr'><strong>(II</strong></span> <span class='ocrx_word' id='word_1_134' title='bbox 3266 1030 3381 1083; x_wconf 84' lang='lat' dir='ltr'><strong>Cor.</strong></span> <span class='ocrx_word' id='word_1_135' title='bbox 3418 1032 3497 1095; x_wconf 82' lang='lat' dir='ltr'><strong>ii).</strong></span> 
     </span>
    </p>
   </div>
   <div class='ocr_carea' id='block_1_11' title="bbox 179 1116 3498 1193">
    <p class='ocr_par' dir='ltr' id='par_1_11' title="bbox 179 1116 3498 1193">
     <span class='ocr_line' id='line_1_11' title="bbox 179 1116 3498 1193; baseline -0.002 -17"><span class='ocrx_word' id='word_1_136' title='bbox 179 1121 425 1193; x_wconf 55' lang='lat' dir='ltr'><strong>praecepit</strong></span> <span class='ocrx_word' id='word_1_137' title='bbox 453 1122 596 1189; x_wconf 81' lang='lat' dir='ltr'><strong>(Act.</strong></span> <span class='ocrx_word' id='word_1_138' title='bbox 630 1120 724 1191; x_wconf 67' lang='grc' dir='ltr'>χι).</span> <span class='ocrx_word' id='word_1_139' title='bbox 757 1120 910 1175; x_wconf 92' lang='lat' dir='ltr'><strong>Unde</strong></span> <span class='ocrx_word' id='word_1_140' title='bbox 948 1119 1090 1175; x_wconf 83' lang='lat' dir='ltr'><strong>facta</strong></span> <span class='ocrx_word' id='word_1_141' title='bbox 1108 1120 1416 1191; x_wconf 63' lang='lat' dir='ltr'><strong>quaestione</strong></span> <span class='ocrx_word' id='word_1_142' title='bbox 1447 1128 1775 1175; x_wconf 87' lang='lat' dir='ltr'><strong>contraeum</strong></span> <span class='ocrx_word' id='word_1_143' title='bbox 1882 1120 2016 1175; x_wconf 87' lang='lat' dir='ltr'><strong>Hinc</strong></span> <span class='ocrx_word' id='word_1_144' title='bbox 2054 1120 2250 1175; x_wconf 89' lang='lat' dir='ltr'><strong>beatus</strong></span> <span class='ocrx_word' id='word_1_145' title='bbox 2294 1120 2591 1193; x_wconf 84' lang='lat' dir='ltr'><strong>Gregorius</strong></span> <span class='ocrx_word' id='word_1_146' title='bbox 2649 1119 2767 1185; x_wconf 84' lang='lat' dir='ltr'><strong>(lib.</strong></span> <span class='ocrx_word' id='word_1_147' title='bbox 2826 1134 2992 1171; x_wconf 79' lang='lat' dir='ltr'><strong>xxxiii</strong></span> <span class='ocrx_word' id='word_1_148' title='bbox 3049 1118 3241 1171; x_wconf 79' lang='lat' dir='ltr'><strong>Moral.</strong></span> <span class='ocrx_word' id='word_1_149' title='bbox 3296 1132 3417 1187; x_wconf 89' lang='lat' dir='ltr'><strong>cap.</strong></span> <span class='ocrx_word' id='word_1_150' title='bbox 3444 1116 3498 1181; x_wconf 88' lang='lat'><strong>8,</strong></span> 
     </span>
    </p>
   </div>
   <div class='ocr_carea' id='block_1_12' title="bbox 179 1208 3499 1283">
    <p class='ocr_par' dir='ltr' id='par_1_12' title="bbox 179 1208 3499 1283">
     <span class='ocr_line' id='line_1_12' title="bbox 179 1208 3499 1283; baseline -0.002 -15"><span class='ocrx_word' id='word_1_151' title='bbox 179 1214 329 1269; x_wconf 88' lang='lat' dir='ltr'><strong>etiam</strong></span> <span class='ocrx_word' id='word_1_152' title='bbox 362 1229 391 1266; x_wconf 89' lang='lat' dir='ltr'><strong>a</strong></span> <span class='ocrx_word' id='word_1_153' title='bbox 420 1211 732 1267; x_wconf 88' lang='lat' dir='ltr'><strong>minoribus</strong></span> <span class='ocrx_word' id='word_1_154' title='bbox 761 1211 1102 1277; x_wconf 88' lang='lat' dir='ltr'><strong>suis,tamen</strong></span> <span class='ocrx_word' id='word_1_155' title='bbox 1135 1210 1414 1277; x_wconf 88' lang='lat' dir='ltr'><strong>ﬁdelibus,</strong></span> <span class='ocrx_word' id='word_1_156' title='bbox 1436 1226 1533 1264; x_wconf 90' lang='lat' dir='ltr'><strong>cur</strong></span> <span class='ocrx_word' id='word_1_157' title='bbox 1558 1211 1777 1283; x_wconf 90' lang='lat' dir='ltr'><strong>adgen-</strong></span> <span class='ocrx_word' id='word_1_158' title='bbox 1882 1212 1929 1266; x_wconf 97' lang='lat' dir='ltr'><strong>al</strong></span> <span class='ocrx_word' id='word_1_159' title='bbox 1955 1213 2043 1277; x_wconf 80' lang='grc'><strong>11)</strong></span> <span class='ocrx_word' id='word_1_160' title='bbox 2088 1230 2099 1265; x_wconf 92' lang='lat'>:</span> <span class='ocrx_word' id='word_1_161' title='bbox 2136 1213 2171 1265; x_wconf 83' lang='lat' dir='ltr'><strong>A</strong></span> <span class='ocrx_word' id='word_1_162' title='bbox 2204 1211 2373 1275; x_wconf 80' lang='lat' dir='ltr'><strong>bono,</strong></span> <span class='ocrx_word' id='word_1_163' title='bbox 2400 1210 2602 1282; x_wconf 88' lang='lat' dir='ltr'><strong>inquit,</strong></span> <span class='ocrx_word' id='word_1_164' title='bbox 2633 1217 2816 1264; x_wconf 89' lang='lat' dir='ltr'><strong>vestro</strong></span> <span class='ocrx_word' id='word_1_165' title='bbox 2848 1225 2956 1263; x_wconf 92' lang='lat' dir='ltr'><strong>non</strong></span> <span class='ocrx_word' id='word_1_166' title='bbox 2990 1208 3257 1262; x_wconf 88' lang='lat' dir='ltr'><strong>dissentio</strong></span> <span class='ocrx_word' id='word_1_167' title='bbox 3317 1208 3499 1262; x_wconf 85' lang='lat' dir='ltr'><strong>Meum</strong></span> 
     </span>
    </p>
   </div>
   <div class='ocr_carea' id='block_1_13' title="bbox 180 1297 3501 1373">
    <p class='ocr_par' dir='ltr' id='par_1_13' title="bbox 180 1297 3501 1373">
     <span class='ocr_line' id='line_1_13' title="bbox 180 1297 3501 1373; baseline -0.003 -15"><span class='ocrx_word' id='word_1_168' title='bbox 180 1312 255 1359; x_wconf 86' lang='lat' dir='ltr'><strong>tes</strong></span> <span class='ocrx_word' id='word_1_169' title='bbox 284 1303 588 1370; x_wconf 83' lang='lat' dir='ltr'><strong>intraverit,</strong></span> <span class='ocrx_word' id='word_1_170' title='bbox 623 1303 796 1358; x_wconf 89' lang='lat' dir='ltr'><strong>isdem</strong></span> <span class='ocrx_word' id='word_1_171' title='bbox 821 1303 1195 1373; x_wconf 89' lang='lat' dir='ltr'><strong>apostolorum</strong></span> <span class='ocrx_word' id='word_1_172' title='bbox 1239 1303 1497 1373; x_wconf 87' lang='lat' dir='ltr'><strong>princeps</strong></span> <span class='ocrx_word' id='word_1_173' title='bbox 1536 1317 1781 1357; x_wconf 89' lang='lat' dir='ltr'><strong>summo-</strong></span> <span class='ocrx_word' id='word_1_174' title='bbox 1882 1300 1953 1355; x_wconf 89' lang='lat' dir='ltr'><strong>sit</strong></span> <span class='ocrx_word' id='word_1_175' title='bbox 1984 1300 2130 1370; x_wconf 91' lang='lat' dir='ltr'><strong>quod</strong></span> <span class='ocrx_word' id='word_1_176' title='bbox 2166 1300 2272 1371; x_wconf 89' lang='lat' dir='ltr'><strong>ipsi</strong></span> <span class='ocrx_word' id='word_1_177' title='bbox 2304 1299 2531 1355; x_wconf 89' lang='lat' dir='ltr'><strong>fecistis.</strong></span> <span class='ocrx_word' id='word_1_178' title='bbox 2571 1299 2665 1356; x_wconf 88' lang='lat' dir='ltr'><strong>Cui</strong></span> <span class='ocrx_word' id='word_1_179' title='bbox 2723 1298 2875 1353; x_wconf 90' lang='lat' dir='ltr'><strong>velut</strong></span> <span class='ocrx_word' id='word_1_180' title='bbox 2906 1297 2950 1351; x_wconf 92' lang='lat' dir='ltr'><strong>si</strong></span> <span class='ocrx_word' id='word_1_181' title='bbox 2984 1297 3169 1350; x_wconf 87' lang='lat' dir='ltr'><strong>dicere</strong></span> <span class='ocrx_word' id='word_1_182' title='bbox 3198 1312 3501 1367; x_wconf 70' lang='lat' dir='ltr'><strong>praesuma-</strong></span> 
     </span>
    </p>
   </div>
   <div class='ocr_carea' id='block_1_14' title="bbox 180 1385 3503 1465">
    <p class='ocr_par' dir='ltr' id='par_1_14' title="bbox 180 1385 3503 1465">
     <span class='ocr_line' id='line_1_14' title="bbox 180 1385 3503 1465; baseline -0.002 -19"><span class='ocrx_word' id='word_1_183' title='bbox 180 1408 289 1446; x_wconf 91' lang='lat' dir='ltr'><strong>rum</strong></span> <span class='ocrx_word' id='word_1_184' title='bbox 318 1393 491 1465; x_wconf 87' lang='lat' dir='ltr'><strong>gratia</strong></span> <span class='ocrx_word' id='word_1_185' title='bbox 534 1393 807 1448; x_wconf 92' lang='lat' dir='ltr'><strong>donorum</strong></span> <span class='ocrx_word' id='word_1_186' title='bbox 862 1392 1109 1463; x_wconf 90' lang='lat' dir='ltr'><strong>repletus</strong></span> <span class='ocrx_word' id='word_1_187' title='bbox 1174 1400 1228 1446; x_wconf 90' lang='lat' dir='ltr'><strong>et</strong></span> <span class='ocrx_word' id='word_1_188' title='bbox 1291 1390 1777 1445; x_wconf 88' lang='lat' dir='ltr'><strong>innumerabilium</strong></span> <span class='ocrx_word' id='word_1_189' title='bbox 1883 1409 2025 1459; x_wconf 92' lang='lat' dir='ltr'><strong>mus,</strong></span> <span class='ocrx_word' id='word_1_190' title='bbox 2059 1408 2229 1464; x_wconf 89' lang='lat' dir='ltr'><strong>quare</strong></span> <span class='ocrx_word' id='word_1_191' title='bbox 2273 1393 2346 1447; x_wconf 89' lang='lat' dir='ltr'><strong>ita</strong></span> <span class='ocrx_word' id='word_1_192' title='bbox 2376 1400 2537 1447; x_wconf 88' lang='lat' dir='ltr'><strong>caute</strong></span> <span class='ocrx_word' id='word_1_193' title='bbox 2598 1390 2890 1462; x_wconf 88' lang='lat' dir='ltr'><strong>discipulis</strong></span> <span class='ocrx_word' id='word_1_194' title='bbox 2914 1397 2965 1445; x_wconf 89' lang='lat' dir='ltr'><strong>te</strong></span> <span class='ocrx_word' id='word_1_195' title='bbox 2995 1388 3224 1458; x_wconf 89' lang='lat' dir='ltr'><strong>cepulas</strong></span> <span class='ocrx_word' id='word_1_196' title='bbox 3259 1385 3287 1440; x_wconf 70' lang='grc'><strong>7</strong></span> <span class='ocrx_word' id='word_1_197' title='bbox 3332 1403 3503 1459; x_wconf 89' lang='lat' dir='ltr'><strong>quare</strong></span> 
     </span>
    </p>
   </div>
   <div class='ocr_carea' id='block_1_15' title="bbox 179 1479 3506 1555">
    <p class='ocr_par' dir='ltr' id='par_1_15' title="bbox 179 1479 3506 1555">
     <span class='ocr_line' id='line_1_15' title="bbox 179 1479 3506 1555; baseline -0.002 -17"><span class='ocrx_word' id='word_1_198' title='bbox 179 1484 557 1541; x_wconf 87' lang='lat' dir='ltr'><strong>miraculorum</strong></span> <span class='ocrx_word' id='word_1_199' title='bbox 622 1491 889 1555; x_wconf 87' lang='lat' dir='ltr'><strong>potestate</strong></span> <span class='ocrx_word' id='word_1_200' title='bbox 943 1484 1218 1549; x_wconf 75' lang='lat' dir='ltr'><strong>suffultus,</strong></span> <span class='ocrx_word' id='word_1_201' title='bbox 1286 1484 1528 1554; x_wconf 70' lang='lat' dir='ltr'><strong>querela)</strong></span> <span class='ocrx_word' id='word_1_202' title='bbox 1568 1497 1681 1537; x_wconf 92' lang='lat' dir='ltr'><strong>non</strong></span> <span class='ocrx_word' id='word_1_203' title='bbox 1716 1498 1779 1537; x_wconf 91' lang='lat' dir='ltr'><strong>ex</strong></span> <span class='ocrx_word' id='word_1_204' title='bbox 1882 1486 1968 1540; x_wconf 90' lang='lat' dir='ltr'><strong>vel</strong></span> <span class='ocrx_word' id='word_1_205' title='bbox 2002 1493 2054 1540; x_wconf 90' lang='lat' dir='ltr'><strong>te</strong></span> <span class='ocrx_word' id='word_1_206' title='bbox 2086 1485 2328 1551; x_wconf 89' lang='lat' dir='ltr'><strong>illorum,</strong></span> <span class='ocrx_word' id='word_1_207' title='bbox 2361 1485 2446 1539; x_wconf 88' lang='lat' dir='ltr'><strong>vel</strong></span> <span class='ocrx_word' id='word_1_208' title='bbox 2479 1485 2603 1539; x_wconf 89' lang='lat' dir='ltr'><strong>illos</strong></span> <span class='ocrx_word' id='word_1_209' title='bbox 2630 1483 2741 1539; x_wconf 90' lang='lat' dir='ltr'><strong>tuis</strong></span> <span class='ocrx_word' id='word_1_210' title='bbox 2781 1482 3095 1537; x_wconf 88' lang='lat' dir='ltr'><strong>actionibus</strong></span> <span class='ocrx_word' id='word_1_211' title='bbox 3126 1490 3231 1535; x_wconf 88' lang='lat' dir='ltr'><strong>tam</strong></span> <span class='ocrx_word' id='word_1_212' title='bbox 3271 1479 3506 1535; x_wconf 89' lang='lat' dir='ltr'><strong>sollicita</strong></span> 
     </span>
    </p>
   </div>
   <div class='ocr_carea' id='block_1_16' title="bbox 180 1573 3503 1646">
    <p class='ocr_par' dir='ltr' id='par_1_16' title="bbox 180 1573 3503 1646">
     <span class='ocr_line' id='line_1_16' title="bbox 180 1573 3503 1646; baseline -0.001 -15"><span class='ocrx_word' id='word_1_213' title='bbox 180 1584 455 1646; x_wconf 87' lang='lat' dir='ltr'><strong>potestate,</strong></span> <span class='ocrx_word' id='word_1_214' title='bbox 488 1576 589 1631; x_wconf 90' lang='lat' dir='ltr'><strong>sed</strong></span> <span class='ocrx_word' id='word_1_215' title='bbox 614 1592 677 1630; x_wconf 89' lang='lat' dir='ltr'><strong>ex</strong></span> <span class='ocrx_word' id='word_1_216' title='bbox 732 1576 944 1631; x_wconf 89' lang='lat' dir='ltr'><strong>ratione</strong></span> <span class='ocrx_word' id='word_1_217' title='bbox 979 1576 1286 1646; x_wconf 88' lang='lat' dir='ltr'><strong>respondit,</strong></span> <span class='ocrx_word' id='word_1_218' title='bbox 1319 1590 1652 1645; x_wconf 88' lang='lat' dir='ltr'><strong>causamque</strong></span> <span class='ocrx_word' id='word_1_219' title='bbox 1684 1590 1783 1644; x_wconf 90' lang='lat' dir='ltr'><strong>per</strong></span> <span class='ocrx_word' id='word_1_220' title='bbox 1886 1586 2071 1634; x_wconf 91' lang='lat' dir='ltr'><strong>mente</strong></span> <span class='ocrx_word' id='word_1_221' title='bbox 2091 1580 2403 1634; x_wconf 90' lang='lat' dir='ltr'><strong>conformas</strong></span> <span class='ocrx_word' id='word_1_222' title='bbox 2438 1578 2465 1631; x_wconf 78' lang='lat'><strong>?</strong></span> <span class='ocrx_word' id='word_1_223' title='bbox 2496 1586 2555 1633; x_wconf 90' lang='lat' dir='ltr'><strong>ut</strong></span> <span class='ocrx_word' id='word_1_224' title='bbox 2592 1594 2701 1633; x_wconf 92' lang='lat' dir='ltr'><strong>nou</strong></span> <span class='ocrx_word' id='word_1_225' title='bbox 2745 1574 3267 1638; x_wconf 88' lang='lat' dir='ltr'><strong>circumveniamur,</strong></span> <span class='ocrx_word' id='word_1_226' title='bbox 3303 1573 3503 1644; x_wconf 88' lang='lat' dir='ltr'><strong>inquit,</strong></span> 
     </span>
    </p>
   </div>
   <div class='ocr_carea' id='block_1_17' title="bbox 181 1664 3506 1744">
    <p class='ocr_par' dir='ltr' id='par_1_17' title="bbox 181 1664 3506 1744">
     <span class='ocr_line' id='line_1_17' title="bbox 181 1664 3506 1744; baseline -0.001 -22"><span class='ocrx_word' id='word_1_227' title='bbox 181 1668 417 1723; x_wconf 90' lang='lat' dir='ltr'><strong>ordinem</strong></span> <span class='ocrx_word' id='word_1_228' title='bbox 455 1683 523 1722; x_wconf 90' lang='lat' dir='ltr'><strong>ea</strong></span> <span class='ocrx_word' id='word_1_229' title='bbox 550 1666 976 1721; x_wconf 88' lang='lat' dir='ltr'><strong>mansuetudine</strong></span> <span class='ocrx_word' id='word_1_230' title='bbox 1022 1666 1302 1737; x_wconf 80' lang='lat' dir='ltr'><strong>exposuit,</strong></span> <span class='ocrx_word' id='word_1_231' title='bbox 1337 1681 1444 1736; x_wconf 90' lang='lat' dir='ltr'><strong>qua</strong></span> <span class='ocrx_word' id='word_1_232' title='bbox 1476 1664 1783 1719; x_wconf 85' lang='lat' dir='ltr'><strong>humilitate</strong></span> <span class='ocrx_word' id='word_1_233' title='bbox 1815 1722 1862 1744; x_wconf 53' lang='grc' dir='ltr'>ἡ</span> <span class='ocrx_word' id='word_1_234' title='bbox 1886 1689 1917 1726; x_wconf 76' lang='lat' dir='ltr'><strong>a</strong></span> <span class='ocrx_word' id='word_1_235' title='bbox 1945 1674 2141 1727; x_wconf 74' lang='lat' dir='ltr'><strong>satana</strong></span> <span class='ocrx_word' id='word_1_236' title='bbox 2178 1690 2190 1726; x_wconf 83' lang='lat'><strong>;</strong></span> <span class='ocrx_word' id='word_1_237' title='bbox 2227 1689 2336 1727; x_wconf 79' lang='lat' dir='ltr'><strong>non</strong></span> <span class='ocrx_word' id='word_1_238' title='bbox 2392 1672 2540 1726; x_wconf 76' lang='lat' dir='ltr'><strong>enim</strong></span> <span class='ocrx_word' id='word_1_239' title='bbox 2610 1672 2931 1744; x_wconf 78' lang='lat' dir='ltr'><strong>ignoramus</strong></span> <span class='ocrx_word' id='word_1_240' title='bbox 2987 1668 3354 1741; x_wconf 80' lang='lat' dir='ltr'><strong>cogitationes</strong></span> <span class='ocrx_word' id='word_1_241' title='bbox 3385 1668 3506 1735; x_wconf 88' lang='lat' dir='ltr'><strong>ejus</strong></span> 
     </span>
    </p>
   </div>
   <div class='ocr_carea' id='block_1_18' title="bbox 182 1757 3506 1833">
    <p class='ocr_par' dir='ltr' id='par_1_18' title="bbox 182 1757 3506 1833">
     <span class='ocr_line' id='line_1_18' title="bbox 182 1757 3506 1833; baseline -0.002 -17"><span class='ocrx_word' id='word_1_242' title='bbox 182 1761 394 1832; x_wconf 73' lang='lat' dir='ltr'><strong>praefato</strong></span> <span class='ocrx_word' id='word_1_243' title='bbox 414 1761 669 1817; x_wconf 84' lang='lat' dir='ltr'><strong>Cornelio</strong></span> <span class='ocrx_word' id='word_1_244' title='bbox 701 1776 761 1815; x_wconf 91' lang='lat' dir='ltr'><strong>se</strong></span> <span class='ocrx_word' id='word_1_245' title='bbox 792 1760 1022 1814; x_wconf 90' lang='lat' dir='ltr'><strong>adorare</strong></span> <span class='ocrx_word' id='word_1_246' title='bbox 1067 1760 1273 1815; x_wconf 89' lang='lat' dir='ltr'><strong>volenti</strong></span> <span class='ocrx_word' id='word_1_247' title='bbox 1320 1760 1455 1815; x_wconf 83' lang='lat' dir='ltr'><strong>dixit</strong></span> <span class='ocrx_word' id='word_1_248' title='bbox 1486 1779 1497 1815; x_wconf 90' lang='lat'>:</span> <span class='ocrx_word' id='word_1_249' title='bbox 1540 1762 1675 1815; x_wconf 84' lang='lat' dir='ltr'><strong>Vide</strong></span> <span class='ocrx_word' id='word_1_250' title='bbox 1714 1776 1783 1814; x_wconf 88' lang='lat' dir='ltr'><strong>ne</strong></span> <span class='ocrx_word' id='word_1_251' title='bbox 1815 1757 1941 1817; x_wconf 75' lang='lat' dir='ltr'><strong>“id</strong></span> <span class='ocrx_word' id='word_1_252' title='bbox 1970 1772 2070 1827; x_wconf 87' lang='lat' dir='ltr'><strong>est,</strong></span> <span class='ocrx_word' id='word_1_253' title='bbox 2103 1778 2169 1816; x_wconf 91' lang='lat' dir='ltr'><strong>ne</strong></span> <span class='ocrx_word' id='word_1_254' title='bbox 2194 1764 2297 1817; x_wconf 91' lang='lat' dir='ltr'><strong>hoc</strong></span> <span class='ocrx_word' id='word_1_255' title='bbox 2320 1762 2467 1833; x_wconf 91' lang='lat' dir='ltr'><strong>quod</strong></span> <span class='ocrx_word' id='word_1_256' title='bbox 2526 1762 2671 1815; x_wconf 86' lang='lat' dir='ltr'><strong>bene</strong></span> <span class='ocrx_word' id='word_1_257' title='bbox 2705 1776 2860 1814; x_wconf 89' lang='lat' dir='ltr'><strong>mens</strong></span> <span class='ocrx_word' id='word_1_258' title='bbox 2886 1759 3113 1813; x_wconf 85' lang='lat' dir='ltr'><strong>inchoat</strong></span> <span class='ocrx_word' id='word_1_259' title='bbox 3140 1757 3261 1827; x_wconf 89' lang='lat' dir='ltr'><strong>ipse</strong></span> <span class='ocrx_word' id='word_1_260' title='bbox 3294 1757 3348 1809; x_wconf 92' lang='lat' dir='ltr'><strong>in</strong></span> <span class='ocrx_word' id='word_1_261' title='bbox 3382 1773 3506 1810; x_wconf 88' lang='lat' dir='ltr'><strong>ma-</strong></span> 
     </span>
    </p>
   </div>
   <div class='ocr_carea' id='block_1_19' title="bbox 182 1847 3509 1925">
    <p class='ocr_par' dir='ltr' id='par_1_19' title="bbox 182 1847 3509 1925">
     <span class='ocr_line' id='line_1_19' title="bbox 182 1847 3509 1925; baseline -0.002 -18"><span class='ocrx_word' id='word_1_262' title='bbox 182 1853 387 1908; x_wconf 90' lang='lat' dir='ltr'><strong>feceris.</strong></span> <span class='ocrx_word' id='word_1_263' title='bbox 438 1853 575 1906; x_wconf 90' lang='lat' dir='ltr'><strong>Nam</strong></span> <span class='ocrx_word' id='word_1_264' title='bbox 631 1858 686 1906; x_wconf 92' lang='lat' dir='ltr'><strong>et</strong></span> <span class='ocrx_word' id='word_1_265' title='bbox 742 1866 846 1925; x_wconf 92' lang='lat' dir='ltr'><strong>ego</strong></span> <span class='ocrx_word' id='word_1_266' title='bbox 892 1851 1010 1921; x_wconf 91' lang='lat' dir='ltr'><strong>ipse</strong></span> <span class='ocrx_word' id='word_1_267' title='bbox 1061 1850 1224 1905; x_wconf 89' lang='lat' dir='ltr'><strong>homo</strong></span> <span class='ocrx_word' id='word_1_268' title='bbox 1271 1866 1419 1917; x_wconf 91' lang='lat' dir='ltr'><strong>sum,</strong></span> <span class='ocrx_word' id='word_1_269' title='bbox 1468 1851 1610 1905; x_wconf 91' lang='lat' dir='ltr'><strong>sicut</strong></span> <span class='ocrx_word' id='word_1_270' title='bbox 1638 1858 1693 1905; x_wconf 90' lang='lat' dir='ltr'><strong>et</strong></span> <span class='ocrx_word' id='word_1_271' title='bbox 1730 1857 1788 1904; x_wconf 90' lang='lat' dir='ltr'><strong>tu</strong></span> <span class='ocrx_word' id='word_1_272' title='bbox 1889 1853 2019 1906; x_wconf 67' lang='lat' dir='ltr'><strong>Iitize</strong></span> <span class='ocrx_word' id='word_1_273' title='bbox 2046 1851 2211 1906; x_wconf 89' lang='lat' dir='ltr'><strong>ﬁnem</strong></span> <span class='ocrx_word' id='word_1_274' title='bbox 2258 1858 2454 1915; x_wconf 85' lang='lat' dir='ltr'><strong>vertat,</strong></span> <span class='ocrx_word' id='word_1_275' title='bbox 2504 1852 2563 1905; x_wconf 87' lang='lat' dir='ltr'><strong>Et</strong></span> <span class='ocrx_word' id='word_1_276' title='bbox 2605 1850 2961 1905; x_wconf 87' lang='lat' dir='ltr'><strong>Innocentius</strong></span> <span class='ocrx_word' id='word_1_277' title='bbox 3018 1849 3198 1918; x_wconf 80' lang='lat' dir='ltr'><strong>(epist,</strong></span> <span class='ocrx_word' id='word_1_278' title='bbox 3231 1864 3400 1913; x_wconf 83' lang='lat' dir='ltr'><strong>xxvn,</strong></span> <span class='ocrx_word' id='word_1_279' title='bbox 3436 1847 3509 1900; x_wconf 86' lang='lat' dir='ltr'><strong>ad</strong></span> 
     </span>
    </p>
   </div>
   <div class='ocr_carea' id='block_1_20' title="bbox 185 1937 3571 2012">
    <p class='ocr_par' dir='ltr' id='par_1_20' title="bbox 185 1937 3571 2012">
     <span class='ocr_line' id='line_1_20' title="bbox 185 1937 3571 2012; baseline -0.002 -16"><span class='ocrx_word' id='word_1_280' title='bbox 185 1942 315 2010; x_wconf 80' lang='lat' dir='ltr'><strong>(Act.</strong></span> <span class='ocrx_word' id='word_1_281' title='bbox 350 1941 418 2008; x_wconf 89' lang='lat' dir='ltr'><strong>x).</strong></span> <span class='ocrx_word' id='word_1_282' title='bbox 452 1940 512 1994; x_wconf 91' lang='lat' dir='ltr'><strong>Si</strong></span> <span class='ocrx_word' id='word_1_283' title='bbox 539 1939 685 1994; x_wconf 91' lang='lat' dir='ltr'><strong>enim</strong></span> <span class='ocrx_word' id='word_1_284' title='bbox 722 1939 778 1993; x_wconf 91' lang='lat' dir='ltr'><strong>in</strong></span> <span class='ocrx_word' id='word_1_285' title='bbox 807 1939 1035 2009; x_wconf 85' lang='lat' dir='ltr'><strong>querela</strong></span> <span class='ocrx_word' id='word_1_286' title='bbox 1096 1937 1365 2004; x_wconf 90' lang='lat' dir='ltr'><strong>ﬁdelium,</strong></span> <span class='ocrx_word' id='word_1_287' title='bbox 1416 1946 1475 1993; x_wconf 90' lang='lat' dir='ltr'><strong>ut</strong></span> <span class='ocrx_word' id='word_1_288' title='bbox 1498 1938 1790 2011; x_wconf 81' lang='lat' dir='ltr'><strong>Gregorius</strong></span> <span class='ocrx_word' id='word_1_289' title='bbox 1887 1946 2046 2012; x_wconf 82' lang='lat' dir='ltr'><strong>epist.</strong></span> <span class='ocrx_word' id='word_1_290' title='bbox 2101 1943 2332 2010; x_wconf 79' lang='lat' dir='ltr'><strong>Maced,)</strong></span> <span class='ocrx_word' id='word_1_291' title='bbox 2378 1942 2532 1995; x_wconf 83' lang='lat' dir='ltr'><strong>:Haec</strong></span> <span class='ocrx_word' id='word_1_292' title='bbox 2591 1941 2658 1994; x_wconf 90' lang='lat' dir='ltr'><strong>ad</strong></span> <span class='ocrx_word' id='word_1_293' title='bbox 2716 1939 3032 1994; x_wconf 88' lang='lat' dir='ltr'><strong>Corinthios</strong></span> <span class='ocrx_word' id='word_1_294' title='bbox 3071 1938 3373 2008; x_wconf 89' lang='lat' dir='ltr'><strong>apostolica</strong></span> <span class='ocrx_word' id='word_1_295' title='bbox 3422 1945 3505 1990; x_wconf 89' lang='lat' dir='ltr'><strong>est</strong></span> <span class='ocrx_word' id='word_1_296' title='bbox 3566 1972 3571 1975; x_wconf 56' lang='grc' dir='ltr'><strong><em>τ</em></strong></span> 
     </span>
    </p>
   </div>
   <div class='ocr_carea' id='block_1_21' title="bbox 186 2028 3505 2107">
    <p class='ocr_par' dir='ltr' id='par_1_21' title="bbox 186 2028 3505 2107">
     <span class='ocr_line' id='line_1_21' title="bbox 186 2028 3505 2107; baseline -0.001 -21"><span class='ocrx_word' id='word_1_297' title='bbox 186 2032 327 2099; x_wconf 89' lang='lat' dir='ltr'><strong>dicit,</strong></span> <span class='ocrx_word' id='word_1_298' title='bbox 381 2031 598 2103; x_wconf 89' lang='lat' dir='ltr'><strong>aliquid</strong></span> <span class='ocrx_word' id='word_1_299' title='bbox 643 2031 710 2085; x_wconf 91' lang='lat' dir='ltr'><strong>de</strong></span> <span class='ocrx_word' id='word_1_300' title='bbox 770 2047 868 2084; x_wconf 87' lang='lat' dir='ltr'><strong>sua</strong></span> <span class='ocrx_word' id='word_1_301' title='bbox 920 2037 1194 2101; x_wconf 88' lang='lat' dir='ltr'><strong>potestate</strong></span> <span class='ocrx_word' id='word_1_302' title='bbox 1256 2029 1486 2093; x_wconf 88' lang='lat' dir='ltr'><strong>diceret,</strong></span> <span class='ocrx_word' id='word_1_303' title='bbox 1544 2028 1788 2100; x_wconf 89' lang='lat' dir='ltr'><strong>profecto</strong></span> <span class='ocrx_word' id='word_1_304' title='bbox 1889 2034 2164 2089; x_wconf 87' lang='lat' dir='ltr'><strong>declarata</strong></span> <span class='ocrx_word' id='word_1_305' title='bbox 2194 2033 2533 2107; x_wconf 84' lang='lat' dir='ltr'><strong>benignitas,</strong></span> <span class='ocrx_word' id='word_1_306' title='bbox 2581 2041 2641 2087; x_wconf 92' lang='lat' dir='ltr'><strong>ut</strong></span> <span class='ocrx_word' id='word_1_307' title='bbox 2693 2031 2747 2085; x_wconf 91' lang='lat' dir='ltr'><strong>in</strong></span> <span class='ocrx_word' id='word_1_308' title='bbox 2801 2047 2910 2086; x_wconf 92' lang='lat' dir='ltr'><strong>uno</strong></span> <span class='ocrx_word' id='word_1_309' title='bbox 2966 2030 3163 2101; x_wconf 88' lang='lat' dir='ltr'><strong>spiritu</strong></span> <span class='ocrx_word' id='word_1_310' title='bbox 3188 2029 3409 2082; x_wconf 90' lang='lat' dir='ltr'><strong>ductam</strong></span> <span class='ocrx_word' id='word_1_311' title='bbox 3444 2043 3505 2082; x_wconf 89' lang='lat' dir='ltr'><strong>ac</strong></span> 
     </span>
    </p>
   </div>
   <div class='ocr_carea' id='block_1_22' title="bbox 182 2118 3507 2194">
    <p class='ocr_par' dir='ltr' id='par_1_22' title="bbox 182 2118 3507 2194">
     <span class='ocr_line' id='line_1_22' title="bbox 182 2118 3507 2194; baseline -0.001 -19"><span class='ocrx_word' id='word_1_312' title='bbox 182 2121 363 2176; x_wconf 89' lang='lat' dir='ltr'><strong>doctor</strong></span> <span class='ocrx_word' id='word_1_313' title='bbox 385 2119 835 2176; x_wconf 88' lang='lat' dir='ltr'><strong>mansuetudinis</strong></span> <span class='ocrx_word' id='word_1_314' title='bbox 866 2134 977 2173; x_wconf 89' lang='lat' dir='ltr'><strong>non</strong></span> <span class='ocrx_word' id='word_1_315' title='bbox 1032 2118 1246 2173; x_wconf 89' lang='lat' dir='ltr'><strong>fuisset.</strong></span> <span class='ocrx_word' id='word_1_316' title='bbox 1285 2118 1485 2173; x_wconf 86' lang='lat' dir='ltr'><strong>llumili</strong></span> <span class='ocrx_word' id='word_1_317' title='bbox 1530 2133 1660 2192; x_wconf 90' lang='lat' dir='ltr'><strong>ergo</strong></span> <span class='ocrx_word' id='word_1_318' title='bbox 1691 2133 1787 2173; x_wconf 91' lang='lat' dir='ltr'><strong>eos</strong></span> <span class='ocrx_word' id='word_1_319' title='bbox 1890 2126 2172 2181; x_wconf 65' lang='lat' dir='ltr'><strong>reductam</strong></span> <span class='ocrx_word' id='word_1_320' title='bbox 2214 2127 2546 2181; x_wconf 63' lang='lat' dir='ltr'><strong>sententiam</strong></span> <span class='ocrx_word' id='word_1_321' title='bbox 2580 2124 2711 2178; x_wconf 83' lang='lat' dir='ltr'><strong>boni</strong></span> <span class='ocrx_word' id='word_1_322' title='bbox 2742 2139 2961 2194; x_wconf 81' lang='lat' dir='ltr'><strong>semper</strong></span> <span class='ocrx_word' id='word_1_323' title='bbox 3010 2120 3393 2175; x_wconf 72' lang='lat' dir='ltr'><strong>indiﬁ&#39;ercnter</strong></span> <span class='ocrx_word' id='word_1_324' title='bbox 3416 2135 3507 2174; x_wconf 90' lang='lat' dir='ltr'><strong>se-</strong></span> 
     </span>
    </p>
   </div>
   <div class='ocr_carea' id='block_1_23' title="bbox 184 2206 2145 2288">
    <p class='ocr_par' dir='ltr' id='par_1_23' title="bbox 184 2206 2145 2288">
     <span class='ocr_line' id='line_1_23' title="bbox 184 2206 2145 2288; baseline -0.002 -25"><span class='ocrx_word' id='word_1_325' title='bbox 184 2211 382 2266; x_wconf 88' lang='lat' dir='ltr'><strong>ratione</strong></span> <span class='ocrx_word' id='word_1_326' title='bbox 410 2210 669 2281; x_wconf 87' lang='lat' dir='ltr'><strong>placavit,</strong></span> <span class='ocrx_word' id='word_1_327' title='bbox 703 2218 868 2279; x_wconf 91' lang='lat' dir='ltr'><strong>atque</strong></span> <span class='ocrx_word' id='word_1_328' title='bbox 900 2208 952 2261; x_wconf 92' lang='lat' dir='ltr'><strong>in</strong></span> <span class='ocrx_word' id='word_1_329' title='bbox 982 2224 1143 2263; x_wconf 89' lang='lat' dir='ltr'><strong>causa</strong></span> <span class='ocrx_word' id='word_1_330' title='bbox 1195 2206 1649 2278; x_wconf 88' lang='lat' dir='ltr'><strong>reprehensionis</strong></span> <span class='ocrx_word' id='word_1_331' title='bbox 1676 2222 1788 2261; x_wconf 64' lang='lat' dir='ltr'><strong>suae</strong></span> <span class='ocrx_word' id='word_1_332' title='bbox 1890 2224 2145 2288; x_wconf 58' lang='lat' dir='ltr'><strong>quantm,</strong></span> 
     </span>
    </p>
   </div>
   <div class='ocr_carea' id='block_1_24' title="bbox 184 2295 1803 2374">
    <p class='ocr_par' dir='ltr' id='par_1_24' title="bbox 184 2295 1790 2362">
     <span class='ocr_line' id='line_1_24' title="bbox 184 2295 1790 2362; baseline -0.002 -10"><span class='ocrx_word' id='word_1_333' title='bbox 184 2299 451 2355; x_wconf 87' lang='lat' dir='ltr'><strong>humiliter</strong></span> <span class='ocrx_word' id='word_1_334' title='bbox 479 2298 756 2353; x_wconf 87' lang='lat' dir='ltr'><strong>rationem</strong></span> <span class='ocrx_word' id='word_1_335' title='bbox 805 2295 1070 2362; x_wconf 89' lang='lat' dir='ltr'><strong>reddidit,</strong></span> <span class='ocrx_word' id='word_1_336' title='bbox 1131 2304 1186 2351; x_wconf 91' lang='lat' dir='ltr'><strong>et</strong></span> <span class='ocrx_word' id='word_1_337' title='bbox 1229 2296 1392 2350; x_wconf 89' lang='lat' dir='ltr'><strong>etiam</strong></span> <span class='ocrx_word' id='word_1_338' title='bbox 1434 2304 1601 2350; x_wconf 89' lang='lat' dir='ltr'><strong>testes</strong></span> <span class='ocrx_word' id='word_1_339' title='bbox 1631 2295 1790 2349; x_wconf 89' lang='lat' dir='ltr'><strong>adhi-</strong></span> 
     </span>
    </p>
   </div>
   <div class='ocr_carea' id='block_1_25' title="bbox 1906 2295 3508 2374">
    <p class='ocr_par' dir='ltr' id='par_1_25' title="bbox 1964 2300 3508 2374">
     <span class='ocr_line' id='line_1_25' title="bbox 1964 2300 3508 2374; baseline 0.001 -21"><span class='ocrx_word' id='word_1_340' title='bbox 1964 2332 1987 2353; x_wconf 72' lang='grc' dir='ltr'>ι.</span> <span class='ocrx_word' id='word_1_341' title='bbox 2015 2306 2076 2359; x_wconf 86' lang='lat' dir='ltr'><strong>Et</strong></span> <span class='ocrx_word' id='word_1_342' title='bbox 2104 2305 2208 2359; x_wconf 87' lang='lat' dir='ltr'><strong>Leo</strong></span> <span class='ocrx_word' id='word_1_343' title='bbox 2229 2320 2294 2358; x_wconf 89' lang='lat' dir='ltr'><strong>ex</strong></span> <span class='ocrx_word' id='word_1_344' title='bbox 2333 2303 2595 2374; x_wconf 76' lang='lat' dir='ltr'><strong>Apostolo</strong></span> <span class='ocrx_word' id='word_1_345' title='bbox 2645 2306 2818 2371; x_wconf 83' lang='lat' dir='ltr'><strong>(epist,</strong></span> <span class='ocrx_word' id='word_1_346' title='bbox 2874 2302 2944 2357; x_wconf 67' lang='lat' dir='ltr'><strong>8i</strong></span> <span class='ocrx_word' id='word_1_347' title='bbox 3003 2318 3104 2371; x_wconf 80' lang='lat' dir='ltr'><strong>cap</strong></span> <span class='ocrx_word' id='word_1_348' title='bbox 3156 2302 3241 2371; x_wconf 81' lang='lat'><strong>11)</strong></span> <span class='ocrx_word' id='word_1_349' title='bbox 3281 2321 3301 2350; x_wconf 77' lang='grc' dir='ltr'><strong>ι</strong></span> <span class='ocrx_word' id='word_1_350' title='bbox 3338 2300 3508 2355; x_wconf 85' lang='lat' dir='ltr'><strong>Nemo</strong></span> 
     </span>
    </p>
   </div>
   <div class='ocr_carea' id='block_1_26' title="bbox 185 2386 3507 2467">
    <p class='ocr_par' dir='ltr' id='par_1_26' title="bbox 185 2386 3507 2467">
     <span class='ocr_line' id='line_1_26' title="bbox 185 2386 3507 2467; baseline -0.004 -24"><span class='ocrx_word' id='word_1_351' title='bbox 185 2390 313 2457; x_wconf 89' lang='lat' dir='ltr'><strong>buit,</strong></span> <span class='ocrx_word' id='word_1_352' title='bbox 345 2390 542 2445; x_wconf 88' lang='lat' dir='ltr'><strong>dicens</strong></span> <span class='ocrx_word' id='word_1_353' title='bbox 572 2407 585 2443; x_wconf 88' lang='lat'><strong>:</strong></span> <span class='ocrx_word' id='word_1_354' title='bbox 616 2390 893 2444; x_wconf 88' lang='lat' dir='ltr'><strong>Venerunt</strong></span> <span class='ocrx_word' id='word_1_355' title='bbox 918 2398 1100 2442; x_wconf 88' lang='lat' dir='ltr'><strong>autem</strong></span> <span class='ocrx_word' id='word_1_356' title='bbox 1135 2403 1349 2442; x_wconf 89' lang='lat' dir='ltr'><strong>mecum</strong></span> <span class='ocrx_word' id='word_1_357' title='bbox 1382 2394 1436 2441; x_wconf 90' lang='lat' dir='ltr'><strong>et</strong></span> <span class='ocrx_word' id='word_1_358' title='bbox 1469 2403 1562 2441; x_wconf 90' lang='lat' dir='ltr'><strong>sex</strong></span> <span class='ocrx_word' id='word_1_359' title='bbox 1596 2386 1789 2441; x_wconf 87' lang='lat' dir='ltr'><strong>fratres</strong></span> <span class='ocrx_word' id='word_1_360' title='bbox 1889 2396 2037 2467; x_wconf 76' lang='lat' dir='ltr'><strong>quod</strong></span> <span class='ocrx_word' id='word_1_361' title='bbox 2068 2412 2229 2449; x_wconf 73' lang='lat' dir='ltr'><strong>suum</strong></span> <span class='ocrx_word' id='word_1_362' title='bbox 2259 2401 2341 2449; x_wconf 66' lang='lat' dir='ltr'><strong>est</strong></span> <span class='ocrx_word' id='word_1_363' title='bbox 2369 2401 2596 2465; x_wconf 56' lang='lat' dir='ltr'><strong>quaerat,</strong></span> <span class='ocrx_word' id='word_1_364' title='bbox 2640 2395 2738 2448; x_wconf 75' lang='lat' dir='ltr'><strong>sed</strong></span> <span class='ocrx_word' id='word_1_365' title='bbox 2780 2394 2927 2465; x_wconf 75' lang='lat' dir='ltr'><strong>quod</strong></span> <span class='ocrx_word' id='word_1_366' title='bbox 2956 2393 3205 2456; x_wconf 56' lang='lat' dir='ltr'><strong>alterius,</strong></span> <span class='ocrx_word' id='word_1_367' title='bbox 3241 2399 3294 2446; x_wconf 70' lang='grc' dir='ltr'>οι</span> <span class='ocrx_word' id='word_1_368' title='bbox 3329 2408 3507 2446; x_wconf 63' lang='lat' dir='ltr'><strong>unus-</strong></span> 
     </span>
    </p>
   </div>
   <div class='ocr_carea' id='block_1_27' title="bbox 187 2480 3508 2556">
    <p class='ocr_par' dir='ltr' id='par_1_27' title="bbox 187 2480 3508 2556">
     <span class='ocr_line' id='line_1_27' title="bbox 187 2480 3508 2556; baseline -0.002 -20"><span class='ocrx_word' id='word_1_369' title='bbox 187 2483 268 2537; x_wconf 88' lang='lat' dir='ltr'><strong>isti</strong></span> <span class='ocrx_word' id='word_1_370' title='bbox 293 2485 427 2550; x_wconf 83' lang='lat' dir='ltr'><strong>(Act.</strong></span> <span class='ocrx_word' id='word_1_371' title='bbox 452 2486 556 2550; x_wconf 77' lang='lat' dir='ltr'><strong>xx).</strong></span> <span class='ocrx_word' id='word_1_372' title='bbox 601 2482 765 2550; x_wconf 81' lang='lat' dir='ltr'><strong>Cujus</strong></span> <span class='ocrx_word' id='word_1_373' title='bbox 792 2481 1057 2536; x_wconf 87' lang='lat' dir='ltr'><strong>humilem</strong></span> <span class='ocrx_word' id='word_1_374' title='bbox 1100 2481 1504 2546; x_wconf 84' lang='lat' dir='ltr'><strong>auctoritatem,</strong></span> <span class='ocrx_word' id='word_1_375' title='bbox 1529 2488 1586 2534; x_wconf 90' lang='lat' dir='ltr'><strong>et</strong></span> <span class='ocrx_word' id='word_1_376' title='bbox 1635 2495 1791 2533; x_wconf 90' lang='lat' dir='ltr'><strong>man-</strong></span> <span class='ocrx_word' id='word_1_377' title='bbox 1889 2485 2123 2556; x_wconf 82' lang='lat' dir='ltr'><strong>quisque</strong></span> <span class='ocrx_word' id='word_1_378' title='bbox 2150 2484 2400 2555; x_wconf 83' lang='lat' dir='ltr'><strong>proximo</strong></span> <span class='ocrx_word' id='word_1_379' title='bbox 2430 2498 2530 2537; x_wconf 85' lang='lat' dir='ltr'><strong>suo</strong></span> <span class='ocrx_word' id='word_1_380' title='bbox 2563 2483 2776 2553; x_wconf 85' lang='lat' dir='ltr'><strong>placeat</strong></span> <span class='ocrx_word' id='word_1_381' title='bbox 2826 2483 2879 2535; x_wconf 88' lang='lat' dir='ltr'><strong>in</strong></span> <span class='ocrx_word' id='word_1_382' title='bbox 2910 2481 3055 2536; x_wconf 88' lang='lat' dir='ltr'><strong>bono</strong></span> <span class='ocrx_word' id='word_1_383' title='bbox 3084 2481 3150 2535; x_wconf 90' lang='lat' dir='ltr'><strong>ad</strong></span> <span class='ocrx_word' id='word_1_384' title='bbox 3174 2480 3508 2535; x_wconf 67' lang='lat' dir='ltr'><strong>aediﬁcatio-</strong></span> 
     </span>
    </p>
   </div>
   <div class='ocr_carea' id='block_1_28' title="bbox 187 2568 3513 2641">
    <p class='ocr_par' dir='ltr' id='par_1_28' title="bbox 187 2568 3513 2641">
     <span class='ocr_line' id='line_1_28' title="bbox 187 2568 3513 2641; baseline -0.001 -16"><span class='ocrx_word' id='word_1_385' title='bbox 187 2572 547 2627; x_wconf 89' lang='lat' dir='ltr'><strong>suetissimam</strong></span> <span class='ocrx_word' id='word_1_386' title='bbox 590 2578 937 2641; x_wconf 89' lang='lat' dir='ltr'><strong>potestatem,</strong></span> <span class='ocrx_word' id='word_1_387' title='bbox 996 2579 1049 2624; x_wconf 91' lang='lat' dir='ltr'><strong>et</strong></span> <span class='ocrx_word' id='word_1_388' title='bbox 1115 2569 1474 2625; x_wconf 90' lang='lat' dir='ltr'><strong>rectissimam</strong></span> <span class='ocrx_word' id='word_1_389' title='bbox 1523 2569 1791 2639; x_wconf 69' lang='lat' dir='ltr'><strong>praedica-</strong></span> <span class='ocrx_word' id='word_1_390' title='bbox 1890 2590 2015 2627; x_wconf 92' lang='lat' dir='ltr'><strong>nem</strong></span> <span class='ocrx_word' id='word_1_391' title='bbox 2043 2575 2081 2640; x_wconf 85' lang='lat'><strong>(1</strong></span> <span class='ocrx_word' id='word_1_392' title='bbox 2105 2574 2223 2628; x_wconf 85' lang='lat' dir='ltr'><strong>Cor.</strong></span> <span class='ocrx_word' id='word_1_393' title='bbox 2260 2574 2331 2641; x_wconf 86' lang='lat' dir='ltr'><strong>x).</strong></span> <span class='ocrx_word' id='word_1_394' title='bbox 2392 2572 2509 2626; x_wconf 88' lang='lat' dir='ltr'><strong>Non</strong></span> <span class='ocrx_word' id='word_1_395' title='bbox 2565 2568 2711 2624; x_wconf 90' lang='lat' dir='ltr'><strong>enim</strong></span> <span class='ocrx_word' id='word_1_396' title='bbox 2765 2571 2967 2641; x_wconf 86' lang='lat' dir='ltr'><strong>poterit</strong></span> <span class='ocrx_word' id='word_1_397' title='bbox 3016 2569 3247 2624; x_wconf 90' lang='lat' dir='ltr'><strong>unitatis</strong></span> <span class='ocrx_word' id='word_1_398' title='bbox 3310 2578 3513 2623; x_wconf 68' lang='lat' dir='ltr'><strong>nostrae</strong></span> 
     </span>
    </p>
   </div>
   <div class='ocr_carea' id='block_1_29' title="bbox 188 2657 1792 2724">
    <p class='ocr_par' dir='ltr' id='par_1_29' title="bbox 188 2657 1792 2724">
     <span class='ocr_line' id='line_1_29' title="bbox 188 2657 1792 2724; baseline -0.002 -9"><span class='ocrx_word' id='word_1_399' title='bbox 188 2661 380 2716; x_wconf 88' lang='lat' dir='ltr'><strong>tionem</strong></span> <span class='ocrx_word' id='word_1_400' title='bbox 407 2660 689 2716; x_wconf 89' lang='lat' dir='ltr'><strong>dicentis:</strong></span> <span class='ocrx_word' id='word_1_401' title='bbox 723 2660 840 2714; x_wconf 89' lang='lat' dir='ltr'><strong>Non</strong></span> <span class='ocrx_word' id='word_1_402' title='bbox 871 2659 1222 2715; x_wconf 88' lang='lat' dir='ltr'><strong>dominantes</strong></span> <span class='ocrx_word' id='word_1_403' title='bbox 1254 2659 1309 2712; x_wconf 91' lang='lat' dir='ltr'><strong>in</strong></span> <span class='ocrx_word' id='word_1_404' title='bbox 1342 2660 1510 2724; x_wconf 91' lang='lat' dir='ltr'><strong>clero,</strong></span> <span class='ocrx_word' id='word_1_405' title='bbox 1550 2659 1648 2713; x_wconf 89' lang='lat' dir='ltr'><strong>sed</strong></span> <span class='ocrx_word' id='word_1_406' title='bbox 1680 2657 1792 2712; x_wconf 91' lang='lat' dir='ltr'><strong>for-</strong></span> 
     </span>
    </p>
   </div>
   <div class='ocr_carea' id='block_1_30' title="bbox 188 2750 1788 2827">
    <p class='ocr_par' dir='ltr' id='par_1_30' title="bbox 188 2750 1788 2827">
     <span class='ocr_line' id='line_1_30' title="bbox 188 2750 1788 2827; baseline -0.003 -20"><span class='ocrx_word' id='word_1_407' title='bbox 188 2769 274 2807; x_wconf 86' lang='lat' dir='ltr'><strong>ma</strong></span> <span class='ocrx_word' id='word_1_408' title='bbox 311 2754 435 2809; x_wconf 89' lang='lat' dir='ltr'><strong>facti</strong></span> <span class='ocrx_word' id='word_1_409' title='bbox 464 2752 627 2827; x_wconf 86' lang='lat' dir='ltr'><strong>gregi</strong></span> <span class='ocrx_word' id='word_1_410' title='bbox 657 2754 701 2822; x_wconf 83' lang='lat' dir='ltr'><strong>(I</strong></span> <span class='ocrx_word' id='word_1_411' title='bbox 717 2754 856 2807; x_wconf 77' lang='lat' dir='ltr'><strong>Petr.</strong></span> <span class='ocrx_word' id='word_1_412' title='bbox 886 2754 963 2819; x_wconf 88' lang='lat' dir='ltr'><strong>v),</strong></span> <span class='ocrx_word' id='word_1_413' title='bbox 990 2760 1215 2806; x_wconf 89' lang='lat' dir='ltr'><strong>secutus</strong></span> <span class='ocrx_word' id='word_1_414' title='bbox 1247 2752 1305 2804; x_wconf 88' lang='grc' dir='ltr'><strong>Β.</strong></span> <span class='ocrx_word' id='word_1_415' title='bbox 1330 2751 1578 2805; x_wconf 88' lang='lat' dir='ltr'><strong>Gelasius</strong></span> <span class='ocrx_word' id='word_1_416' title='bbox 1597 2751 1651 2804; x_wconf 92' lang='lat' dir='ltr'><strong>in</strong></span> <span class='ocrx_word' id='word_1_417' title='bbox 1683 2750 1788 2804; x_wconf 85' lang='lat' dir='ltr'><strong>de-</strong></span> 
     </span>
    </p>
   </div>
   <div class='ocr_carea' id='block_1_31' title="bbox 188 2837 1792 2911">
    <p class='ocr_par' dir='ltr' id='par_1_31' title="bbox 188 2837 1792 2911">
     <span class='ocr_line' id='line_1_31' title="bbox 188 2837 1792 2911; baseline -0.004 -15"><span class='ocrx_word' id='word_1_418' title='bbox 188 2842 341 2896; x_wconf 89' lang='lat' dir='ltr'><strong>cretis</strong></span> <span class='ocrx_word' id='word_1_419' title='bbox 373 2841 488 2897; x_wconf 90' lang='lat' dir='ltr'><strong>suis</strong></span> <span class='ocrx_word' id='word_1_420' title='bbox 523 2843 701 2911; x_wconf 79' lang='lat' dir='ltr'><strong>(cpist.</strong></span> <span class='ocrx_word' id='word_1_421' title='bbox 730 2839 783 2906; x_wconf 86' lang='lat'><strong>9)</strong></span> <span class='ocrx_word' id='word_1_422' title='bbox 810 2840 877 2894; x_wconf 89' lang='lat' dir='ltr'><strong>ad</strong></span> <span class='ocrx_word' id='word_1_423' title='bbox 896 2856 1090 2895; x_wconf 89' lang='lat' dir='ltr'><strong>omnes</strong></span> <span class='ocrx_word' id='word_1_424' title='bbox 1105 2839 1415 2910; x_wconf 88' lang='lat' dir='ltr'><strong>episcopos,</strong></span> <span class='ocrx_word' id='word_1_425' title='bbox 1433 2839 1501 2892; x_wconf 91' lang='lat' dir='ltr'><strong>de</strong></span> <span class='ocrx_word' id='word_1_426' title='bbox 1525 2837 1792 2892; x_wconf 87' lang='lat' dir='ltr'><strong>institutis</strong></span> 
     </span>
    </p>
   </div>
   <div class='ocr_carea' id='block_1_32' title="bbox 1893 2661 3515 2739">
    <p class='ocr_par' dir='ltr' id='par_1_32' title="bbox 1893 2661 3515 2739">
     <span class='ocr_line' id='line_1_32' title="bbox 1893 2661 3515 2739; baseline -0.003 -20"><span class='ocrx_word' id='word_1_427' title='bbox 1893 2666 2047 2719; x_wconf 89' lang='lat' dir='ltr'><strong>ﬁrma</strong></span> <span class='ocrx_word' id='word_1_428' title='bbox 2064 2681 2185 2720; x_wconf 87' lang='lat' dir='ltr'><strong>esse</strong></span> <span class='ocrx_word' id='word_1_429' title='bbox 2216 2680 2503 2739; x_wconf 89' lang='lat' dir='ltr'><strong>compago,</strong></span> <span class='ocrx_word' id='word_1_430' title='bbox 2539 2664 2649 2718; x_wconf 88' lang='lat' dir='ltr'><strong>nisi</strong></span> <span class='ocrx_word' id='word_1_431' title='bbox 2685 2678 2785 2719; x_wconf 90' lang='lat' dir='ltr'><strong>nos</strong></span> <span class='ocrx_word' id='word_1_432' title='bbox 2825 2664 2893 2717; x_wconf 88' lang='lat' dir='ltr'><strong>ad</strong></span> <span class='ocrx_word' id='word_1_433' title='bbox 2925 2662 3355 2734; x_wconf 88' lang='lat' dir='ltr'><strong>inseparabilem</strong></span> <span class='ocrx_word' id='word_1_434' title='bbox 3380 2661 3515 2715; x_wconf 92' lang='lat' dir='ltr'><strong>soli-</strong></span> 
     </span>
    </p>
   </div>
   <div class='ocr_carea' id='block_1_33' title="bbox 1893 2750 3512 2815">
    <p class='ocr_par' dir='ltr' id='par_1_33' title="bbox 1893 2750 3512 2815">
     <span class='ocr_line' id='line_1_33' title="bbox 1893 2750 3512 2815; baseline -0.006 -4"><span class='ocrx_word' id='word_1_435' title='bbox 1893 2756 2120 2811; x_wconf 90' lang='lat' dir='ltr'><strong>ditatem</strong></span> <span class='ocrx_word' id='word_1_436' title='bbox 2175 2754 2456 2810; x_wconf 88' lang='lat' dir='ltr'><strong>vinculum</strong></span> <span class='ocrx_word' id='word_1_437' title='bbox 2513 2754 2801 2808; x_wconf 89' lang='lat' dir='ltr'><strong>charitatis</strong></span> <span class='ocrx_word' id='word_1_438' title='bbox 2851 2752 3185 2807; x_wconf 85' lang='lat' dir='ltr'><strong>astrinxerit.</strong></span> <span class='ocrx_word' id='word_1_439' title='bbox 3246 2750 3512 2815; x_wconf 72' lang='lat' dir='ltr'><strong>Quoniam</strong></span> 
     </span>
    </p>
   </div>
   <div class='ocr_carea' id='block_1_34' title="bbox 1896 2842 3516 2918">
    <p class='ocr_par' dir='ltr' id='par_1_34' title="bbox 1896 2842 3516 2918">
     <span class='ocr_line' id='line_1_34' title="bbox 1896 2842 3516 2918; baseline -0.005 -14"><span class='ocrx_word' id='word_1_440' title='bbox 1896 2850 2039 2904; x_wconf 88' lang='lat' dir='ltr'><strong>sicut</strong></span> <span class='ocrx_word' id='word_1_441' title='bbox 2063 2850 2117 2903; x_wconf 90' lang='lat' dir='ltr'><strong>in</strong></span> <span class='ocrx_word' id='word_1_442' title='bbox 2136 2864 2245 2903; x_wconf 91' lang='lat' dir='ltr'><strong>uno</strong></span> <span class='ocrx_word' id='word_1_443' title='bbox 2276 2862 2507 2918; x_wconf 89' lang='lat' dir='ltr'><strong>corpore</strong></span> <span class='ocrx_word' id='word_1_444' title='bbox 2537 2847 2709 2901; x_wconf 91' lang='lat' dir='ltr'><strong>multa</strong></span> <span class='ocrx_word' id='word_1_445' title='bbox 2733 2845 2980 2900; x_wconf 89' lang='lat' dir='ltr'><strong>membra</strong></span> <span class='ocrx_word' id='word_1_446' title='bbox 3008 2844 3300 2911; x_wconf 86' lang='lat' dir='ltr'><strong>habemus,</strong></span> <span class='ocrx_word' id='word_1_447' title='bbox 3330 2842 3516 2898; x_wconf 88' lang='lat' dir='ltr'><strong>omnia</strong></span> 
     </span>
    </p>
   </div>
   <div class='ocr_carea' id='block_1_35' title="bbox 188 2929 1794 3003">
    <p class='ocr_par' dir='ltr' id='par_1_35' title="bbox 188 2929 1794 3003">
     <span class='ocr_line' id='line_1_35' title="bbox 188 2929 1794 3003; baseline -0.002 -16"><span class='ocrx_word' id='word_1_448' title='bbox 188 2933 570 2989; x_wconf 88' lang='lat' dir='ltr'><strong>ecclesiasticis</strong></span> <span class='ocrx_word' id='word_1_449' title='bbox 592 2932 726 2987; x_wconf 90' lang='lat' dir='ltr'><strong>dicit</strong></span> <span class='ocrx_word' id='word_1_450' title='bbox 753 2950 763 2986; x_wconf 91' lang='lat'>:</span> <span class='ocrx_word' id='word_1_451' title='bbox 795 2931 1038 3003; x_wconf 86' lang='lat' dir='ltr'><strong>Cumque</strong></span> <span class='ocrx_word' id='word_1_452' title='bbox 1072 2931 1233 2986; x_wconf 89' lang='lat' dir='ltr'><strong>nobis</strong></span> <span class='ocrx_word' id='word_1_453' title='bbox 1257 2939 1446 2985; x_wconf 88' lang='lat' dir='ltr'><strong>contra</strong></span> <span class='ocrx_word' id='word_1_454' title='bbox 1473 2929 1794 2984; x_wconf 89' lang='lat' dir='ltr'><strong>salutarium</strong></span> 
     </span>
    </p>
   </div>
   <div class='ocr_carea' id='block_1_36' title="bbox 188 3022 1795 3098">
    <p class='ocr_par' dir='ltr' id='par_1_36' title="bbox 188 3022 1795 3098">
     <span class='ocr_line' id='line_1_36' title="bbox 188 3022 1795 3098; baseline -0.002 -20"><span class='ocrx_word' id='word_1_455' title='bbox 188 3026 546 3081; x_wconf 87' lang='lat' dir='ltr'><strong>reverentiam</strong></span> <span class='ocrx_word' id='word_1_456' title='bbox 568 3024 901 3098; x_wconf 86' lang='lat' dir='ltr'><strong>regularium</strong></span> <span class='ocrx_word' id='word_1_457' title='bbox 917 3024 1206 3094; x_wconf 90' lang='lat' dir='ltr'><strong>cupiamus</strong></span> <span class='ocrx_word' id='word_1_458' title='bbox 1229 3030 1435 3077; x_wconf 89' lang='lat' dir='ltr'><strong>temere</strong></span> <span class='ocrx_word' id='word_1_459' title='bbox 1455 3022 1591 3076; x_wconf 91' lang='lat' dir='ltr'><strong>nihil</strong></span> <span class='ocrx_word' id='word_1_460' title='bbox 1610 3023 1795 3077; x_wconf 89' lang='lat' dir='ltr'><strong>licere:</strong></span> 
     </span>
    </p>
   </div>
   <div class='ocr_carea' id='block_1_37' title="bbox 1898 2934 3519 2993">
    <p class='ocr_par' dir='ltr' id='par_1_37' title="bbox 1898 2934 3519 2993">
     <span class='ocr_line' id='line_1_37' title="bbox 1898 2934 3519 2993; baseline -0.004 0"><span class='ocrx_word' id='word_1_461' title='bbox 1898 2946 2080 2993; x_wconf 89' lang='lat' dir='ltr'><strong>autem</strong></span> <span class='ocrx_word' id='word_1_462' title='bbox 2138 2937 2387 2992; x_wconf 89' lang='lat' dir='ltr'><strong>membra</strong></span> <span class='ocrx_word' id='word_1_463' title='bbox 2433 2953 2549 2992; x_wconf 91' lang='lat' dir='ltr'><strong>non</strong></span> <span class='ocrx_word' id='word_1_464' title='bbox 2598 2937 2854 2991; x_wconf 88' lang='lat' dir='ltr'><strong>eumdem</strong></span> <span class='ocrx_word' id='word_1_465' title='bbox 2909 2942 3090 2991; x_wconf 90' lang='lat' dir='ltr'><strong>actum</strong></span> <span class='ocrx_word' id='word_1_466' title='bbox 3153 2935 3360 2989; x_wconf 89' lang='lat' dir='ltr'><strong>habent</strong></span> <span class='ocrx_word' id='word_1_467' title='bbox 3396 2951 3408 2987; x_wconf 90' lang='lat'><strong>:</strong></span> <span class='ocrx_word' id='word_1_468' title='bbox 3442 2934 3519 2988; x_wconf 91' lang='lat' dir='ltr'><strong>ita</strong></span> 
     </span>
    </p>
   </div>
   <div class='ocr_carea' id='block_1_38' title="bbox 1900 3025 3517 3109">
    <p class='ocr_par' dir='ltr' id='par_1_38' title="bbox 1900 3025 3517 3109">
     <span class='ocr_line' id='line_1_38' title="bbox 1900 3025 3517 3109; baseline -0.004 -25"><span class='ocrx_word' id='word_1_469' title='bbox 1900 3030 2056 3085; x_wconf 90' lang='lat' dir='ltr'><strong>multi</strong></span> <span class='ocrx_word' id='word_1_470' title='bbox 2085 3046 2255 3085; x_wconf 91' lang='lat' dir='ltr'><strong>unum</strong></span> <span class='ocrx_word' id='word_1_471' title='bbox 2278 3044 2478 3109; x_wconf 72' lang='lat' dir='ltr'><strong>corpus</strong></span> <span class='ocrx_word' id='word_1_472' title='bbox 2506 3043 2699 3082; x_wconf 89' lang='lat' dir='ltr'><strong>sumus</strong></span> <span class='ocrx_word' id='word_1_473' title='bbox 2728 3027 2784 3081; x_wconf 90' lang='lat' dir='ltr'><strong>in</strong></span> <span class='ocrx_word' id='word_1_474' title='bbox 2820 3026 3055 3093; x_wconf 84' lang='lat' dir='ltr'><strong>Christo,</strong></span> <span class='ocrx_word' id='word_1_475' title='bbox 3089 3025 3295 3098; x_wconf 82' lang='lat' dir='ltr'><strong>singuli</strong></span> <span class='ocrx_word' id='word_1_476' title='bbox 3330 3032 3517 3079; x_wconf 89' lang='lat' dir='ltr'><strong>autem</strong></span> 
     </span>
    </p>
   </div>
   <div class='ocr_carea' id='block_1_39' title="bbox 188 3089 1803 3190">
    <p class='ocr_par' dir='ltr' id='par_1_39' title="bbox 188 3113 1801 3186">
     <span class='ocr_line' id='line_1_39' title="bbox 188 3113 1801 3186; baseline -0.001 -17"><span class='ocrx_word' id='word_1_477' title='bbox 188 3122 237 3169; x_wconf 91' lang='lat' dir='ltr'><strong>et</strong></span> <span class='ocrx_word' id='word_1_478' title='bbox 263 3132 383 3170; x_wconf 89' lang='lat' dir='ltr'><strong>cum</strong></span> <span class='ocrx_word' id='word_1_479' title='bbox 412 3117 581 3171; x_wconf 90' lang='lat' dir='ltr'><strong>sedes</strong></span> <span class='ocrx_word' id='word_1_480' title='bbox 598 3114 898 3186; x_wconf 87' lang='lat' dir='ltr'><strong>apostolica</strong></span> <span class='ocrx_word' id='word_1_481' title='bbox 918 3130 1086 3186; x_wconf 90' lang='lat' dir='ltr'><strong>super</strong></span> <span class='ocrx_word' id='word_1_482' title='bbox 1116 3116 1247 3183; x_wconf 87' lang='lat' dir='ltr'><strong>[or.,</strong></span> <span class='ocrx_word' id='word_1_483' title='bbox 1280 3113 1552 3184; x_wconf 90' lang='lat' dir='ltr'><strong>superior]</strong></span> <span class='ocrx_word' id='word_1_484' title='bbox 1588 3114 1801 3169; x_wconf 88' lang='lat' dir='ltr'><strong>hisom-</strong></span> 
     </span>
    </p>
   </div>
   <div class='ocr_carea' id='block_1_40' title="bbox 1906 3089 3521 3190">
    <p class='ocr_par' dir='ltr' id='par_1_40' title="bbox 1906 3089 3521 3190">
     <span class='ocr_line' id='line_1_40' title="bbox 1906 3089 3521 3190; baseline -0.004 -13"><span class='ocrx_word' id='word_1_485' title='bbox 1906 3123 2042 3177; x_wconf 85' lang='lat' dir='ltr'><strong>alter</strong></span> <span class='ocrx_word' id='word_1_486' title='bbox 2071 3122 2299 3176; x_wconf 89' lang='lat' dir='ltr'><strong>alterius</strong></span> <span class='ocrx_word' id='word_1_487' title='bbox 2328 3089 2575 3175; x_wconf 51' lang='lat' dir='ltr'><strong>mEmbra</strong></span> <span class='ocrx_word' id='word_1_488' title='bbox 2614 3121 2661 3190; x_wconf 85' lang='grc' dir='ltr'><strong>(Ι</strong></span> <span class='ocrx_word' id='word_1_489' title='bbox 2687 3119 2810 3174; x_wconf 86' lang='lat' dir='ltr'><strong>Cor.</strong></span> <span class='ocrx_word' id='word_1_490' title='bbox 2858 3122 2972 3189; x_wconf 70' lang='grc' dir='ltr'>χιι).</span> <span class='ocrx_word' id='word_1_491' title='bbox 3039 3089 3319 3174; x_wconf 76' lang='lat' dir='ltr'><strong>Connexio</strong></span> <span class='ocrx_word' id='word_1_492' title='bbox 3352 3116 3521 3172; x_wconf 91' lang='lat' dir='ltr'><strong>totius</strong></span> 
     </span>
    </p>
   </div>
   <div class='ocr_carea' id='block_1_41' title="bbox 191 3205 1802 3278">
    <p class='ocr_par' dir='ltr' id='par_1_41' title="bbox 191 3205 1802 3278">
     <span class='ocr_line' id='line_1_41' title="bbox 191 3205 1802 3278; baseline 0.001 -21"><span class='ocrx_word' id='word_1_493' title='bbox 191 3205 363 3274; x_wconf 90' lang='lat' dir='ltr'><strong>nibus,</strong></span> <span class='ocrx_word' id='word_1_494' title='bbox 385 3206 622 3262; x_wconf 84' lang='lat' dir='ltr'><strong>favente</strong></span> <span class='ocrx_word' id='word_1_495' title='bbox 650 3206 900 3272; x_wconf 85' lang='lat' dir='ltr'><strong>Domino,</strong></span> <span class='ocrx_word' id='word_1_496' title='bbox 923 3223 1044 3278; x_wconf 64' lang='lat' dir='ltr'><strong>qua:</strong></span> <span class='ocrx_word' id='word_1_497' title='bbox 1076 3205 1321 3276; x_wconf 87' lang='lat' dir='ltr'><strong>paternis</strong></span> <span class='ocrx_word' id='word_1_498' title='bbox 1340 3205 1649 3261; x_wconf 87' lang='lat' dir='ltr'><strong>canonibus</strong></span> <span class='ocrx_word' id='word_1_499' title='bbox 1673 3212 1802 3259; x_wconf 90' lang='lat' dir='ltr'><strong>sunt</strong></span> 
     </span>
    </p>
   </div>
   <div class='ocr_carea' id='block_1_42' title="bbox 189 3297 1795 3370">
    <p class='ocr_par' dir='ltr' id='par_1_42' title="bbox 189 3297 1795 3370">
     <span class='ocr_line' id='line_1_42' title="bbox 189 3297 1795 3370; baseline -0.001 -20"><span class='ocrx_word' id='word_1_500' title='bbox 189 3297 420 3369; x_wconf 69' lang='lat' dir='ltr'><strong>praeﬁxa,</strong></span> <span class='ocrx_word' id='word_1_501' title='bbox 462 3300 586 3370; x_wconf 92' lang='lat' dir='ltr'><strong>pio,</strong></span> <span class='ocrx_word' id='word_1_502' title='bbox 620 3298 933 3370; x_wconf 89' lang='lat' dir='ltr'><strong>devotoque</strong></span> <span class='ocrx_word' id='word_1_503' title='bbox 980 3299 1199 3353; x_wconf 89' lang='lat' dir='ltr'><strong>studeat</strong></span> <span class='ocrx_word' id='word_1_504' title='bbox 1244 3306 1433 3353; x_wconf 90' lang='lat' dir='ltr'><strong>tenere</strong></span> <span class='ocrx_word' id='word_1_505' title='bbox 1491 3298 1795 3368; x_wconf 87' lang='lat' dir='ltr'><strong>preposito.</strong></span> 
     </span>
    </p>
   </div>
   <div class='ocr_carea' id='block_1_43' title="bbox 189 3384 1798 3460">
    <p class='ocr_par' dir='ltr' id='par_1_43' title="bbox 189 3384 1798 3460">
     <span class='ocr_line' id='line_1_43' title="bbox 189 3384 1798 3460; baseline -0.001 -21"><span class='ocrx_word' id='word_1_506' title='bbox 189 3386 315 3440; x_wconf 89' lang='lat' dir='ltr'><strong>satis</strong></span> <span class='ocrx_word' id='word_1_507' title='bbox 361 3387 655 3460; x_wconf 85' lang='lat' dir='ltr'><strong>indignum</strong></span> <span class='ocrx_word' id='word_1_508' title='bbox 716 3394 820 3454; x_wconf 89' lang='lat' dir='ltr'><strong>est,</strong></span> <span class='ocrx_word' id='word_1_509' title='bbox 849 3402 1181 3458; x_wconf 90' lang='lat' dir='ltr'><strong>quemquam</strong></span> <span class='ocrx_word' id='word_1_510' title='bbox 1215 3386 1301 3441; x_wconf 88' lang='lat' dir='ltr'><strong>vel</strong></span> <span class='ocrx_word' id='word_1_511' title='bbox 1347 3385 1689 3457; x_wconf 88' lang='lat' dir='ltr'><strong>pontiﬁcum.</strong></span> <span class='ocrx_word' id='word_1_512' title='bbox 1714 3384 1798 3439; x_wconf 90' lang='lat' dir='ltr'><strong>vel</strong></span> 
     </span>
    </p>
   </div>
   <div class='ocr_carea' id='block_1_44' title="bbox 190 3473 1803 3547">
    <p class='ocr_par' dir='ltr' id='par_1_44' title="bbox 190 3473 1803 3547">
     <span class='ocr_line' id='line_1_44' title="bbox 190 3473 1803 3547; baseline -0.001 -19"><span class='ocrx_word' id='word_1_513' title='bbox 190 3476 437 3530; x_wconf 90' lang='lat' dir='ltr'><strong>ordinum</strong></span> <span class='ocrx_word' id='word_1_514' title='bbox 500 3475 995 3547; x_wconf 89' lang='lat' dir='ltr'><strong>subsequentium,</strong></span> <span class='ocrx_word' id='word_1_515' title='bbox 1053 3476 1195 3530; x_wconf 91' lang='lat' dir='ltr'><strong>hanc</strong></span> <span class='ocrx_word' id='word_1_516' title='bbox 1256 3473 1665 3530; x_wconf 85' lang='lat' dir='ltr'><strong>observantiam</strong></span> <span class='ocrx_word' id='word_1_517' title='bbox 1711 3488 1803 3527; x_wconf 90' lang='lat' dir='ltr'><strong>re—</strong></span> 
     </span>
    </p>
   </div>
   <div class='ocr_carea' id='block_1_45' title="bbox 192 3560 1801 3636">
    <p class='ocr_par' dir='ltr' id='par_1_45' title="bbox 192 3560 1801 3636">
     <span class='ocr_line' id='line_1_45' title="bbox 192 3560 1801 3636; baseline 0.001 -22"><span class='ocrx_word' id='word_1_518' title='bbox 192 3561 380 3631; x_wconf 84' lang='lat' dir='ltr'><strong>futare,</strong></span> <span class='ocrx_word' id='word_1_519' title='bbox 411 3581 581 3636; x_wconf 90' lang='lat' dir='ltr'><strong>quam</strong></span> <span class='ocrx_word' id='word_1_520' title='bbox 616 3565 671 3617; x_wconf 88' lang='grc' dir='ltr'><strong>Β.</strong></span> <span class='ocrx_word' id='word_1_521' title='bbox 709 3564 852 3619; x_wconf 91' lang='lat' dir='ltr'><strong>Petri</strong></span> <span class='ocrx_word' id='word_1_522' title='bbox 882 3564 1095 3630; x_wconf 89' lang='lat' dir='ltr'><strong>sedem,</strong></span> <span class='ocrx_word' id='word_1_523' title='bbox 1120 3573 1175 3618; x_wconf 88' lang='lat' dir='ltr'><strong>et</strong></span> <span class='ocrx_word' id='word_1_524' title='bbox 1216 3563 1374 3634; x_wconf 91' lang='lat' dir='ltr'><strong>sequi</strong></span> <span class='ocrx_word' id='word_1_525' title='bbox 1407 3562 1663 3619; x_wconf 88' lang='lat' dir='ltr'><strong>videatet</strong></span> <span class='ocrx_word' id='word_1_526' title='bbox 1693 3560 1801 3615; x_wconf 86' lang='lat' dir='ltr'><strong>do-</strong></span> 
     </span>
    </p>
   </div>
   <div class='ocr_carea' id='block_1_46' title="bbox 190 3654 1800 3729">
    <p class='ocr_par' dir='ltr' id='par_1_46' title="bbox 190 3654 1800 3729">
     <span class='ocr_line' id='line_1_46' title="bbox 190 3654 1800 3729; baseline -0.001 -20"><span class='ocrx_word' id='word_1_527' title='bbox 190 3671 345 3711; x_wconf 90' lang='lat' dir='ltr'><strong>cere:</strong></span> <span class='ocrx_word' id='word_1_528' title='bbox 375 3658 629 3729; x_wconf 88' lang='lat' dir='ltr'><strong>satisque</strong></span> <span class='ocrx_word' id='word_1_529' title='bbox 674 3656 1010 3712; x_wconf 89' lang='lat' dir='ltr'><strong>conveniens</strong></span> <span class='ocrx_word' id='word_1_530' title='bbox 1055 3656 1127 3711; x_wconf 90' lang='lat' dir='ltr'><strong>sit</strong></span> <span class='ocrx_word' id='word_1_531' title='bbox 1152 3664 1212 3711; x_wconf 89' lang='lat' dir='ltr'><strong>ut</strong></span> <span class='ocrx_word' id='word_1_532' title='bbox 1248 3672 1448 3727; x_wconf 91' lang='lat' dir='ltr'><strong>corpus</strong></span> <span class='ocrx_word' id='word_1_533' title='bbox 1490 3655 1589 3726; x_wconf 87' lang='lat' dir='ltr'><strong>[or.</strong></span> <span class='ocrx_word' id='word_1_534' title='bbox 1623 3654 1800 3709; x_wconf 80' lang='lat' dir='ltr'><strong>addit.</strong></span> 
     </span>
    </p>
   </div>
   <div class='ocr_carea' id='block_1_47' title="bbox 193 3743 1806 3816">
    <p class='ocr_par' dir='ltr' id='par_1_47' title="bbox 193 3743 1806 3816">
     <span class='ocr_line' id='line_1_47' title="bbox 193 3743 1806 3816; baseline -0.001 -19"><span class='ocrx_word' id='word_1_535' title='bbox 193 3746 375 3816; x_wconf 90' lang='lat' dir='ltr'><strong>totum]</strong></span> <span class='ocrx_word' id='word_1_536' title='bbox 420 3746 681 3802; x_wconf 69' lang='lat' dir='ltr'><strong>Ecclesia:</strong></span> <span class='ocrx_word' id='word_1_537' title='bbox 737 3746 790 3799; x_wconf 92' lang='lat' dir='ltr'><strong>in</strong></span> <span class='ocrx_word' id='word_1_538' title='bbox 833 3747 936 3800; x_wconf 90' lang='lat' dir='ltr'><strong>hac</strong></span> <span class='ocrx_word' id='word_1_539' title='bbox 991 3745 1216 3800; x_wconf 87' lang='lat' dir='ltr'><strong>sibimet</strong></span> <span class='ocrx_word' id='word_1_540' title='bbox 1253 3743 1644 3800; x_wconf 88' lang='lat' dir='ltr'><strong>observatione</strong></span> <span class='ocrx_word' id='word_1_541' title='bbox 1669 3758 1806 3798; x_wconf 92' lang='lat' dir='ltr'><strong>con-</strong></span> 
     </span>
    </p>
   </div>
   <div class='ocr_carea' id='block_1_48' title="bbox 189 3832 1807 3908">
    <p class='ocr_par' dir='ltr' id='par_1_48' title="bbox 189 3832 1807 3908">
     <span class='ocr_line' id='line_1_48' title="bbox 189 3832 1807 3908; baseline -0.001 -21"><span class='ocrx_word' id='word_1_542' title='bbox 189 3835 391 3902; x_wconf 91' lang='lat' dir='ltr'><strong>cordet,</strong></span> <span class='ocrx_word' id='word_1_543' title='bbox 426 3851 595 3906; x_wconf 89' lang='lat' dir='ltr'><strong>quam</strong></span> <span class='ocrx_word' id='word_1_544' title='bbox 663 3834 741 3888; x_wconf 90' lang='lat' dir='ltr'><strong>illi</strong></span> <span class='ocrx_word' id='word_1_545' title='bbox 772 3835 961 3908; x_wconf 87' lang='lat' dir='ltr'><strong>vigere</strong></span> <span class='ocrx_word' id='word_1_546' title='bbox 1013 3832 1339 3904; x_wconf 89' lang='lat' dir='ltr'><strong>conspiciet,</strong></span> <span class='ocrx_word' id='word_1_547' title='bbox 1389 3832 1486 3887; x_wconf 91' lang='lat' dir='ltr'><strong>ubi</strong></span> <span class='ocrx_word' id='word_1_548' title='bbox 1542 3832 1807 3888; x_wconf 88' lang='lat' dir='ltr'><strong>Dominus</strong></span> 
     </span>
    </p>
   </div>
   <div class='ocr_carea' id='block_1_49' title="bbox 192 3920 1802 3993">
    <p class='ocr_par' dir='ltr' id='par_1_49' title="bbox 192 3920 1802 3993">
     <span class='ocr_line' id='line_1_49' title="bbox 192 3920 1802 3993; baseline -0.001 -19"><span class='ocrx_word' id='word_1_549' title='bbox 192 3920 441 3977; x_wconf 66' lang='lat' dir='ltr'><strong>Ecclesiae</strong></span> <span class='ocrx_word' id='word_1_550' title='bbox 465 3922 639 3978; x_wconf 82' lang='lat' dir='ltr'><strong>totius</strong></span> <span class='ocrx_word' id='word_1_551' title='bbox 670 3923 854 3993; x_wconf 90' lang='lat' dir='ltr'><strong>posuit</strong></span> <span class='ocrx_word' id='word_1_552' title='bbox 883 3922 1257 3993; x_wconf 89' lang='lat' dir='ltr'><strong>principatum</strong></span> <span class='ocrx_word' id='word_1_553' title='bbox 1287 3923 1428 3989; x_wconf 77' lang='lat' dir='ltr'><strong>(Gul.</strong></span> <span class='ocrx_word' id='word_1_554' title='bbox 1462 3922 1528 3991; x_wconf 79' lang='grc' dir='ltr'><strong>ι).</strong></span> <span class='ocrx_word' id='word_1_555' title='bbox 1558 3922 1633 3975; x_wconf 91' lang='lat' dir='ltr'><strong>De</strong></span> <span class='ocrx_word' id='word_1_556' title='bbox 1667 3920 1802 3974; x_wconf 88' lang='lat' dir='ltr'><strong>Bar-</strong></span> 
     </span>
    </p>
   </div>
   <div class='ocr_carea' id='block_1_50' title="bbox 191 4008 1809 4083">
    <p class='ocr_par' dir='ltr' id='par_1_50' title="bbox 191 4008 1809 4083">
     <span class='ocr_line' id='line_1_50' title="bbox 191 4008 1809 4083; baseline 0 -21"><span class='ocrx_word' id='word_1_557' title='bbox 191 4010 327 4065; x_wconf 90' lang='lat' dir='ltr'><strong>naba</strong></span> <span class='ocrx_word' id='word_1_558' title='bbox 385 4027 615 4083; x_wconf 90' lang='lat' dir='ltr'><strong>quoque</strong></span> <span class='ocrx_word' id='word_1_559' title='bbox 672 4019 727 4065; x_wconf 90' lang='lat' dir='ltr'><strong>et</strong></span> <span class='ocrx_word' id='word_1_560' title='bbox 786 4010 950 4066; x_wconf 89' lang='lat' dir='ltr'><strong>Saulo</strong></span> <span class='ocrx_word' id='word_1_561' title='bbox 1000 4011 1220 4065; x_wconf 90' lang='lat' dir='ltr'><strong>dicente</strong></span> <span class='ocrx_word' id='word_1_562' title='bbox 1290 4008 1577 4076; x_wconf 90' lang='lat' dir='ltr'><strong>veraciter,</strong></span> <span class='ocrx_word' id='word_1_563' title='bbox 1611 4008 1809 4063; x_wconf 90' lang='lat' dir='ltr'><strong>Paulus</strong></span> 
     </span>
    </p>
   </div>
   <div class='ocr_carea' id='block_1_51' title="bbox 191 4101 1805 4175">
    <p class='ocr_par' dir='ltr' id='par_1_51' title="bbox 191 4101 1805 4175">
     <span class='ocr_line' id='line_1_51' title="bbox 191 4101 1805 4175; baseline 0 -21"><span class='ocrx_word' id='word_1_564' title='bbox 191 4105 465 4172; x_wconf 87' lang='lat' dir='ltr'><strong>apostolus</strong></span> <span class='ocrx_word' id='word_1_565' title='bbox 513 4120 626 4158; x_wconf 92' lang='lat' dir='ltr'><strong>non</strong></span> <span class='ocrx_word' id='word_1_566' title='bbox 667 4103 734 4157; x_wconf 90' lang='lat' dir='ltr'><strong>ab</strong></span> <span class='ocrx_word' id='word_1_567' title='bbox 782 4103 1121 4169; x_wconf 89' lang='lat' dir='ltr'><strong>hominibus,</strong></span> <span class='ocrx_word' id='word_1_568' title='bbox 1166 4120 1345 4175; x_wconf 90' lang='lat' dir='ltr'><strong>neque</strong></span> <span class='ocrx_word' id='word_1_569' title='bbox 1377 4120 1475 4175; x_wconf 90' lang='lat' dir='ltr'><strong>per</strong></span> <span class='ocrx_word' id='word_1_570' title='bbox 1504 4101 1805 4167; x_wconf 87' lang='lat' dir='ltr'><strong>hominem,</strong></span> 
     </span>
    </p>
   </div>
   <div class='ocr_carea' id='block_1_52' title="bbox 191 4194 1804 4265">
    <p class='ocr_par' dir='ltr' id='par_1_52' title="bbox 191 4194 1804 4265">
     <span class='ocr_line' id='line_1_52' title="bbox 191 4194 1804 4265; baseline 0.001 -19"><span class='ocrx_word' id='word_1_571' title='bbox 191 4194 283 4247; x_wconf 91' lang='lat' dir='ltr'><strong>sed</strong></span> <span class='ocrx_word' id='word_1_572' title='bbox 309 4211 409 4265; x_wconf 90' lang='lat' dir='ltr'><strong>per</strong></span> <span class='ocrx_word' id='word_1_573' title='bbox 436 4195 627 4250; x_wconf 83' lang='lat' dir='ltr'><strong>Jesum</strong></span> <span class='ocrx_word' id='word_1_574' title='bbox 661 4194 935 4250; x_wconf 88' lang='lat' dir='ltr'><strong>Christum</strong></span> <span class='ocrx_word' id='word_1_575' title='bbox 996 4203 1050 4250; x_wconf 91' lang='lat' dir='ltr'><strong>et</strong></span> <span class='ocrx_word' id='word_1_576' title='bbox 1107 4196 1401 4251; x_wconf 88' lang='lat' dir='ltr'><strong>Dominum</strong></span> <span class='ocrx_word' id='word_1_577' title='bbox 1433 4195 1671 4249; x_wconf 89' lang='lat' dir='ltr'><strong>Patrem.</strong></span> <span class='ocrx_word' id='word_1_578' title='bbox 1704 4194 1804 4257; x_wconf 84' lang='lat' dir='ltr'><strong>Qui</strong></span> 
     </span>
    </p>
   </div>
   <div class='ocr_carea' id='block_1_53' title="bbox 192 4283 1802 4355">
    <p class='ocr_par' dir='ltr' id='par_1_53' title="bbox 192 4283 1802 4355">
     <span class='ocr_line' id='line_1_53' title="bbox 192 4283 1802 4355; baseline 0 -18"><span class='ocrx_word' id='word_1_579' title='bbox 192 4291 480 4354; x_wconf 87' lang='lat' dir='ltr'><strong>postquam</strong></span> <span class='ocrx_word' id='word_1_580' title='bbox 506 4284 716 4339; x_wconf 89' lang='lat' dir='ltr'><strong>diutius</strong></span> <span class='ocrx_word' id='word_1_581' title='bbox 738 4284 897 4339; x_wconf 88' lang='lat' dir='ltr'><strong>fruiti</strong></span> <span class='ocrx_word' id='word_1_582' title='bbox 928 4292 1057 4339; x_wconf 90' lang='lat' dir='ltr'><strong>sunt</strong></span> <span class='ocrx_word' id='word_1_583' title='bbox 1086 4285 1461 4355; x_wconf 90' lang='lat' dir='ltr'><strong>apostolorum</strong></span> <span class='ocrx_word' id='word_1_584' title='bbox 1502 4283 1802 4349; x_wconf 87' lang='lat' dir='ltr'><strong>consortio,</strong></span> 
     </span>
    </p>
   </div>
   <div class='ocr_carea' id='block_1_54' title="bbox 195 4375 1800 4447">
    <p class='ocr_par' dir='ltr' id='par_1_54' title="bbox 195 4375 1800 4447">
     <span class='ocr_line' id='line_1_54' title="bbox 195 4375 1800 4447; baseline 0.002 -21"><span class='ocrx_word' id='word_1_585' title='bbox 195 4389 301 4429; x_wconf 90' lang='lat' dir='ltr'><strong>non</strong></span> <span class='ocrx_word' id='word_1_586' title='bbox 321 4375 454 4446; x_wconf 91' lang='lat' dir='ltr'><strong>ipsis</strong></span> <span class='ocrx_word' id='word_1_587' title='bbox 481 4376 771 4447; x_wconf 88' lang='lat' dir='ltr'><strong>apostolis,</strong></span> <span class='ocrx_word' id='word_1_588' title='bbox 823 4376 920 4431; x_wconf 88' lang='lat' dir='ltr'><strong>sed</strong></span> <span class='ocrx_word' id='word_1_589' title='bbox 963 4376 1119 4445; x_wconf 89' lang='lat' dir='ltr'><strong>juxta</strong></span> <span class='ocrx_word' id='word_1_590' title='bbox 1148 4376 1312 4431; x_wconf 88' lang='lat' dir='ltr'><strong>ﬁdem</strong></span> <span class='ocrx_word' id='word_1_591' title='bbox 1339 4392 1507 4433; x_wconf 72' lang='lat' dir='ltr'><strong>sacra:</strong></span> <span class='ocrx_word' id='word_1_592' title='bbox 1538 4376 1800 4439; x_wconf 68' lang='lat' dir='ltr'><strong>historiae,</strong></span> 
     </span>
    </p>
   </div>
   <div class='ocr_carea' id='block_1_55' title="bbox 1900 3210 3517 3284">
    <p class='ocr_par' dir='ltr' id='par_1_55' title="bbox 1900 3210 3517 3284">
     <span class='ocr_line' id='line_1_55' title="bbox 1900 3210 3517 3284; baseline -0.004 -15"><span class='ocrx_word' id='word_1_593' title='bbox 1900 3213 2148 3284; x_wconf 88' lang='lat' dir='ltr'><strong>corporis</strong></span> <span class='ocrx_word' id='word_1_594' title='bbox 2210 3228 2375 3267; x_wconf 90' lang='lat' dir='ltr'><strong>unam</strong></span> <span class='ocrx_word' id='word_1_595' title='bbox 2452 3211 2764 3269; x_wconf 88' lang='lat' dir='ltr'><strong>sanitatem.</strong></span> <span class='ocrx_word' id='word_1_596' title='bbox 2827 3226 2991 3264; x_wconf 91' lang='lat' dir='ltr'><strong>unam</strong></span> <span class='ocrx_word' id='word_1_597' title='bbox 3049 3210 3517 3280; x_wconf 85' lang='lat' dir='ltr'><strong>pulchritudinem</strong></span> 
     </span>
    </p>
   </div>
   <div class='ocr_carea' id='block_1_56' title="bbox 1899 3300 3522 3373">
    <p class='ocr_par' dir='ltr' id='par_1_56' title="bbox 1899 3300 3522 3373">
     <span class='ocr_line' id='line_1_56' title="bbox 1899 3300 3522 3373; baseline -0.004 -15"><span class='ocrx_word' id='word_1_598' title='bbox 1899 3306 2047 3360; x_wconf 83' lang='lat' dir='ltr'><strong>facit.</strong></span> <span class='ocrx_word' id='word_1_599' title='bbox 2081 3305 2144 3358; x_wconf 87' lang='lat' dir='ltr'><strong>Et</strong></span> <span class='ocrx_word' id='word_1_600' title='bbox 2162 3305 2277 3357; x_wconf 86' lang='lat' dir='ltr'><strong>haec</strong></span> <span class='ocrx_word' id='word_1_601' title='bbox 2318 3303 2542 3373; x_wconf 90' lang='lat' dir='ltr'><strong>quidem</strong></span> <span class='ocrx_word' id='word_1_602' title='bbox 2602 3301 2874 3355; x_wconf 91' lang='lat' dir='ltr'><strong>connexio</strong></span> <span class='ocrx_word' id='word_1_603' title='bbox 2904 3301 3072 3355; x_wconf 87' lang='lat' dir='ltr'><strong>totius</strong></span> <span class='ocrx_word' id='word_1_604' title='bbox 3104 3300 3356 3370; x_wconf 90' lang='lat' dir='ltr'><strong>corporis</strong></span> <span class='ocrx_word' id='word_1_605' title='bbox 3380 3316 3522 3353; x_wconf 89' lang='lat' dir='ltr'><strong>una-</strong></span> 
     </span>
    </p>
   </div>
   <div class='ocr_carea' id='block_1_57' title="bbox 1902 3390 3520 3466">
    <p class='ocr_par' dir='ltr' id='par_1_57' title="bbox 1902 3390 3520 3466">
     <span class='ocr_line' id='line_1_57' title="bbox 1902 3390 3520 3466; baseline -0.004 -16"><span class='ocrx_word' id='word_1_606' title='bbox 1902 3395 2210 3450; x_wconf 87' lang='lat' dir='ltr'><strong>nimitatem</strong></span> <span class='ocrx_word' id='word_1_607' title='bbox 2229 3393 2482 3465; x_wconf 87' lang='lat' dir='ltr'><strong>requirit,</strong></span> <span class='ocrx_word' id='word_1_608' title='bbox 2510 3392 2607 3446; x_wconf 91' lang='lat' dir='ltr'><strong>sed</strong></span> <span class='ocrx_word' id='word_1_609' title='bbox 2642 3392 2921 3461; x_wconf 70' lang='lat' dir='ltr'><strong>praecipue</strong></span> <span class='ocrx_word' id='word_1_610' title='bbox 2954 3391 3124 3466; x_wconf 81' lang='lat' dir='ltr'><strong>exigit</strong></span> <span class='ocrx_word' id='word_1_611' title='bbox 3167 3390 3520 3445; x_wconf 90' lang='lat' dir='ltr'><strong>concordiam</strong></span> 
     </span>
    </p>
   </div>
   <div class='ocr_carea' id='block_1_58' title="bbox 1901 3482 3521 3554">
    <p class='ocr_par' dir='ltr' id='par_1_58' title="bbox 1901 3482 3521 3554">
     <span class='ocr_line' id='line_1_58' title="bbox 1901 3482 3521 3554; baseline -0.005 -11"><span class='ocrx_word' id='word_1_612' title='bbox 1901 3488 2271 3543; x_wconf 86' lang='lat' dir='ltr'><strong>sacerdotum.</strong></span> <span class='ocrx_word' id='word_1_613' title='bbox 2340 3484 2559 3551; x_wconf 82' lang='lat' dir='ltr'><strong>Quibus</strong></span> <span class='ocrx_word' id='word_1_614' title='bbox 2598 3483 2699 3538; x_wconf 90' lang='lat' dir='ltr'><strong>etsi</strong></span> <span class='ocrx_word' id='word_1_615' title='bbox 2759 3482 2894 3537; x_wconf 93' lang='lat' dir='ltr'><strong>ordo</strong></span> <span class='ocrx_word' id='word_1_616' title='bbox 2942 3491 3025 3536; x_wconf 91' lang='lat' dir='ltr'><strong>est</strong></span> <span class='ocrx_word' id='word_1_617' title='bbox 3059 3482 3355 3554; x_wconf 87' lang='lat' dir='ltr'><strong>generalis,</strong></span> <span class='ocrx_word' id='word_1_618' title='bbox 3412 3496 3521 3535; x_wconf 92' lang='lat' dir='ltr'><strong>non</strong></span> 
     </span>
    </p>
   </div>
   <div class='ocr_carea' id='block_1_59' title="bbox 1903 3570 3523 3645">
    <p class='ocr_par' dir='ltr' id='par_1_59' title="bbox 1903 3570 3523 3645">
     <span class='ocr_line' id='line_1_59' title="bbox 1903 3570 3523 3645; baseline -0.006 -11"><span class='ocrx_word' id='word_1_619' title='bbox 1903 3586 2086 3634; x_wconf 89' lang='lat' dir='ltr'><strong>tamen</strong></span> <span class='ocrx_word' id='word_1_620' title='bbox 2113 3574 2425 3632; x_wconf 90' lang='lat' dir='ltr'><strong>communis</strong></span> <span class='ocrx_word' id='word_1_621' title='bbox 2470 3582 2555 3628; x_wconf 91' lang='lat' dir='ltr'><strong>est</strong></span> <span class='ocrx_word' id='word_1_622' title='bbox 2592 3572 2835 3645; x_wconf 89' lang='lat' dir='ltr'><strong>dignitas</strong></span> <span class='ocrx_word' id='word_1_623' title='bbox 2874 3570 3147 3626; x_wconf 91' lang='lat' dir='ltr'><strong>omnibus.</strong></span> <span class='ocrx_word' id='word_1_624' title='bbox 3188 3593 3209 3622; x_wconf 74' lang='grc'><strong>»</strong></span> <span class='ocrx_word' id='word_1_625' title='bbox 3261 3572 3381 3625; x_wconf 80' lang='lat' dir='ltr'><strong>Haec</strong></span> <span class='ocrx_word' id='word_1_626' title='bbox 3426 3588 3523 3625; x_wconf 87' lang='lat' dir='ltr'><strong>au-</strong></span> 
     </span>
    </p>
   </div>
   <div class='ocr_carea' id='block_1_60' title="bbox 1902 3661 3525 3734">
    <p class='ocr_par' dir='ltr' id='par_1_60' title="bbox 1902 3661 3525 3734">
     <span class='ocr_line' id='line_1_60' title="bbox 1902 3661 3525 3734; baseline -0.006 -9"><span class='ocrx_word' id='word_1_627' title='bbox 1902 3679 2035 3734; x_wconf 85' lang='lat' dir='ltr'><strong>tem,</strong></span> <span class='ocrx_word' id='word_1_628' title='bbox 2071 3674 2282 3723; x_wconf 86' lang='lat' dir='ltr'><strong>servata</strong></span> <span class='ocrx_word' id='word_1_629' title='bbox 2318 3665 2498 3721; x_wconf 91' lang='lat' dir='ltr'><strong>altiori</strong></span> <span class='ocrx_word' id='word_1_630' title='bbox 2539 3662 2926 3731; x_wconf 83' lang='lat' dir='ltr'><strong>intelligentia,</strong></span> <span class='ocrx_word' id='word_1_631' title='bbox 2965 3661 3109 3716; x_wconf 89' lang='lat' dir='ltr'><strong>circa</strong></span> <span class='ocrx_word' id='word_1_632' title='bbox 3141 3678 3307 3733; x_wconf 89' lang='lat' dir='ltr'><strong>supra</strong></span> <span class='ocrx_word' id='word_1_633' title='bbox 3348 3662 3525 3717; x_wconf 90' lang='lat' dir='ltr'><strong>dictos</strong></span> 
     </span>
    </p>
   </div>
   <div class='ocr_carea' id='block_1_61' title="bbox 1905 3754 3526 3828">
    <p class='ocr_par' dir='ltr' id='par_1_61' title="bbox 1905 3754 3526 3828">
     <span class='ocr_line' id='line_1_61' title="bbox 1905 3754 3526 3828; baseline -0.007 -11"><span class='ocrx_word' id='word_1_634' title='bbox 1905 3769 2034 3817; x_wconf 89' lang='lat' dir='ltr'><strong>sunt</strong></span> <span class='ocrx_word' id='word_1_635' title='bbox 2084 3768 2224 3826; x_wconf 90' lang='lat' dir='ltr'><strong>acta,</strong></span> <span class='ocrx_word' id='word_1_636' title='bbox 2277 3768 2333 3814; x_wconf 91' lang='lat' dir='ltr'><strong>et</strong></span> <span class='ocrx_word' id='word_1_637' title='bbox 2382 3774 2413 3812; x_wconf 88' lang='lat' dir='ltr'><strong>a</strong></span> <span class='ocrx_word' id='word_1_638' title='bbox 2472 3755 2753 3828; x_wconf 62' lang='lat' dir='ltr'><strong>praedictis</strong></span> <span class='ocrx_word' id='word_1_639' title='bbox 2811 3754 2991 3819; x_wconf 87' lang='lat' dir='ltr'><strong>docta,</strong></span> <span class='ocrx_word' id='word_1_640' title='bbox 3041 3761 3101 3808; x_wconf 93' lang='lat' dir='ltr'><strong>ut</strong></span> <span class='ocrx_word' id='word_1_641' title='bbox 3160 3762 3526 3827; x_wconf 88' lang='lat' dir='ltr'><strong>cognoscatur</strong></span> 
     </span>
    </p>
   </div>
   <div class='ocr_carea' id='block_1_62' title="bbox 1908 3842 3527 3923">
    <p class='ocr_par' dir='ltr' id='par_1_62' title="bbox 1908 3842 3527 3923">
     <span class='ocr_line' id='line_1_62' title="bbox 1908 3842 3527 3923; baseline -0.006 -18"><span class='ocrx_word' id='word_1_642' title='bbox 1908 3850 2146 3923; x_wconf 89' lang='lat' dir='ltr'><strong>qualiter</strong></span> <span class='ocrx_word' id='word_1_643' title='bbox 2170 3849 2416 3904; x_wconf 90' lang='lat' dir='ltr'><strong>minores</strong></span> <span class='ocrx_word' id='word_1_644' title='bbox 2443 3846 2755 3919; x_wconf 90' lang='lat' dir='ltr'><strong>potioribus</strong></span> <span class='ocrx_word' id='word_1_645' title='bbox 2785 3844 3026 3898; x_wconf 89' lang='lat' dir='ltr'><strong>debeant</strong></span> <span class='ocrx_word' id='word_1_646' title='bbox 3052 3842 3305 3907; x_wconf 90' lang='lat' dir='ltr'><strong>obedire,</strong></span> <span class='ocrx_word' id='word_1_647' title='bbox 3341 3849 3396 3895; x_wconf 88' lang='lat' dir='ltr'><strong>et</strong></span> <span class='ocrx_word' id='word_1_648' title='bbox 3425 3857 3527 3911; x_wconf 88' lang='lat' dir='ltr'><strong>po-</strong></span> 
     </span>
    </p>
   </div>
   <div class='ocr_carea' id='block_1_63' title="bbox 1908 3933 3525 4010">
    <p class='ocr_par' dir='ltr' id='par_1_63' title="bbox 1908 3933 3525 4010">
     <span class='ocr_line' id='line_1_63' title="bbox 1908 3933 3525 4010; baseline -0.006 -13"><span class='ocrx_word' id='word_1_649' title='bbox 1908 3943 2079 3997; x_wconf 88' lang='lat' dir='ltr'><strong>tiores</strong></span> <span class='ocrx_word' id='word_1_650' title='bbox 2105 3940 2417 3996; x_wconf 89' lang='lat' dir='ltr'><strong>minoribus</strong></span> <span class='ocrx_word' id='word_1_651' title='bbox 2437 3937 2751 4010; x_wconf 87' lang='lat' dir='ltr'><strong>providere,</strong></span> <span class='ocrx_word' id='word_1_652' title='bbox 2787 3943 2841 3991; x_wconf 91' lang='lat' dir='ltr'><strong>et</strong></span> <span class='ocrx_word' id='word_1_653' title='bbox 2863 3935 2999 3991; x_wconf 92' lang='lat' dir='ltr'><strong>ordo</strong></span> <span class='ocrx_word' id='word_1_654' title='bbox 3026 3951 3056 3989; x_wconf 90' lang='lat' dir='ltr'><strong>a</strong></span> <span class='ocrx_word' id='word_1_655' title='bbox 3075 3935 3187 3990; x_wconf 91' lang='lat' dir='ltr'><strong>Deo</strong></span> <span class='ocrx_word' id='word_1_656' title='bbox 3221 3933 3525 4004; x_wconf 88' lang='lat' dir='ltr'><strong>dispositus</strong></span> 
     </span>
    </p>
   </div>
   <div class='ocr_carea' id='block_1_64' title="bbox 1908 4027 3523 4101">
    <p class='ocr_par' dir='ltr' id='par_1_64' title="bbox 1908 4027 3523 4101">
     <span class='ocr_line' id='line_1_64' title="bbox 1908 4027 3523 4101; baseline -0.005 -12"><span class='ocrx_word' id='word_1_657' title='bbox 1908 4035 1978 4089; x_wconf 89' lang='lat' dir='ltr'><strong>ab</strong></span> <span class='ocrx_word' id='word_1_658' title='bbox 2007 4034 2287 4101; x_wconf 90' lang='lat' dir='ltr'><strong>omnibus,</strong></span> <span class='ocrx_word' id='word_1_659' title='bbox 2311 4042 2366 4088; x_wconf 92' lang='lat' dir='ltr'><strong>et</strong></span> <span class='ocrx_word' id='word_1_660' title='bbox 2394 4033 2452 4086; x_wconf 93' lang='lat' dir='ltr'><strong>in</strong></span> <span class='ocrx_word' id='word_1_661' title='bbox 2504 4031 2764 4088; x_wconf 89' lang='lat' dir='ltr'><strong>omnibus</strong></span> <span class='ocrx_word' id='word_1_662' title='bbox 2794 4031 2976 4085; x_wconf 79' lang='lat' dir='ltr'><strong>valeat</strong></span> <span class='ocrx_word' id='word_1_663' title='bbox 3002 4033 3335 4084; x_wconf 82' lang='lat' dir='ltr'><strong>conservari.</strong></span> <span class='ocrx_word' id='word_1_664' title='bbox 3371 4027 3523 4081; x_wconf 87' lang='lat' dir='ltr'><strong>Unde</strong></span> 
     </span>
    </p>
   </div>
   <div class='ocr_carea' id='block_1_65' title="bbox 1910 4117 3522 4193">
    <p class='ocr_par' dir='ltr' id='par_1_65' title="bbox 1910 4117 3522 4193">
     <span class='ocr_line' id='line_1_65' title="bbox 1910 4117 3522 4193; baseline -0.004 -15"><span class='ocrx_word' id='word_1_665' title='bbox 1910 4140 2158 4179; x_wconf 89' lang='lat' dir='ltr'><strong>summus</strong></span> <span class='ocrx_word' id='word_1_666' title='bbox 2185 4123 2437 4178; x_wconf 63' lang='lat' dir='ltr'><strong>Ecclesiae</strong></span> <span class='ocrx_word' id='word_1_667' title='bbox 2492 4129 2679 4193; x_wconf 90' lang='lat' dir='ltr'><strong>pastor</strong></span> <span class='ocrx_word' id='word_1_668' title='bbox 2716 4122 2878 4175; x_wconf 89' lang='lat' dir='ltr'><strong>docet</strong></span> <span class='ocrx_word' id='word_1_669' title='bbox 2911 4137 2923 4173; x_wconf 91' lang='lat'><strong>:</strong></span> <span class='ocrx_word' id='word_1_670' title='bbox 2953 4120 3006 4173; x_wconf 93' lang='lat' dir='ltr'><strong>Si</strong></span> <span class='ocrx_word' id='word_1_671' title='bbox 3057 4119 3182 4190; x_wconf 91' lang='lat' dir='ltr'><strong>quis</strong></span> <span class='ocrx_word' id='word_1_672' title='bbox 3230 4117 3522 4183; x_wconf 88' lang='lat' dir='ltr'><strong>ministrat,</strong></span> 
     </span>
    </p>
   </div>
   <div class='ocr_carea' id='block_1_66' title="bbox 1909 4201 3524 4282">
    <p class='ocr_par' dir='ltr' id='par_1_66' title="bbox 1909 4201 3524 4282">
     <span class='ocr_line' id='line_1_66' title="bbox 1909 4201 3524 4282; baseline -0.006 -14"><span class='ocrx_word' id='word_1_673' title='bbox 1909 4221 2171 4282; x_wconf 89' lang='lat' dir='ltr'><strong>tanquam</strong></span> <span class='ocrx_word' id='word_1_674' title='bbox 2204 4228 2268 4265; x_wconf 91' lang='lat' dir='ltr'><strong>ex</strong></span> <span class='ocrx_word' id='word_1_675' title='bbox 2336 4211 2534 4265; x_wconf 88' lang='lat' dir='ltr'><strong>virtute</strong></span> <span class='ocrx_word' id='word_1_676' title='bbox 2581 4226 2745 4281; x_wconf 89' lang='lat' dir='ltr'><strong>quam</strong></span> <span class='ocrx_word' id='word_1_677' title='bbox 2798 4207 3143 4262; x_wconf 87' lang='lat' dir='ltr'><strong>administrat</strong></span> <span class='ocrx_word' id='word_1_678' title='bbox 3182 4207 3349 4270; x_wconf 89' lang='lat' dir='ltr'><strong>Deus,</strong></span> <span class='ocrx_word' id='word_1_679' title='bbox 3383 4201 3442 4259; x_wconf 81' lang='grc' dir='ltr'><strong>ιιί</strong></span> <span class='ocrx_word' id='word_1_680' title='bbox 3470 4206 3524 4259; x_wconf 92' lang='lat' dir='ltr'><strong>in</strong></span> 
     </span>
    </p>
   </div>
   <div class='ocr_carea' id='block_1_67' title="bbox 1905 4297 3528 4368">
    <p class='ocr_par' dir='ltr' id='par_1_67' title="bbox 1905 4297 3528 4368">
     <span class='ocr_line' id='line_1_67' title="bbox 1905 4297 3528 4368; baseline -0.004 -9"><span class='ocrx_word' id='word_1_681' title='bbox 1905 4302 2162 4359; x_wconf 90' lang='lat' dir='ltr'><strong>omnibus</strong></span> <span class='ocrx_word' id='word_1_682' title='bbox 2215 4299 2617 4356; x_wconf 88' lang='lat' dir='ltr'><strong>honoriﬁcetur</strong></span> <span class='ocrx_word' id='word_1_683' title='bbox 2660 4300 2806 4354; x_wconf 88' lang='lat' dir='ltr'><strong>Deus</strong></span> <span class='ocrx_word' id='word_1_684' title='bbox 2834 4300 2879 4368; x_wconf 73' lang='grc' dir='ltr'><strong>(Ι</strong></span> <span class='ocrx_word' id='word_1_685' title='bbox 2904 4301 3046 4353; x_wconf 86' lang='lat' dir='ltr'><strong>Petr.</strong></span> <span class='ocrx_word' id='word_1_686' title='bbox 3097 4299 3191 4367; x_wconf 84' lang='lat' dir='ltr'><strong>IV),</strong></span> <span class='ocrx_word' id='word_1_687' title='bbox 3227 4297 3319 4368; x_wconf 91' lang='lat' dir='ltr'><strong>qui</strong></span> <span class='ocrx_word' id='word_1_688' title='bbox 3354 4298 3528 4352; x_wconf 89' lang='lat' dir='ltr'><strong>servis</strong></span> 
     </span>
    </p>
   </div>
   <div class='ocr_carea' id='block_1_68' title="bbox 1904 4387 3523 4463">
    <p class='ocr_par' dir='ltr' id='par_1_68' title="bbox 1904 4387 3523 4463">
     <span class='ocr_line' id='line_1_68' title="bbox 1904 4387 3523 4463; baseline -0.007 -12"><span class='ocrx_word' id='word_1_689' title='bbox 1904 4396 2021 4451; x_wconf 89' lang='lat' dir='ltr'><strong>suis</strong></span> <span class='ocrx_word' id='word_1_690' title='bbox 2051 4392 2328 4449; x_wconf 90' lang='lat' dir='ltr'><strong>commisit</strong></span> <span class='ocrx_word' id='word_1_691' title='bbox 2383 4390 2606 4463; x_wconf 84' lang='lat' dir='ltr'><strong>negotia</strong></span> <span class='ocrx_word' id='word_1_692' title='bbox 2631 4406 2751 4450; x_wconf 87' lang='lat' dir='ltr'><strong>sua,</strong></span> <span class='ocrx_word' id='word_1_693' title='bbox 2786 4398 2839 4444; x_wconf 90' lang='lat' dir='ltr'><strong>et</strong></span> <span class='ocrx_word' id='word_1_694' title='bbox 2886 4390 3185 4459; x_wconf 90' lang='lat' dir='ltr'><strong>unicuique</strong></span> <span class='ocrx_word' id='word_1_695' title='bbox 3217 4387 3523 4443; x_wconf 90' lang='lat' dir='ltr'><strong>secundum</strong></span> 
     </span>
    </p>
   </div>
   <div class='ocr_carea' id='block_1_69' title="bbox 193 4458 1803 4555">
    <p class='ocr_par' dir='ltr' id='par_1_69' title="bbox 193 4465 1803 4540">
     <span class='ocr_line' id='line_1_69' title="bbox 193 4465 1803 4540; baseline 0.003 -23"><span class='ocrx_word' id='word_1_696' title='bbox 193 4465 638 4522; x_wconf 90' lang='lat' dir='ltr'><strong>ministrantibus</strong></span> <span class='ocrx_word' id='word_1_697' title='bbox 664 4468 896 4523; x_wconf 90' lang='lat' dir='ltr'><strong>Domino</strong></span> <span class='ocrx_word' id='word_1_698' title='bbox 931 4468 1220 4539; x_wconf 89' lang='lat' dir='ltr'><strong>prophetis</strong></span> <span class='ocrx_word' id='word_1_699' title='bbox 1266 4475 1321 4523; x_wconf 91' lang='lat' dir='ltr'><strong>et</strong></span> <span class='ocrx_word' id='word_1_700' title='bbox 1360 4469 1681 4524; x_wconf 90' lang='lat' dir='ltr'><strong>doctoribus</strong></span> <span class='ocrx_word' id='word_1_701' title='bbox 1711 4468 1803 4540; x_wconf 90' lang='lat' dir='ltr'><strong>qui</strong></span> 
     </span>
    </p>
   </div>
   <div class='ocr_carea' id='block_1_70' title="bbox 1906 4458 3523 4555">
    <p class='ocr_par' dir='ltr' id='par_1_70' title="bbox 1908 4458 3523 4555">
     <span class='ocr_line' id='line_1_70' title="bbox 1908 4458 3523 4555; baseline -0.006 -18"><span class='ocrx_word' id='word_1_702' title='bbox 1908 4482 2189 4555; x_wconf 88' lang='lat' dir='ltr'><strong>propriam</strong></span> <span class='ocrx_word' id='word_1_703' title='bbox 2221 4458 2485 4535; x_wconf 68' lang='lat' dir='ltr'><strong>virtutem</strong></span> <span class='ocrx_word' id='word_1_704' title='bbox 2514 4479 2727 4547; x_wconf 81' lang='lat' dir='ltr'><strong>(Matth.</strong></span> <span class='ocrx_word' id='word_1_705' title='bbox 2756 4477 2876 4546; x_wconf 87' lang='lat' dir='ltr'><strong>xxv)</strong></span> <span class='ocrx_word' id='word_1_706' title='bbox 2913 4495 2926 4541; x_wconf 85' lang='lat'><strong>;</strong></span> <span class='ocrx_word' id='word_1_707' title='bbox 2954 4458 3109 4532; x_wconf 13' lang='lat' dir='ltr'><strong>sicut,</strong></span> <span class='ocrx_word' id='word_1_708' title='bbox 3127 4486 3180 4532; x_wconf 92' lang='lat' dir='ltr'><strong>et</strong></span> <span class='ocrx_word' id='word_1_709' title='bbox 3206 4477 3277 4530; x_wconf 88' lang='lat' dir='ltr'><strong>de</strong></span> <span class='ocrx_word' id='word_1_710' title='bbox 3316 4475 3523 4546; x_wconf 87' lang='lat' dir='ltr'><strong>Spiritu</strong></span> 
     </span>
    </p>
   </div>
   <div class='ocr_carea' id='block_1_71' title="bbox 193 4560 1809 4633">
    <p class='ocr_par' dir='ltr' id='par_1_71' title="bbox 193 4560 1809 4633">
     <span class='ocr_line' id='line_1_71' title="bbox 193 4560 1809 4633; baseline 0.003 -21"><span class='ocrx_word' id='word_1_711' title='bbox 193 4560 699 4627; x_wconf 63' lang='lat' dir='ltr'><strong>erantAntiochim,</strong></span> <span class='ocrx_word' id='word_1_712' title='bbox 762 4561 901 4616; x_wconf 87' lang='lat' dir='ltr'><strong>dixit</strong></span> <span class='ocrx_word' id='word_1_713' title='bbox 947 4562 1186 4633; x_wconf 86' lang='lat' dir='ltr'><strong>Spiritus</strong></span> <span class='ocrx_word' id='word_1_714' title='bbox 1243 4570 1465 4618; x_wconf 89' lang='lat' dir='ltr'><strong>sanctus</strong></span> <span class='ocrx_word' id='word_1_715' title='bbox 1508 4562 1809 4633; x_wconf 86' lang='lat' dir='ltr'><strong>:Separate</strong></span> 
     </span>
    </p>
   </div>
   <div class='ocr_carea' id='block_1_72' title="bbox 195 4647 1809 4724">
    <p class='ocr_par' dir='ltr' id='par_1_72' title="bbox 195 4647 1809 4724">
     <span class='ocr_line' id='line_1_72' title="bbox 195 4647 1809 4724; baseline 0.002 -25"><span class='ocrx_word' id='word_1_716' title='bbox 195 4647 325 4702; x_wconf 88' lang='lat' dir='ltr'><strong>mihi</strong></span> <span class='ocrx_word' id='word_1_717' title='bbox 354 4650 661 4704; x_wconf 90' lang='lat' dir='ltr'><strong>Barnabam</strong></span> <span class='ocrx_word' id='word_1_718' title='bbox 704 4658 759 4705; x_wconf 91' lang='lat' dir='ltr'><strong>et</strong></span> <span class='ocrx_word' id='word_1_719' title='bbox 804 4651 1026 4706; x_wconf 89' lang='lat' dir='ltr'><strong>Saulum</strong></span> <span class='ocrx_word' id='word_1_720' title='bbox 1084 4652 1140 4706; x_wconf 92' lang='lat' dir='ltr'><strong>in</strong></span> <span class='ocrx_word' id='word_1_721' title='bbox 1192 4667 1334 4724; x_wconf 91' lang='lat' dir='ltr'><strong>opus</strong></span> <span class='ocrx_word' id='word_1_722' title='bbox 1390 4649 1708 4716; x_wconf 88' lang='lat' dir='ltr'><strong>ministerii,</strong></span> <span class='ocrx_word' id='word_1_723' title='bbox 1742 4649 1809 4704; x_wconf 88' lang='lat' dir='ltr'><strong>ad</strong></span> 
     </span>
    </p>
   </div>
   <div class='ocr_carea' id='block_1_73' title="bbox 196 4740 1812 4815">
    <p class='ocr_par' dir='ltr' id='par_1_73' title="bbox 196 4740 1812 4815">
     <span class='ocr_line' id='line_1_73' title="bbox 196 4740 1812 4815; baseline 0.001 -20"><span class='ocrx_word' id='word_1_724' title='bbox 196 4740 340 4810; x_wconf 89' lang='lat' dir='ltr'><strong>quod</strong></span> <span class='ocrx_word' id='word_1_725' title='bbox 371 4742 650 4814; x_wconf 91' lang='lat' dir='ltr'><strong>assumpsi</strong></span> <span class='ocrx_word' id='word_1_726' title='bbox 702 4759 798 4798; x_wconf 91' lang='lat' dir='ltr'><strong>eos</strong></span> <span class='ocrx_word' id='word_1_727' title='bbox 848 4744 991 4812; x_wconf 84' lang='lat' dir='ltr'><strong>(Act.</strong></span> <span class='ocrx_word' id='word_1_728' title='bbox 1044 4746 1180 4815; x_wconf 85' lang='lat' dir='ltr'><strong>xm),</strong></span> <span class='ocrx_word' id='word_1_729' title='bbox 1234 4743 1728 4812; x_wconf 90' lang='lat' dir='ltr'><strong>Tuncjejunantes</strong></span> <span class='ocrx_word' id='word_1_730' title='bbox 1758 4749 1812 4798; x_wconf 90' lang='lat' dir='ltr'><strong>et</strong></span> 
     </span>
    </p>
   </div>
   <div class='ocr_carea' id='block_1_74' title="bbox 195 4832 1809 4907">
    <p class='ocr_par' dir='ltr' id='par_1_74' title="bbox 195 4832 1809 4907">
     <span class='ocr_line' id='line_1_74' title="bbox 195 4832 1809 4907; baseline 0.002 -23"><span class='ocrx_word' id='word_1_731' title='bbox 195 4840 436 4895; x_wconf 88' lang='lat' dir='ltr'><strong>orantes,</strong></span> <span class='ocrx_word' id='word_1_732' title='bbox 469 4832 935 4907; x_wconf 88' lang='lat' dir='ltr'><strong>imponentesque</strong></span> <span class='ocrx_word' id='word_1_733' title='bbox 964 4835 1047 4890; x_wconf 89' lang='lat' dir='ltr'><strong>eis</strong></span> <span class='ocrx_word' id='word_1_734' title='bbox 1076 4852 1290 4904; x_wconf 89' lang='lat' dir='ltr'><strong>manus,</strong></span> <span class='ocrx_word' id='word_1_735' title='bbox 1321 4834 1809 4890; x_wconf 85' lang='lat' dir='ltr'><strong>dimiseruntillos.</strong></span> 
     </span>
    </p>
   </div>
   <div class='ocr_carea' id='block_1_75' title="bbox 196 4920 1809 4998">
    <p class='ocr_par' dir='ltr' id='par_1_75' title="bbox 196 4920 1809 4998">
     <span class='ocr_line' id='line_1_75' title="bbox 196 4920 1809 4998; baseline 0.003 -24"><span class='ocrx_word' id='word_1_736' title='bbox 196 4920 257 4976; x_wconf 88' lang='lat' dir='ltr'><strong>Et</strong></span> <span class='ocrx_word' id='word_1_737' title='bbox 288 4923 393 4994; x_wconf 89' lang='lat' dir='ltr'><strong>ipsi</strong></span> <span class='ocrx_word' id='word_1_738' title='bbox 415 4924 647 4993; x_wconf 89' lang='lat' dir='ltr'><strong>quidem</strong></span> <span class='ocrx_word' id='word_1_739' title='bbox 681 4926 835 4981; x_wconf 87' lang='lat' dir='ltr'><strong>missi</strong></span> <span class='ocrx_word' id='word_1_740' title='bbox 859 4943 891 4982; x_wconf 88' lang='lat' dir='ltr'><strong>a</strong></span> <span class='ocrx_word' id='word_1_741' title='bbox 921 4926 1130 4998; x_wconf 90' lang='lat' dir='ltr'><strong>Spiritu</strong></span> <span class='ocrx_word' id='word_1_742' title='bbox 1144 4938 1334 4983; x_wconf 90' lang='lat' dir='ltr'><strong>sancto</strong></span> <span class='ocrx_word' id='word_1_743' title='bbox 1353 4926 1611 4982; x_wconf 87' lang='lat' dir='ltr'><strong>abierunt</strong></span> <span class='ocrx_word' id='word_1_744' title='bbox 1631 4926 1809 4983; x_wconf 86' lang='lat' dir='ltr'><strong>vocati</strong></span> 
     </span>
    </p>
   </div>
   <div class='ocr_carea' id='block_1_76' title="bbox 197 5014 1817 5090">
    <p class='ocr_par' dir='ltr' id='par_1_76' title="bbox 197 5014 1817 5090">
     <span class='ocr_line' id='line_1_76' title="bbox 197 5014 1817 5090; baseline 0.004 -23"><span class='ocrx_word' id='word_1_745' title='bbox 197 5014 457 5083; x_wconf 86' lang='lat' dir='ltr'><strong>apostoli,</strong></span> <span class='ocrx_word' id='word_1_746' title='bbox 491 5024 549 5069; x_wconf 91' lang='lat' dir='ltr'><strong>et</strong></span> <span class='ocrx_word' id='word_1_747' title='bbox 580 5016 632 5070; x_wconf 92' lang='lat' dir='ltr'><strong>in</strong></span> <span class='ocrx_word' id='word_1_748' title='bbox 664 5019 917 5089; x_wconf 90' lang='lat' dir='ltr'><strong>sequenti</strong></span> <span class='ocrx_word' id='word_1_749' title='bbox 943 5035 1109 5082; x_wconf 87' lang='lat' dir='ltr'><strong>anno,</strong></span> <span class='ocrx_word' id='word_1_750' title='bbox 1143 5020 1199 5073; x_wconf 91' lang='lat' dir='ltr'><strong>id</strong></span> <span class='ocrx_word' id='word_1_751' title='bbox 1230 5028 1313 5075; x_wconf 90' lang='lat' dir='ltr'><strong>est.</strong></span> <span class='ocrx_word' id='word_1_752' title='bbox 1340 5021 1408 5073; x_wconf 74' lang='grc'><strong>14</strong></span> <span class='ocrx_word' id='word_1_753' title='bbox 1447 5026 1569 5090; x_wconf 89' lang='lat' dir='ltr'><strong>post</strong></span> <span class='ocrx_word' id='word_1_754' title='bbox 1600 5018 1817 5090; x_wconf 89' lang='lat' dir='ltr'><strong>passio-</strong></span> 
     </span>
    </p>
   </div>
   <div class='ocr_carea' id='block_1_77' title="bbox 199 5106 1819 5183">
    <p class='ocr_par' dir='ltr' id='par_1_77' title="bbox 199 5106 1819 5183">
     <span class='ocr_line' id='line_1_77' title="bbox 199 5106 1819 5183; baseline 0.006 -26"><span class='ocrx_word' id='word_1_755' title='bbox 199 5118 321 5159; x_wconf 89' lang='lat' dir='ltr'><strong>nem</strong></span> <span class='ocrx_word' id='word_1_756' title='bbox 349 5106 602 5174; x_wconf 90' lang='lat' dir='ltr'><strong>Domini,</strong></span> <span class='ocrx_word' id='word_1_757' title='bbox 635 5109 766 5164; x_wconf 91' lang='lat' dir='ltr'><strong>licet</strong></span> <span class='ocrx_word' id='word_1_758' title='bbox 788 5111 883 5182; x_wconf 91' lang='lat' dir='ltr'><strong>qui</strong></span> <span class='ocrx_word' id='word_1_759' title='bbox 913 5119 1173 5181; x_wconf 89' lang='lat' dir='ltr'><strong>operatus</strong></span> <span class='ocrx_word' id='word_1_760' title='bbox 1194 5120 1277 5167; x_wconf 90' lang='lat' dir='ltr'><strong>est</strong></span> <span class='ocrx_word' id='word_1_761' title='bbox 1309 5113 1467 5169; x_wconf 91' lang='lat' dir='ltr'><strong>Petro</strong></span> <span class='ocrx_word' id='word_1_762' title='bbox 1492 5114 1548 5167; x_wconf 91' lang='lat' dir='ltr'><strong>in</strong></span> <span class='ocrx_word' id='word_1_763' title='bbox 1594 5121 1819 5183; x_wconf 90' lang='lat' dir='ltr'><strong>aposto-</strong></span> 
     </span>
    </p>
   </div>
   <div class='ocr_carea' id='block_1_78' title="bbox 198 5192 1823 5269">
    <p class='ocr_par' dir='ltr' id='par_1_78' title="bbox 198 5192 1823 5269">
     <span class='ocr_line' id='line_1_78' title="bbox 198 5192 1823 5269; baseline 0.006 -23"><span class='ocrx_word' id='word_1_764' title='bbox 198 5192 363 5248; x_wconf 91' lang='lat' dir='ltr'><strong>latum</strong></span> <span class='ocrx_word' id='word_1_765' title='bbox 415 5195 883 5266; x_wconf 89' lang='lat' dir='ltr'><strong>circumcisionis,</strong></span> <span class='ocrx_word' id='word_1_766' title='bbox 936 5209 1197 5269; x_wconf 90' lang='lat' dir='ltr'><strong>operatus</strong></span> <span class='ocrx_word' id='word_1_767' title='bbox 1238 5202 1308 5257; x_wconf 87' lang='lat' dir='ltr'><strong>sit</strong></span> <span class='ocrx_word' id='word_1_768' title='bbox 1351 5210 1405 5257; x_wconf 90' lang='lat' dir='ltr'><strong>et</strong></span> <span class='ocrx_word' id='word_1_769' title='bbox 1450 5203 1615 5258; x_wconf 90' lang='lat' dir='ltr'><strong>Paulo</strong></span> <span class='ocrx_word' id='word_1_770' title='bbox 1675 5202 1823 5256; x_wconf 89' lang='lat' dir='ltr'><strong>inter</strong></span> 
     </span>
    </p>
   </div>
   <div class='ocr_carea' id='block_1_79' title="bbox 106 5291 1823 5364">
    <p class='ocr_par' dir='ltr' id='par_1_79' title="bbox 106 5291 1823 5364">
     <span class='ocr_line' id='line_1_79' title="bbox 106 5291 1823 5364; baseline 0.006 -25"><span class='ocrx_word' id='word_1_771' title='bbox 106 5293 119 5298; x_wconf 83' lang='grc'><em>’</em></span> <span class='ocrx_word' id='word_1_772' title='bbox 199 5294 416 5357; x_wconf 84' lang='lat' dir='ltr'><strong>gentes,</strong></span> <span class='ocrx_word' id='word_1_773' title='bbox 466 5294 655 5343; x_wconf 87' lang='lat' dir='ltr'><strong>tamen</strong></span> <span class='ocrx_word' id='word_1_774' title='bbox 715 5291 869 5359; x_wconf 88' lang='lat' dir='ltr'><strong>juxta</strong></span> <span class='ocrx_word' id='word_1_775' title='bbox 923 5292 1237 5347; x_wconf 90' lang='lat' dir='ltr'><strong>condictum</strong></span> <span class='ocrx_word' id='word_1_776' title='bbox 1287 5295 1500 5362; x_wconf 86' lang='lat' dir='ltr'><strong>Jacobi,</strong></span> <span class='ocrx_word' id='word_1_777' title='bbox 1554 5294 1823 5364; x_wconf 61' lang='lat' dir='ltr'><strong>Cephmet</strong></span> 
     </span>
    </p>
   </div>
   <div class='ocr_carea' id='block_1_80' title="bbox 1912 4565 3531 4641">
    <p class='ocr_par' dir='ltr' id='par_1_80' title="bbox 1912 4565 3531 4641">
     <span class='ocr_line' id='line_1_80' title="bbox 1912 4565 3531 4641; baseline -0.008 -12"><span class='ocrx_word' id='word_1_778' title='bbox 1912 4580 2102 4629; x_wconf 91' lang='lat' dir='ltr'><strong>sancto</strong></span> <span class='ocrx_word' id='word_1_779' title='bbox 2124 4570 2387 4641; x_wconf 90' lang='lat' dir='ltr'><strong>scriptum</strong></span> <span class='ocrx_word' id='word_1_780' title='bbox 2409 4576 2514 4635; x_wconf 90' lang='lat' dir='ltr'><strong>est,</strong></span> <span class='ocrx_word' id='word_1_781' title='bbox 2550 4567 2696 4638; x_wconf 93' lang='lat' dir='ltr'><strong>quod</strong></span> <span class='ocrx_word' id='word_1_782' title='bbox 2720 4566 2866 4621; x_wconf 88' lang='lat' dir='ltr'><strong>dona</strong></span> <span class='ocrx_word' id='word_1_783' title='bbox 2886 4565 3084 4620; x_wconf 88' lang='lat' dir='ltr'><strong>dividit</strong></span> <span class='ocrx_word' id='word_1_784' title='bbox 3106 4565 3342 4637; x_wconf 86' lang='lat' dir='ltr'><strong>singulis</strong></span> <span class='ocrx_word' id='word_1_785' title='bbox 3370 4573 3531 4634; x_wconf 89' lang='lat' dir='ltr'><strong>prout</strong></span> 
     </span>
    </p>
   </div>
   <div class='ocr_carea' id='block_1_81' title="bbox 1911 4656 3521 4730">
    <p class='ocr_par' dir='ltr' id='par_1_81' title="bbox 1911 4656 3521 4730">
     <span class='ocr_line' id='line_1_81' title="bbox 1911 4656 3521 4730; baseline -0.007 -11"><span class='ocrx_word' id='word_1_786' title='bbox 1911 4665 2027 4720; x_wconf 90' lang='lat' dir='ltr'><strong>vult</strong></span> <span class='ocrx_word' id='word_1_787' title='bbox 2059 4665 2245 4725; x_wconf 83' lang='lat' dir='ltr'><strong>tICor.</strong></span> <span class='ocrx_word' id='word_1_788' title='bbox 2273 4662 2390 4730; x_wconf 89' lang='lat' dir='ltr'><strong>xn).</strong></span> <span class='ocrx_word' id='word_1_789' title='bbox 2422 4659 2811 4727; x_wconf 87' lang='lat' dir='ltr'><strong>Ethincjuxta</strong></span> <span class='ocrx_word' id='word_1_790' title='bbox 2858 4657 3183 4712; x_wconf 89' lang='lat' dir='ltr'><strong>Sardicense</strong></span> <span class='ocrx_word' id='word_1_791' title='bbox 3223 4656 3521 4713; x_wconf 89' lang='lat' dir='ltr'><strong>concilium</strong></span> 
     </span>
    </p>
   </div>
   <div class='ocr_carea' id='block_1_82' title="bbox 1914 4746 3532 4824">
    <p class='ocr_par' dir='ltr' id='par_1_82' title="bbox 1914 4746 3532 4824">
     <span class='ocr_line' id='line_1_82' title="bbox 1914 4746 3532 4824; baseline -0.007 -15"><span class='ocrx_word' id='word_1_792' title='bbox 1914 4756 2053 4824; x_wconf 85' lang='lat' dir='ltr'><strong>(cap.</strong></span> <span class='ocrx_word' id='word_1_793' title='bbox 2082 4754 2136 4822; x_wconf 86' lang='lat'><strong>7)</strong></span> <span class='ocrx_word' id='word_1_794' title='bbox 2180 4766 2465 4807; x_wconf 90' lang='lat' dir='ltr'><strong>:summus</strong></span> <span class='ocrx_word' id='word_1_795' title='bbox 2500 4749 2691 4819; x_wconf 64' lang='lat' dir='ltr'><strong>primae</strong></span> <span class='ocrx_word' id='word_1_796' title='bbox 2719 4754 2774 4803; x_wconf 90' lang='lat' dir='ltr'><strong>et</strong></span> <span class='ocrx_word' id='word_1_797' title='bbox 2830 4753 3031 4802; x_wconf 71' lang='lat' dir='ltr'><strong>sanctae</strong></span> <span class='ocrx_word' id='word_1_798' title='bbox 3063 4746 3213 4801; x_wconf 90' lang='lat' dir='ltr'><strong>sedis</strong></span> <span class='ocrx_word' id='word_1_799' title='bbox 3273 4747 3532 4801; x_wconf 70' lang='lat' dir='ltr'><strong>Romana:</strong></span> 
     </span>
    </p>
   </div>
   <div class='ocr_carea' id='block_1_83' title="bbox 1913 4832 3534 4917">
    <p class='ocr_par' dir='ltr' id='par_1_83' title="bbox 1913 4832 3534 4917">
     <span class='ocr_line' id='line_1_83' title="bbox 1913 4832 3534 4917; baseline -0.01 -16"><span class='ocrx_word' id='word_1_800' title='bbox 1913 4843 2185 4917; x_wconf 87' lang='lat' dir='ltr'><strong>pontifex,</strong></span> <span class='ocrx_word' id='word_1_801' title='bbox 2215 4859 2314 4915; x_wconf 91' lang='lat' dir='ltr'><strong>pro</strong></span> <span class='ocrx_word' id='word_1_802' title='bbox 2332 4840 2600 4897; x_wconf 90' lang='lat' dir='ltr'><strong>examinis</strong></span> <span class='ocrx_word' id='word_1_803' title='bbox 2631 4838 2988 4895; x_wconf 89' lang='lat' dir='ltr'><strong>renovatione</strong></span> <span class='ocrx_word' id='word_1_804' title='bbox 3021 4836 3087 4890; x_wconf 88' lang='lat' dir='ltr'><strong>ad</strong></span> <span class='ocrx_word' id='word_1_805' title='bbox 3108 4851 3168 4891; x_wconf 88' lang='lat' dir='ltr'><strong>se</strong></span> <span class='ocrx_word' id='word_1_806' title='bbox 3183 4832 3534 4891; x_wconf 89' lang='lat' dir='ltr'><strong>reclamantis</strong></span> 
     </span>
    </p>
   </div>
   <div class='ocr_carea' id='block_1_84' title="bbox 1918 4922 3534 5004">
    <p class='ocr_par' dir='ltr' id='par_1_84' title="bbox 1918 4922 3534 5004">
     <span class='ocr_line' id='line_1_84' title="bbox 1918 4922 3534 5004; baseline -0.009 -15"><span class='ocrx_word' id='word_1_807' title='bbox 1918 4941 1975 4990; x_wconf 89' lang='lat' dir='ltr'><strong>et</strong></span> <span class='ocrx_word' id='word_1_808' title='bbox 2000 4932 2372 5004; x_wconf 80' lang='lat' dir='ltr'><strong>eonfugientis</strong></span> <span class='ocrx_word' id='word_1_809' title='bbox 2400 4946 2522 4985; x_wconf 91' lang='lat' dir='ltr'><strong>cum</strong></span> <span class='ocrx_word' id='word_1_810' title='bbox 2581 4945 2678 4984; x_wconf 89' lang='lat' dir='ltr'><strong>sua</strong></span> <span class='ocrx_word' id='word_1_811' title='bbox 2718 4926 3045 4983; x_wconf 88' lang='lat' dir='ltr'><strong>clamatione</strong></span> <span class='ocrx_word' id='word_1_812' title='bbox 3076 4924 3279 4993; x_wconf 89' lang='lat' dir='ltr'><strong>dejecti</strong></span> <span class='ocrx_word' id='word_1_813' title='bbox 3308 4922 3534 4993; x_wconf 89' lang='lat' dir='ltr'><strong>provin-</strong></span> 
     </span>
    </p>
   </div>
   <div class='ocr_carea' id='block_1_85' title="bbox 1918 5013 3536 5094">
    <p class='ocr_par' dir='ltr' id='par_1_85' title="bbox 1918 5013 3536 5094">
     <span class='ocr_line' id='line_1_85' title="bbox 1918 5013 3536 5094; baseline -0.01 -14"><span class='ocrx_word' id='word_1_814' title='bbox 1918 5024 2076 5081; x_wconf 88' lang='lat' dir='ltr'><strong>cialis</strong></span> <span class='ocrx_word' id='word_1_815' title='bbox 2101 5022 2371 5094; x_wconf 89' lang='lat' dir='ltr'><strong>episc0pi,</strong></span> <span class='ocrx_word' id='word_1_816' title='bbox 2400 5037 2510 5077; x_wconf 91' lang='lat' dir='ltr'><strong>non</strong></span> <span class='ocrx_word' id='word_1_817' title='bbox 2533 5020 2713 5075; x_wconf 86' lang='lat' dir='ltr'><strong>statim</strong></span> <span class='ocrx_word' id='word_1_818' title='bbox 2742 5017 3124 5091; x_wconf 81' lang='lat' dir='ltr'><strong>singularitate</strong></span> <span class='ocrx_word' id='word_1_819' title='bbox 3151 5013 3454 5087; x_wconf 84' lang='lat' dir='ltr'><strong>privilegii,</strong></span> <span class='ocrx_word' id='word_1_820' title='bbox 3482 5020 3536 5065; x_wconf 88' lang='lat' dir='ltr'><strong>et</strong></span> 
     </span>
    </p>
   </div>
   <div class='ocr_carea' id='block_1_86' title="bbox 1920 5103 3537 5177">
    <p class='ocr_par' dir='ltr' id='par_1_86' title="bbox 1920 5103 3537 5177">
     <span class='ocr_line' id='line_1_86' title="bbox 1920 5103 3537 5177; baseline -0.01 -5"><span class='ocrx_word' id='word_1_821' title='bbox 1920 5114 2268 5172; x_wconf 89' lang='lat' dir='ltr'><strong>auctoritatis</strong></span> <span class='ocrx_word' id='word_1_822' title='bbox 2320 5128 2433 5167; x_wconf 70' lang='lat' dir='ltr'><strong>suae</strong></span> <span class='ocrx_word' id='word_1_823' title='bbox 2488 5112 2775 5177; x_wconf 88' lang='lat' dir='ltr'><strong>restituit;</strong></span> <span class='ocrx_word' id='word_1_824' title='bbox 2819 5111 2917 5166; x_wconf 90' lang='lat' dir='ltr'><strong>sed</strong></span> <span class='ocrx_word' id='word_1_825' title='bbox 2976 5108 3262 5164; x_wconf 88' lang='lat' dir='ltr'><strong>remittens</strong></span> <span class='ocrx_word' id='word_1_826' title='bbox 3312 5121 3436 5159; x_wconf 89' lang='lat' dir='ltr'><strong>eum</strong></span> <span class='ocrx_word' id='word_1_827' title='bbox 3468 5103 3537 5158; x_wconf 90' lang='lat' dir='ltr'><strong>ad</strong></span> 
     </span>
    </p>
   </div>
   <div class='ocr_carea' id='block_1_87' title="bbox 1924 5193 3541 5275">
    <p class='ocr_par' dir='ltr' id='par_1_87' title="bbox 1924 5193 3541 5275">
     <span class='ocr_line' id='line_1_87' title="bbox 1924 5193 3541 5275; baseline -0.008 -17"><span class='ocrx_word' id='word_1_828' title='bbox 1924 5202 2281 5275; x_wconf 88' lang='lat' dir='ltr'><strong>provinciam,</strong></span> <span class='ocrx_word' id='word_1_829' title='bbox 2325 5199 2420 5254; x_wconf 90' lang='lat' dir='ltr'><strong>ubi</strong></span> <span class='ocrx_word' id='word_1_830' title='bbox 2464 5215 2628 5253; x_wconf 88' lang='lat' dir='ltr'><strong>causa</strong></span> <span class='ocrx_word' id='word_1_831' title='bbox 2685 5206 2897 5269; x_wconf 89' lang='lat' dir='ltr'><strong>patrata</strong></span> <span class='ocrx_word' id='word_1_832' title='bbox 2945 5197 3142 5264; x_wconf 85' lang='lat' dir='ltr'><strong>fuerat,</strong></span> <span class='ocrx_word' id='word_1_833' title='bbox 3205 5201 3260 5248; x_wconf 90' lang='lat' dir='ltr'><strong>et</strong></span> <span class='ocrx_word' id='word_1_834' title='bbox 3306 5193 3363 5246; x_wconf 89' lang='lat' dir='ltr'><strong>in</strong></span> <span class='ocrx_word' id='word_1_835' title='bbox 3432 5207 3541 5261; x_wconf 88' lang='lat' dir='ltr'><strong>qua</strong></span> 
     </span>
    </p>
   </div>
   <div class='ocr_carea' id='block_1_88' title="bbox 1918 5283 3540 5363">
    <p class='ocr_par' dir='ltr' id='par_1_88' title="bbox 1918 5283 3540 5363">
     <span class='ocr_line' id='line_1_88' title="bbox 1918 5283 3540 5363; baseline -0.007 -17"><span class='ocrx_word' id='word_1_836' title='bbox 1918 5294 2073 5361; x_wconf 87' lang='lat' dir='ltr'><strong>juxta</strong></span> <span class='ocrx_word' id='word_1_837' title='bbox 2104 5288 2564 5363; x_wconf 87' lang='lat' dir='ltr'><strong>Carthaginenses</strong></span> <span class='ocrx_word' id='word_1_838' title='bbox 2610 5302 2853 5342; x_wconf 88' lang='lat' dir='ltr'><strong>canones</strong></span> <span class='ocrx_word' id='word_1_839' title='bbox 2911 5288 3091 5357; x_wconf 87' lang='lat' dir='ltr'><strong>(Conc.</strong></span> <span class='ocrx_word' id='word_1_840' title='bbox 3145 5283 3407 5349; x_wconf 81' lang='lat' dir='ltr'><strong>Carthag.</strong></span> <span class='ocrx_word' id='word_1_841' title='bbox 3441 5296 3540 5335; x_wconf 90' lang='lat' dir='ltr'><strong>seu</strong></span> 
     </span>
    </p>
   </div>
   <div class='ocr_carea' id='block_1_89' title="bbox 198 5373 3544 5453">
    <p class='ocr_par' dir='ltr' id='par_1_89' title="bbox 198 5373 3544 5453">
     <span class='ocr_line' id='line_1_89' title="bbox 198 5373 3544 5453; baseline 0 -26"><span class='ocrx_word' id='word_1_842' title='bbox 198 5373 447 5442; x_wconf 85' lang='lat' dir='ltr'><strong>Joannis,</strong></span> <span class='ocrx_word' id='word_1_843' title='bbox 498 5378 753 5450; x_wconf 84' lang='lat' dir='ltr'><strong>gentium</strong></span> <span class='ocrx_word' id='word_1_844' title='bbox 802 5378 1181 5453; x_wconf 89' lang='lat' dir='ltr'><strong>magisterium</strong></span> <span class='ocrx_word' id='word_1_845' title='bbox 1239 5398 1350 5437; x_wconf 88' lang='lat' dir='ltr'><strong>una</strong></span> <span class='ocrx_word' id='word_1_846' title='bbox 1397 5398 1519 5438; x_wconf 90' lang='lat' dir='ltr'><strong>cum</strong></span> <span class='ocrx_word' id='word_1_847' title='bbox 1576 5381 1825 5437; x_wconf 86' lang='lat' dir='ltr'><strong>Barnaba</strong></span> <span class='ocrx_word' id='word_1_848' title='bbox 1926 5382 2107 5449; x_wconf 82' lang='lat' dir='ltr'><strong>Afric.</strong></span> <span class='ocrx_word' id='word_1_849' title='bbox 2142 5379 2236 5435; x_wconf 90' lang='lat' dir='ltr'><strong>ubi</strong></span> <span class='ocrx_word' id='word_1_850' title='bbox 2264 5379 2473 5450; x_wconf 89' lang='lat' dir='ltr'><strong>supra),</strong></span> <span class='ocrx_word' id='word_1_851' title='bbox 2511 5377 2717 5446; x_wconf 86' lang='lat' dir='ltr'><strong>etjura</strong></span> <span class='ocrx_word' id='word_1_852' title='bbox 2742 5376 2880 5447; x_wconf 79' lang='lat' dir='ltr'><strong>legis</strong></span> <span class='ocrx_word' id='word_1_853' title='bbox 2910 5377 3187 5440; x_wconf 66' lang='lat' dir='ltr'><strong>Romanae,</strong></span> <span class='ocrx_word' id='word_1_854' title='bbox 3245 5389 3412 5429; x_wconf 88' lang='lat' dir='ltr'><strong>causa</strong></span> <span class='ocrx_word' id='word_1_855' title='bbox 3441 5388 3544 5442; x_wconf 91' lang='lat' dir='ltr'><strong>po-</strong></span> 
     </span>
    </p>
   </div>
   <div class='ocr_carea' id='block_1_90' title="bbox 202 5460 3549 5547">
    <p class='ocr_par' dir='ltr' id='par_1_90' title="bbox 202 5460 3549 5547">
     <span class='ocr_line' id='line_1_90' title="bbox 202 5460 3549 5547; baseline 0.001 -32"><span class='ocrx_word' id='word_1_856' title='bbox 202 5460 404 5518; x_wconf 87' lang='lat' dir='ltr'><strong>Paulus</strong></span> <span class='ocrx_word' id='word_1_857' title='bbox 436 5466 671 5535; x_wconf 89' lang='lat' dir='ltr'><strong>accepit.</strong></span> <span class='ocrx_word' id='word_1_858' title='bbox 699 5467 849 5522; x_wconf 89' lang='lat' dir='ltr'><strong>Idem</strong></span> <span class='ocrx_word' id='word_1_859' title='bbox 873 5483 1093 5539; x_wconf 90' lang='lat' dir='ltr'><strong>quoque</strong></span> <span class='ocrx_word' id='word_1_860' title='bbox 1125 5468 1320 5524; x_wconf 87' lang='lat' dir='ltr'><strong>Paulus</strong></span> <span class='ocrx_word' id='word_1_861' title='bbox 1349 5471 1494 5541; x_wconf 90' lang='lat' dir='ltr'><strong>apud</strong></span> <span class='ocrx_word' id='word_1_862' title='bbox 1515 5470 1829 5526; x_wconf 88' lang='lat' dir='ltr'><strong>Corinthios</strong></span> <span class='ocrx_word' id='word_1_863' title='bbox 1928 5478 2036 5529; x_wconf 88' lang='lat' dir='ltr'><strong>test</strong></span> <span class='ocrx_word' id='word_1_864' title='bbox 2066 5471 2364 5547; x_wconf 86' lang='lat' dir='ltr'><strong>diligenter</strong></span> <span class='ocrx_word' id='word_1_865' title='bbox 2389 5469 2615 5541; x_wconf 90' lang='lat' dir='ltr'><strong>inquiri,</strong></span> <span class='ocrx_word' id='word_1_866' title='bbox 2637 5476 2692 5523; x_wconf 90' lang='lat' dir='ltr'><strong>et</strong></span> <span class='ocrx_word' id='word_1_867' title='bbox 2728 5468 3001 5539; x_wconf 88' lang='lat' dir='ltr'><strong>quodnon</strong></span> <span class='ocrx_word' id='word_1_868' title='bbox 3036 5468 3107 5522; x_wconf 88' lang='lat' dir='ltr'><strong>sit</strong></span> <span class='ocrx_word' id='word_1_869' title='bbox 3136 5465 3549 5521; x_wconf 88' lang='lat' dir='ltr'><strong>difﬁciletestes</strong></span> 
     </span>
    </p>
   </div>
   <div class='ocr_carea' id='block_1_91' title="bbox 202 5555 3551 5634">
    <p class='ocr_par' dir='ltr' id='par_1_91' title="bbox 202 5555 3551 5634">
     <span class='ocr_line' id='line_1_91' title="bbox 202 5555 3551 5634; baseline 0 -26"><span class='ocrx_word' id='word_1_870' title='bbox 202 5555 626 5628; x_wconf 81' lang='lat' dir='ltr'><strong>negligentibus</strong></span> <span class='ocrx_word' id='word_1_871' title='bbox 642 5558 951 5621; x_wconf 81' lang='lat' dir='ltr'><strong>rectoribus</strong></span> <span class='ocrx_word' id='word_1_872' title='bbox 972 5560 1376 5617; x_wconf 90' lang='lat' dir='ltr'><strong>deincestuoso</strong></span> <span class='ocrx_word' id='word_1_873' title='bbox 1389 5562 1609 5633; x_wconf 89' lang='lat' dir='ltr'><strong>scripsit</strong></span> <span class='ocrx_word' id='word_1_874' title='bbox 1646 5578 1658 5614; x_wconf 75' lang='grc' dir='ltr'>ε</span> <span class='ocrx_word' id='word_1_875' title='bbox 1687 5561 1830 5616; x_wconf 89' lang='lat' dir='ltr'><strong>Con-</strong></span> <span class='ocrx_word' id='word_1_876' title='bbox 1931 5562 2261 5634; x_wconf 91' lang='lat' dir='ltr'><strong>producere,</strong></span> <span class='ocrx_word' id='word_1_877' title='bbox 2288 5563 2495 5619; x_wconf 88' lang='lat' dir='ltr'><strong>veritas</strong></span> <span class='ocrx_word' id='word_1_878' title='bbox 2526 5559 2760 5617; x_wconf 90' lang='lat' dir='ltr'><strong>inveniri</strong></span> <span class='ocrx_word' id='word_1_879' title='bbox 2793 5576 2808 5625; x_wconf 91' lang='lat'><strong>;</strong></span> <span class='ocrx_word' id='word_1_880' title='bbox 2856 5568 2949 5615; x_wconf 91' lang='lat' dir='ltr'><strong>aut</strong></span> <span class='ocrx_word' id='word_1_881' title='bbox 2981 5557 3230 5615; x_wconf 90' lang='lat' dir='ltr'><strong>ﬁnitimis</strong></span> <span class='ocrx_word' id='word_1_882' title='bbox 3270 5555 3551 5629; x_wconf 87' lang='lat' dir='ltr'><strong>episc0pis</strong></span> 
     </span>
    </p>
   </div>
   <div class='ocr_carea' id='block_1_92' title="bbox 200 5643 3551 5726">
    <p class='ocr_par' dir='ltr' id='par_1_92' title="bbox 200 5643 3551 5726">
     <span class='ocr_line' id='line_1_92' title="bbox 200 5643 3551 5726; baseline 0.001 -29"><span class='ocrx_word' id='word_1_883' title='bbox 200 5644 452 5717; x_wconf 78' lang='lat' dir='ltr'><strong>gregatis</strong></span> <span class='ocrx_word' id='word_1_884' title='bbox 471 5643 657 5714; x_wconf 90' lang='lat' dir='ltr'><strong>vobis,</strong></span> <span class='ocrx_word' id='word_1_885' title='bbox 699 5654 754 5701; x_wconf 91' lang='lat' dir='ltr'><strong>et</strong></span> <span class='ocrx_word' id='word_1_886' title='bbox 783 5662 908 5702; x_wconf 90' lang='lat' dir='ltr'><strong>meo</strong></span> <span class='ocrx_word' id='word_1_887' title='bbox 958 5648 1185 5718; x_wconf 88' lang='lat' dir='ltr'><strong>spiritu,</strong></span> <span class='ocrx_word' id='word_1_888' title='bbox 1227 5650 1484 5706; x_wconf 90' lang='lat' dir='ltr'><strong>traditum</strong></span> <span class='ocrx_word' id='word_1_889' title='bbox 1507 5651 1828 5720; x_wconf 89' lang='lat' dir='ltr'><strong>hujusmodi</strong></span> <span class='ocrx_word' id='word_1_890' title='bbox 1936 5653 2196 5726; x_wconf 85' lang='lat' dir='ltr'><strong>dignatur</strong></span> <span class='ocrx_word' id='word_1_891' title='bbox 2221 5655 2492 5723; x_wconf 90' lang='lat' dir='ltr'><strong>scribere,</strong></span> <span class='ocrx_word' id='word_1_892' title='bbox 2541 5660 2636 5710; x_wconf 91' lang='lat' dir='ltr'><strong>aut</strong></span> <span class='ocrx_word' id='word_1_893' title='bbox 2664 5668 2693 5708; x_wconf 91' lang='lat' dir='ltr'><strong>e</strong></span> <span class='ocrx_word' id='word_1_894' title='bbox 2735 5652 2906 5708; x_wconf 88' lang='lat' dir='ltr'><strong>latere</strong></span> <span class='ocrx_word' id='word_1_895' title='bbox 2963 5666 3065 5709; x_wconf 85' lang='lat' dir='ltr'><strong>suo</strong></span> <span class='ocrx_word' id='word_1_896' title='bbox 3094 5650 3283 5720; x_wconf 89' lang='lat' dir='ltr'><strong>mittit,</strong></span> <span class='ocrx_word' id='word_1_897' title='bbox 3313 5648 3408 5718; x_wconf 89' lang='lat' dir='ltr'><strong>qui</strong></span> <span class='ocrx_word' id='word_1_898' title='bbox 3450 5649 3551 5702; x_wconf 83' lang='lat' dir='ltr'><strong>ha-</strong></span> 
     </span>
    </p>
   </div>
   <div class='ocr_carea' id='block_1_93' title="bbox 506 5741 3261 5811">
    <p class='ocr_par' dir='ltr' id='par_1_93' title="bbox 506 5741 3261 5811">
     <span class='ocr_line' id='line_1_93' title="bbox 506 5741 3261 5811; baseline 0.011 -10"><span class='ocrx_word' id='word_1_899' title='bbox 506 5741 788 5806; x_wconf 83' lang='lat' dir='ltr'><strong>PATROL.</strong></span> <span class='ocrx_word' id='word_1_900' title='bbox 838 5744 1170 5811; x_wconf 85' lang='lat' dir='ltr'><strong>CXXXV.</strong></span> <span class='ocrx_word' id='word_1_901' title='bbox 3223 5748 3261 5808; x_wconf 83' lang='grc'>6</span> 
     </span>
    </p>
   </div>
  </div>
