3970 6218
452 312 547 366 171

1563 293 1928 350 FLODOARDI
1969 291 2273 346 CANONICI
2317 293 2640 347 REMENSIS

3682 295 3787 350 I72

453 436 648 489 bentes
679 434 799 501 ejus
826 428 1204 484 auctoritatem
1264 432 1562 495 prmsentes
1609 437 1734 476 cum
1767 417 2068 490 'episc0pis
2090 423 2138 487 Α
2167 418 2222 471 in
2241 419 2512 489 synodum
2538 419 2738 474 deduci
2770 417 3144 489 permisimus,
3181 420 3531 491 parvipensis
3580 429 3636 475 et
3665 421 3789 474 sine

448 524 718 592 judicent,
751 528 805 574 et
834 519 1131 590 diligenter
1160 531 1378 570 causam
1413 512 1731 584 inquisitam
1765 508 2059 563 diftiniant:

455 619 548 664 aut
578 610 835 681 dignatur
864 606 1091 660 credere
1113 603 1409 674 episcopos
1447 601 1723 663 sufticere,
1751 609 1813 653 ut
1842 597 2063 671 negotio

456 698 750 753 terminum
786 695 997 765 possint
1038 694 1344 763 imponere.
1383 691 1442 744 Et
1483 689 1843 744 Innocentius
1887 688 2059 755 (epist.

455 792 510 856 2,
543 807 569 844 c
621 791 672 854 3)
708 807 720 842 :
751 815 772 833 «ι
804 788 857 840 Si
893 801 1017 857 quae
1034 800 1214 839 causae
1246 784 1331 838 vel
1352 781 1741 837 contentiones
1771 780 1914 833 inter
1943 778 2063 832 cle-

459 883 601 937 ricos
627 890 736 934 tam
778 876 1084 948 superioris
1114 875 1346 938 ordinis,
1399 890 1563 945 quam
1591 872 1753 927 etiam
1784 869 2069 924 inferioris

460 970 665 1025 fuerint
729 976 953 1032 exortae,
1024 963 1370 1037 congregatis
1427 961 1733 1015 secundum
1797 957 2070 1028 synodum

460 1061 734 1115 Nicaanam
766 1060 917 1125 (Syn.
951 1058 1068 1112 Nic.
1115 1070 1163 1108 c.
1214 1054 1262 1120 5)
1315 1052 1564 1119 ejusdem
1612 1046 1910 1119 provincia}
1941 1045 2067 1114 epi-

462 1151 646 1222 scopis
696 1149 939 1222 jurgium
997 1145 1248 1216 praecipit
1297 1142 1598 1198 terminari.
1663 1141 1724 1195 Et
1765 1138 2077 1195 Bonifacius

462 1245 564 1309 (ep.
593 1240 648 1304 ἓ)
699 1238 766 1290 de
791 1235 1022 1290 Maximo
1054 1233 1267 1296 scribit,
1301 1241 1360 1286 ut
1386 1231 1453 1284 ad
1499 1229 1835 1301 provinciam
1888 1226 2077 1282 venire

465 1337 710 1399 cogatur,
744 1332 798 1380 et
831 1324 944 1377 illic
973 1339 1034 1377 se
1060 1320 1361 1376 constituto
1404 1325 1740 1390 praesentare
1763 1315 1998 1384 judicio,
2025 1321 2080 1367 et

465 1418 738 1490 quidquid
772 1417 840 1469 de
869 1416 962 1469 illo
992 1412 1255 1468 duxerint
1287 1409 1584 1482 provinciae
1605 1408 1852 1479 episcopi
1881 1407 2077 1461 decer-

468 1510 734 1575 nendum,
766 1524 889 1562 cum
912 1507 978 1560 ad
1009 1522 1133 1560 eum
1179 1504 1410 1557 relatum
1454 1501 1614 1566 foret,
1641 1517 1740 1554 sua
1770 1499 2078 1553 firmaretur

467 1602 792 1656 auctoritate
826 1619 838 1652 :
871 1607 1164 1670 quatenus,
1222 1605 1281 1652 ut
1313 1597 1456 1650 idem
1487 1597 1659 1665 (epist.
1693 1594 1745 1658 3,
1779 1609 1900 1646 can.
1925 1593 1975 1658 ϐ)
2008 1590 2072 1644 ad

471 1692 732 1746 Hilarium
765 1690 979 1754 scribit,
1005 1687 1412 1758 metrOpolitani
1443 1685 1525 1740 sui
1568 1698 1914 1754 unaquzeque
1947 1696 2074 1751 pro-

2164 505 2348 576 aliqua
2370 509 2712 562 correctione
2762 507 3004 561 dimissis
3048 508 3134 561 eis
3163 509 3442 579 capitulis,
3469 509 3787 564 auctoritati

2164 604 2359 648 vestra:
2387 595 2489 649 sub
2540 595 2667 649 fidei
2717 597 3108 666 astipulatione
3164 597 3411 664 directis,
3447 614 3546 668 pro
3579 599 3788 668 quibus

2167 683 2345 738 fuerat
2374 684 2652 751 judicatus
2681 686 2749 738 ab
2774 686 3073 757 episcOpis,
3133 688 3201 742 ad
3246 705 3480 758 quorum
3508 688 3787 757 judicium

2170 780 2579 839 provocaverat,
2637 774 2941 829 secundum
3000 791 3259 846 expressa
3293 794 3576 832 sacrorum
3611 792 3785 832 cano-

2173 877 2302 916 num
2329 865 2720 933 etapostolicze
2763 867 2913 920 sedis
2954 867 3199 933 decreta,
3239 868 3536 923 Ccelestino
3559 869 3786 923 dicente

2174 955 2349 1021 (epist.
2373 952 2427 1019 3)
2462 970 2474 1005 :
2525 974 2549 1002 ς(
2577 954 2704 1017 Quae
2721 954 2868 1008 enim
2899 971 2930 1008 a
2952 955 3115 1010 nobis
3144 972 3231 1010 res
3253 956 3422 1032 digna
3449 957 3789 1021 servabitur,

2174 1045 2219 1098 si
2249 1045 2606 1100 decretalium
2631 1063 2821 1102 norma
2859 1049 3282 1104 constitutorum
3335 1065 3432 1120 pro
3473 1051 3790 1121 aliquorum

2178 1135 2338 1192 libitu
2362 1137 2585 1192 licentia
2639 1139 2859 1208 populis
2916 1141 3205 1209 permissa,
3257 1140 3586 1212 frangatur?
3618 1163 3642 1192 ο
3677 1143 3794 1197 Mox

2178 1235 2374 1283 vestrze
2406 1230 2660 1299 potestati
2705 1230 2974 1300 placuerit
2994 1231 3145 1286 illum
3167 1233 3478 1299 restituere,
3510 1242 3572 1287 ut
3604 1233 3796 1302 prima:

2179 1322 2330 1376 sedis
2352 1331 2406 1376 et
2463 1325 2652 1378 matris
2682 1340 2746 1378 ac
2810 1325 3084 1397 magistrae
3140 1326 3388 1380 omnium
3419 1326 3795 1381 Ecclesiarum

2179 1413 2476 1484 pontificis,
2508 1424 2940 1488 cunctorumquc
2983 1417 3368 1488 episcOporum
3414 1417 3591 1487 patris
3629 1428 3798 1489 atque

2180 1510 2422 1584 magistri
2491 1513 2736 1585 regulare
2791 1511 3062 1580 judicium
3114 1511 3255 1566 ferre
3304 1513 3586 1576 convenit,
3634 1530 3796 1585 inquo

2178 1603 2360 1656 animo
2383 1601 2572 1655 feram.
2614 1602 2788 1656 Credo
2831 1609 3013 1657 tamen
3054 1603 3536 1677 diligentissimam
3582 1605 3797 1659 discre-

2183 1694 2388 1748 tionem
2447 1701 2682 1746 vestram
2730 1693 3069 1762 provisuram
3137 1701 3514 1762 contemptum
3575 1712 3640 1748 ac
3663 1711 3795 1750 con-

469 1780 648 1834 vincia
671 1779 720 1832 in
751 1778 1013 1833 omnibus
1051 1777 1217 1831 rebus
1272 1773 1680 1829 ordinationem
1729 1786 1948 1839 semper
1986 1784 2079 1822 ex-

2185 1740 2388 1748 ------.--
2459 1740 2682 1746 ,νε-η..-
2730 1740 3069 1762 ,-.-.--_._---
3141 1740 3514 1762 ---ην-τω---
3575 1740 3640 1748 .-υ
3666 1740 3766 1750 ην..

2183 1784 2472 1838 tumaciam
2507 1783 2877 1851 subjectorum
2906 1799 3036 1852 erga
3075 1783 3330 1853 praelatos
3361 1799 3510 1851 suos,
3544 1794 3602 1839 et
3629 1787 3799 1840 liber-

470 1880 701 1943 spectet,
723 1872 864 1926 sicut
883 1871 1146 1940 scriptum
1178 1868 1327 1923 estin
1347 1867 1566 1921 Nicaeno
1586 1864 1823 1919 concilio
1845 1866 1979 1932 (can.
2000 1862 2078 1932 5),

472 1966 689 2020 utsicut
719 1965 866 2035 apud
898 1961 1300 2027 Alexandriam,
1331 1961 1462 2031 quia
1481 1968 1536 2013 et
1562 1958 1718 2012 urbis
1751 1957 1932 2010 Roma:
1951 1955 2078 2024 epi-

469 2073 637 2128 scopo
669 2055 855 2127 parilis
883 2070 1002 2109 mos
1033 2061 1132 2107 est.
1176 2052 1436 2106 Similiter
1463 2050 1682 2120 etapud
1716 2047 2079 2113 Antiochiam,

468 2157 806 2218 caaterasquc
837 2145 1168 2216 provincias,
1201 2143 1315 2197 suis
1345 2141 1632 2212 privilegia
1660 2148 1950 2194 serventur
1980 2138 2082 2191 Ec-

470 2242 671 2297 clcsiis.
701 2264 725 2285 »
757 2263 782 2288 ι
807 2239 958 2292 Unde
1005 2237 1149 2290 bene
1200 2235 1402 2306 placuit
1434 2235 1446 2303 (
1477 2235 1646 2300 lbid.,
1687 2249 1808 2286 can.
1846 2231 1893 2292 5)
1925 2230 2083 2284 annis

470 2332 707 2408 singulis
738 2347 837 2400 per
866 2341 1312 2399 unamquamque
1345 2325 1683 2395 provinciam
1721 2325 1806 2379 bis
1855 2327 1909 2378 in
1939 2340 2084 2378 anno

471 2422 705 2478 concilia
760 2418 1052 2482 celebrari,
1119 2424 1176 2470 ut
1234 2415 1604 2470 communiter
1633 2415 1892 2470 omnibus
1918 2414 2082 2467 simul

471 2509 752 2582 episc0pis
777 2506 1127 2580 congregatis
1146 2503 1464 2576 provinciae,
1490 2503 1860 2558 discutiantur
1890 2503 2085 2571 hujus-

472 2599 620 2655 modi
661 2597 1010 2668 quaestiones.
1044 2615 1068 2644 ι)

549 2713 569 2741 ε
607 2691 668 2744 Et
686 2691 800 2742 haec
816 2685 1258 2756 dico,non,quod
1279 2683 1444 2748 absit,
1470 2683 1837 2754 praejudicans
1857 2697 2084 2737 summa:

471 2784 618 2838 sedis
643 2779 983 2853 apostolicae,
1026 2785 1080 2832 et
1130 2776 1304 2830 sancti
1335 2777 1676 2846 apostolatus
1702 2776 1868 2830 vestri
1903 2776 1958 2828 in
1987 2775 2087 2830 ali-

468 2888 580 2944 quo
611 2876 958 2942 potestatem,
994 2866 1080 2920 cui
1145 2865 1201 2918 in
1233 2864 1493 2919 omnibus
1522 2880 1666 2930 sum,
1693 2864 1836 2919 sicut
1873 2872 2083 2918 rectum

471 2973 573 3028 est,
604 2961 833 3018 obedire
883 2967 1121 3030 paratus.
1181 2956 1287 3011 Sed
1356 2956 1486 3026 quia
1515 2971 1743 3010 summae
1771 2955 2082 3010 auctoritati

471 3060 663 3108 vestrae
691 3048 1023 3118 obsequium
1074 3053 1334 3117 przestarc
1394 3060 1480 3097 me
1532 3051 1684 3125 puto,
1717 3060 1841 3098 cum
1867 3060 1930 3098 ea
1961 3060 2084 3116 quae

472 3145 677 3209 sentio,
709 3149 803 3196 aut
851 3141 918 3194 ad
969 3138 1374 3209 probationem,
1436 3110 1629 3190 aut’ad
1683 3136 2083 3190 correctionem
2112 3110 2160 3176 (ἶ

472 3236 758 3292 humiliter
785 3232 1076 3304 sapientiae
1103 3231 1268 3285 vestri
1302 3228 1602 3303 magisterii
1634 3227 1815 3298 pando
1847 3243 1862 3295 ;
1896 3236 1951 3282 et
1981 3229 2088 3283 Bo-

472 3325 621 3380 thadi
662 3339 844 3378 mores
875 3321 1032 3376 vobis
1083 3319 1340 3374 intimare
1373 3333 1628 3388 procuro,
1663 3333 1733 3370 ne
1764 3333 1885 3372 mea
1908 3317 2088 3389 negli-

469 3415 678 3491 gentia,
705 3413 801 3484 qui
836 3428 932 3467 eos
951 3411 1100 3476 novi,
1133 3425 1230 3464 vos
1255 3410 1484 3476 lateant,
1544 3415 1820 3478 quatenus
1879 3409 2085 3463 certius

469 3509 617 3582 quod
647 3508 804 3564 vobis
835 3505 1105 3577 placuerit
1129 3505 1199 3559 de
1257 3505 1351 3559 illo
1404 3519 1536 3559 vera
1567 3502 1867 3557 auctoritas
1896 3503 2088 3558 decer-

469 3613 602 3652 nere
624 3597 819 3653 valeat.
871 3594 1043 3657 Quem
1089 3593 1133 3647 si
1156 3609 1304 3647 nunc
1333 3592 1387 3646 in
1420 3591 1789 3661 dispositione
1815 3591 2086 3660 judicium

470 3697 712 3744 vestrum
749 3702 976 3741 manere
1019 3685 1353 3749 decreverit,
1409 3683 1618 3737 scimus
1641 3683 1711 3736 de
1742 3683 2087 3757 benignitate

470 3788 526 3836 et
549 3779 818 3835 modestia
858 3795 920 3832 ac
947 3778 1152 3848 pietate
1202 3775 1296 3829 filii
1352 3774 1517 3829 vestri
1563 3774 1751 3828 domni
1783 3775 1953 3830 nostri
1983 3775 2088 3829 Ka-

469 3869 593 3933 roli,
627 3867 889 3939 quoniam
939 3863 1210 3934 quidquid
1251 3863 1321 3916 de
1353 3862 1447 3916 illo
1505 3861 1727 3932 praefato
1755 3861 1870 3917 filio
1902 3872 2084 3919 vestro

469 3958 846 4032 praeceperitis
867 3965 922 4011 et
952 3954 1354 4010 rationabiliter
1382 3953 1926 4024 poteritadimplere,
1962 3955 2083 4010 sine

469 4052 582 4106 ulla
620 4047 1007 4104 retractatione
1046 4045 1289 4100 obediet.
1333 4045 1440 4099 Sed
1473 4052 1527 4099 et
1553 4044 1872 4115 coepiscOpi
1906 4047 2081 4101 nostri

469 4141 539 4194 de
570 4137 937 4194 Ecclesiarum
993 4150 1216 4189 suarum
1262 4133 1559 4204 stipendiis
1602 4132 2083 4189 abundantissime

468 4229 549 4283 illi
572 4227 913 4298 impendent.
944 4225 1062 4278 Mea
1091 4223 1255 4278 etiam
1273 4223 1565 4295 exiguitas,
1610 4222 1755 4278 sicut
1800 4239 2081 4295 nunquam

467 4320 538 4375 ad
566 4317 990 4373 retributionem
1040 4315 1167 4369 mali
1225 4321 1452 4385 propter
1489 4322 1835 4385 contemptus
1865 4323 1919 4369 et
1949 4331 2087 4371 con-

2185 1887 2348 1932 tatem
2369 1878 2594 1948 impune
2611 1877 2976 1948 delinquendi
2993 1887 3181 1932 contra
3203 1893 3444 1933 canones
3460 1895 3800 1951 sacrosque»

2187 1967 2311 2020 hinc
2340 1967 2391 2019 in
2426 1967 2627 2021 nostris
2682 1966 3000 2037 regionibus
3053 1973 3310 2036 poterunt
3353 1967 3430 2036 (ut
3463 1969 3799 2039 quibusdam

2183 2063 2418 2130 videtur)
2443 2063 2632 2117 noxias
2673 2063 2818 2117 vires
2861 2062 3153 2132 accipere:
3185 2062 3490 2133 praesertim
3540 2080 3671 2118 cum
3717 2083 3802 2119 sa-

2185 2153 2539 2223 pientissimae
2573 2152 2884 2207 auctoritati
2935 2159 3127 2207 vestrm
3175 2161 3388 2208 constet
3421 2170 3542 2209 esse
3569 2158 3800 2212 notissi-

2186 2257 2355 2308 mum,
2375 2242 2756 2295 demonstrare
2807 2239 3132 2294 Sardiccnse
3162 2241 3456 2295 concilium
3479 2241 3535 2294 in
3562 2240 3800 2310 septimo

2185 2347 2284 2386 suo
2310 2331 2547 2401 capitqu
2572 2347 2584 2383 :
2614 2330 2852 2401 qualiter
2874 2327 3072 2398 dejecti
3094 2335 3148 2383 et
3187 2328 3254 2382 ad
3271 2345 3331 2382 se
3357 2329 3652 2384 clamantis
3675 2330 3798 2400 epi-

2184 2421 2336 2491 sc0pi
2362 2419 2744 2486 restitutionis,
2790 2419 2877 2474 vel
2923 2419 2976 2472 in
3012 2417 3360 2488 depositione
3396 2420 3803 2489 permansionis

2189 2512 2486 2577 exsecutio,
2509 2527 2632 2566 cum
2662 2510 3022 2566 indemnitate
3053 2509 3382 2579 simpliciter
3428 2511 3796 2578 judicantium

2187 2606 2255 2660 ab
2278 2605 2576 2677 apostolica
2619 2606 2751 2660 sede
2803 2604 3007 2660 debeat
3034 2602 3325 2658 celebrari.
3359 2603 3514 2666 Quod
3538 2613 3595 2660 et
3638 2607 3798 2660 Inno-

2188 2701 2420 2767 centius,
2446 2717 2510 2756 ac
2551 2699 2885 2765 Bonifacius,
2937 2714 3125 2754 verum
3167 2698 3273 2752 Leo
3327 2697 3382 2752 in
3429 2699 3801 2770 decretisgubi

2186 2793 2397 2861 supra),
2423 2798 2476 2844 et
2494 2788 2792 2862 Gregorius
2821 2785 3136 2842 evidentius
3177 2784 3231 2838 in
3255 2784 3509 2854 epistolis
3547 2784 3670 2838 suis
3711 2787 3801 2838 de-

2189 2889 2514 2948 monstrant,
2547 2880 2994 2954 Carthaginensis
3015 2877 3258 2942 concilii,
3313 2875 3422 2932 imo
3483 2878 3802 2947 apostolicze

2185 2977 2364 3041 Sedis,
2394 2991 2514 3047 quae
2543 2975 2599 3029 in
2639 2975 2755 3030 suis
2801 2974 2980 3028 eidem
3041 2972 3301 3043 pnesedit
3330 2969 3554 3026 vicariis
3585 2971 3805 3025 decreta

2185 3076 2483 3138 sequentes
2512 3068 2683 3135 (Cone.
2725 3065 2909 3120 Carth.
2969 3079 3046 3124 ιιι,
3090 3078 3210 3116 can.
3250 3062 3332 3132 10)
3371 3079 3384 3114 :
3427 3081 3452 3112 α
3482 3061 3807 3116 Videliceta

2187 3158 2611 3230 quibuscunque
2625 3154 2912 3224 judicibus
2933 3153 3322 3208 ecclesiasticis
3335 3151 3404 3206 ad
3424 3151 3564 3207 alios
3585 3152 3806 3221 judices

2189 3249 2610 3316 ecclesiasticos,
2635 3247 2728 3302 ubi
2757 3254 2842 3301 est
2899 3245 3074 3314 major
3125 3245 3448 3311 auctoritas,
3477 3243 3649 3298 fuerit
3682 3259 3808 3314 pro-

2187 3351 2460 3407 vocatum,
2485 3357 2594 3397 non
2623 3340 2705 3395 eis
2720 3340 2885 3406 obsit,
2918 3353 3153 3410 quorum
3187 3336 3354 3392 fuerit
3381 3336 3562 3392 soluta
3590 3347 3810 3391 senten—

2190 3431 2286 3497 tia,
2307 3431 2350 3484 si
2383 3429 2634 3486 convinci
2683 3443 2795 3483 non
2843 3427 3150 3498 potuerint,
3201 3426 3286 3480 vel
3339 3425 3568 3480 inimico
3621 3425 3807 3480 animo

2185 3522 2488 3592 judicasse,
2544 3521 2627 3576 vel
2685 3520 2870 3591 aliqua
2925 3518 3232 3589 cupiditate
3266 3523 3359 3571 aut
3390 3517 3570 3591 gratia
3603 3516 3808 3587 depra-

2189 3615 2372 3670 vari.»
2407 3613 2560 3669 Unde
2582 3613 2742 3667 nobis
2771 3620 2826 3667 et
2861 3610 3201 3666 conscientia
3256 3608 3643 3664 testimonium
3681 3625 3806 3678 per-

2189 3707 2362 3773 hibet,
2416 3712 2470 3760 et
2499 3704 2761 3759 omnibus
2807 3702 2901 3774 qui
2949 3701 3320 3756 interfuerunt
3367 3707 3558 3756 notum
3601 3699 3803 3754 factum

2186 3797 2356 3853 fuisse
2405 3795 2769 3870 dignoscitur,
2825 3794 3089 3866 quoniam
3146 3793 3300 3847 illum
3356 3807 3579 3846 servare
3639 3808 3804 3863 quam

2179 3888 2432 3957 judicare
2486 3883 2857 3951 maluimus,si
2913 3899 3014 3954 pro
3059 3897 3337 3937 sacrorum
3399 3896 3676 3935 canonum
3713 3897 3811 3936 nc-

2183 3978 2364 4053 glectu
2390 3991 2578 4031 eorum
2604 3971 2838 4042 judicio,
2867 3987 2964 4043 per
2993 3987 3132 4043 quos
3161 3970 3369 4041 Spiritu
3396 3977 3587 4024 sancto
3619 3971 3801 4041 inspi-

2185 4076 2338 4123 rante
2362 4063 2692 4136 promulgati
2722 4071 2869 4125 sunt,
2923 4077 3046 4116 cum
3080 4077 3148 4116 eo
3193 4076 3358 4131 quem
3389 4059 3669 4132 corrigere
3702 4077 3799 4115 ne-

2186 4155 2500 4228 quibamus,
2533 4152 2781 4207 damnari
2815 4151 3023 4221 pariter
3091 4164 3203 4204 non
3236 4148 3573 4203 timeremus.
3613 4149 3676 4204 Et
3706 4150 3798 4205 id-

2184 4247 2332 4302 circo
2390 4244 2540 4298 nullo
2598 4241 2824 4295 inimico
2869 4239 3076 4304 animo,
3130 4238 3284 4292 nulla
3336 4238 3642 4307 cupiditate
3703 4249 3794 4294 aut

2186 4338 2364 4411 gratia
2395 4335 2696 4406 depravati,
2728 4333 2928 4387 ﬂentes
2956 4332 3106 4386 illius
3141 4329 3580 4402 incorrigibilem
3611 4347 3798 4387 socor-

467 4411 722 4468 tumelias
759 4411 827 4465 ab
870 4410 962 4464 1110
1009 4408 1142 4462 mihi
1202 4407 1381 4462 illatas
1440 4408 1728 4477 PerVenil‘e
1781 4408 1930 4462 νοιυί
1966 4426 1980 4472 4
2013 4409 2153 4493 ita“
2188 4407 2355 4493 diam,
2411 4434 2466 4480 et
2518 4422 2936 4478 irrevocabilem
2993 4419 3375 4491 pertinaciam,
3440 4421 3719 4493 regularia
3747 4422 3798 4475 in

467 4501 738 4574 quidquid
769 4499 1131 4574 benignitatis
1162 4506 1373 4568 potero,
1399 4497 1764 4553 libentissime
1788 4498 2081 4553 abundan-
2102 4479 2159 4548 D
2183 4535 2310 4575 cum
2335 4479 2547 4588 judicia
2575 4513 2815 4570 exsecuti
2855 4479 3066 4579 sumﬁs,
3117 4527 3239 4583 qua,
3260 4510 3327 4566 ab
3358 4479 3424 4566 ἑο
3451 4479 3802 4581 εξερρηαετρ

469 4596 579 4650 tius
599 4595 786 4661 etiam,
835 4609 996 4665 quam
1026 4608 1268 4663 unquam
1319 4589 1564 4657 fecerim,
1605 4591 1925 4662 impendere
1954 4608 2083 4663 pro-

467 4686 693 4742 curabo.
741 4687 794 4740 Si
836 4701 968 4740 vero
997 4685 1117 4738 sine
1147 4684 1260 4738 ulla
1315 4682 1691 4738 satisfactione
1721 4689 1829 4737 tam
1883 4683 2080 4739 diutini

467 4787 817 4850 contemptus
855 4793 1135 4834 sacrorum
1191 4792 1487 4840 canonum,
1513 4776 1737 4831 etsedis
1765 4777 2081 4847 apostolicae

468 4872 839 4935 decretorum,
871 4885 935 4925 ac
960 4884 1072 4923 suae
1122 4866 1445 4938 metrOpolis
1477 4866 1770 4941 privilegii,
1798 4875 1961 4938 atque
1992 4883 2084 4938 sy-

469 4961 748 5017 nodalium
777 4961 1138 5030 judiciorum,
1166 4958 1370 5031 quibus
1428 4974 1531 5014 nec
1593 4958 1847 5027 obedire,
1891 4974 1995 5014 nec
2019 4975 2082 5014 se

467 5053 819 5109 obediturum
852 5053 920 5106 de
946 5061 1146 5107 caetero
1173 5050 1420 5121 proﬁteri
1460 5051 1546 5105 vel
1589 5051 1945 5105 subscribere
1974 5065 2078 5106 vo-

465 5145 588 5210 luit,
609 5151 664 5199 et
718 5142 925 5214 absque
994 5140 1356 5213 professione,
1412 5140 1499 5196 vel
1543 5140 1910 5212 suscriptione
1966 5155 2079 5195 suae

466 5235 826 5292 correctionis
883 5241 937 5287 et
983 5232 1340 5300 obedientiaa,
1416 5247 1601 5288 coram
1643 5231 1906 5286 fratribus
1944 5231 2079 5299 suis,

465 5345 700 5400 quorum
736 5327 1012 5382 multoties
1067 5326 1339 5399 regularia
1369 5333 1655 5397 spreverat
1684 5326 1912 5392 monita,
1953 5341 2078 5380 cum

465 5420 596 5473 inde
618 5417 904 5489 pluraliter
934 5418 989 5470 in
1038 5417 1239 5472 Leonis
1283 5423 1338 5470 et
1369 5415 1616 5488 Gregorii
1644 5415 1896 5486 epistolis
1939 5416 2080 5469 rele-

462 5517 640 5582 gatur.
666 5510 720 5563 Si
750 5509 935 5575 etiam,
969 5518 1026 5563 ut
1054 5511 1146 5563 illa
1201 5515 1591 5577 praetereamus
1621 5521 1744 5577 quae
1783 5507 1854 5562 ob
1885 5522 2075 5562 sacer-

462 5598 600 5653 dotii
648 5596 1040 5653 verecundiam
1080 5603 1133 5651 et
1162 5594 1528 5664 opprobrium
1577 5594 1942 5655 saecularium,
1978 5610 2075 5648 se-

463 5701 702 5763 quentes
729 5689 1038 5744 Africanum
1065 5687 1384 5754 concilium,
1415 5703 1519 5743 nec
1547 5686 1616 5741 ad
1640 5688 2075 5743 nominationem

2184 4608 2394 4663 diutius
2420 4621 2531 4661 non
2562 4601 3036 4675 praesumpsimus.

2261 4716 2282 4745 ι
2313 4696 2500 4750 Vestra
2527 4693 2693 4748 etiam
2724 4700 2780 4746 et
2799 4706 3014 4746 summa
3029 4686 3327 4744 auctoritas
3348 4686 3407 4740 in
3439 4686 3803 4744 decernendo

2183 4787 2431 4844 attendet
2482 4784 2802 4856 Apostolum
2853 4782 3167 4846 docentem,
3245 4778 3376 4851 quia
3433 4781 3804 4850 quorumdam

2183 4887 2408 4951 peccata
2438 4873 2808 4947 praecedentia
2837 4881 2967 4927 sunt
2996 4871 3063 4925 ad
3105 4869 3402 4939 judicium,
3435 4872 3805 4941 quorumdam

2182 4969 2347 5023 etiam
2379 4972 2433 5021 et
2461 4965 2878 5035 subsequuntur
2899 4962 2946 5032 (Ι
2975 4963 3093 5016 Tim
3145 4962 3215 5029 v).
3243 4960 3393 5026 Quae,
3426 4960 3574 5014 sicut
3610 4960 3807 5016 beatus

2182 5055 2408 5126 exponit
2428 5052 2748 5107 Ambrosius
2780 5051 2892 5117 (tib.
2926 5066 2941 5102 ι
2973 5052 3047 5104 De
3074 5051 3222 5118 apol.
3252 5048 3448 5112 David,
3480 5063 3530 5102 c.
3563 5049 3647 5117 6),
3679 5065 3743 5104 ac
3763 5048 3804 5102 si

2181 5148 2362 5220 posita
2392 5147 2448 5200 in
2470 5145 2708 5210 bilance,
2727 5143 2788 5197 in
2801 5141 3016 5211 judicio
3047 5149 3177 5196 sunt
3207 5138 3600 5205 examinanda,
3621 5148 3802 5195 utrum

2182 5238 2330 5292 bona
2368 5251 2539 5307 Opera
2566 5233 2804 5305 amplius
2845 5231 3130 5303 pensando
3159 5228 3568 5285 remuneranda
3597 5243 3804 5300 praece—

2185 5330 2338 5395 dant,
2368 5335 2422 5383 et
2469 5328 2612 5382 male
2660 5326 2802 5382 facta
2853 5324 3085 5381 minima
3133 5319 3576 5376 misericorditer
3617 5321 3805 5375 dimit-

2181 5421 2346 5476 tenda
2375 5421 2757 5474 demonstrent
2791 5434 2804 5471 :
2829 5432 2898 5471 an
2922 5415 3067 5470 male
3097 5413 3236 5469 facta
3255 5411 3496 5482 amplius
3515 5413 3801 5483 pensando

2180 5512 2514 5582 praecedant,
2572 5517 2631 5566 ut
2674 5513 2993 5563 mereantur
3024 5503 3395 5560 damnationis
3421 5504 3723 5572 judicium,
3753 5511 3803 5556 et

2180 5598 2325 5652 bona
2370 5599 2603 5668 paucula
2655 5595 2947 5652 suifocent.
3007 5594 3144 5659 Quia
3178 5601 3233 5648 et
3289 5608 3390 5648 nos
3441 5608 3543 5662 pro
3579 5592 3800 5648 modulo

2179 5695 2367 5743 nostro
2391 5702 2502 5778 non
2521 5688 2698 5745 solum
2736 5685 3116 5752 inutilitatem,
3150 5699 3341 5739 verum
3370 5692 3426 5737 et
3462 5682 3800 5739 noxietatem
