3970 6218
205 292 311 345 173

854 290 1179 346 HISTORIA?
1221 294 1547 349 ECCI.ESl/E
1587 296 1911 350 REMENSIS
1954 298 2125 352 LIBRI
2169 299 2490 363 QUATUOR.
2520 332 2590 340 —
2630 301 2752 355 LIB.
2798 301 2886 354 ΙΙΙ.

3428 306 3530 359 174

206 420 265 473 in
307 419 559 473 Rothado
602 435 726 473 cum
780 418 936 474 factis
986 422 1101 474 suis
1142 424 1538 491 pensavimus:
1580 434 1635 478 et
1673 426 2221 497 velutAsecundum
2269 429 2511 498 Apostoli
2547 429 2923 500 Evangelium,
2958 427 3299 483 redditurum
3348 431 3532 487 Domi-

206 508 504 565 ficulneam
546 508 966 575 infructuosam,
1018 517 1213 564 terram
1252 512 1569 565 rationalem
1616 513 1825 567 diutius

207 602 482 655 inutiliter
518 608 904 671 occupantem,
939 612 993 656 et
1023 603 1185 657 etiam
1212 613 1334 673 post
1365 604 1521 674 plura
1553 611 1822 675 tempora,

208 695 511 765 pluresque
542 694 973 760 admonitiones,
998 696 1154 767 quasi
1177 696 1446 767 cephinos
1468 697 1825 771 pinguedinis

205 791 315 845 sibi
346 791 631 862 appositos
661 807 771 846 non
803 792 1187 863 recipientem,
1212 796 1307 849 sed
1336 794 1577 849 sterilem
1606 810 1825 865 perma-

208 892 455 949 nentem,
480 897 593 937 non
615 880 737 936 sine
759 881 950 937 dolore
972 883 1152 937 cordis
1172 885 1562 940 succidendum
1593 885 1829 956 providi-

210 990 354 1028 mus.
384 973 446 1027 Et
475 988 599 1026 cum
627 972 743 1026 haec
774 972 847 1025 ite
877 988 935 1026 se
966 972 1226 1036 habeant,
1244 975 1454 1046 absque
1484 976 1828 1031 dubitatione

208 1060 456 1125 confido,
490 1060 617 1130 quia
652 1059 807 1126 illud,
839 1060 986 1131 quod
1031 1063 1082 1115 in
1123 1062 1345 1131 praefato
1387 1063 1830 1138 Carthaginensis

208 1154 433 1210 concilii
456 1155 638 1221 (Coac.
662 1154 695 1206 3
714 1154 899 1207 Carth.
924 1170 1045 1207 can.
1062 1156 1147 1209 lt).
1168 1162 1221 1209 et
1240 1158 1555 1223 Afric.can.
1579 1157 1661 1221 89)
1679 1157 1827 1227 capi-

211 1248 329 1302 tulo
360 1247 483 1301 sine
512 1246 624 1299 ulla
656 1245 1101 1316 interpellatione
1137 1248 1512 1319 subsequitur,
1546 1250 1827 1303 decretum

212 1336 391 1390 vestri
424 1338 819 1392 moderaminis
846 1354 1196 1409 nequaquam
1231 1340 1533 1409 praeteriet:
1558 1340 1721 1405 Sane,
1744 1340 1829 1392 in-

213 1430 359 1501 quit,
392 1431 436 1484 si
480 1447 545 1484 ex
583 1446 853 1485 consensu
884 1430 1120 1500 partium
1151 1432 1312 1486 electi
1356 1431 1559 1485 fuerint
1591 1432 1830 1499 judices,

212 1522 381 1576 etiam
410 1539 439 1577 a
460 1522 715 1592 pauciore
740 1538 994 1586 numero,
1019 1538 1182 1593 quam
1206 1524 1564 1578 constitutum
1597 1532 1699 1590 est,
1720 1540 1831 1580 non

212 1618 380 1673 liceat
409 1619 713 1689 provocari.
749 1620 845 1684 Qui
873 1636 1137 1675 numerus
1168 1621 1497 1675 constitutus
1527 1621 1580 1675 in
1610 1621 1829 1675 duode-

212 1710 361 1764 cimo
392 1710 663 1781 superiori
697 1711 939 1781 capitulo
971 1712 1404 1777 demonstratus,
1439 1720 1493 1766 et
1530 1728 1833 1768 consensus
1859 1751 1907 1818 Β

214 1805 456 1875 partium
488 1804 783 1874 expetitus,
830 1804 883 1857 in
919 1805 1313 1873 dijudicationc
1343 1806 1577 1861 Rothadi
1619 1814 1832 1861 constat

215 1894 389 1949 fuisse
416 1894 739 1965 completus.
783 1894 1019 1957 Quorum
1053 1902 1107 1948 et
1148 1894 1192 1947 si
1221 1895 1490 1963 judicium
1535 1912 1632 1965 pro
1692 1914 1831 1968 qua-

213 2003 437 2058 cunque
478 2003 641 2041 causa
681 1986 820 2042 forte
868 1987 1299 2051 rationabiliore,
1346 1998 1399 2045 et
1451 1990 1632 2045 adhuc
1672 1990 1833 2044 nobis

214 2078 523 2151 incognita,
574 2080 769 2133 vc’strze
800 2095 1027 2133 summa),
1073 2081 1404 2144 auctoritati,
1440 2097 1601 2152 quam
1661 2083 1831 2136 multa

216 2169 384 2225 nobis
428 2171 642 2225 occulta
690 2187 799 2225 non
861 2180 1163 2237 transeunt,
1226 2172 1495 2243 placuerit
1545 2172 1826 2245 refragari,

213 2262 345 2333 quia
371 2276 552 2315 meum
584 2268 667 2316 est
697 2277 817 2316 mea
850 2262 1006 2317 vobis
1031 2263 1346 2317 obediendo
1376 2262 1738 2329 committere,
1772 2271 1825 2318 et

214 2370 328 2409 non
372 2355 581 2424 judicia
609 2364 790 2411 vestra
840 2356 1135 2422 discutere,
1184 2358 1494 2425 sustinebo,
1542 2366 1597 2413 et
1634 2366 1825 2414 contra

211 2458 451 2505 vestram
505 2451 810 2525 regularem
862 2452 1288 2515 restitutionem,
1359 2455 1405 2507 si
1456 2454 1595 2509 forte
1651 2455 1703 2508 in
1758 2472 1823 2512 eo

212 2545 433 2618 agenda
469 2543 589 2597 visa
619 2542 778 2596 fuerit
829 2542 903 2611 (in
944 2560 1050 2613 qua
1080 2552 1257 2599 vestra
1298 2546 1553 2615 disponet
1583 2548 1824 2601 auctori-

214 2644 322 2701 tas,
357 2634 594 2705 qualiter
623 2633 769 2687 idem
800 2634 994 2699 victor,
1044 2642 1105 2688 ut
1155 2636 1316 2702 solet,
1362 2644 1415 2691 et
1454 2636 1562 2691 voti
1603 2653 1829 2708 compos

215 2742 341 2798 qua:
368 2733 496 2779 sunt
526 2724 770 2796 episc0pi
801 2725 868 2779 de
910 2726 1124 2796 reliquo
1164 2726 1341 2795 faciat)
1374 2744 1479 2783 non
1515 2729 1829 2783 recalcitra-

214 2818 315 2876 bo,
348 2818 559 2870 ducens
588 2831 688 2885 pro
722 2831 941 2885 magno,
970 2815 1015 2869 si
1044 2832 1074 2869 a
1101 2816 1328 2871 diutinis
1361 2825 1413 2871 et
1440 2819 1630 2873 multis
1660 2818 1837 2873 mole-

217 2909 367 2973 stiis,
403 2923 541 2977 quas
571 2906 639 2959 ab
662 2906 755 2960 illo
779 2915 833 2960 et
854 2920 951 2975 pro
976 2905 1069 2959 illo
1093 2922 1285 2975 passus
1307 2922 1449 2971 sum,
1469 2906 1580 2973 jam
1614 2907 1832 2961 tandem

218 3001 519 3073 aliquando
543 3001 751 3055 valeam
782 3001 1053 3071 respirare
1085 3018 1097 3053 :
1132 3011 1186 3056 et
1216 3017 1495 3073 nunquam
1529 3002 1663 3056 mihi
1694 3017 1834 3057 con-

1925 535 2053 573 num
2101 520 2401 590 unicuique
2450 520 2751 574 secundum
2789 536 2954 591 opera
2990 523 3110 589 ejus
3148 523 3239 590 (II
3285 523 3405 578 Cor.
3459 528 3529 592 v),

1926 608 2301 663 testimonium
2349 609 2615 663 reddente
2668 609 2774 662 illis
2830 609 3171 664 conscientia
3225 613 3397 678 (Rom.
3453 613 3533 682 ll),

1924 705 1979 753 et
2010 698 2153 753 inter
2194 715 2254 753 se
2297 699 2533 755 invicem
2579 700 2969 773 cogitationum
3001 702 3398 765 accusantium,
3442 712 3535 758 aut

1926 790 2089 845 etiam
2124 791 2559 859 defendentium,
2609 792 2663 845 in
2722 792 2812 845 die
2860 808 2968 863 qua
3012 792 3286 861 judicabit
3326 794 3537 849 occulta

1928 882 2331 938 hominum-Et
2368 889 2427 937 ut
2467 884 2573 938 Leo
2604 883 2737 938 dicit
2769 901 2781 937 :
2838 883 2889 937 Si
2930 884 3063 954 quid
3093 900 3192 954 per
3218 886 3533 940 servitutem

1930 979 2170 1027 nostram
2229 972 2485 1026 videlicet
2540 972 2955 1037 sacerdotalem,
3018 971 3165 1027 bono
3230 973 3426 1028 ordine
3484 980 3539 1027 et

1929 1063 2256 1135 gratulando
2305 1063 2564 1133 impletur
2616 1062 2834 1129 affectu,
2882 1077 2991 1116 non
3049 1063 3391 1136 ambigamus
3443 1080 3541 1135 per

1929 1152 2189 1222 Spiritum
2231 1158 2477 1205 sanctum
2512 1150 2672 1205 nobis
2720 1150 2893 1205 fuisse
2941 1152 3246 1216 donatum;
3308 1162 3361 1207 et
3391 1155 3539 1224 quod

1928 1256 2091 1295 secus
2134 1239 2319 1307 fuerit,
2353 1247 2528 1293 ratum
2563 1255 2683 1292 esse
2712 1255 2819 1293 non
2853 1240 3095 1309 poterit:
3154 1241 3335 1294 modis
3362 1243 3544 1295 omni-

1930 1331 2058 1396 bus,
2102 1336 2368 1402 quantum
2412 1331 2531 1400 ipse
2560 1330 2865 1393 donaverit,
2907 1347 2937 1384 a
2972 1346 3079 1401 quo
3110 1337 3193 1383 est
3238 1347 3403 1385 omne
3448 1332 3546 1386 (la-

1936 1430 2047 1477 tum
2095 1421 2363 1492 optimum
2397 1428 2451 1474 et
2505 1436 2670 1475 omne
2716 1420 2919 1475 donum
2961 1420 3264 1491 perfectum
3295 1423 3427 1486 (Jac.
3484 1429 3542 1487 l),

1934 1510 2223 1581 providere
2254 1509 2513 1574 studebo,
2548 1525 2617 1561 ne
2647 1525 2678 1563 a
2719 1508 3109 1563 communione
3140 1508 3290 1563 sedis
3321 1518 3547 1579 aposto-

1933 1600 2053 1655 licae
2076 1600 2242 1670 (quod
2270 1599 2432 1666 absit)
2450 1598 2876 1667 quolibetmodo
2892 1605 3163 1652 extorrem
3204 1615 3291 1651 me
3324 1599 3548 1653 ultimus

1933 1690 2069 1744 dies.
2107 1690 2199 1760 qui
2235 1688 2370 1743 mihi
2406 1689 2648 1743 incertus
2686 1696 2792 1753 est,
2828 1696 2882 1742 et
2912 1688 3097 1743 subito
3124 1689 3315 1743 venire
3341 1696 3544 1759 potest,

1933 1782 2195 1837 inveniat.
2242 1781 2349 1834 Erit
2387 1781 2556 1846 enim,
2588 1780 2838 1851 quamvis
2875 1780 3087 1834 tardius
3125 1797 3287 1851 quam
3323 1796 3548 1835 necesse

1931 1878 2022 1942 sit,
2077 1876 2339 1948 quoniam
2392 1892 2495 1947 ego
2545 1876 2725 1947 gravis
2776 1883 3070 1946 peccator,
3130 1876 3281 1949 gravi
3329 1891 3548 1931 carcere

1932 1970 2181 2040 corporis
2238 1970 2331 2023 diu
2393 1969 2637 2023 inclusus
2697 1977 2929 2035 teneor,
2990 1969 3188 2024 merito
3249 1970 3300 2023 in
3358 1969 3547 2023 multis

1932 2066 2190 2132 afflictus,
2248 2064 2742 2137 providentissimo
2796 2063 3028 2117 Domino
3088 2062 3433 2132 providente,
3493 2069 3548 2116 et

1932 2165 2168 2226 tempus,
2215 2163 2273 2209 et
2303 2171 2541 2225 persona
2573 2154 2627 2207 in
2661 2153 2960 2207 Remorum
3008 2151 3270 2216 Ecclesia,
3301 2151 3545 2221 quando,

1930 2252 1984 2300 et
2016 2246 2069 2298 in
2105 2261 2213 2316 qua
2236 2244 2304 2299 ab
2337 2244 2637 2315 apostolica
2669 2242 2991 2298 auctoritate
3023 2241 3373 2313 privilegium
3407 2241 3550 2295 inte-

1924 2351 2138 2415 gratum
2197 2342 2303 2395 sibi
2356 2358 2421 2396 ex
2457 2340 2686 2412 antiqua
2728 2337 3135 2394 consuetudine
3190 2338 3448 2392 collatum
3469 2345 3549 2391 .et

1925 2444 2305 2491 conservatum
2373 2435 2707 2489 habebitur:
2775 2450 2897 2504 qua}
2953 2448 3256 2502 nunquam,
3319 2438 3548 2501 excepto

1933 2528 2179 2583 Romano
2210 2525 2493 2597 pontifice,
2554 2525 2840 2595 primatem
2893 2523 3106 2589 habuit,
3151 2522 3260 2576 nisi
3302 2522 3548 2593 quandiu

1932 2623 2111 2688 ejecto
2142 2620 2265 2673 sine
2296 2618 2409 2673 ullo
2442 2617 2670 2671 crimine
2696 2616 2765 2671 ab
2797 2632 2862 2671 ea
2885 2631 2985 2670 suo
3025 2613 3310 2685 pontifice,
3336 2614 3552 2668 violen-

1934 2711 2010 2765 tia
2052 2709 2271 2781 tyranni
2324 2708 2563 2773 Milonis,
2613 2717 2860 2777 tempore
2911 2706 3089 2760 Karoli
3132 2705 3400 2776 principis
3450 2721 3553 2775 pa-

1938 2807 2087 2853 store
2143 2813 2362 2861 vacans,
2432 2794 2707 2851 Bonifacio
2770 2794 3084 2865 apostolicae
3142 2794 3291 2848 sedis
3347 2794 3553 2865 legato,

1937 2890 2279 2962 aliquandiu,
2310 2890 2453 2943 sicut
2491 2896 2545 2943 et
2582 2886 2827 2942 Ecclesia
2855 2885 3231 2948 Treverensis,
3262 2885 3552 2939 commissa

1940 2988 2059 3043 fuit.
2096 2990 2247 3042 Inter
2275 3003 2433 3057 quas,
2468 2974 2796 3041 Remensem
2832 2984 3043 3039 scilicet
3072 2992 3127 3037 et
3154 2984 3551 3037 Treverensem

218 3096 401 3168 tingat
443 3093 674 3148 ulterius
705 3096 894 3148 contra
944 3093 1095 3147 illius
1126 3093 1539 3163 inquietudines
1572 3096 1836 3150 inutiliter

1940 3081 2235 3137 Ecclesiam
2270 3080 2386 3150 (has
2431 3078 2580 3133 enim
2613 3078 2752 3131 duas
2806 3083 3015 3131 tantum
3074 3074 3386 3145 provincias
3434 3075 3556 3128 Bel-

1982 3174 1991 3183 ι
2201 3172 2239 3187 ιγ
2300 3171 2314 3187 ι
2374 3170 2386 3187 1
2451 3171 2489 3187 ιι
2521 3170 2534 3187 1
2564 3185 2629 3187 _,_
2684 3183 2893 3187 ,,,_-,.-_
2948 3167 3219 3187 ,ἱξ-ιξ-ΑΑῘΑ
3259 3166 3356 3187 Γ.-Ῑι
3414 3166 3551 3187 -2---ι

218 3187 493 3241 laborare.
536 3185 599 3239 Et
636 3186 783 3257 quod
824 3201 934 3240 non
965 3186 1140 3240 solum
1173 3185 1241 3239 ab
1275 3186 1665 3242 ecclesiasticis
1696 3204 1830 3258 per-

217 3278 395 3343 sonis,
448 3293 634 3331 verum
680 3285 734 3332 et
774 3278 945 3332 multo
975 3278 1151 3351 magis
1189 3278 1353 3332 etiam
1394 3295 1422 3332 a
1477 3278 1832 3332 saecularibus

219 3379 415 3425 nostra
441 3369 650 3437 judicia
679 3378 1129 3435 contemnuntur,
1171 3378 1226 3425 et
1266 3386 1363 3441 pro
1403 3370 1575 3425 nihilo
1620 3370 1832 3424 ducun-

218 3468 330 3525 tur,
366 3458 682 3512 dicentibus
713 3460 816 3526 cis,
846 3466 900 3513 et
928 3459 995 3513 ad
1024 3458 1266 3513 medium
1300 3460 1697 3515 devocantibus
1723 3460 1837 3528 illa,

219 3567 349 3622 qua?
383 3550 516 3603 mihi
547 3556 741 3604 vestrae
773 3549 1086 3605 auctoritati
1118 3565 1226 3605 non
1256 3558 1385 3605 sunt
1406 3550 1754 3615 ascribenda,
1782 3561 1843 3605 ut

220 3660 335 3699 non
388 3642 630 3695 animum
663 3641 972 3697 dulcedinis
1026 3650 1221 3697 vestrze
1252 3642 1309 3695 in
1338 3644 1525 3713 aliquo
1566 3659 1841 3708 moveam,

219 3736 373 3808 quod
417 3751 771 3805 summopere
823 3751 1015 3790 cavere
1062 3735 1337 3790 desidero.
1372 3736 1425 3788 Si
1475 3736 1569 3807 qui
1603 3736 1657 3789 in
1709 3752 1839 3805 pro-

218 3824 408 3881 vincia
433 3831 638 3889 nostra,
673 3838 905 3894 quorum
947 3823 1173 3895 querela
1202 3823 1318 3891 (illo
1350 3823 1623 3889 restituto)
1643 3824 1710 3877 ad
1742 3840 1839 3880 vos

221 3918 405 3971 valeat
434 3915 746 3986 pervenire,
789 3915 1091 3984 majoribus
1131 3915 1313 3969 causis
1340 3916 1408 3969 de
1454 3923 1651 3971 czetero
1682 3933 1836 3988 quae-

222 4009 352 4062 dam
412 4006 806 4070 commiserint,
839 4007 982 4061 sicut
1035 4007 1105 4061 de
1144 4006 1476 4077 quibusdam
1530 4008 1697 4061 rebus
1727 4009 1841 4063 fre-

223 4096 492 4170 quentius
564 4096 619 4149 in
699 4095 838 4161 istis,
904 4111 1067 4166 quam
1146 4096 1429 4150 retroactis
1501 4097 1843 4167 temporibus

224 4188 666 4254 committuntur,
717 4205 786 4243 ne
839 4206 869 4243 a
934 4190 1044 4244 Deo
1122 4190 1351 4244 damnor
1439 4191 1685 4259 silentio,
1745 4207 1841 4247 eos

225 4297 583 4337 commonere
657 4282 912 4349 studebo,
947 4290 1002 4337 et
1058 4283 1102 4337 si
1148 4284 1421 4357 corrigere
1467 4300 1527 4339 se
1567 4285 1843 4339 voluerint

224 4371 615 4443 congaudebo.
667 4371 763 4425 Sin
790 4379 993 4439 autem,
1054 4372 1121 4426 ad
1154 4378 1396 4427 vestrum
1443 4388 1539 4428 eos
1572 4373 1842 4441 judicium

228 4461 565 4533 provocabo.
628 4462 725 4526 Qui
760 4462 803 4515 si
850 4462 929 4516 ire
986 4462 1280 4528 voluerint,
1321 4470 1497 4516 vestra
1523 4471 1712 4516 sancta
1758 4478 1847 4516 sa-

226 4552 442 4623 pientia
496 4552 627 4623 quid
678 4552 808 4606 inde
850 4552 1056 4607 melius
1104 4551 1323 4617 viderit,
1366 4552 1666 4606 decernere
1720 4567 1848 4622 pro-

224 4644 468 4700 curabit.
517 4644 570 4698 Si
603 4651 784 4698 autem
826 4644 904 4698 ire
954 4643 1252 4710 noluerint,
1306 4643 1508 4698 facient
1542 4644 1689 4713 quod
1738 4644 1845 4698 sibi

225 4734 368 4789 utile
410 4733 797 4800 judicaverint.
846 4734 925 4788 Me
981 4734 1189 4788 utinam
1218 4733 1347 4787 hinc
1388 4749 1419 4787 a
1464 4732 1648 4787 divina
1694 4733 1843 4786 dam-

227 4822 458 4877 natione
506 4822 788 4878 sententia
817 4823 991 4877 sancti
1032 4822 1303 4878 Ambrosii
1347 4821 1564 4883 liberet.
1609 4838 1716 4893 qua
1754 4821 1842 4876 di-

225 4913 306 4967 cit
334 4930 346 4966 :
381 4912 459 4977 Si,
493 4911 775 4982 inquiens,
803 4911 929 4982 quis
958 4919 1284 4983 potestatein
1318 4926 1427 4966 non
1462 4910 1647 4976 habet,
1680 4927 1842 4982 quam

228 5005 339 5059 scit
369 5019 521 5057 reum
545 5003 807 5071 abjicere,
852 5004 1201 5074 autprobare
1241 5020 1351 5059 non
1385 5004 1551 5069 valet,
1586 5004 1847 5059 immunis

232 5106 336 5153 est.
386 5096 590 5167 Sicque
634 5102 695 5151 ut
733 5104 888 5166 puto,
940 5097 1069 5166 quia
1110 5097 1165 5150 in
1200 5097 1385 5152 multis
1427 5106 1747 5167 occupatus,
1794 5106 1849 5151 et

230 5189 454 5244 itineris
511 5187 855 5261 longitudine
901 5198 1061 5261 atque
1104 5190 1159 5243 in
1221 5188 1499 5245 soliditate
1554 5188 1849 5244 obstrictus

228 5280 301 5333 de
334 5277 623 5345 omnibus,
655 5285 951 5346 antequam
992 5277 1349 5332 insolentium
1381 5277 1606 5347 querela
1642 5276 1710 5329 ad
1752 5291 1852 5331 vos

225 5370 541 5442 perveniat,
574 5369 644 5423 ad
677 5368 1032 5437 apostolicam
1064 5369 1251 5423 sedem
1282 5368 1489 5423 referre
1534 5383 1643 5422 non
1673 5367 1849 5433 valeo,

226 5459 554 5516 inﬁrmitate
592 5463 873 5532 gravatus,
924 5467 977 5511 et
1028 5457 1251 5531 (gratias
1290 5458 1423 5523 Deo)
1468 5457 1703 5511 termino
1739 5456 1853 5523 jam

225 5550 467 5613 vicinus,
504 5554 702 5619 potero
735 5560 1065 5615 praecavere,
1108 5561 1176 5599 ne
1208 5562 1238 5599 a
1269 5560 1599 5616 quocunque
1649 5544 1856 5597 sancti-

224 5639 357 5693 tatis
400 5644 601 5693 vestrze
654 5632 873 5686 animus
909 5649 1037 5705 erga
1085 5648 1172 5687 me
1218 5641 1524 5698 moveatur,
1575 5639 1635 5686 ut
1669 5631 1853 5702 aliqua

230 5727 365 5782 mihi
407 5718 910 5780 excommunicatio
970 5721 1288 5775 intentetur.
1331 5720 1390 5773 Et
1433 5719 1563 5773 licet
1602 5718 1851 5773 noverim

1941 3174 2065 3247 gica
2100 3172 2252 3244 regio
2300 3170 2491 3239 habet)
2521 3170 2638 3223 haec
2676 3183 2896 3239 semper
2940 3167 3225 3221 distinctio
3259 3166 3382 3233 fuit,
3412 3166 3556 3221 sicut

1944 3270 1999 3322 in
2026 3264 2409 3321 ecclesiasticis
2438 3262 2812 3317 monumentis
2842 3260 3175 3323 invenimus,
3208 3266 3263 3313 et
3293 3260 3555 3313 vetustis-

1941 3363 2135 3417 simam
2176 3358 2636 3415 consuetudinem
2668 3372 2887 3426 semper
2931 3353 3242 3409 obtinuisse
3273 3354 3554 3422 comperi-

1941 3467 2085 3515 mus,
2130 3456 2191 3502 ut
2244 3448 2415 3501 isdem
2455 3446 2752 3515 episcopus
2809 3459 2919 3497 non
2962 3442 3085 3507 loci,
3135 3441 3231 3495 sed
3288 3440 3557 3514 dignitate

1942 3544 2154 3601 ordinis
2198 3542 2347 3613 prior
2394 3538 2696 3595 secundum
2744 3554 2928 3592 sacras
2983 3536 3199 3609 regulas
3242 3535 3558 3593 haberetur.

1944 3640 2038 3712 qui
2067 3639 2209 3694 foret
2238 3637 2295 3690 in
2327 3636 2573 3707 qualibet
2604 3635 2828 3688 istarum
2870 3630 3236 3686 Ecclesiarum
3266 3631 3557 3700 metropoli

1938 3743 2099 3791 antea
2146 3734 2449 3789 ordinatus.
2485 3730 2616 3786 Mihi
2645 3745 2779 3785 vero
2814 3742 3045 3783 necesse
3084 3726 3210 3791 erit,
3262 3741 3348 3778 me
3379 3725 3563 3780 taliter

1936 3843 2154 3901 gerere,
2200 3843 2268 3881 ne
2308 3825 2473 3881 toties
2526 3821 2867 3879 auctoritatis
2904 3828 3099 3875 vestrae
3150 3816 3414 3888 epistolas
3462 3832 3559 3869 ex-

1936 3922 2470 3979 communicationes
2491 3920 2831 3974 intentantes
2862 3924 2916 3971 et
2944 3912 3381 3989 objurgationes,
3424 3926 3561 3981 quas

1941 4028 2063 4068 raro
2107 4020 2162 4068 et
2192 4028 2389 4083 magna
2434 4010 2763 4065 necessitate
2803 4006 3018 4062 fiendas
3057 4006 3115 4059 in
3175 4001 3557 4074 apostolorum

1940 4102 2185 4157 virorum
2231 4100 2432 4155 litteris
2477 4097 2734 4173 legimus,
2795 4094 3037 4149 ferentes
3092 4093 3160 4147 de
3212 4091 3427 4161 reliquo
3470 4105 3561 4143 ac-

1945 4189 2168 4260 cipiam,
2190 4188 2331 4241 sicut
2363 4186 2480 4241 istis
2501 4184 2863 4255 temporibus,
2908 4182 3146 4254 peccatis
3175 4180 3319 4235 meis
3339 4195 3562 4233 meren-

1942 4281 2093 4335 tibus
2141 4278 2460 4349 frequenter
2507 4276 2716 4347 accepi.
2760 4275 2912 4339 Quod
2968 4274 3012 4328 si
3054 4272 3327 4328 sanctitati
3367 4278 3561 4326 vestra-

1946 4367 2235 4440 placuerit,
2260 4381 2371 4421 non
2401 4364 2560 4420 vobis
2607 4379 2748 4434 opus
2774 4379 2938 4437 agere
2969 4362 3025 4415 in
3052 4361 3399 4432 postmodum
3437 4360 3558 4423 erit,

1947 4457 2127 4512 donec
2155 4453 2458 4525 apostolica
2486 4459 2667 4507 vestra
2699 4452 2879 4519 jussio
2920 4466 3006 4505 me
3048 4450 3464 4504 inobedientem
3508 4448 3563 4501 in

1947 4546 2134 4616 aliquo
2165 4552 2357 4599 contra
2386 4541 2607 4614 regulas
2634 4555 2816 4594 sacras
2848 4556 2949 4610 per
2978 4545 3378 4609 contemptum,
3414 4536 3561 4607 quod

1948 4635 2112 4701 absit,
2148 4632 2439 4689 invenerit.
2474 4632 2573 4695 Qui
2605 4631 2752 4686 enim
2794 4646 2964 4701 quare
2996 4629 3261 4684 Dominus
3290 4628 3344 4682 in
3386 4628 3566 4689 Evan-

1945 4728 2093 4802 gelio
2122 4725 2463 4783 centurionis
2494 4723 2659 4779 fidem
2691 4724 2830 4791 (sub.
2856 4721 3185 4786 laudaverit,
3216 4723 3300 4776 vel
3324 4721 3459 4792 quid
3490 4723 3568 4773 si—

1942 4824 2108 4891 mile),
2142 4822 2421 4877 dicentis:
2468 4820 2563 4875 Dic
2611 4819 2783 4875 verbo
2817 4826 2870 4873 et
2911 4815 3194 4872 sanabitur
3233 4832 3371 4887 puer
3409 4830 3568 4869 meus

1945 4918 2160 4987 (Matth.
2179 4916 2315 4983 vui),
2338 4915 2601 4986 intelligit
2621 4930 2784 4985 quam
2804 4910 3175 4984 operatorium
3206 4909 3277 4963 sit
3293 4908 3564 4980 episcopi,

1948 5005 2059 5061 imo
2106 5006 2248 5060 sicut
2306 5005 2362 5057 in
2413 5004 2579 5058 Paulo
2644 5002 2699 5056 in
2761 5018 2820 5056 se
2877 4998 3155 5072 loquentis
3219 4996 3417 5051 Christi
3481 4998 3574 5063 (II

1951 5097 2073 5152 Cor.
2109 5096 2249 5166 xm),
2290 5094 2512 5165 quando
2548 5092 2724 5166 magis
2762 5091 3042 5163 pontificis
3068 5087 3386 5161 apostolica:
3418 5085 3570 5139 sedis

1950 5190 2201 5249 verbum.
2236 5197 2292 5244 et
2336 5204 2507 5260 quam
2556 5187 2872 5243 obedienda
2901 5187 2972 5241 sit
3020 5184 3195 5257 ipsius
3247 5181 3569 5253 praeceptio,

1951 5282 2115 5338 etiam
2160 5296 2282 5335 sme
2323 5279 2435 5333 ulla
2465 5278 2833 5345 adjurationis
2882 5277 3215 5345 adjectione,
3262 5271 3565 5347 cognoscit.

1955 5375 2108 5441 Quod
2140 5383 2195 5430 et
2236 5373 2541 5429 scientibus
2588 5370 2884 5436 inculcare,
2927 5378 2981 5423 et
3013 5367 3390 5423 nescientibus
3441 5365 3575 5420 inti-

1954 5485 2124 5534 mare,
2164 5467 2511 5539 sapientibus
2550 5472 2604 5521 et
2644 5464 3037 5536 insipientibus
3074 5463 3363 5519 debitores
3401 5462 3578 5517 debe-

1954 5576 2083 5615 mus
2109 5559 2374 5631 episcopi.
2406 5556 2612 5624 Quibus
2641 5555 2686 5611 si
2719 5555 2787 5611 de
2820 5555 3033 5625 reliquo
3064 5553 3233 5610 verba
3260 5552 3578 5626 iniquorum

1954 5649 2347 5719 praevaluerint
2398 5648 2690 5704 adversum
2732 5660 2856 5711 nos,
2899 5644 3041 5699 sicut
3096 5642 3354 5712 jactitant
3402 5639 3583 5711 profe-

1955 5748 2163 5808 rentes,
2195 5756 2305 5797 non
2338 5740 2439 5797 erit
2479 5753 2705 5795 necesse
2745 5737 2812 5790 de
2852 5733 3288 5807 provincialibus
3326 5729 3579 5802 synodis,
