3970 6218
441 269 546 323 175

1565 264 1928 320 FLODOARDI
1971 263 2182 320 CANON
2192 265 2272 321 [Cl
2314 267 2645 323 REMENSIS

3673 279 3772 333 176

440 408 497 460 in
535 405 738 476 quibus
776 405 1042 459 hactenus
1086 403 1476 470 laboravimus,
1523 417 1857 478 magnopere
1899 401 2056 457 labo-
2079 407 2132 474 Α
2157 405 2424 460 hactenus
2457 420 2707 460 servasse
2733 411 3009 476 putamus.
3051 407 3157 462 Vos
3194 409 3456 466 videbitis
3476 411 3610 482 quid
3643 413 3771 469 inde

444 512 602 551 rare:
655 496 862 566 quippe
925 494 1187 564 quoniam
1241 494 1349 550 erit
1421 503 1476 550 et
1527 495 1612 548 lex
1668 500 1724 548 et
1770 509 1898 565 spes
1949 492 2054 546 sibi

441 587 694 659 quisque.
757 584 910 649 Quod
972 584 1202 656 quidem
1258 591 1439 639 vestra
1503 583 1796 639 humilitati
1855 590 2055 638 nostrae

441 679 659 749 scripsit
695 676 1028 742 sublimitas,
1083 677 1264 747 primo
1314 693 1411 731 vos
1463 684 1768 732 commotos
1808 691 1932 730 esse
1985 675 2054 730 ad

443 770 676 826 Rothadi
726 786 946 825 causam
993 769 1400 840 inquirendam,
1442 785 1591 835 cura,
1658 785 1767 840 qua
1798 784 1896 838 pro
1926 767 2052 822 uni-

442 859 616 914 versis
662 857 922 913 fratribus
956 857 1150 912 vestris
1195 857 1662 932 constringimini,
1712 872 1835 912 cum
1894 856 2054 910 debi-

442 955 497 1003 ta
559 951 864 1004 reverentia
916 956 1196 1023 gratanter
1250 949 1484 1018 accepi:
1547 947 1863 1022 intelligens
1924 947 2054 1018 quia

447 1041 500 1095 in
559 1056 790 1096 numero
841 1041 1069 1096 fratrum
1126 1056 1228 1096 nos
1280 1041 1695 1112 qualescunque
1743 1039 2061 1110 metropoli-

445 1133 557 1186 tani
613 1133 917 1204 computari
976 1132 1266 1188 debemus.
1314 1132 1387 1186 Ea
1427 1141 1649 1202 propter
1688 1132 1830 1186 sicut
1868 1137 2060 1186 vestra?

449 1223 768 1279 discretioni
810 1224 1213 1294 providendum
1247 1230 1351 1290 est,
1393 1239 1463 1278 ne
1492 1222 1727 1292 subjecti
1759 1222 2008 1293 episcOpi
2031 1239 2060 1276 a

448 1315 886 1385 metropolitanis
927 1315 1300 1388 irregulariter
1338 1315 1817 1370 condemnentur:
1860 1315 1936 1369 ita
1966 1313 2057 1368 ni--

449 1403 747 1458 hilominus
769 1402 1167 1473 providendum
1190 1410 1293 1468 est,
1322 1411 1383 1458 ut
1401 1402 1807 1474 metropolitani
1828 1418 1858 1455 a
1875 1401 2056 1468 subje-

447 1496 551 1551 ctis
581 1498 862 1568 episcopis
888 1514 997 1552 non
1028 1498 1402 1572 irregulariter
1431 1504 1869 1553 contemnantur.
1905 1496 2060 1550 Dein-

447 1587 517 1639 de
540 1587 688 1657 quod
713 1587 1158 1658 perspectissime
1175 1587 1474 1658 scripsistis
1499 1586 1765 1651 secundo,
1798 1585 2057 1658 quoniam

2157 495 2298 552 facto
2329 497 2526 552 melius
2547 499 2670 564 erit,
2695 505 2749 552 et
2779 497 2941 554 nobis
2963 499 3017 552 in
3030 499 3240 566 judicio
3269 508 3452 557 vestro
3473 503 3770 558 videndum

2155 593 2259 652 est,
2288 588 2420 657 quid
2439 590 2582 643 Deus
2608 589 2740 644 velit
2766 607 2780 655 ;
2812 591 3071 661 quoniam
3097 592 3301 661 injusta
3332 609 3454 648 esse
3476 610 3591 650 non
3621 605 3775 666 pote-

2155 690 2281 736 runt
2327 683 2511 737 divina
2569 683 2797 751 judicia,
2841 685 2972 756 quia
3010 701 3042 739 a
3073 686 3350 742 soliditate
3407 687 3772 744 confessionis

2153 774 2466 844 apostolicae
2523 782 2711 844 petrae,
2759 775 3022 831 adversus
3069 794 3232 848 quam
3275 777 3438 832 inferi
3489 789 3689 850 portae,
3724 781 3769 835 id

2155 873 2258 930 est,
2284 866 2668 940 suggestiones
2697 867 2784 922 vel
2815 869 3166 938 operationes
3194 886 3377 940 pravae
3417 887 3529 926 non
3569 888 3772 942 praeva-

2158 956 2350 1012 lebunt
2395 959 2612 1023 (Matth.
2664 963 2792 1024 xvr),
2845 959 3087 1015 dictante
3138 961 3353 1029 justitia
3406 961 3776 1033 proferentur.

2163 1047 2454 1118 Epistolam
2489 1065 2649 1120 quam
2674 1050 2809 1104 mihi
2840 1051 3136 1107 auctoritas
3156 1062 3357 1121 vestra,
3381 1069 3504 1109 cum
3535 1055 3775 1109 obtesta-

2161 1137 2310 1193 tione
2330 1140 2594 1210 przecepit
2624 1141 2872 1196 Rothado
2900 1143 3161 1216 dirigere,
3185 1145 3426 1199 domnus
3461 1151 3654 1200 noster
3670 1162 3776 1209 rex,

2163 1224 2309 1281 filius
2344 1235 2544 1298 vester,
2602 1245 2727 1285 mox
2767 1238 2827 1286 ut
2873 1231 2942 1285 ad
2983 1248 3108 1286 eum
3163 1234 3332 1299 venit,
3374 1249 3474 1305 per
3526 1235 3777 1290 abbatem

2162 1335 2321 1373 suum
2355 1320 2606 1377 Rothado
2637 1322 2856 1378 direxit.

2237 1450 2256 1478 ι
2301 1429 2822 1503 Rodulfusquoque,
2843 1431 3094 1500 ejusdem
3110 1431 3778 1490 ﬁliivestridomninostri

2160 1517 2304 1590 regis
2325 1518 2648 1584 avunculus,
2675 1536 2733 1572 ιιι
2768 1519 2895 1573 ldus
2927 1535 3074 1574 nunc
3095 1521 3269 1591 elapsi
3301 1522 3515 1576 mensis
3541 1522 3775 1577 Decem-

2159 1608 2274 1664 bris
2322 1611 2390 1664 ab
2430 1611 2704 1666 Ludovico
2764 1611 3066 1666 Germaniae
3112 1627 3239 1686 rege
3303 1622 3616 1679 revertens,
3658 1631 3774 1669 cum

445 1678 633 1732 sedem
692 1678 1048 1748 apostolicam
1096 1679 1376 1734 ltothadus
1433 1679 1676 1734 noscitur
1724 1678 2055 1749 appellasse,

2160 1701 2316 1756 valde
2345 1702 2558 1772 vesperi
2587 1719 2616 1755 a
2645 1709 2795 1757 corte
2831 1703 2978 1776 regis
3009 1703 3183 1758 nostri
3217 1703 3285 1758 ad
3317 1705 3646 1760 mansiones
3680 1721 3776 1760 no-

446 1779 502 1825 et
564 1788 633 1825 ne
686 1771 984 1826 videamini
1051 1772 1304 1826 Ecclesiae
1379 1779 1572 1826 vestrae
1646 1770 2056 1842 privilegiorum

448 1865 776 1920 detrimenta
829 1866 1023 1920 diebus
1079 1866 1275 1920 vestris
1340 1865 1726 1937 aequanimiter
1783 1865 2054 1920 tolerare:

449 1963 504 2010 et
563 1958 668 2012 hoc
723 1957 1084 2012 nihilominus
1138 1974 1169 2011 a
1226 1957 1406 2022 nobis,
1449 1966 1504 2012 et
1556 1957 1625 2011 ab
1663 1956 1923 2012 omnibus
1978 1963 2060 2010 est

449 2049 753 2103 rectissime
784 2049 1222 2119 suscipiendum,
1251 2056 1306 2103 et
1329 2049 1695 2104 solertissime
1725 2063 2060 2104 conservan—

449 2135 597 2190 dum.
634 2137 788 2202 Quod
814 2143 870 2192 et
899 2153 1001 2210 ego
1031 2152 1130 2208 pro
1161 2136 1386 2192 modulo
1417 2152 1542 2192 meo
1572 2137 1905 2192 servandum
1937 2151 2056 2189 esse

449 2232 616 2297 volui,
650 2240 704 2287 et
733 2232 879 2298 volo,
921 2240 975 2287 et
1014 2232 1232 2287 favente
1263 2231 1496 2288 Domino
1536 2233 1592 2286 in
1632 2233 1735 2286 hac
1763 2230 2058 2286 devotione

449 2322 704 2384 manebo,
758 2323 940 2378 sciens
1004 2323 1350 2396 privilegium
1417 2323 1854 2394 metropolitame
1911 2323 2060 2377 sedis

448 2413 880 2482 Remorum,(cui
909 2430 997 2468 me
1028 2413 1213 2469 divina
1234 2413 1483 2487 dignatio
1503 2413 1712 2468 servire
1743 2413 2057 2484 disposuit),

449 2509 504 2562 in
539 2523 755 2562 summo
787 2507 1076 2580 privilegio
1106 2516 1308 2562 sanctae
1345 2508 1496 2562 sedis
1527 2507 1785 2562 Romana:
1814 2523 2061 2576 manere,

445 2613 502 2658 et
523 2603 872 2677 privilegium
900 2619 1022 2658 esse
1044 2603 1192 2658 sedis
1224 2604 1504 2670 Romana,
1537 2603 1582 2657 si
1609 2619 1707 2657 sua
1739 2603 2063 2658 auctoritate

446 2691 799 2765 privilegium
865 2692 968 2746 sibi
1043 2691 1306 2760 subjectae
1367 2691 1516 2746 sedis
1601 2690 1790 2745 fecerit
1853 2691 2061 2765 vigere,

447 2787 502 2834 et
535 2781 808 2835 studuerit
838 2778 1188 2836 confirmare.
1222 2781 1297 2834 De
1319 2794 1385 2834 eo
1415 2793 1545 2834 vero
1576 2779 1721 2850 quod
1751 2779 1912 2834 tertio
1943 2779 2064 2834 loco

447 2874 516 2928 ad
548 2874 795 2929 medium
828 2875 1156 2940 devocastis,
1188 2873 1433 2928 scribere
1462 2873 1611 2928 aliud
1632 2873 1771 2928 nihil
1799 2890 2066 2944 praesum-

447 2964 553 3032 psi,
601 2964 708 3018 nisi
760 2965 890 3036 quia
919 2981 1084 3020 causa
1136 2963 1368 3020 Rothadi
1416 2979 1448 3017 ει
1485 2963 1669 3018 causis
1715 2962 1956 3032 illorum,
1994 2963 2062 3016 de

2161 1800 2301 1847 stras
2332 1809 2499 1864 super
2536 1793 2760 1848 fluvium
2790 1794 3046 1868 Ligerim,
3088 1810 3249 1849 secus
3277 1795 3588 1850 confinium
3629 1799 3779 1870 regni

2159 1881 2462 1952 Aquitania!
2485 1881 2890 1947 festinaremus,
2914 1882 3062 1935 misit
3089 1882 3157 1935 ad
3180 1897 3268 1935 me
3293 1883 3574 1937 hominem
3599 1900 3778 1945 suum,

2161 1969 2383 2023 nomine
2398 1968 2728 2044 .Rodulfum,
2770 1970 3040 2024 mandans
3077 1970 3206 2041 quia
3236 1969 3497 2040 prmfatus
3542 1986 3638 2026 rex
3673 1973 3777 2025 Lu-

2160 2061 2386 2116 dovicus
2413 2060 2703 2132 quemdam
2746 2062 3025 2116 hominem
3076 2063 3331 2125 Rothadi,
3367 2079 3494 2118 cum
3533 2064 3783 2133 epistolis

2158 2161 2352 2209 vestrae
2404 2153 2730 2219 sanctitatis,
2773 2155 2984 2221 manui,
3031 2161 3084 2210 et
3138 2154 3269 2210 ﬁdei
3316 2172 3428 2210 suae
3468 2157 3778 2211 commisit:

2158 2249 2432 2314 quatenus
2465 2243 2539 2297 ita
2569 2243 2636 2296 ad
2668 2243 3020 2312 praesentiam
3062 2243 3252 2299 domni
3294 2243 3466 2298 nostri
3509 2245 3663 2317 regis
3688 2246 3778 2299 lia-

2160 2332 2259 2386 roli
2306 2349 2428 2386 cum
2461 2331 2669 2386 eisdem
2702 2331 2979 2403 episcOpis
3018 2349 3144 2387 eum
3175 2333 3528 2403 perduceret,
3568 2342 3629 2388 ut
3662 2336 3778 2389 nul-

2159 2419 2270 2474 lum
2301 2420 2506 2474 malum
2537 2420 2587 2474 ei
2618 2419 2864 2475 inferret.
2895 2420 2987 2474 Est
3017 2421 3166 2476 enim
3198 2422 3346 2492 apud
3373 2421 3645 2477 domuum
3679 2440 3775 2478 no-

2162 2516 2333 2563 strum
2365 2523 2550 2582 regem
2583 2508 2728 2562 idem
2761 2509 2922 2564 homo
2953 2516 3259 2571 accusatus,
3295 2511 3444 2582 quod
3477 2510 3695 2566 furatus
3715 2513 3778 2566 sit

2163 2615 2251 2653 res
2281 2607 2335 2654 et
2383 2601 2700 2655 thesaurum
2746 2601 3022 2664 Ecclesize,
3059 2609 3112 2656 et
3142 2610 3266 2672 post
3309 2602 3619 2672 perjurium
3657 2604 3778 2657 inde

2163 2693 2535 2759 commissum,
2566 2692 2695 2766 fuga
2721 2694 2926 2763 lapsus,
2956 2693 3024 2746 ad
3059 2693 3398 2750 Ludovicum
3429 2711 3620 2768 regem
3657 2713 3779 2766 per-

2164 2779 2386 2835 rexerit.
2425 2780 2576 2835 Unde
2626 2780 2773 2834 idem
2817 2779 3088 2836 Rodulfus
3135 2781 3315 2852 petiit,
3366 2787 3427 2836 ut
3471 2798 3579 2857 ego
3635 2784 3783 2838 illum

2162 2872 2310 2927 unde
2335 2871 2481 2943 apud
2509 2873 2793 2928 dominum
2825 2881 3074 2928 nostrum
3123 2889 3308 2947 regem
3341 2874 3701 2945 adjuvarem:
3734 2884 3786 2930 ut

2163 2962 2423 3032 quoniam
2457 2961 2778 3032 praedictum
2810 2962 3092 3017 hominem
3115 2962 3172 3015 in
3203 2977 3305 3016 sua
3327 2961 3438 3017 ﬁde
3469 2975 3782 3034 acceperat,

447 3054 653 3125 quibus
688 3055 1004 3127 scripsistis,
1039 3064 1124 3111 est
1149 3070 1294 3126 pene
1324 3054 1380 3109 in
1419 3054 1632 3110 cunctis
1651 3053 1952 3110 dissimilis.
1987 3055 2063 3109 De
2092 3053 2376 3164 Cnullum
2418 3053 2622 3108 malum
2669 3053 2923 3108 haberet.
2973 3052 3071 3108 Cui
3114 3053 3404 3124 respondi,
3462 3061 3522 3109 ut
3573 3065 3787 3111 teneret

447 3161 514 3200 eo
543 3146 692 3217 quod
745 3145 965 3201 tandem
1006 3145 1307 3217 apostolica
1345 3153 1526 3201 vestra
1553 3144 1865 3220 benignitas
1917 3144 2062 3199 indi-

447 3237 639 3312 gnitati
677 3253 815 3292 mem
855 3238 1100 3293 scribere
1131 3247 1215 3292 est
1243 3237 1488 3313 dignata,
1529 3244 1590 3291 ut
1628 3237 1746 3292 haec
1774 3236 2060 3293 vobiscum

445 3329 703 3401 cogitem,
741 3337 796 3384 et
825 3330 974 3402 quod
1015 3330 1084 3384 de
1124 3331 1376 3387 Rothado
1407 3330 1705 3386 decernitis
1732 3329 2059 3401 approbcm,

441 3433 498 3480 et
529 3440 639 3480 non
669 3426 735 3480 ad
769 3426 878 3481 mei
931 3426 1186 3495 injuriam
1219 3426 1273 3481 id
1302 3443 1401 3482 vos
1445 3426 1626 3501 egisse
1654 3426 2056 3497 aliquantulum

443 3521 743 3584 autumem,
777 3523 1042 3589 quantum
1074 3515 1230 3572 valeo
1253 3517 1382 3572 totis
1411 3516 1670 3572 medullis
1700 3517 1904 3577 cordis.
1935 3533 2058 3572 cum

443 3609 593 3663 omni
627 3609 1032 3680 supplicatione
1065 3617 1119 3664 et
1149 3607 1339 3663 debita
1361 3625 1424 3664 ac
1448 3609 1720 3663 submissa
1748 3609 2057 3664 humilitate

445 3698 740 3753 immensas
801 3697 1098 3772 gratiarum
1161 3697 1407 3752 actiones
1479 3706 1669 3752 sancto
1725 3698 2055 3768 apostolatui

444 3794 628 3842 vestro
659 3788 926 3857 rependo,
959 3803 1084 3842 cum
1114 3786 1297 3842 omnis
1326 3786 1616 3841 inceritate
1646 3786 1818 3841 animi
1853 3788 2056 3843 rescri-

445 3877 606 3946 bens,
639 3878 768 3949 quia
797 3878 940 3932 sicut
981 3877 1117 3931 mihi
1150 3876 1395 3932 scribere
1431 3877 1642 3952 dignati
1673 3878 1826 3945 estis,
1857 3878 1930 3933 ita
1959 3894 2058 3949 per

442 3971 633 4026 omnia
659 3970 845 4025 credo.
881 3971 942 4024 Et
964 3969 1094 4041 quia
1122 3969 1472 4044 privilegium
1504 3970 1668 4025 vestri
1698 3970 1895 4025 summi
1916 3985 2052 4041 pon-

443 4061 700 4129 tificatus,
733 4069 794 4115 ut
829 4060 1119 4127 condecet,
1153 4066 1207 4116 et
1233 4075 1428 4116 omnes
1453 4061 1852 4129 desideramus,
1887 4061 2050 4117 evin-

442 4157 683 4212 dicatum
715 4155 954 4222 habetis,
985 4155 1134 4226 quod
1176 4171 1339 4211 nemo
1364 4164 1609 4212 nostrum
1649 4157 2057 4212 contradixerat

445 4252 502 4306 in
526 4251 865 4307 deductione
893 4250 1326 4317 Rothadi,sicuti
1360 4250 1702 4322 prmeepistis
1727 4251 1794 4305 ad
1820 4260 2055 4307 vestram

442 4346 824 4418 praesentiam:
854 4353 915 4402 ut
944 4346 1253 4416 perdonare
1283 4346 1491 4420 dignati
1525 4346 1677 4412 estis,
1699 4337 2058 4402 videre-desi-

2163 3145 2345 3217 ipsum
2395 3145 2675 3202 hominem
2715 3162 2925 3213 secum,
2975 3162 3048 3201 ne
3087 3146 3306 3201 interim
3356 3147 3532 3202 ullum
3575 3150 3782 3205 malum

2163 3247 2442 3310 pateretur
2467 3280 2480 3306 ,
2522 3239 2701 3294 donec
2745 3240 2813 3294 ad
2853 3246 3060 3294 cortem
3102 3239 3363 3306 redirem,
3408 3250 3465 3294 et
3507 3251 3783 3311 quantum

2160 3345 2380 3402 possem
2411 3329 2542 3384 inde
2573 3330 2724 3386 illum
2757 3331 3018 3399 adjuvare
3048 3346 3320 3386 curarem.
3365 3332 3554 3402 Ipsum
3601 3343 3785 3389 autem

2161 3421 2442 3476 hominem
2474 3437 2580 3477 nec
2609 3428 2763 3488 tunc,
2796 3436 2902 3476 nec
2922 3427 3115 3492 postea
3132 3420 3266 3486 vidi,
3292 3437 3397 3478 nec
3423 3437 3536 3494 quo
3559 3424 3792 3480 absces-

2159 3515 2290 3570 serit
2327 3530 2450 3569 cum
2501 3513 2774 3585 epistolis,
2823 3511 3028 3568 audivi.
3076 3513 3203 3576 Quae
3243 3512 3454 3568 idcirco
3503 3515 3788 3570 sanctitati

2158 3613 2354 3662 vestrae
2390 3606 2630 3662 scribere
2670 3606 2879 3673 studui,
2917 3613 2978 3661 ut
3006 3606 3051 3661 si
3083 3605 3284 3676 aliquis
3313 3605 3646 3661 malivorum
3696 3622 3792 3662 no-

2157 3702 2395 3751 strorum
2436 3697 2610 3764 (more
2650 3703 2772 3760 suo)
2799 3695 2954 3751 vobis
2994 3695 3297 3766 quidquam
3337 3695 3554 3750 sinistri
3585 3712 3658 3750 ex
3695 3698 3791 3752 hoc

2155 3803 2456 3862 suggerere
2485 3787 2744 3856 voluerit,
2767 3787 2900 3858 quid
2933 3786 3064 3841 inde
3095 3803 3282 3842 verum
3314 3787 3383 3841 sit
3405 3789 3789 3860 cognoscatis,

2154 3886 2210 3934 et
2237 3894 2369 3951 erga
2395 3895 2485 3934 me
2509 3887 2751 3934 vestrum
2782 3879 3028 3934 animum
3059 3894 3170 3934 non
3201 3878 3497 3934 moveatis.

2230 4009 2254 4040 α
2298 3989 2582 4044 Rationem
2624 3988 2865 4059 denique
2893 4003 3057 4059 quam
3106 3987 3322 4042 reddidi
3363 4003 3552 4043 coram
3585 3990 3786 4046 electis

2148 4081 2452 4150 judicibus,
2483 4081 2553 4135 de
2583 4080 2788 4151 quibus
2825 4095 2924 4150 per
2962 4079 3218 4135 libellum
3263 4080 3686 4150 provocationis
3717 4083 3782 4137 ad

2155 4170 2456 4226 electorum
2508 4169 2778 4238 judicium
2823 4167 3036 4223 fueram
3087 4185 3118 4222 a
3165 4167 3416 4223 Rothado
3465 4168 3783 4239 impetitus,

2155 4258 2261 4329 ipsi
2290 4257 2635 4314 venerabiles
2658 4256 2908 4328 episcopi
2938 4264 3135 4312 vestrae
3151 4257 3464 4312 auctoritati
3494 4261 3785 4315 transmit-

2157 4353 2299 4402 tunt.
2337 4347 2411 4402 De
2462 4347 2630 4419 gestis
2655 4361 2787 4402 vero
2818 4362 2848 4399 a
2879 4345 3128 4400 Rothado
3171 4352 3295 4414 post
3318 4349 3783 4402 excommunicao

441 4433 598 4502 dero,
641 4441 696 4489 et
737 4435 979 4489 visurum
1010 4451 1100 4489 me
1131 4451 1256 4490 esse
1285 4433 1505 4490 conﬁdo
1535 4451 1550 4500 ;
1611 4435 1740 4506 quia
1769 4451 1881 4492 non
1907 4435 2056 4490 aliud
2073 4463 2133 4533 D
2158 4435 2362 4491 tionem
2396 4451 2550 4491 suam
2583 4435 2636 4488 in
2667 4433 2992 4506 provinciali
3038 4432 3253 4504 synodo
3283 4433 3618 4503 compilatis,
3658 4453 3785 4508 qua:

441 4523 550 4577 nisi
589 4529 648 4578 ut
682 4539 849 4594 supra
877 4523 1198 4590 monstravi,
1244 4523 1393 4594 quod
1420 4523 1624 4596 regula;
1662 4539 1831 4579 sacrae
1871 4526 2058 4595 praeci-

441 4614 623 4684 piunt,
651 4621 706 4669 et
732 4614 870 4669 mihi
899 4614 1200 4685 petendum
1231 4623 1287 4670 et
1316 4613 1472 4672 vobis
1502 4613 1922 4670 concedendum
1953 4624 2054 4684 est,

440 4707 706 4780 postulo:
748 4707 1024 4774 videlicet,
1086 4713 1145 4760 ut
1174 4706 1254 4761 sic
1314 4706 1561 4762 Rothado
1613 4705 1683 4761 ab
1739 4709 2056 4764 auctoritate

441 4807 621 4858 vestra
655 4799 963 4871 compassio
995 4798 1338 4865 exhibeatur,
1372 4804 1432 4852 ut
1471 4799 1628 4870 vigor
1656 4798 2059 4858 ecclesiasticus

441 4910 554 4948 non
582 4892 912 4947 dissolvatur
945 4908 958 4946 ε
1004 4897 1059 4946 et
1095 4890 1176 4946 sic
1205 4890 1361 4964 vigor
1386 4889 1797 4946 ecclesiasticus
1828 4907 2056 4949 conser-

438 4989 617 5048 vetur,
648 4987 707 5036 ut
733 4980 919 5035 debita
949 4975 1326 5036 misericordia
1354 4986 1408 5035 et
1433 4979 1743 5036 necessaria
1774 4980 2057 5038 sufficien-

439 5071 514 5125 tia
545 5069 596 5123 ei
628 5085 736 5124 non
767 5068 1072 5140 denegetur
1104 5085 1117 5125 :
1168 5073 1441 5140 quatenus
1470 5083 1576 5124 nec
1600 5068 1774 5140 ipsius
1800 5071 2054 5143 exemplo

440 5162 508 5216 ad
547 5159 927 5216 excedendum
968 5159 1061 5214 alii
1093 5167 1477 5231 provocentur,
1510 5177 1580 5216 ne
1620 5161 1822 5233 quibus
1851 5162 1907 5217 in
1938 5163 2056 5218 istis

441 5252 759 5327 regionibus
785 5251 1004 5327 longius
1019 5253 1087 5308 ab
1115 5253 1418 5325 apostolica
1444 5255 1576 5310 sede
1608 5255 1832 5310 remotis
1855 5271 2054 5311 censu-

443 5358 514 5396 ra:
541 5341 927 5397 ecclesiasticae
959 5343 1262 5398 moderatio
1289 5349 1372 5399 est
1391 5343 1702 5410 commissa,
1733 5344 1862 5407 hinc
1884 5345 2050 5417 (quod

439 5429 602 5495 absit)
631 5430 994 5499 conspiciant,
1041 5431 1189 5486 unde
1235 5439 1329 5487 aut
1365 5432 1704 5506 negligentia
1753 5439 1846 5487 aut
1875 5433 2050 5490 disso-

439 5519 649 5574 lutione
706 5528 1010 5590 tepescant,
1066 5524 1151 5578 vel
1203 5524 1471 5580 terminos
1536 5539 1676 5594 quos
1741 5528 2052 5580 statuerunt

438 5619 622 5681 patres
694 5616 850 5678 (Prov
910 5615 1064 5684 χχιι),
1133 5616 1575 5689 transgrediendi
1637 5615 1923 5670 materiam
1990 5631 2049 5671 se

437 5719 656 5759 sumere
685 5720 848 5774 posse
894 5705 1116 5760 dicant:
1153 5722 1292 5777 quos
1338 5707 1480 5762 sicut
1512 5707 1901 5773 intelleximus,
1951 5723 2051 5764 nos

2156 4544 2256 4599 per
2285 4528 2492 4584 vicinos
2518 4535 2737 4583 nostros
2764 4526 2834 4580 ad
2861 4541 2960 4581 vos
2986 4525 3040 4579 in
3073 4525 3490 4596 derogationem
3529 4535 3782 4584 nostram

2157 4620 2477 4691 pervenisse
2507 4619 2836 4685 audivimus,
2862 4617 3111 4688 episcopi
3143 4617 3437 4672 Remorum
3474 4620 3784 4688 provincia?

2158 4726 2259 4781 per
2303 4724 2626 4765 communes
2680 4707 2892 4781 legatos
2945 4713 3166 4762 nostros
3220 4713 3415 4761 vestra:
3469 4708 3779 4769 sanctitati,

2157 4817 2281 4874 quae
2301 4802 2506 4869 sciunt,
2531 4801 2785 4855 intimare
2810 4806 3089 4854 curarunt.
3119 4823 3142 4846 ιι
3170 4799 3303 4853 Item
3335 4804 3464 4869 post
3494 4800 3786 4872 aliquanta

2157 4894 2226 4949 de
2255 4893 2604 4965 promotione
2633 4891 2808 4962 ipsius
2837 4890 3028 4947 domni
3057 4890 3337 4945 Hincmari
3367 4891 3439 4945 ad
3481 4893 3785 4964 episcopa-

2157 4993 2292 5051 tum,
2325 5002 2447 5057 quae
2479 4985 2592 5054 jam
2623 4983 2878 5055 superius
2908 4983 3107 5054 partim
3137 4991 3442 5054 praenotata
3471 4999 3587 5040 non
3618 5002 3784 5041 cura-

2155 5075 2333 5130 vimus
2363 5073 2452 5130 hic
2493 5072 2763 5129 iteranda.
2800 5096 2826 5120 »
2871 5072 3123 5143 Denique
3167 5070 3396 5143 praefato
3435 5071 3629 5128 Ebone
3681 5074 3781 5128 de-

2155 5168 2362 5234 functo,
2395 5165 2660 5232 Ecclesia,
2700 5166 2798 5220 sed
2838 5172 2894 5221 et
2924 5163 3183 5236 parochia
3211 5170 3421 5232 nostra,
3462 5166 3776 5221 secundum

2155 5257 2611 5316 consuetudinem
2663 5272 2826 5327 quam
2875 5271 2942 5310 ex
2971 5253 3198 5324 antiquo
3247 5253 3442 5309 habuit
3472 5254 3658 5324 (etiam
3706 5255 3777 5308 de

2151 5352 2260 5418 his,
2291 5365 2414 5421 quae
2455 5350 2511 5403 in
2547 5349 2870 5419 episcopatu
2914 5361 3094 5418 usque
3122 5345 3190 5400 ad
3231 5346 3443 5401 obitum
3476 5346 3532 5400 iu
3579 5347 3773 5401 eadem

2153 5441 2394 5497 Ecclesia
2425 5456 2536 5497 non
2565 5441 3006 5511 permanserunt)
3039 5437 3215 5508 ipsius
3261 5452 3466 5492 nomen
3501 5438 3644 5493 inter
3673 5453 3770 5491 sa-

2151 5536 2436 5586 crosancta
2464 5529 2722 5601 mysteria
2753 5529 2808 5583 in
2838 5527 3226 5598 episcoporum
3249 5527 3502 5599 cataIOgo
3535 5527 3768 5581 recitare

2152 5617 2374 5686 pietatis
2404 5618 2578 5690 gratia
2606 5618 2795 5689 cmpit,
2828 5623 2883 5672 et
2908 5617 3180 5670 hactenus
3208 5614 3354 5672 facit.
3383 5615 3537 5679 Quod
3567 5630 3672 5687 ego
3700 5629 3771 5668 ne

2150 5708 2582 5765 scandalizarem
2613 5709 2863 5779 devotos,
2891 5707 3050 5780 quasi
3083 5705 3344 5763 invidens
3372 5707 3534 5763 saluti
3564 5706 3768 5763 frater-
