3970 6218
247 306 352 359 177

896 294 1220 349 HlSTORl/E
1258 293 1590 349 ECCLESUE
1629 293 1957 349 REMENSIS
1999 293 2173 349 LIBRI
2215 294 2545 357 QUATUOR.
2573 326 2643 335 —
2682 297 2805 352 LIB.
2850 299 2940 354 Ill.

3482 305 3583 362 178

248 446 357 494 nae,
390 426 628 482 maxime
658 430 843 480 autem
901 421 1241 493 quiescentis
1297 423 1355 475 in
1401 420 1631 476 Domino
1653 420 1871 484 animae,
1897 426 1952 491 Α
1977 420 2069 491 qui
2092 420 2160 474 ad
2191 436 2289 475 sua
2310 428 2455 486 vota,
2480 420 2709 476 auribus
2740 424 3052 492 prurientes
3078 428 3118 493 (1
3163 426 3295 479 Tim.
3333 431 3427 495 IV),
3458 445 3578 483 ma-

244 522 343 594 qui
373 536 486 574 non
515 533 614 589 pro
647 514 1052 571 exorbitatioue
1077 529 1109 567 a
1156 512 1443 568 catholicae
1474 511 1606 567 ﬁdei
1638 512 1871 567 sanitate

248 606 770 670 anathematizatus,
829 604 927 658 sed
985 618 1085 657 sua
1139 601 1479 657 conscientia
1534 601 1869 665 stimulante,

250 699 496 770 primum
522 695 775 765 aseipso,
801 700 856 747 et
886 698 1076 761 postea
1116 706 1149 745 a
1177 689 1412 760 synodo,
1440 688 1536 743 sed
1560 695 1613 743 et
1644 695 1872 759 aposto-

249 792 359 846 lica
390 788 525 844 sede
555 787 847 841 damnatus
873 782 1098 850 exstitit,
1132 783 1239 837 hoc
1269 780 1565 851 prohibere
1586 779 1707 835 sine
1734 796 1871 851 apo-

252 882 465 938 stolicae
495 878 648 935 sedis
672 866 1001 933 auctoritate
1033 890 1382 945 nequaquam
1413 872 1758 943 praesumpsi,
1788 871 1873 925 di-

252 978 416 1028 cente
465 969 627 1024 beato
660 965 955 1021 Caelestino
986 979 1129 1034 papa
1158 963 1339 1031 (epist.
1375 963 1426 1029 l,
1462 978 1582 1032 cap.
1610 962 1714 1030 t2).
1737 960 1873 1026 Quia

251 1063 415 1120 nefas
438 1069 523 1117 est
550 1061 666 1114 haac
698 1058 810 1129 pati
852 1055 1141 1129 religiosas
1197 1054 1428 1120 animas,
1459 1068 1689 1123 quarum
1719 1051 1869 1106 afﬂi-

253 1154 444 1210 ctione
470 1150 620 1222 (quia
667 1146 916 1202 membra
964 1152 1151 1200 nostra
1179 1144 1325 1213 sunt)
1348 1157 1448 1197 nos
1477 1156 1699 1213 quoque
1740 1155 1874 1196 con-

252 1245 410 1300 venit
438 1240 723 1297 macerari.
756 1239 911 1293 Nunc
966 1243 1149 1292 autem
1199 1236 1256 1289 in
1284 1234 1531 1305 epistolis
1569 1232 1875 1288 sanctitatis

253 1341 473 1400 vestrae,
506 1347 643 1404 quas
674 1326 1027 1402 Engelwinus
1067 1326 1336 1381 diaconus
1362 1324 1525 1379 nobis
1551 1321 1754 1390 attulit,
1788 1322 1873 1376 in-

252 1427 530 1491 venimus,
562 1432 623 1479 ut
652 1421 1053 1495 Teotgaudium
1106 1425 1162 1474 et
1188 1416 1511 1473 Guntarium
1535 1416 1591 1471 in
1622 1416 1871 1489 catalogo

253 1518 647 1589 episcoporum
680 1530 789 1569 non
820 1513 1175 1582 recipiamus.
1211 1510 1275 1565 Et
1301 1509 1705 1564 Antiochenum
1735 1522 1873 1562 con-

252 1612 448 1667 cilium
483 1610 735 1681 [subaudi
781 1606 993 1672 statuit,
1022 1610 1117 1660 aut
1164 1604 1441 1675 praecepit]
1480 1611 1574 1658 :ut
1596 1602 1872 1674 praemisi-

254 1716 404 1766 mus,
437 1704 491 1753 et
519 1696 720 1751 melius
752 1694 856 1765 ipsi
880 1693 1055 1760 scitis,
1086 1693 1155 1748 de
1182 1707 1248 1747 eo
1282 1693 1374 1763 qui
1410 1698 1531 1762 post
1563 1690 1875 1746 damnatio-

256 1808 389 1846 nem
415 1790 567 1858 juxta
598 1786 1008 1858 praecedentem
1039 1783 1525 1849 consuetudinem,
1559 1783 1874 1854 episcopale

256 1880 543 1954 przesumit
594 1877 962 1932 ministerium
996 1879 1016 1943 (
1046 1876 1194 1947 quod
1250 1875 1495 1930 Ebonem
1536 1873 1733 1929 fecisse
1764 1890 1874 1929 non

260 1970 499 2025 dubium
531 1970 651 2035 est),
719 1964 1025 2019 rescribere
1071 1963 1206 2017 mihi
1264 1964 1526 2035 dignetur
1576 1963 1877 2033 apostolica

251 2065 439 2113 vestra
468 2055 787 2121 auctoritas,
817 2062 1001 2109 utrum
1030 2052 1286 2108 eumdem
1322 2052 1567 2108 Ebonem
1592 2052 1735 2107 inter
1756 2052 1876 2123 epi-

251 2161 456 2217 scopos
485 2146 541 2199 in
574 2144 745 2199 sacris
794 2142 1073 2214 diptychis
1104 2142 1157 2196 in
1191 2142 1423 2197 ecclesia
1463 2151 1647 2197 nostra
1686 2142 1869 2197 nomi-

254 2256 391 2294 nare
420 2238 752 2310 permittam,
787 2253 878 2304 an,
908 2252 979 2290 ne
1037 2235 1105 2289 de
1156 2243 1355 2290 caetero
1396 2235 1451 2289 in
1483 2234 1869 2305 episcoporum

249 2332 506 2405 catalogo
560 2330 876 2385 nominetur
914 2327 1215 2398 prohibere
1270 2327 1553 2393 debeam;
1595 2336 1870 2398 quatenus

248 2433 436 2479 vestra
462 2422 788 2478 auctoritate
815 2420 1002 2483 fultus,
1029 2420 1161 2492 quid
1189 2420 1243 2474 in
1267 2430 1453 2475 nostra
1481 2419 1722 2475 Ecclesia
1744 2419 1871 2473 inde

249 2517 327 2570 sit
352 2514 779 2579 observandum,
842 2512 963 2567 sine
1004 2512 1388 2586 ambiguitate,
1441 2512 1872 2567 decernentibus

248 2605 417 2660 vobis
444 2604 816 2658 demonstrem
844 2603 1021 2669 (Cone.
1054 2602 1308 2656 Antioch.
1340 2618 1379 2666 1,
1408 2616 1454 2655 c.
1488 2602 1565 2668 4).
1602 2620 1631 2651 »

889 2713 1100 2767 CAPUT
1132 2713 1264 2766 XIV.

509 2790 583 2842 De
613 2786 848 2856 quodam
888 2786 1228 2841 Gothescalco
1267 2785 1620 2839 schismatico.

332 2876 598 2930 Caeterum
627 2874 802 2929 Luido
832 2873 969 2927 mihi
1001 2873 1159 2940 dixit,
1179 2872 1329 2944 quod
1357 2887 1481 2927 cum
1506 2887 1572 2926 eo
1603 2872 1871 2927 rationem

253 2970 328 3024 de
359 2966 714 3023 damnatione
746 2974 800 3022 et
858 2964 1168 3021 reclusione
1208 2963 1545 3019 Gothescalci
1588 2964 1877 3019 habuisse-

1974 513 2178 585 gistros
2208 514 2317 569 sibi
2349 530 2675 570 coacervare
2716 516 3021 583 decertant,
3055 532 3301 588 quaerere
3333 518 3583 576 indebite

1974 603 2260 673 (quoniam
2316 605 2560 677 legitime
2619 621 2729 660 non
2784 608 3015 677 poterat)
3070 607 3423 663 simulatione
3457 609 3580 665 vitae

1973 692 2245 763 religiosae
2274 701 2329 747 et
2379 694 2629 749 doctrina
2686 710 2941 765 praeesse.
2999 696 3239 769 Quisque
3294 715 3326 753 a
3383 700 3583 757 Remo-

1974 803 2094 842 rum
2114 788 2535 859 chorepiscopo,
2591 790 2684 860 qui
2744 797 2875 845 tunc
2928 799 3065 856 erat,
3123 800 3312 847 contra
3366 794 3584 864 regulas

1973 876 2265 947 presbyter
2319 877 2650 941 ordinatus,
2717 894 2747 931 a
2810 880 3147 935 monasterio
3204 879 3583 951 irregulariter
3673 908 3684 921 ο

1974 964 2238 1030 existens,
2272 965 2579 1037 peragratis
2617 966 2940 1040 regionibus
2990 967 3261 1038 plurimis,
3308 977 3362 1023 et
3382 968 3584 1023 exitio-

1974 1075 2035 1112 sa
2088 1058 2301 1111 semina
2356 1066 2505 1113 sator
2571 1058 2843 1127 pessimus
2898 1060 3198 1126 seminans,
3247 1061 3467 1115 tandem
3527 1060 3581 1114 in

1975 1145 2291 1217 Mogontina
2334 1145 2555 1200 civitate
2611 1146 2798 1201 habita
2830 1148 3040 1217 synodo
3072 1151 3179 1216 (an.
3214 1149 3361 1215 848),
3395 1149 3580 1204 Raba-

1978 1253 2048 1293 no
2107 1237 2529 1307 archiepiscopo
2572 1236 2821 1292 libellum
2881 1239 2966 1292 sui
3022 1240 3223 1294 erroris
3272 1241 3581 1313 porrigens,

1976 1327 2267 1381 damnatus
2314 1325 2383 1379 ab
2440 1326 2704 1381 omnibus
2751 1327 3055 1382 Germaniae
3113 1329 3411 1400 episcOpis,
3459 1347 3583 1385 cum

1974 1414 2173 1470 litteris
2222 1415 2585 1486 synodalibus
2641 1416 2711 1470 ad
2766 1417 3115 1487 metropolim
3149 1417 3440 1472 Remorum
3474 1418 3583 1483 (cui

1969 1502 2082 1571 jam
2114 1512 2337 1559 auctore
2364 1504 2599 1559 Domino
2632 1506 2917 1575 praeeram)
2945 1513 3027 1560 est
3068 1506 3349 1560 remissus.
3394 1506 3584 1561 Postea

1977 1602 2160 1649 autem
2191 1612 2223 1649 a
2253 1595 2483 1669 Belgicm
2536 1597 2850 1664 Remorum,
2909 1614 2972 1652 ac
3031 1597 3325 1652 Galliarum
3360 1598 3583 1668 provin-

1977 1684 2185 1739 ciarum
2208 1684 2487 1755 episcopis
2538 1685 2781 1752 auditus,
2844 1694 2899 1740 et
2958 1686 3215 1741 inventus
3270 1686 3581 1751 haereticus,

1978 1777 2109 1847 quia
2166 1776 2498 1848 resipiscere
2546 1795 2577 1832 a
2632 1795 2731 1833 sua
2788 1779 3059 1849 pravitate
3123 1795 3232 1835 non
3289 1780 3482 1845 voluit,
3516 1796 3586 1834 ne

1977 1865 2102 1919 aliis
2132 1874 2378 1933 noceret,
2412 1868 2506 1938 qui
2528 1867 2635 1922 sibi
2659 1869 2923 1939 prodesse
2947 1870 3187 1937 nolebat,
3206 1870 3420 1938 judicio
3448 1886 3584 1940 prae-

1977 1954 2207 2009 fatarum
2258 1955 2668 2026 provinciarum
2728 1958 3136 2028 episcoporum,
3171 1958 3225 2012 in
3278 1967 3460 2014 nostra
3483 1976 3587 2031 pa-

1978 2046 2165 2103 rochia
2190 2048 2469 2119 (quoniam
2519 2048 2821 2115 Rothadus,
2875 2049 2945 2103 de
2975 2050 3134 2117 cujus
3164 2051 3424 2120 parochia
3449 2059 3587 2119 erat,

1974 2138 2053 2193 illi
2087 2140 2371 2196 nesciebat
2416 2140 2695 2211 resistere)
2726 2148 2780 2196 et
2836 2142 3108 2196 novitates
3133 2158 3324 2196 amans
3348 2143 3585 2198 timeba-

1975 2238 2061 2286 tur
2090 2249 2122 2287 a
2153 2232 2316 2287 nobis
2364 2249 2434 2287 ne
2473 2232 2712 2288 disceret
2766 2250 2931 2304 prava
2980 2234 3207 2300 sentire,
3259 2235 3589 2305 qui‘noluit

1972 2329 2120 2376 recta
2140 2321 2356 2377 discere
2387 2321 2587 2377 docere
2613 2340 2626 2387 ;
2661 2338 2797 2377 neve
2828 2322 2973 2377 idem
3016 2323 3403 2379 Gothescalcus
3460 2340 3584 2380 cum

1973 2414 2097 2468 aliis
2122 2429 2472 2469 communem
2530 2414 2696 2470 vitam
2761 2416 2972 2471 ducens
3002 2417 3173 2470 errori
3230 2431 3330 2472 suo
3386 2416 3590 2472 faceret

1972 2519 2096 2558 esse
2126 2518 2467 2569 communes,
2522 2505 2899 2559 monasteriali
2949 2506 3215 2561 custodiae
3247 2507 3589 2577 mancipatus

1974 2601 2078 2659 est,
2118 2593 2351 2648 docente
2406 2593 2710 2663 Apostolo:
2775 2594 3097 2648 Haareticum
3153 2594 3431 2649 hominem
3465 2606 3590 2668 post

1974 2686 2205 2756 primam
2238 2693 2292 2740 et
2329 2686 2628 2739 secundam
2660 2686 3066 2756 correptionem
3099 2687 3283 2741 devita
3310 2690 3434 2756 (Tit.
3462 2691 3585 2758 III),

1973 2775 2157 2830 sciens
2194 2775 2519 2830 subversum
2552 2790 2673 2829 esse
2734 2775 3067 2844 hujusmodi,
3099 2782 3153 2830 et
3185 2776 3406 2847 pr0prio
3431 2777 3587 2845 judi-

1975 2871 2061 2926 cio
2082 2870 2531 2927 condemnatum.
2577 2869 2677 2936 Qui
2729 2877 2788 2923 ut
2822 2868 2927 2924 Leo
2985 2885 3127 2939 papa
3183 2871 3360 2938 (epist.
3392 2871 3484 2940 l3)
3516 2871 3587 2925 de

1978 2962 2263 3018 Eutichete
2286 2964 2441 3029 dicit,
2472 2963 2823 3017 cumvideret
2855 2963 3188 3034 insipientize
3219 2980 3333 3019 suae
3363 2982 3585 3019 sensum

253 3057 348 3111 tis.
388 3055 541 3110 Unde
567 3054 828 3126 quoniam
865 3069 964 3124 per
990 3052 1129 3108 alios
1150 3052 1263 3120 jam
1304 3052 1610 3119 audieram,
1643 3053 1711 3106 ad
1741 3069 1871 3106 san-
1903 3068 1951 3135 ρ
1978 3052 2266 3107 catholicis
2296 3052 2522 3106 auribus
2567 3051 2885 3121 displicere,
2919 3068 3175 3108 revocare
3196 3070 3254 3108 se
3282 3071 3313 3108 a
3342 3071 3441 3109 sua
3468 3054 3591 3123 opi-

253 3147 508 3203 ctitatem
548 3152 785 3199 vestram
842 3143 1012 3198 verba
1068 3143 1305 3207 venisse,
1367 3142 1503 3196 mihi
1559 3143 1870 3199 auctoritati

254 3241 454 3289 vestrae
483 3234 733 3305 qumdam
764 3249 829 3287 ex
861 3232 1048 3288 verbis
1103 3239 1159 3288 et
1189 3232 1589 3289 catholicorum
1618 3233 1875 3289 sensibus

254 3330 316 3383 in
352 3329 551 3395 rotula,
580 3326 818 3398 qualiter
861 3332 1053 3381 contra
1107 3324 1281 3395 ipsius
1332 3325 1578 3395 pestiferi
1634 3326 1876 3381 hominis

253 3436 484 3476 sensum
523 3418 781 3483 sentiam,
810 3434 911 3488 per
958 3417 1201 3472 Odonem
1237 3417 1581 3487 episcopum,
1632 3425 1687 3472 et
1737 3418 1875 3472 nihil

256 3508 394 3562 inde
420 3506 797 3577 responsionis
814 3506 1068 3575 accipere
1117 3506 1318 3561 merui:
1350 3506 1425 3560 De
1449 3521 1559 3576 quo
1591 3506 1877 3561 nihilomi-

255 3617 367 3654 nus
389 3606 449 3653 ut
478 3600 766 3653 redderem
787 3598 1079 3664 rationem,
1098 3598 1324 3669 quidam
1348 3598 1620 3668 episcopi,
1641 3614 1875 3669 quorum

258 3692 405 3747 nihil
439 3692 509 3745 de
542 3690 635 3745 illo
666 3690 931 3744 intererat
957 3689 1239 3760 (quoniam
1261 3705 1364 3744 nec
1385 3704 1501 3757 eos,
1528 3696 1587 3744 ut
1621 3689 1737 3760 ipse
1768 3707 1879 3745 ma-

258 3779 481 3834 nifestis
508 3778 730 3834 indiciis
761 3777 1151 3848 prodiderunt,
1201 3778 1269 3831 ad
1310 3779 1413 3833 hoc
1458 3778 1696 3833 charitas
1724 3794 1878 3834 com-

254 3871 538 3928 movebat.
571 3887 673 3925 nec
700 3870 998 3925 auctoritas
1022 3869 1373 3939 deducebat),
1400 3886 1486 3925 me
1515 3871 1582 3925 ad
1614 3872 1880 3929 concilia-

256 3962 456 4016 bulum
490 3976 669 4031 nuper
697 3958 852 4013 Metis
876 3958 1148 4024 habitum,
1202 3959 1350 4029 quod
1384 3960 1561 4015 vocari
1603 3961 1874 4029 synodum

256 4052 537 4121 vetuistis,
578 4052 722 4106 sicut
775 4050 1048 4124 intelligo,
1109 4050 1488 4123 irregulariter
1541 4060 1735 4122 quarto
1785 4053 1875 4108 die

257 4153 557 4216 antequam
590 4149 1019 4218 congregaretur
1047 4146 1158 4210 (an.
1186 4144 1333 4213 863),
1366 4160 1492 4200 cum
1524 4160 1625 4217 ego
1657 4146 1877 4221 longius

261 4250 433 4306 quam
461 4232 762 4304 octoginta,
812 4238 868 4287 et
925 4230 1073 4286 idem
1129 4231 1519 4289 Gothescalcus
1586 4235 1876 4307 plusquam

259 4331 488 4380 centum
520 4321 765 4377 millibus
786 4320 854 4376 ab
902 4320 1022 4391 ipsa
1051 4320 1271 4377 civitate
1315 4322 1578 4393 disparati
1608 4339 1874 4381 essemus.

1979 3145 2147 3199 nione
2177 3143 2465 3209 debuerat,
2500 3160 2604 3199 nec
2636 3144 2709 3199 ita
2731 3144 2986 3199 Ecclesiae
3019 3146 3284 3215 praesules
3341 3163 3590 3202 commo-

1974 3249 2123 3298 vere,
2157 3241 2215 3286 ut
2237 3232 2607 3287 damnationis
2624 3233 2953 3286 sententiam
2977 3243 3284 3288 mereretur
3309 3236 3586 3303 excipere.

1976 3326 2144 3389 Quam
2175 3324 2368 3393 utique
2422 3323 2469 3375 si
2534 3322 2587 3375 in
2636 3338 2737 3375 suo
2768 3338 2936 3375 sensu
2968 3321 3203 3393 voluerit
3243 3336 3588 3390 permanere,

1977 3413 2163 3467 nullus
2226 3412 2429 3482 poterit
2494 3412 2755 3465 relaxare.
2832 3413 2871 3465 A
2953 3429 3061 3482 qua
3120 3413 3475 3468 damnatione
3538 3417 3585 3470 si

1977 3502 2239 3559 voluisset
2268 3502 2335 3555 ad
2362 3517 2585 3555 sensum
2617 3500 2949 3555 catholicum
2978 3500 3331 3571 resipiscere,
3367 3513 3591 3572 paratus

1978 3611 2200 3665 semper
2257 3593 2335 3648 fui
2387 3603 2442 3648 et
2483 3609 2602 3647 sum
2637 3593 2915 3664 (quoniam
2977 3594 3058 3647 sic
3116 3593 3587 3664 venerabilesju-

1981 3687 2302 3741 dicaverunt
2365 3684 2632 3754 episcOpi)
2687 3699 2813 3737 eum
2879 3683 2935 3736 in
2996 3683 3281 3738 catholica:
3338 3685 3591 3742 Ecclesiae

1981 3774 2427 3831 communionem
2464 3774 2732 3843 recipere,
2782 3773 2924 3827 sicut
2976 3773 3026 3827 ei
3071 3774 3243 3843 jubeo
3289 3793 3410 3847 quae
3460 3786 3591 3834 sunt

1982 3869 2200 3942 corpori
2261 3868 2573 3924 necessaria
2634 3868 2968 3922 ministrare.
3029 3867 3083 3920 Si
3160 3875 3342 3922 autem
3412 3879 3593 3926 vestra

1976 3963 2247 4019 catholica
2270 3960 2546 4032 sapientia
2576 3960 2691 4015 vult
2735 3960 2898 4023 scire,
2952 3976 3073 4031 quze
3132 3966 3321 4015 contra
3354 3961 3591 4016 catholi-

1978 4073 2093 4111 cam
2118 4054 2282 4108 fidem
2323 4069 2388 4108 ex
2440 4051 2613 4106 veteri
2681 4052 2875 4106 haeresi
2928 4050 3411 4106 Prazdestinatiana
3442 4056 3586 4123 (qua!

1980 4148 2215 4219 primum
2248 4146 2303 4200 in
2335 4145 2534 4210 Africa,
2572 4151 2764 4214 postea
2796 4144 2851 4197 in
2906 4144 3094 4198 Galliis
3144 4160 3242 4214 per
3274 4143 3418 4196 idem
3454 4152 3592 4199 tem-

1979 4256 2102 4313 pus,
2132 4238 2352 4310 quando
2385 4243 2439 4291 et
2468 4236 2791 4290 Nestoriana
2836 4236 3083 4301 haeresis,
3148 4243 3231 4289 est
3294 4242 3498 4298 exorta,
3540 4245 3594 4292 et

1979 4338 2225 4400 tempore
2256 4326 2533 4381 Ctelestini
2589 4341 2744 4395 papae
2798 4324 2972 4395 ipsius
3023 4325 3368 4387 auctoritate,
3410 4332 3465 4379 ct
3495 4325 3589 4379 in-

262 4412 408 4465 nihil
440 4410 669 4465 meinde
688 4416 815 4465 ante
834 4410 1220 4481 prtemonitum
1238 4428 1338 4482 per
1356 4412 1651 4482 quemdam
1676 4414 1944 4508 laicumD
1980 4418 2179 4475 stantia
2208 4415 2380 4471 sancti
2415 4413 2671 4484 Prosperi
2720 4420 2803 4468 est
2857 4413 3073 4481 revicta)
3109 4415 3293 4469 dicere
3316 4414 3589 4483 videatur,

260 4501 547 4555 hominem
579 4499 777 4554 litteris
826 4508 1179 4555 vocaverunt.
1213 4500 1275 4554 Et
1320 4516 1468 4555 nunc
1485 4500 1610 4555 ideo
1637 4501 1879 4558 breviter

260 4588 335 4642 de
357 4602 425 4642 eo
445 4588 717 4643 sanctitati
746 4596 941 4643 vestrae
970 4603 1229 4663 suggero,
1275 4590 1552 4661 quondam
1584 4598 1876 4661 antequam

260 4678 335 4732 ad
360 4676 715 4747 epis00patus
733 4677 984 4733 ordinem
1006 4678 1377 4748 pervenirem,
1395 4679 1537 4734 sicut
1558 4679 1731 4734 abbas
1748 4697 1881 4735 suus

260 4776 322 4823 et
360 4766 637 4833 monachi,
679 4766 823 4821 inter
852 4782 993 4838 quos
1023 4767 1199 4823 fuerat
1229 4778 1604 4837 conversatus,
1639 4770 1691 4824 ei
1724 4771 1880 4825 testi-

263 4858 516 4913 monium
543 4858 859 4929 perhibent,
884 4857 941 4911 in
964 4860 1286 4929 metrOpolis
1313 4860 1569 4916 Ecclesiae
1590 4862 1878 4917 Remorum

264 4947 630 5011 monasterio,
690 4948 745 5000 in
776 4947 1106 5003 Suessonica
1162 4949 1443 5019 parochia,
1484 4952 1631 5022 quod
1661 4952 1884 5008 Orbacis

266 5041 337 5112 [j,
372 5039 630 5110 Orbacus]
667 5039 890 5108 dicitur,
958 5040 1153 5097 habitu
1181 5045 1504 5110 monachus,
1540 5052 1722 5100 mente
1750 5045 1884 5100 feri-

267 5149 398 5195 nus,
434 5131 643 5203 quietis
672 5132 1060 5203 impatiens,et
1084 5150 1280 5190 vocum
1312 5137 1552 5192 novitate
1582 5138 1881 5205 delectans,

263 5241 334 5280 ac
364 5225 511 5279 inter
535 5239 668 5279 suos
694 5226 1002 5281 mobilitate
1032 5227 1193 5283 noxia
1245 5229 1561 5303 singularis,
1594 5231 1662 5285 de
1703 5233 1886 5286 omni-

264 5315 377 5368 bus
405 5329 529 5384 quze
563 5312 620 5366 in
672 5313 758 5366 his
806 5314 1130 5389 regionibus
1177 5333 1433 5387 perverse
1462 5329 1590 5374 tunc
1624 5322 1888 5390 temporis

260 5420 432 5459 sensa
462 5411 819 5476 cognoverat,
877 5407 1129 5476 quaedam
1168 5408 1275 5463 sibi
1342 5410 1510 5481 elegit
1539 5411 1796 5481 capitula,
1830 5422 1889 5467 ut

262 5496 510 5551 novitate
542 5509 741 5549 vocum
768 5494 1043 5553 innotesci
1082 5498 1309 5566 valeret,
1342 5507 1511 5571 utque
1551 5502 1885 5571 simplicium

263 5592 322 5637 et
358 5583 697 5639 devotorum
754 5597 952 5638 sensus
1006 5593 1335 5655 pervertere,
1390 5597 1449 5643 et
1506 5589 1750 5664 magistri
1782 5592 1889 5647 sibi

266 5692 474 5732 nomen
490 5673 841 5743 usurpando,
874 5684 999 5744 post
1022 5692 1080 5731 se
1100 5676 1403 5748 discipulos
1416 5680 1650 5743 trahere,
1673 5681 1889 5752 illisque

1980 4507 2048 4561 de
2067 4504 2253 4560 multis
2299 4519 2472 4574 pauca
2529 4502 2689 4557 vobis
2742 4516 2992 4567 numero,
3026 4503 3125 4557 sed
3179 4518 3287 4557 non
3323 4502 3589 4572 pondere,

1980 4597 2320 4668 capitulatim
2344 4594 2738 4667 significamus.

2052 4687 2211 4753 Dicit,
2244 4685 2392 4758 quod
2416 4692 2469 4740 et
2516 4692 2730 4740 veteres
2782 4683 3251 4738 Przedestinatiani
3310 4684 3593 4747 dixerunt,

1983 4777 2243 4847 quoniam
2270 4777 2411 4831 sicut
2460 4775 2603 4829 Deus
2650 4775 2918 4846 quosdam
2963 4774 3031 4828 ad
3089 4774 3253 4828 vitam
3305 4781 3591 4841 aeternam,

1985 4870 2058 4925 ita
2108 4872 2374 4943 quosdam
2427 4868 2839 4939 praedestinavit
2892 4868 2959 4921 ad
3019 4875 3251 4922 mortem
3306 4875 3590 4923 aeternam.

1984 4964 2143 5030 Dicit,
2213 4965 2358 5035 quod
2414 4970 2468 5017 et
2522 4970 2734 5017 veteres
2786 4960 3256 5015 Praedestinatiani
3312 4961 3591 5023 dixerunt,

1985 5055 2245 5124 quoniam
2279 5069 2387 5108 non
2408 5052 2524 5106 vult
2555 5053 2698 5106 Deus
2735 5067 2929 5106 omnes
2960 5050 3212 5105 homines
3241 5050 3421 5104 salvos
3453 5050 3591 5115 fieri,

1986 5147 2084 5200 sed
2116 5153 2325 5201 tantum
2355 5162 2452 5202 eos
2491 5145 2587 5216 qui
2619 5147 2897 5200 salvantur
2929 5163 2941 5209 ;
2985 5160 3179 5199 omnes
3205 5150 3387 5197 autem
3421 5142 3593 5197 salva-

1987 5235 2029 5288 ri
2060 5250 2310 5305 quosque
2362 5234 2479 5304 ipse
2518 5234 2728 5288 salvarc
2774 5234 3027 5296 voluerit,
3089 5248 3151 5286 ac
3184 5249 3281 5303 per
3307 5233 3411 5287 hoc
3466 5232 3593 5303 qui-

1988 5340 2206 5393 cunque
2248 5339 2357 5378 non
2388 5324 2686 5387 salvantur,
2728 5323 2948 5393 penitus
3010 5338 3118 5377 non
3152 5338 3273 5375 esse
3300 5321 3601 5376 voluntatis

1991 5416 2159 5481 illius,
2190 5423 2250 5469 ut
2306 5415 2621 5480 salvantur;
2681 5415 2939 5486 quoniam
2997 5415 3042 5469 si
3094 5430 3204 5469 non
3245 5430 3437 5469 omnes
3486 5413 3600 5469 sal-

1990 5512 2188 5559 vantur
2216 5521 2355 5577 quos
2384 5504 2500 5559 vult
2520 5505 2663 5559 Deus
2691 5504 2869 5558 salvos
2895 5503 3037 5571 ﬁeri,
3090 5519 3200 5559 non
3232 5504 3417 5561 omnia
3447 5523 3603 5576 quae-

1991 5609 2216 5665 cunque
2247 5594 2421 5650 voluit
2476 5592 2625 5654 fecit,
2674 5601 2728 5647 et
2790 5592 2835 5645 si
2885 5592 3001 5648 vult
3030 5594 3178 5665 quod
3222 5609 3331 5649 non
3395 5601 3598 5664 potest,

1996 5699 2105 5740 non
2137 5686 2510 5759 omnipotens,
2551 5686 2648 5741 sed
2671 5682 2921 5740 inﬁrmus
2947 5694 3049 5740 est.
3097 5686 3187 5740 Est
3211 5693 3393 5740 autem
3419 5682 3603 5739 omni-
