3970 6218
417 315 516 370 179

1506 308 1882 362 FLOl)OARDl
1924 307 2228 364 CANONICI
2270 305 2616 362 REMENSIS.

3643 307 3753 362 180

416 451 612 515 potens
659 440 753 512 qui
806 438 934 494 fecit
981 453 1326 508 quaecunque
1367 436 1558 501 voluit,
1612 437 1831 493 dicente
1885 438 2030 492 Scri-
2052 444 2101 509 Α
2129 438 2354 494 rodunt.
2389 436 2566 491 Facile
2623 441 2828 502 autem,
2887 436 3180 504 adjuvante
3232 437 3487 502 Domino,
3523 447 3753 508 portare

418 544 578 606 ptura
612 531 842 587 :Omnia
908 543 1254 600 quaacunque
1313 528 1483 583 voluit
1513 528 1778 583 Dominus
1819 529 1948 584 fecit
1973 530 2028 584 in

419 626 559 681 ccelo
587 632 642 679 et
692 624 746 678 in
799 630 962 686 terra,
1010 620 1065 674 in
1121 621 1256 674 mari
1317 628 1372 675 et
1426 620 1482 674 in
1528 621 1788 675 omnibus
1817 621 2031 691 abyssis

420 718 588 785 (Psal.
617 716 857 784 cxxxw).
917 713 979 767 Et
1028 713 1156 767 item
1195 729 1207 766 :
1245 713 1302 766 In
1362 712 1642 768 voluntate
1686 720 1801 778 tua,
1849 712 2031 767 Domi-

421 822 512 871 ne,
541 813 738 859 cuncta
783 810 911 856 sunt
963 800 1160 871 posita,
1220 809 1412 855 etnon
1443 809 1526 854 est
1578 801 1673 872 qui
1723 802 1894 872 possit
1925 809 2030 856 tua:

424 893 680 948 resistere
743 890 1012 945 voluntati
1087 889 1298 959 (Esther
1362 890 1477 956 xui)
1547 905 1560 942 :
1611 888 1657 942 si
1719 888 2033 943 decreveris

422 984 632 1038 salvare
679 998 802 1048 nos,
859 981 1124 1036 continuo
1182 979 1567 1034 liberabimur.
1601 980 1761 1048 Dicit,
1801 980 1949 1050 quod
1979 989 2033 1034 et

423 1079 639 1126 veteres
684 1067 1158 1123 Praedestinatiani
1232 1067 1512 1129 dixerunt,
1565 1067 1713 1138 quod
1765 1084 1876 1122 non
1933 1083 2033 1138 pro

424 1159 594 1214 totius
617 1157 808 1212 mundi
834 1155 1236 1226 redemptione,
1269 1154 1324 1207 id
1353 1164 1434 1209 est
1457 1169 1555 1224 pro
1577 1154 1822 1209 omnium
1860 1153 2035 1210 homi-

425 1265 557 1303 num
584 1247 758 1301 salute
797 1243 1249 1313 etredemptioue
1280 1242 1542 1296 Dominus
1571 1251 1626 1296 et
1653 1242 1900 1296 Salvator
1927 1257 2031 1296 no-

426 1351 536 1397 ster
573 1343 732 1396 Jesus
780 1339 1024 1394 Christus
1080 1338 1150 1392 sit
1197 1336 1490 1392 cruciﬁxus
1527 1344 1582 1392 et
1637 1348 1902 1402 mortuus,
1936 1340 2036 1393 sed

429 1439 636 1488 tantum
670 1447 768 1502 pro
810 1431 899 1485 his
946 1429 1040 1501 qui
1091 1429 1391 1483 salvantur.
1427 1427 1564 1482 Dicit
1619 1444 1840 1500 quoque
1874 1430 2037 1484 modo

428 1524 636 1595 dispari
682 1523 1003 1588 traditione,
1047 1520 1229 1591 separi
1287 1535 1494 1586 errore,
1547 1520 1695 1590 quod
1732 1527 1786 1574 et
1826 1530 2040 1575 veteres

431 1616 898 1671 Przedestinatiani
931 1615 1504 1683 dixerunt,exponens
1545 1612 1874 1666 sententiam
1907 1628 2041 1682 apo-

431 1707 555 1761 stoli
585 1706 728 1760 Petri
762 1724 777 1758 :
813 1705 944 1759 Eum
995 1702 1088 1773 qui
1151 1701 1287 1756 emit
1315 1716 1432 1767 eos,
1492 1701 1782 1755 Dominum
1831 1717 2040 1774 negan-

434 1808 515 1853 tes
578 1800 677 1863 (ΙΙ
734 1799 854 1850 Petr
940 1797 1022 1863 ιι),
1080 1793 1362 1864 Baptismi,
1430 1792 1630 1863 inquit,
1699 1801 2041 1848 sacramento

430 1903 527 1942 eos
557 1887 709 1951 emit,
761 1900 869 1939 non
900 1892 1084 1937 tamen
1145 1897 1243 1952 pro
1289 1883 1370 1936 eis
1425 1897 1644 1936 crucem
1703 1881 1895 1945 subiit,
1941 1897 2043 1935 ne-

432 1995 540 2049 que
572 1984 803 2032 mortem
839 1975 1084 2046 pertulit,
1113 1990 1297 2045 neque
1346 1973 1672 2046 sanguinem
1704 1971 1864 2027 fudit.
1891 1973 2042 2037 Quod

433 2074 614 2122 autem
641 2065 901 2136 baptismi
970 2064 1254 2135 perceptio
1307 2062 1619 2132 redemptio
1671 2071 2042 2132 nuncupatur,

433 2157 626 2212 doctor
674 2154 922 2228 gentium
1001 2151 1289 2206 manifeste
1348 2150 1588 2206 fatetur:
1624 2149 1804 2204 Nolite
1842 2151 2046 2205 contri-

433 2258 597 2312 stare,
630 2245 829 2317 inquit,
861 2245 1126 2315 Spiritum
1175 2252 1423 2298 sanctum
1469 2243 1590 2308 Dei,
1622 2242 1678 2296 in
1705 2257 1815 2312 quo
1846 2242 2045 2314 signati

435 2339 568 2394 estis
589 2339 643 2392 in
689 2338 779 2392 die
840 2336 1239 2407 redemptionis
1288 2335 1508 2404 (Ephes.
1568 2341 1654 2398 ιν).
1711 2335 1775 2388 At
1804 2334 1895 2388 illa
1925 2351 2047 2405 qua;

437 2430 657 2502 propria
708 2437 763 2483 et
827 2428 1088 2499 specialis
1138 2434 1224 2482 est
1277 2427 1520 2480 solorum
1561 2425 1809 2480 omnium
1839 2425 2049 2481 electo-
2094 2449 2104 2460 ι

438 2536 580 2584 rum,
655 2533 817 2590 quam
867 2516 949 2571 eis
993 2514 1374 2571 tantummodo
1449 2511 1746 2567 cruciﬁxus
1798 2511 2048 2581 imperti-

437 2607 518 2667 vit
576 2611 702 2682 pius
750 2610 1086 2679 Redemptor
1161 2607 1428 2677 ipsorum,
1490 2605 1634 2660 sicut
1700 2621 1730 2658 a
1798 2604 2049 2674 praeteri-

434 2705 523 2770 tis,
552 2704 627 2758 ita
651 2701 908 2755 nimirum
963 2709 1018 2754 et
1076 2716 1107 2753 a
1154 2697 1529 2768 praesentibus
1588 2705 1765 2760 natos,
1827 2703 1882 2749 et
1941 2711 2045 2749 na-

435 2792 692 2852 scituros,
750 2791 903 2844 vivos
942 2796 999 2843 et
1054 2795 1324 2848 mortuos.
1375 2786 1632 2841 videlicet
1687 2801 1880 2840 omnes
1946 2801 2048 2855 pa-

437 2886 569 2939 riter
615 2883 820 2938 electos
873 2881 1149 2947 redemit,
1219 2879 1402 2944 eruit,
1451 2878 1738 2948 abluitque
1791 2877 2046 2948 peccatis.

437 2971 546 3043 Ipsi
611 2986 857 3042 prorsus,
916 2969 1023 3040 ipsi
1069 2978 1196 3023 sunt
1230 2967 1492 3034 mundus,
1553 2982 1650 3034 pro
1700 2982 1810 3038 quo
1861 2983 2053 3036 passus

438 3073 521 3119 est
588 3063 901 3130 Dominus,
960 3070 1019 3117 ut
1057 3061 1176 3133 ipse
1240 3061 1379 3116 dixit
1435 3079 1448 3115 :
1508 3065 1672 3118 Panis
1737 3079 1892 3132 quem
1958 3076 2051 3129 ego

435 3157 646 3222 dedero,
700 3170 824 3209 caro
881 3170 997 3209 mea
1053 3159 1129 3209 est
1179 3169 1280 3223 pro
1326 3155 1520 3208 mundi
1569 3157 1684 3209 vita
1734 3156 1910 3221 (Joan.
1973 3171 2045 3218 v1,

436 3247 552 3315 52).
612 3245 673 3298 Et
725 3243 856 3298 item
913 3243 1043 3298 alibi
1104 3243 1251 3298 idem
1338 3242 1730 3298 Gothescalcus
1781 3243 1975 3297 scribit
2029 3260 2042 3295 :

437 3337 591 3391 Absit
622 3336 810 3407 procul
841 3352 872 3390 a
898 3351 1008 3400 me,
1061 3342 1120 3389 ut
1180 3335 1266 3389 vel
1319 3334 1454 3388 illud
1501 3334 1851 3390 solummodo
1882 3334 2045 3389 velim

438 3430 738 3493 somniare,
788 3428 991 3483 nedum
1024 3427 1193 3481 semel
1223 3443 1536 3492 susurrare,
1568 3435 1628 3481 ut
1652 3427 1822 3480 ullum
1855 3441 2045 3480 eorum

439 3517 837 3590 perpetualitcr
865 3533 1052 3572 secum
1085 3516 1392 3586 periturum
1432 3516 1694 3587 antiquus
1726 3531 1916 3585 rapere
1943 3531 2042 3569 va-

437 3612 546 3665 leat
570 3609 790 3682 anguis,
835 3625 934 3679 pro
987 3607 1192 3680 quibus
1243 3607 1580 3662 redimendis
1639 3615 1744 3660 tam
1773 3605 2048 3676 pretiosus

440 3700 549 3754 Deo
577 3698 718 3752 Patri
774 3699 990 3754 Domini
1049 3699 1141 3752 Dei
1203 3698 1374 3752 nostri
1429 3697 1545 3750 Filii
1606 3696 1713 3760 sui,
1766 3695 1920 3750 fusus
1967 3703 2049 3750 est

436 3792 684 3866 sanguis.
718 3793 908 3846 Amen.
969 3791 1031 3845 Et
1087 3790 1216 3844 item
1245 3789 1479 3860 loquens
1519 3788 1587 3842 ad
1619 3789 1788 3843 Deum
1825 3806 1838 3842 :
1869 3787 2047 3842 Claret

438 3885 622 3957 itaque
660 3885 794 3938 satis
842 3891 1055 3953 aperte,
1100 3881 1248 3952 quod
1300 3881 1481 3936 nullus
1538 3880 1636 3935 tibi
1685 3880 1849 3951 perit,
1891 3880 2046 3952 quis-

437 3975 562 4046 quis
584 3975 902 4043 redemptus
922 3981 1006 4026 est
1045 3988 1144 4042 per
1173 3971 1502 4044 sanguinem
1534 3969 1712 4025 crucis
1740 3977 1865 4024 tuae.

507 4062 660 4128 Quod
702 4059 1178 4116 Praedestinatiani
1216 4067 1433 4114 veteres
1492 4074 1601 4114 non
1631 4057 1909 4123 dixerunt,
1945 4057 2046 4113 iste

435 4163 494 4210 ut
526 4155 814 4220 audacius,
859 4154 934 4208 ita
958 4162 1012 4207 et
1034 4151 1403 4222 perniciosius
1429 4150 1583 4217 dicit,
1629 4149 1885 4204 deitatem
1916 4166 2046 4203 san-

435 4255 534 4300 ctze
554 4243 832 4298 Trinitatis
880 4243 1074 4296 trinam
1126 4257 1269 4296 esse.
1330 4241 1467 4294 Sunt
1519 4247 1573 4295 et
1599 4239 1727 4306 alia,
1773 4255 1896 4309 quae
1927 4239 2044 4308 ipse

434 4333 601 4388 etalii
635 4333 821 4404 plures
872 4331 927 4385 in
973 4330 1093 4386 istis
1146 4329 1397 4400 partibus
1448 4329 1659 4395 dicunt,
1715 4345 1836 4400 quae
1884 4329 2044 4384 nobis

431 4439 578 4478 sana:
609 4420 738 4476 ﬁdei
779 4421 1056 4476 adversari
1113 4419 1388 4484 videntur,
1421 4434 1545 4491 quae
1589 4419 1720 4472 dum
1749 4433 1847 4488 per
1875 4419 2042 4473 alium

2130 526 2346 592 valebo,
2409 526 2540 597 quia
2588 533 2643 579 et
2702 525 2835 578 mihi
2886 541 3121 595 paucum
3151 534 3428 596 rsuperest
3477 531 3753 598 temporis

2131 619 2390 688 spatium,
2454 624 2509 671 et
2562 616 2606 670 si
2656 616 2803 670 inter
2860 614 3004 672 ﬁlios
3057 617 3332 684 Ecclesiae,
3388 619 3753 689 permittente

2132 710 2264 774 Deo,
2291 710 2345 763 in
2368 725 2453 763 me
2484 707 2802 778 acceperint
2844 715 3173 778 potestatem
3210 709 3579 780 corporaliter
3605 711 3756 766 afﬂi-

2131 802 2323 874 gendi,
2351 801 2538 855 divina
2583 800 2760 874 gratia
2806 800 3120 868 adjuvante,
3155 801 3497 859 exercebunt
3530 805 3756 875 patien-

2133 894 2286 948 tiam.
2317 893 2422 946 Sed
2455 891 2556 945 etsi
2605 888 2985 944 tantummodo
3029 890 3169 944 male
3226 891 3524 947 sentiendo
3555 895 3758 949 adver-

2132 983 2424 1044 sabuntur,
2465 979 2802 1035 exercebunt
2857 980 3406 1053 quantulumcunque
3430 983 3754 1049 scientiam,

2135 1081 2189 1126 et
2218 1080 2278 1125 ut
2299 1070 2465 1124 etiam
2527 1069 2737 1124 inimici
2801 1069 3106 1123 secundum
3158 1079 3491 1141 praeceptum
3528 1073 3751 1128 Domini

2137 1160 2438 1229 diligantur
2469 1159 2680 1224 (Matth.
2716 1173 2769 1224 v,
2790 1158 2896 1228 44),
2918 1158 3255 1213 exercebunt
3276 1160 3752 1216 benevolentiam.

2138 1250 2429 1305 Prsefatum
2479 1258 2662 1304 autem
2732 1248 3173 1316 Gothescalcum,
3228 1250 3274 1304 si
3328 1261 3511 1306 vestra
3559 1263 3759 1308 aucto-

2138 1343 2270 1396 ritas
2328 1341 2463 1395 mihi
2518 1341 2826 1411 scripserit,
2881 1348 2942 1396 ut
2988 1357 3117 1396 eum
3149 1344 3464 1398 acustodia
3519 1345 3754 1408 solvam,

2138 1442 2193 1488 et
2216 1441 2310 1488 aut
2360 1440 2419 1487 ut
2473 1433 2540 1486 ad
2598 1448 2696 1487 vos
2725 1432 2916 1498 eundi,
2971 1440 3031 1488 ut
3084 1449 3181 1503 per
3211 1451 3306 1489 vos
3358 1435 3480 1503 ejus
3535 1436 3754 1492 doctri-

2140 1541 2264 1579 nam
2291 1524 2676 1595 experiamini,
2731 1534 2824 1580 aut
2879 1525 2948 1578 ad
2997 1541 3389 1599 quemcunque
3420 1543 3487 1582 ex
3527 1531 3758 1584 nomine

2139 1615 2485 1688 designatum
2519 1614 2784 1688 pergendi
2819 1614 3097 1669 licentiam
3129 1616 3351 1682 donem,
3379 1617 3512 1688 quia
3544 1625 3605 1671 ut
3636 1635 3758 1673 me-

2141 1703 2248 1756 lius
2282 1702 2385 1771 ipsi
2434 1701 2608 1768 scitis,
2653 1702 2794 1757 sicut
2845 1703 3102 1758 absolute
3137 1703 3377 1774 quisque
3427 1705 3760 1776 regulariter

2142 1791 2384 1848 ordinari
2417 1807 2526 1846 non
2575 1791 2740 1858 valet,
2807 1792 2880 1846 ita
2939 1792 3043 1846 nisi
3101 1807 3164 1846 ex
3221 1792 3394 1862 ipsius
3449 1807 3756 1859 consensu,

2142 1883 2300 1951 cujus
2357 1900 2478 1938 esse
2530 1883 2888 1958 dignoscitur,
2939 1891 3102 1938 certze
3162 1901 3409 1954 persona:
3465 1902 3757 1942 commen-

2143 1972 2382 2038 dandus,
2412 1979 2465 2026 et
2521 1972 2587 2026 ad
2643 1983 2851 2026 certum
2894 1974 3070 2028 locum
3105 1976 3427 2037 monachus,
3489 1977 3572 2030 vel
3606 1978 3765 2048 quis-

2147 2081 2254 2136 que
2321 2064 2424 2119 sub
2474 2063 2662 2136 regula
2719 2064 3066 2129 constitutus,
3127 2081 3158 2118 a
3225 2065 3345 2120 loco
3403 2082 3503 2121 suo
3552 2067 3767 2122 absolvi

2141 2160 2295 2228 juxta
2328 2159 2544 2232 regulas
2591 2175 2777 2214 sacras
2826 2175 2935 2214 non
2968 2159 3133 2225 valet,
3187 2159 3381 2213 vestris
3413 2159 3767 2228 jussionibus

2149 2250 2298 2304 nullo
2329 2249 2494 2304 modo
2517 2249 2815 2304 resultabo.
2843 2250 3072 2305 Tantum
3118 2259 3177 2304 ut
3241 2250 3628 2306 auctoritatem
3666 2267 3763 2304 ve-

2147 2347 2312 2392 stram
2336 2337 2588 2403 habeam,
2631 2355 2700 2392 ne
2750 2346 3021 2394 tantorum
3077 2339 3464 2409 episcoporum
3489 2338 3764 2406 judicium

2151 2445 2274 2483 mea
2299 2429 2727 2500 praesumptione
2782 2430 3181 2500 parvipendere
3211 2430 3416 2484 videar.
3467 2430 3586 2485 Non
3615 2431 3763 2484 enim

2151 2518 2296 2572 illius
2342 2518 2607 2584 delector,
2658 2535 2819 2589 quam
2902 2519 3052 2588 juste
3107 2518 3342 2573 sustinet
3407 2519 3766 2589 pertinaciter

2149 2620 2466 2676 contumax,
2499 2611 2986 2692 quantulacunque
3013 2609 3340 2666 reclusionis
3367 2611 3643 2678 molestia,
3667 2613 3762 2666 sed

2151 2700 2316 2755 doleo
2347 2717 2376 2754 a
2400 2716 2509 2771 qua
2563 2700 2806 2754 revocari
2865 2715 2976 2754 non
3007 2706 3186 2769 potest
3246 2699 3554 2770 perﬁdiam.
3591 2701 3761 2765 Quem

2151 2793 2195 2845 si
2226 2792 2538 2862 cuicunque
2593 2792 3095 2847 commendandum
3142 2801 3323 2847 vestra
3348 2793 3649 2848 auctoritas
3688 2794 3768 2848 vi-

2154 2881 2317 2947 derit,
2342 2882 2443 2936 hoc
2486 2882 2541 2934 in
2596 2883 3080 2938 commendatione
3122 2883 3286 2938 etiam
3344 2883 3681 2953 providebit,
3707 2891 3768 2937 ut

2153 2970 2241 3024 cui
2292 2971 2767 3026 commendabitur
2831 2972 3132 3027 catholicus
3182 2973 3271 3036 sit,
3331 2980 3386 3026 et
3441 2972 3762 3042 gravitatem

2154 3062 2578 3117 ecclesiasticam
2600 3071 2654 3117 et
2702 3064 2942 3135 vigorem
2994 3079 3059 3117 ac
3121 3063 3522 3133 Scripturarum
3583 3064 3765 3119 scien-

2067 3133 2116 3199 Ο
2147 3151 2275 3204 tiam
2327 3151 2548 3220 habeat,
2581 3153 2712 3224 quia
2760 3133 2870 3208 non
2900 3153 3079 3209 solum
3135 3154 3442 3224 Scripturas
3501 3154 3569 3207 ad
3603 3170 3759 3208 suum

2145 3260 2367 3299 sensum
2401 3245 2672 3300 violenter
2705 3247 2954 3315 inﬂexas,
2984 3247 3082 3302 sed
3111 3256 3166 3301 et
3187 3246 3586 3301 catholicorum
3621 3247 3762 3301 dicta

2147 3338 2468 3393 detruncata
2507 3355 2607 3409 per
2665 3347 2837 3394 totum
2897 3341 3042 3395 diem
3101 3340 3220 3394 sine
3270 3339 3634 3409 respiratione
3663 3339 3763 3394 ali-

2148 3445 2256 3498 qua
2296 3428 2554 3499 praevalet
2609 3429 2928 3483 memoriter
2981 3429 3274 3484 decantare
3330 3428 3486 3484 Unde
3528 3443 3638 3483 non
3672 3445 3761 3484 so-

2148 3519 2258 3571 lum
2292 3518 2490 3573 idiotas
2531 3519 2587 3573 in
2641 3518 3063 3573 admirationem
3113 3519 3196 3572 sui
3239 3517 3538 3582 abducere,
3574 3537 3759 3574 verum

2147 3614 2202 3661 et
2231 3608 2431 3663 sciolos
2488 3614 2543 3662 et
2601 3607 2850 3663 incautos
2896 3616 3064 3678 atque
3112 3607 3287 3662 zelum
3347 3606 3464 3675 Dei,
3519 3612 3619 3666 sed
3654 3629 3758 3668 non

2145 3697 2450 3752 secundum
2512 3696 2797 3752 scientiam
2850 3697 3119 3751 habentes
3149 3701 3314 3767 (Rom.
3358 3717 3412 3768 x,
3443 3702 3522 3767 2),
3558 3703 3613 3755 in
3634 3719 3760 3757 sen-

2149 3791 2374 3846 tentiam
2423 3807 2576 3845 suam
2639 3791 2834 3845 solitus
2862 3798 2977 3845 erat
3008 3791 3318 3847 traducere.
3355 3793 3549 3849 Etnon
3583 3797 3755 3850 solum

2147 3886 2433 3940 doctorum
2457 3900 2681 3939 suorum
2716 3886 2910 3940 doctor
2955 3884 3128 3938 videri
3177 3887 3408 3956 appetit,
3437 3887 3536 3942 sed
3565 3897 3620 3943 et
3663 3890 3761 3944 hoc

2147 3977 2380 4032 solerter
2407 3977 2542 4031 satis
2594 3977 2848 4042 intendit,
2905 3985 2965 4031 ut
3017 3993 3202 4031 secum
3265 3977 3559 4048 loquentes
3591 3980 3675 4034 vel
3709 3979 3757 4034 in

2147 4081 2404 4120 sermone
2447 4081 2645 4135 capere
2690 4064 2886 4119 valeat.
2926 4065 2985 4119 Et
3025 4065 3070 4118 si
3104 4065 3173 4119 de
3234 4067 3460 4120 veritate
3519 4083 3632 4122 non
3664 4084 3761 4139 po-

2148 4158 2291 4222 terit,
2327 4158 2721 4214 invincibiliter
2777 4159 3137 4214 sacramentis
3195 4158 3473 4214 afﬁrmare
3522 4161 3754 4226 curabit,

2145 4261 2414 4300 easecum
2474 4247 2767 4317 loquentes
2822 4248 3046 4313 dixisse,
3129 4264 3251 4318 qua:
3313 4249 3448 4303 forte
3508 4266 3616 4306 non
3673 4252 3756 4305 di-

2145 4346 2354 4402 xerant,
2384 4344 2443 4392 ut
2494 4339 2609 4408 ipse
2667 4355 2849 4405 verax,
2908 4339 3043 4394 etei
3084 4340 3177 4410 qui
3241 4339 3317 4393 illi
3372 4343 3757 4397 contradicunt

2147 4425 2452 4494 probentur
2480 4443 2602 4481 esse
2630 4428 2949 4494 mendaces,
2981 4436 3039 4483 et
3068 4429 3333 4484 adversus
3363 4446 3518 4484 suam
3548 4432 3754 4488 doctri-

432 4529 596 4585 quam
644 4528 741 4583 per
797 4512 1091 4568 utilitatem
1150 4528 1292 4566 mea:
1331 4527 1581 4582 personae
1637 4513 1937 4568 auctoritas
1959 4500 2274 4572 ve-Dnam
2309 4517 2591 4573 docentes.

431 4614 542 4660 stra
571 4606 911 4678 cognoverit,
973 4604 1113 4660 forte
1169 4604 1419 4660 attendet
1467 4604 1748 4670 solertius,
1811 4613 1866 4660 et
1922 4622 2045 4677 quae

432 4698 562 4754 inde
593 4700 833 4754 tenenda
874 4705 1004 4752 sunt
1042 4698 1240 4752 docere
1267 4696 1514 4752 studebit
1551 4697 1900 4768 quantocius.
1933 4699 2046 4754 Erit

431 4792 652 4846 enimin
675 4790 923 4862 proximo
985 4790 1112 4844 inde
1155 4789 1455 4845 necessitas
1483 4807 1497 4854 ;
1523 4789 1654 4860 quia
1703 4789 1825 4844 etsi
1852 4806 2041 4845 eorum

429 4881 595 4939 corda
621 4881 676 4934 in
729 4879 944 4934 insania
1001 4877 1244 4950 perversi
1273 4893 1470 4932 sensus
1517 4877 1814 4943 ebulliunt,
1847 4881 2042 4935 ortho-

430 4973 556 5029 doxi
587 4980 776 5029 tamen
815 4972 962 5045 regis
1016 4971 1191 5026 nostri
1236 4978 1508 5040 tempore,
1543 4987 1729 5040 prava,
1764 4987 1887 5041 qua:
1909 4987 2042 5026 sen-

431 5064 594 5130 tiunt,
638 5063 822 5134 eloqui
880 5079 988 5118 non
1056 5069 1397 5133 praesumunt
1443 5062 1520 5116 lta
1547 5069 1605 5116 ut
1625 5069 1816 5133 aperte
1848 5063 2039 5119 videa-

430 5169 550 5207 mus
589 5151 803 5222 impleri
856 5151 1005 5222 quod
1053 5151 1316 5221 scriptum
1374 5158 1496 5206 est:
1527 5153 1870 5219 Congregans
1901 5155 2042 5208 sicut

425 5247 484 5298 in
507 5247 627 5299 utre
648 5242 792 5313 [ms.,
832 5247 1004 5296 utrem
1031 5241 1044 5312 ]
1078 5256 1251 5311 aquas
1266 5243 1437 5296 maris
1466 5241 1630 5309 (Psal.
1666 5243 1850 5310 xxxu).
1883 5243 2036 5313 Aqua

427 5334 574 5389 enim
634 5334 800 5388 maris
863 5333 1006 5388 sicut
1072 5333 1126 5386 in
1174 5339 1294 5387 utre
1338 5339 1670 5407 congregata
1726 5341 1853 5387 est:
1906 5333 2037 5404 quia

425 5443 608 5480 amara
625 5425 1011 5480 haereticorum
1024 5423 1261 5478 scientia
1277 5423 1548 5494 quidquid
1571 5423 1737 5477 hodie
1755 5423 1810 5476 in
1835 5423 1938 5477 isto
1953 5440 2033 5477 re-

422 5533 532 5590 gno
555 5515 653 5569 ﬁlii
670 5517 834 5572 vestri
857 5515 1044 5569 domui
1067 5514 1246 5570 Karoli
1278 5531 1502 5584 pravum
1521 5515 1711 5577 sentit;
1737 5515 1788 5568 in
1810 5527 2031 5585 pectore

421 5605 754 5676 comprimit,
811 5613 866 5660 et
896 5613 1084 5674 aperte
1131 5605 1319 5659 dicere
1367 5619 1477 5659 non
1525 5603 1826 5672 praesumit.
1857 5604 2027 5659 Meam

417 5710 639 5769 quoque
661 5695 1017 5770 exiguitatem
1070 5703 1125 5750 et
1179 5696 1392 5751 occulte
1441 5692 1642 5750 canino
1696 5693 1864 5749 dente
1902 5709 2025 5750 cor-

2828 4591 2906 4644 AP

2828 4591 2906 4644 AP
3323 4619 3327 4624 -

2215 4679 2456 4734 Delibris
2478 4695 2614 4748 quos
2631 4680 2771 4734 idem
2778 4589 2995 4749 Errasti];
3014 4591 3348 4736 gizwmarus
3369 4688 3685 4752 composuit.

2213 4787 2443 4860 Scripsit
2488 4791 2652 4845 etiam
2684 4788 2908 4860 prmfato
2962 4805 3116 4860 papae
3161 4791 3384 4846 Nicolao
3453 4789 3585 4847 ﬁdei
3647 4810 3754 4848 suae

2141 4877 2520 4949 depromendo
2555 4887 2823 4943 tenorem,
2857 4887 2912 4932 et
2941 4894 3095 4932 suam
3125 4887 3314 4934 contra
3343 4883 3632 4951 prwnotati
3655 4882 3758 4937 Go-

2142 4971 2398 5026 thescalci
2429 4988 2690 5038 errorem,
2725 4989 2888 5045 quam
2933 4972 3061 5027 ﬁdei
3115 4974 3398 5028 catholicae
3441 4974 3758 5045 dependere

2141 5065 2444 5138 satagebat,
2513 5067 2917 5122 defensionem.
2977 5066 3208 5136 Scripsit
3265 5073 3534 5137 prteterea
3568 5067 3753 5121 multa.

2141 5153 2360 5208 Librum
2394 5169 2618 5225 quoque
2662 5156 2954 5210 collectum
3015 5170 3079 5208 ex
3111 5155 3548 5211 orthodoxorum
3603 5155 3758 5211 dictis

2140 5246 2356 5301 Patrum
2388 5247 2455 5302 ad
2487 5245 2630 5301 ﬁlios
2679 5244 2934 5300 Ecclesiae
2965 5260 3097 5311 suae,
3139 5245 3288 5315 quod
3347 5244 3550 5298 divina:
3580 5246 3750 5301 Trini-

2135 5335 2263 5389 tatis
2293 5335 2470 5390 deitas
2499 5335 2640 5389 trina
2695 5349 2805 5389 non
2845 5333 2915 5388 sit
2954 5331 3210 5398 dicenda,
3261 5349 3386 5387 cum
3445 5334 3516 5389 sit
3581 5335 3745 5405 ipsius

2135 5439 2363 5476 summa:
2385 5422 2663 5477 Trinitatis
2692 5421 2893 5489 unitas,
2942 5421 3011 5475 ad
3066 5420 3400 5476 refellendas
3423 5439 3745 5491 praememo-

2137 5515 2235 5568 rati
2283 5513 2623 5570 Gothescalci
2684 5515 3057 5586 blasphemias
3107 5531 3122 5578 ;
3181 5513 3310 5567 item
3365 5513 3435 5566 ad
3495 5513 3737 5570 Karolum

2133 5619 2316 5675 regem
2363 5619 2531 5672 super
2561 5605 2662 5659 hac
2713 5605 2906 5660 eadem
2959 5622 3015 5660 re
3047 5603 3245 5658 librum
3302 5619 3494 5658 unum.
3525 5604 3739 5675 Scripsit

2127 5702 2184 5748 et
2212 5693 2280 5747 ad
2309 5695 2564 5751 eumdem
2598 5697 2849 5754 Karolum
2880 5713 3066 5773 regem
3105 5712 3246 5768 opus
3275 5695 3556 5767 quoddam
3587 5711 3736 5770 egre-
