3970 6218
173 296 257 350 181

790 285 1116 342 ΗΙδΤΟΙὶΙΑΞ
1158 285 1486 341 ECCLESl/E
1526 285 1765 340 REMEN:

1894 285 2068 339 LIBRI
2108 285 2436 349 QUATUOR.
2468 317 2537 326 —
2569 286 2691 341 LIB.
2736 287 2824 341 lll.

3376 288 3479 343 182

172 424 307 498 gium
338 419 583 480 metrice.
617 416 687 471 de
714 416 888 488 gratia
917 425 971 470 et
1000 415 1485 485 praedestinatione
1527 415 1619 470 Dei
1655 433 1668 480 ;
1702 416 1769 468 de
1796 422 1845 486 Α
1867 416 2255 471 ordinabiliter
2283 418 2527 487 plantare
2558 416 2886 481 debuerant,
2911 432 2973 471 ac
3003 416 3056 470 in
3080 416 3317 471 sublime
3344 417 3479 471 tedi-

175 510 509 569 sacramentis
557 523 778 580 quoque
839 506 1087 577 corporis
1131 514 1186 561 et
1233 507 1520 578 sanguinis
1549 506 1769 573 Christi,

175 613 223 659 et
245 603 308 656 de
332 598 567 653 videndo
625 598 759 662 Deo,
818 603 983 666 atque
1016 596 1233 668 origine
1262 596 1479 660 animae,
1512 594 1679 648 simul
1709 610 1772 649 ac

176 696 234 749 de
261 692 359 746 ﬁde
388 698 590 744 sanctae
628 686 929 752 Trinitatis,
983 687 1129 758 quod
1158 702 1299 757 opus
1327 686 1625 757 appellavit
1650 688 1769 739 Fer-

174 788 333 841 culum
360 783 676 837 Salomonis.
716 781 849 834 Item
881 778 1104 852 collegit
1129 786 1294 849 atque
1326 776 1638 847 composuit
1668 792 1766 832 vo-

176 880 341 933 lumen
369 874 564 946 ingens
614 872 800 942 plures
852 870 1145 925 continens
1185 869 1356 925 libros
1381 868 1449 924 de
1482 869 1768 940 praedesti-

177 968 380 1023 natione
435 966 530 1019 Dei
581 972 637 1019 et
708 963 887 1018 libero
970 961 1200 1017 arbitrio
1253 969 1442 1017 contra
1499 962 1767 1033 quosdam

175 1061 585 1131 reprehensores
622 1072 777 1122 suos,
832 1062 998 1126 atque
1049 1055 1401 1109 Ratramnum
1434 1053 1767 1108 monachum

175 1148 567 1211 Corbeiensem,
594 1145 661 1200 ad
695 1144 953 1199 eumdem
1000 1142 1256 1198 Karolum
1298 1158 1517 1216 regem;
1552 1140 1639 1196 cui
1682 1148 1766 1194 ta-

175 1243 269 1296 lem
299 1238 515 1311 prtefert
553 1237 865 1309 epistolam.

239 1352 260 1380 (ι
301 1330 505 1383 Domno
536 1326 779 1399 glorioso
810 1324 926 1398 regi
956 1324 1175 1380 KAROLO
1208 1322 1408 1393 (Calvo)
1432 1323 1764 1386 timeamus,

175 1417 398 1483 nomine,
434 1432 545 1470 non
576 1415 796 1479 merito,
830 1415 1124 1468 Remorum
1155 1412 1468 1483 episcopus,
1497 1427 1560 1465 ac
1589 1409 1767 1481 plebis

172 1506 256 1560 Dei
286 1504 540 1569 famulus,
564 1518 675 1557 una
730 1517 855 1556 cum
887 1500 1113 1572 collegis
1143 1498 1361 1553 domuis
1398 1505 1452 1552 et
1504 1498 1764 1551 fratribus

171 1598 296 1651 meis
316 1594 646 1652 venerandis
672 1593 973 1664 episcopis,
1000 1592 1315 1647 oratoribus
1341 1590 1552 1645 scilicet
1573 1589 1766 1643 salutis

170 1691 320 1755 atque
350 1682 733 1755 prosperitatis
762 1690 954 1736 vestra:
986 1680 1219 1735 devotis.

1874 506 2100 562 ﬁcantes
2120 509 2399 563 extollere.
2427 509 2499 563 De
2517 508 2755 579 quodam
2788 507 2953 563 etiam
3020 508 3283 577 capitulo,
3318 510 3473 579 quasi

1872 595 2171 651 ludificatio
2202 596 2388 667 aliqua
2419 596 2475 650 in
2510 597 2680 651 sacris
2723 597 2999 667 mysteriis
3030 612 3148 651 esse
3179 597 3371 667 possit,
3405 598 3479 651 ita

1870 688 2229 757 scripserunt,
2262 694 2321 740 ut
2351 687 2599 759 legentes
2651 687 2756 741 hoc
2795 702 2826 739 a
2858 686 3019 741 nobis
3066 685 3273 740 dictum
3307 685 3477 740 fuisse

1873 778 2179 852 intelligere
2221 779 2453 848 possint,
2476 779 2545 833 de
2576 794 2685 850 quo
2718 778 2853 833 nihil
2892 796 2922 833 a
2959 778 3120 833 nobis
3152 785 3233 832 est
3264 793 3472 833 memo-

1871 874 2045 921 ratum
2072 885 2085 931 ;
2121 876 2176 921 et
2205 883 2374 938 quare
2407 866 2542 920 nihil
2569 883 2599 920 a
2629 868 2789 921 nobis
2816 867 2947 919 inde
2975 866 3045 919 sit
3081 865 3307 931 dictum,
3336 874 3391 919 et
3421 864 3475 919 in

1868 956 2026 1024 cujus
2049 956 2266 1025 scriptis
2296 972 2326 1009 a
2358 955 2519 1010 nobis
2551 964 2741 1025 postea
2770 972 2933 1026 quam
2986 955 3225 1025 capitula
3248 954 3477 1024 scripsi-

1869 1063 2012 1112 mus,
2045 1048 2116 1101 sit
2146 1048 2449 1113 inventum,
2516 1062 2617 1101 suo
2671 1046 2791 1100 loco
2823 1046 3087 1099 dicemus.
3124 1046 3477 1098 lnseruerunt

1870 1136 2033 1191 etiam
2068 1138 2121 1191 in
2149 1138 2357 1191 eisdem
2385 1138 2499 1191 suis
2553 1137 2776 1207 scriptis
2813 1138 2880 1191 de
2912 1137 3243 1207 quibusdam
3276 1136 3476 1189 sexde-

1824 1228 1827 1233 ’
1868 1228 1973 1282 cim
2024 1228 2301 1299 capitulis,
2356 1229 2513 1300 quasi
2568 1228 2730 1283 nobis
2781 1228 3022 1283 debeant
3069 1228 3350 1298 imputari,
3407 1228 3476 1281 de

1868 1320 2069 1391 quibus
2102 1319 2240 1372 nihil
2266 1320 2700 1385 audivimus,vel
2724 1318 2963 1373 vidimus
2984 1328 3277 1389 antequam
3306 1335 3477 1373 vene-

1867 1411 2060 1466 rabilis
2088 1410 2201 1464 Ebo
2261 1407 2799 1479 Gratianopolitanus
2856 1407 3151 1477 episc0pus
3206 1406 3361 1461 vobis
3389 1422 3474 1471 ea,

1866 1502 2022 1575 quasi
2046 1518 2075 1555 a
2100 1501 2258 1555 bona:
2290 1500 2570 1555 memoriae
2604 1500 2767 1553 fratre
2805 1506 2986 1553 vestro
3014 1498 3270 1553 Lothario
3292 1505 3473 1552 trans-

1866 1591 2051 1657 missa,
2073 1592 2217 1659 apud
2254 1590 2590 1644 Vermeriam
2649 1589 2912 1659 palatium
2952 1588 3169 1643 detulit.
3233 1588 3473 1651 Quorum

1865 1680 2227 1751 capitulorum
2284 1688 2563 1734 auctorem
2606 1694 2709 1733 nec
2765 1678 3082 1732 adnotatum
3144 1678 3475 1741 invenimus,

234 1736 539 1755 1—-r~~.~
614 1736 675 1737 κν
1932 1736 1946 1751 .
3464 1736 3472 1741 .

234 1797 253 1818 κ
283 1774 387 1829 Deo
416 1772 625 1844 gratias
655 1770 891 1842 agimus,
950 1769 1043 1839 qui
1081 1783 1177 1823 cor
1235 1774 1475 1822 vestrum
1510 1767 1576 1820 ad
1608 1782 1764 1821 amo-
1793 1736 1844 1803 B
1867 1786 1969 1824 nec
1999 1786 2121 1824 cum
2155 1771 2387 1824 multum
2437 1771 2818 1841 quaesierimus
2875 1769 3121 1823 invenire
3179 1767 3477 1821 valuimus.

170 1878 269 1914 rem
298 1878 456 1915 suum
481 1859 756 1925 accendit,
789 1866 843 1912 et
889 1857 957 1911 ad
1007 1857 1380 1929 cognitionem
1434 1856 1680 1910 veritatis
1711 1864 1766 1910 et

168 1954 467 2008 orthodoxa:
529 1950 655 2005 fidei
724 1950 1015 2005 scientiam
1047 1957 1102 2003 et
1146 1948 1492 2022 diligentiam
1548 1948 1764 2020 ignivit,

171 2045 497 2113 prudentiam
533 2058 753 2115 quoque
777 2050 831 2097 et
860 2040 1281 2116 intelligentiam
1296 2040 1452 2094 vobis
1484 2040 1538 2093 in
1572 2038 1766 2093 litteris

167 2136 409 2191 divinitus
430 2134 717 2206 inspiratis
747 2134 991 2199 donavit,
1024 2140 1079 2187 et
1106 2134 1162 2186 in
1186 2149 1371 2187 earum
1407 2132 1765 2185 meditatione

167 2232 312 2293 atque
349 2222 704 2284 excitatione,
765 2230 1030 2292 quantum
1082 2221 1242 2275 vobis
1291 2235 1389 2290 pro
1446 2219 1764 2290 reipublicae

165 2314 380 2385 negotiis
407 2314 561 2377 licet,
592 2312 836 2367 studium
867 2321 1058 2366 vestrae
1090 2310 1400 2367 devotionis
1438 2311 1765 2382 quotidiano

166 2414 437 2478 augmento
466 2406 540 2459 ad
573 2405 868 2459 utilitatem
898 2413 1101 2458 sanctze
1129 2420 1241 2457 sua:
1285 2403 1537 2457 Ecclesiae
1569 2419 1765 2472 prove-

166 2496 251 2549 hit.
284 2497 548 2551 Caaterum
578 2496 818 2566 capitula
848 2494 1138 2567 synodalia
1194 2494 1601 2548 venerabilium
1631 2510 1763 2548 con-

166 2584 491 2638 sacerdotum
530 2592 864 2649 nostrorum,
898 2582 1058 2637 trium
1086 2582 1299 2636 scilicet
1330 2582 1759 2653 provinciarum,

165 2674 290 2730 sicut
320 2677 526 2731 ibidem
559 2677 896 2741 continetur,
946 2682 1000 2729 et
1061 2674 1290 2728 inferius
1316 2674 1577 2745 scriptum
1608 2675 1759 2729 inve-

167 2763 347 2832 nietur,
374 2766 538 2821 vobis
577 2765 780 2830 delata,
825 2781 947 2836 quze
1000 2773 1200 2818 nostrae
1252 2762 1548 2817 humilitati
1605 2764 1761 2831 juxta

165 2853 473 2925 Scripturam
513 2856 928 2926 przecipientem
960 2872 971 2908 :
1009 2856 1289 2928 Interroga
1329 2854 1645 2909 sacerdotes
1677 2854 1759 2908 le-

168 2962 276 3013 gem
307 2965 476 3003 meam
516 2951 685 3017 (Agg.
739 2964 795 3000 11.
857 2947 967 3014 12),
1018 2946 1147 3017 quia
1191 2954 1245 3000 et
1277 2948 1452 3018 legem
1484 2945 1612 3000 fidei
1641 2962 1763 3000 esse

1871 1861 2020 1914 Unde
2044 1861 2357 1930 putavimus
2396 1864 2525 1933 quia
2556 1862 2787 1929 alicujus
2817 1860 3023 1915 invidia
3055 1860 3120 1914 ad
3154 1859 3478 1929 cujusquam

1866 1952 2183 2021 opinionem
2215 1951 2588 2006 infamandam
2611 1950 3143 2020 fuerintcompilata,
3168 1950 3307 2003 sicut
3333 1966 3481 2019 saepe

1866 2041 2119 2114 legimus.
2154 2041 2217 2095 Ut
2244 2041 2311 2095 de
2344 2042 2526 2095 multis
2552 2057 2724 2111 pauca
2758 2054 3275 2101 commemoremus,
3309 2038 3477 2093 veluti

1865 2131 2097 2200 epistola
2128 2130 2491 2200 capitulorum
2523 2129 2749 2193 exstitit,
2786 2146 2950 2199 quam
2984 2130 3316 2185 venerabilis
3356 2130 3478 2184 lbas

1860 2210 2164 2290 episcopus
2193 2236 2346 2274 suam
2381 2235 2500 2274 esse
2551 2220 2605 2273 in
2662 2221 2873 2290 synodo
2910 2220 3221 2292 denegavit,
3255 2228 3309 2276 et
3335 2222 3476 2277 sicut

1868 2312 2090 2384 quidam
2115 2312 2299 2366 aemuli
2331 2313 2401 2366 de
2458 2312 2645 2367 verbis
2698 2312 2842 2367 beati
2869 2313 3174 2386 EAugustini
3206 2315 3388 2369 adhuc
3415 2314 3472 2369 in

1866 2421 1965 2459 sua
1994 2404 2105 2459 vita
2138 2403 2406 2470 fecerunt,
2431 2422 2551 2476 quae
2601 2405 2691 2459 ille
2722 2415 2913 2478 argute
2963 2413 3017 2458 et
3063 2406 3331 2460 catholice
3387 2422 3475 2460 re-

1865 2494 2028 2565 pulit,
2055 2501 2317 2565 quantum
2362 2496 2439 2549 ad
2478 2482 2627 2549 illius
2675 2494 2924 2549 notitiam
2957 2494 3156 2548 exinde
3203 2495 3473 2563 pervenit.

1865 2583 1991 2637 Post
2020 2583 2138 2650 ejus
2168 2584 2330 2637 etiam
2378 2582 2613 2649 obitum,
2646 2584 2871 2655 quidam
2924 2583 3092 2638 invidi
3136 2584 3476 2653 capitulatim

1863 2677 1931 2730 de
1959 2676 2078 2743 ejus
2104 2675 2278 2745 ipsius
2306 2676 2542 2745 scriptis,
2595 2692 2659 2729 ex
2691 2676 2777 2729 his
2808 2676 2972 2730 etiam
3008 2678 3153 2731 unde
3182 2695 3325 2733 nunc
3358 2679 3478 2752 agi-

1865 2772 1971 2827 tur,
2004 2764 2265 2837 colligere
2307 2771 2657 2829 curaverunt,
2694 2773 2751 2818 ut
2776 2765 2921 2819 illius
2946 2766 3249 2820 doctrinam
3278 2768 3474 2821 ortho-

1865 2856 2082 2921 doxam,
2115 2864 2281 2926 atque
2313 2855 2626 2921 utillimam,
2655 2855 2725 2910 ob
2777 2856 3191 2926 personmillius
3212 2857 3476 2911 invidiam

1865 2949 2143 3003 vilifacere
2175 2949 2558 3017 praevalerent,
2589 2957 2643 3001 et
2697 2948 2929 3002 lectores
2979 2948 3208 3003 devotos
3229 2948 3297 3003 ab
3330 2948 3477 3003 illius

165 3034 397 3107 legimus,
447 3035 879 3104 przecedentium
934 3051 1123 3107 regum
1165 3050 1338 3099 more,
1398 3034 1469 3089 ob
1520 3034 1763 3088 studium
1795 3056 1843 3121 Ο
1867 3038 2103 3092 lectione
2142 3054 2205 3091 ac
2235 3037 2531 3091 dilectione
2555 3044 2609 3089 et
2640 3036 2952 3090 necessaria
2972 3036 3299 3092 crudelitate
3327 3053 3481 3091 aver-

161 3129 547 3198 cOgnoscendm
588 3127 854 3193 veritatis,
908 3126 1141 3197 legenda
1174 3134 1227 3180 et
1256 3125 1575 3180 ventilanda
1603 3126 1763 3179 dedi-

163 3217 643 3282 stis,revolvimus.
678 3220 733 3271 ln
790 3218 994 3289 quibus
1040 3233 1160 3282 nos,
1188 3218 1559 3272 licetnomina
1578 3224 1763 3272 nostra

163 3304 263 3358 sint
291 3308 468 3373 tacita,
518 3308 900 3381 designatione
958 3316 1139 3361 tamen
1200 3305 1427 3361 effectus
1471 3308 1620 3361 velut
1650 3321 1761 3360 non

164 3397 448 3454 catholicos
471 3401 863 3469 reprehensos,
896 3407 950 3453 et
976 3399 1096 3453 sine
1120 3398 1477 3452 fraternitatis
1508 3405 1761 3468 respectu

164 3483 442 3554 despectos
464 3488 797 3557 reperimus.
832 3486 1077 3557 Capitula
1130 3502 1372 3557 quoque,
1406 3504 1525 3558 qua:
1553 3488 1623 3541 ob
1657 3504 1763 3543 no-

165 3579 260 3624 tam
287 3574 458 3641 vobis,
488 3588 547 3631 et
577 3574 717 3629 infra
740 3575 1195 3630 innotescendam
1241 3576 1647 3641 necessitatem,
1697 3593 1763 3630 ex

161 3660 545 3717 catholicorum
577 3664 794 3718 Patrum
844 3663 1102 3717 sensibus
1155 3671 1209 3718 et
1260 3664 1443 3719 verbis
1486 3664 1765 3734 excerpsi-

160 3767 292 3817 mus,
323 3756 467 3810 velut
499 3756 740 3822 inutilia,
784 3757 890 3810 imo
924 3756 1109 3821 noxia;
1144 3756 1765 3826 repulsaetabominala

159 3836 476 3897 invenimus.
521 3843 651 3908 Quae
708 3844 969 3912 capitula,
1028 3843 1171 3899 sicut
1223 3860 1255 3897 a
1304 3843 1464 3899 nobis
1510 3853 1766 3915 excerpta

161 3938 299 3994 sunt,
355 3932 472 3986 suis
518 3931 746 4003 scriptis
800 3932 1046 3987 inserere
1100 3932 1418 3999 noluerunt,
1457 3948 1525 3987 ne
1556 3933 1624 3987 ab
1659 3933 1765 3987 illis

162 4017 483 4091 legerentur,
540 4025 596 4077 in
648 4040 883 4095 quorum
916 4040 1111 4078 manus
1137 4024 1356 4079 illorum
1396 4025 1635 4096 capitula
1665 4025 1764 4080 de-

164 4113 425 4179 venirent,
472 4117 569 4170 sed
628 4116 879 4187 quaedam
932 4116 1000 4171 de
1047 4116 1132 4169 his
1162 4132 1285 4187 quae
1342 4117 1396 4171 in
1448 4117 1705 4188 capitulis
1734 4134 1764 4171 a

164 4202 313 4258 nobis
342 4208 620 4277 excerptis
668 4208 966 4273 habentur,
998 4207 1107 4262 alio
1152 4223 1319 4262 sensu
1346 4216 1399 4263 et
1442 4208 1563 4263 aliis
1582 4209 1768 4263 verbis

165 4296 474 4367 tetigerunt,
520 4309 580 4353 ut
606 4299 980 4354 abominanda
1026 4298 1118 4353 illa
1166 4307 1540 4355 monstrarent
1574 4318 1588 4365 ;
1618 4316 1767 4370 quae-

1866 3136 2060 3183 terent.
2089 3130 2215 3192 Quae
2236 3128 2496 3181 videlicet
2540 3128 2863 3181 aemulorum
2910 3128 3197 3182 mendacia
3224 3145 3286 3181 ex
3326 3127 3479 3183 delc-

1863 3220 2083 3293 gatione
2115 3226 2318 3273 sanctae
2368 3218 2517 3270 sedis
2566 3218 2822 3271 Romanae
2855 3232 2953 3286 per
2980 3217 3336 3273 C(elestinum
3378 3235 3481 3288 pa-

1866 3325 1988 3380 pam
2034 3318 2253 3363 sanctus
2305 3309 2540 3377 Prosper
2586 3307 2855 3362 catholico
2895 3314 2949 3361 et
3011 3309 3269 3379 prudenti
3337 3311 3480 3378 stylo

1865 3400 1997 3455 falsa
2017 3413 2159 3463 esse,
2193 3406 2247 3450 et
2300 3395 2677 3464 imprudenter
2720 3394 2938 3463 objecta
2969 3397 3235 3461 ostendit,
3268 3404 3321 3450 et
3350 3412 3475 3451 me-

1864 3490 2057 3546 morati
2109 3505 2172 3543 ae
2213 3485 2551 3541 memorandi
2609 3484 2705 3538 viri
2774 3484 3076 3541 doctrinam
3118 3487 3475 3543 orthodoxam

1865 3594 1987 3633 esse
2016 3575 2353 3633 lucidissime
2377 3570 2794 3628 demonstravit.
2824 3573 2976 3628 Unde
3033 3583 3088 3629 et
3137 3575 3253 3630 tieri
3276 3583 3476 3644 potest,

1866 3670 2043 3726 utista
2072 3668 2331 3740 capitula,
2389 3684 2511 3740 quae
2542 3668 2700 3723 vobis
2757 3684 2821 3721 ex
2863 3666 3087 3721 nomine
3137 3666 3476 3721 confratrum

1868 3770 2175 3820 nostrorum
2217 3760 2286 3815 ab
2317 3760 2440 3815 aliis
2474 3776 2636 3832 quam
2687 3760 2756 3815 ab
2790 3758 2898 3813 illis
2940 3758 3141 3824 delata,
3173 3757 3258 3811 vel
3292 3764 3475 3811 trans-

1867 3856 2032 3910 missa
2069 3861 2217 3914 sunt,
2252 3853 2430 3908 taliter
2459 3853 2514 3906 in
2529 3852 2918 3928 suggillatione
2947 3860 3132 3907 nostra
3162 3848 3476 3918 conscripta

1867 3960 1976 3999 non
2017 3943 2240 4008 fuerint,
2260 3943 2355 3997 sed
2384 3942 2679 4016 instigante
2703 3940 3085 3996 diabolointer
3103 3949 3300 3995 caetera
3313 3939 3475 4005 mala,

1866 4053 1987 4108 quae
2019 4052 2166 4090 nunc
2188 4035 2244 4089 in
2261 4035 2366 4089 hoc
2383 4034 2591 4089 mundo
2606 4032 3059 4097 crebrescunt,ad
3074 4031 3476 4085 immittendam

1866 4129 2010 4182 inter
2056 4126 2271 4181 Domini
2310 4126 2623 4180 sacerdotes
2676 4125 3007 4179 discordiam
3062 4125 3174 4177 sint
3203 4123 3474 4189 confecta,

1868 4219 1962 4290 qui
2004 4218 2327 4273 charitatem
2379 4218 2738 4271 vehementer
2788 4217 2841 4269 in
2865 4216 3025 4271 nobis
3051 4216 3280 4269 ettimet
3311 4222 3371 4268 et
3394 4215 3478 4268 in-

1868 4308 2186 4373 videt,cum
2238 4306 2387 4359 videt
2437 4306 2586 4358 illam
2643 4321 2673 4357 a
2725 4304 2885 4358 nobis
2921 4303 3127 4358 servari
3160 4302 3481 4358 hominibus

160 4384 277 4440 dam
307 4399 492 4443 autem
518 4399 961 4460 suppresserunt,
996 4398 1047 4444 εί
1070 4389 1252 4445 tam”
1282 4391 1413 4444 inde
1443 4391 1763 4445 memoriam
1793 4423 1845 4489 ι)
1870 4400 2105 4455 terrenis
2135 4399 2189 4453 in
2217 4406 2379 4462 terra,
2412 4413 2577 4467 quam
2610 4396 2701 4451 ille
2729 4412 2947 4450 servare
2973 4396 3169 4449 nolens
3199 4396 3481 4468 angelicus

161 4476 485 4548 habuerunt,
532 4482 689 4553 quasi
744 4498 845 4538 nos
926 4494 1116 4540 contra
1173 4493 1487 4541 sanctorum
1546 4486 1765 4540 Patrum

157 4583 311 4625 sensa
360 4572 415 4625 in
486 4572 668 4628 Africa
713 4584 768 4629 et
818 4576 1075 4631 Arausica
1135 4577 1346 4647 synodo
1408 4577 1763 4631 senserimus.

160 4655 225 4709 De
247 4659 484 4728 quodam
515 4667 698 4716 autem
727 4663 986 4733 capitulo,
1047 4665 1099 4717 id
1131 4671 1234 4727 est,
1263 4665 1411 4735 quod
1443 4681 1636 4719 omnes
1666 4666 1769 4720 ho-

158 4744 329 4799 mines
361 4748 479 4802 vult
511 4748 657 4804 Deus
686 4751 865 4805 salvos
910 4750 1030 4806 fieri
1081 4755 1131 4818 (Ι
1159 4755 1296 4818 Tim,
1328 4754 1481 4821 11,4),
1504 4753 1634 4809 licet
1653 4770 1766 4810 non

156 4846 343 4888 omnes
370 4836 678 4905 salventur,
711 4837 961 4894 funditus
1008 4848 1321 4905 tacuerunt,
1351 4842 1491 4897 sicut
1520 4853 1766 4913 postmo-

156 4922 280 4977 dum
308 4926 629 5001 signantius
682 4930 1205 4999 demonstrabimus,
1234 4950 1357 4988 eum
1389 4935 1653 4989 Dominus
1679 4935 1768 4989 di-

154 5022 237 5067 cat
264 5019 431 5071 :Ecce
462 5022 726 5073 constitui
766 5025 815 5075 te
842 5038 1003 5091 super
1027 5028 1205 5089 gentes
1225 5029 1274 5077 et
1286 5040 1473 5091 regna,
1503 5030 1563 5080 ut
1578 5027 1770 5081 evellas

154 5114 200 5161 et
224 5111 500 5180 destruas,
560 5114 872 5185 disperdas,
937 5124 987 5173 et
1023 5120 1274 5190 dissipes,
1333 5126 1382 5175 et
1433 5124 1680 5191 wdiﬁces,
1721 5129 1771 5178 et

148 5201 517 5272 plantes(Jer.
572 5222 611 5270 1,
648 5207 750 5277 10).
786 5208 941 5264 Prius
987 5211 1156 5278 enim,
1208 5213 1253 5267 si
1303 5213 1371 5267 de
1429 5212 1771 5267 conscientia

153 5301 303 5347 rectae
328 5294 724 5369 intelligentiae
779 5298 928 5354 fuere
960 5302 1175 5365 confisi,
1229 5310 1500 5373 ponentes
1529 5319 1615 5369 ea,
1650 5320 1771 5375 quze

152 5380 432 5439 destruere
464 5385 814 5454 nitebantur,
871 5391 1014 5446 sicut
1045 5392 1137 5445 illa
1183 5410 1307 5447 cum
1337 5393 1651 5467 integritate
1677 5411 1775 5449 sua

155 5485 503 5545 acceperant,
535 5478 597 5530 in
630 5480 833 5549 quibus
861 5482 1150 5539 evellenda
1167 5493 1221 5540 et
1253 5487 1572 5556 dissipanda
1595 5496 1771 5554 erant,

154 5562 467 5636 legentibus
516 5570 921 5638 demonstrare,
977 5580 1031 5627 et
1092 5582 1222 5631 tunc
1273 5577 1363 5631 illa
1394 5579 1773 5633 auctoritatem

159 5650 450 5743 destructis
510 5664 683 5726 atque
740 5658 1005 5729 dispersis
1047 5676 1190 5729 ;sua
1252 5666 1673 5731 rationabiliter,
1724 5674 1776 5721 et

1870 4494 2093 4563 spiritus
2115 4491 2297 4546 amisit
2342 4491 2399 4544 in
2448 4490 2608 4544 ccelo.
2639 4488 2925 4552 Quomodo
2943 4488 3091 4541 enim
3121 4486 3236 4545 tieri
3271 4495 3477 4557 posset,

1867 4589 1926 4635 ut
1956 4581 2036 4635 sic
2061 4580 2255 4634 fratres
2286 4578 2459 4633 nostri
2516 4593 2620 4632 nos
2663 4576 3016 4632 succensorie
3047 4592 3169 4631 cum
3199 4576 3478 4630 annihila-

1870 4670 2033 4724 tionis
2055 4669 2318 4739 despectu
2348 4668 2681 4736 judicarent,
2710 4665 2803 4737 qui
2837 4665 3080 4736 regulam
3116 4665 3476 4729 Dominieam,

1868 4757 2106 4829 qualiter
2170 4755 2499 4811 confratrem
2583 4754 2819 4825 quisque
2912 4753 3211 4806 admonere
3279 4752 3480 4806 debeat

1873 4851 2081 4918 (Matth.
2120 4866 2271 4914 xv111,
2302 4849 2416 4915 33),
2474 4848 2736 4903 continue
2778 4862 2887 4917 prae
2941 4845 3115 4899 oculis
3163 4855 3218 4898 et
3271 4847 3324 4898 in
3378 4862 3480 4899 usu

1871 4941 2116 5014 quotidie
2149 4940 2389 4994 habeant
2418 4939 2446 4993 ?
2483 4940 2755 5009 Scriptum
2788 4937 2931 4992 enim
2966 4953 3087 4991 esse
3118 4944 3478 5009 cognoscunt:

1869 5033 2198 5098 Priusquam
2254 5031 2566 5094 interroges,
2614 5044 2680 5081 ne
2728 5030 2995 5096 vitupercs
3062 5042 3403 5095 quemquam,
3433 5030 3481 5079 et

1867 5136 1985 5175 cum
2006 5123 2439 5186 interrogaveris,
2467 5121 2674 5187 corripe
2705 5120 2852 5188 justo
2872 5119 3069 5189 (Eccli.
3111 5134 3187 5183 x1,
3220 5118 3295 5183 7).

1943 5232 1966 5253 «ι
2002 5209 2233 5262 Sanctus
2273 5208 2420 5261 enim
2479 5208 2816 5281 Augustinus
2873 5208 3254 5262 haereticorum
3303 5213 3357 5260 et
3384 5222 3478 5260 re-

1874 5300 2271 5371 prehensorum
2303 5315 2527 5354 suorum
2548 5300 2772 5369 scripta,
2804 5300 2849 5353 si
2879 5301 2931 5354 in
2955 5300 3037 5354 eis
3054 5299 3315 5370 quiddam
3340 5298 3481 5353 bene

1875 5392 2078 5444 dictum
2109 5390 2337 5456 invenit,
2372 5389 2769 5464 benignissime
2795 5392 3118 5461 aceeptavit,
3152 5400 3207 5445 et
3229 5390 3386 5461 plura
3416 5390 3483 5442 ad

1878 5489 2054 5536 rectos
2088 5498 2284 5536 sensus
2335 5482 2681 5552 interpretari
2737 5483 3058 5548 elaboravit,
3112 5484 3257 5537 nulla
3301 5490 3483 5536 autem

1878 5580 1944 5629 de
1979 5582 2127 5629 recto
2185 5591 2353 5631 sensu
2407 5576 2475 5629 ad
2534 5591 2759 5645 pravum
2821 5574 3086 5629 inclinare
3144 5575 3390 5629 tentavit.
3426 5573 3487 5626 Et

1879 5667 2155 5738 quomodo
2187 5668 2379 5724 fratres
2408 5668 2579 5724 nostri
2606 5668 2735 5723 talia
2775 5674 3022 5741 agerent,
3055 5676 3348 5737 antequam
3385 5680 3486 5719 nos
