  <div class='ocr_page' id='page_1' title='image "/cluster/home/n/w/nwhite01/storage/ocr_20150623/134-135/uva.x000829784/673.png"; bbox 0 0 3970 6218; ppageno 0'>
   <div class='ocr_carea' id='block_1_1' title="bbox 495 298 596 356">
    <p class='ocr_par' dir='ltr' id='par_1_1' title="bbox 495 298 596 356">
     <span class='ocr_line' id='line_1_1' title="bbox 495 298 596 356; baseline 0.02 -2"><span class='ocrx_word' id='word_1_1' title='bbox 495 298 596 356; x_wconf 86' lang='grc'><strong>183</strong></span> 
     </span>
    </p>
   </div>
   <div class='ocr_carea' id='block_1_2' title="bbox 1601 291 3841 352">
    <p class='ocr_par' dir='ltr' id='par_1_2' title="bbox 1601 291 3841 352">
     <span class='ocr_line' id='line_1_2' title="bbox 1601 291 3841 352; baseline 0.002 -6"><span class='ocrx_word' id='word_1_2' title='bbox 1601 291 1965 348; x_wconf 78' lang='lat' dir='ltr'><strong>FLODOARDI</strong></span> <span class='ocrx_word' id='word_1_3' title='bbox 2045 291 2347 347; x_wconf 80' lang='lat' dir='ltr'><strong>CANONICI</strong></span> <span class='ocrx_word' id='word_1_4' title='bbox 2391 291 2739 347; x_wconf 81' lang='lat' dir='ltr'><strong>REMENSIS.</strong></span> <span class='ocrx_word' id='word_1_5' title='bbox 3757 298 3841 352; x_wconf 74' lang='grc'><strong>184</strong></span> 
     </span>
    </p>
   </div>
   <div class='ocr_carea' id='block_1_3' title="bbox 490 426 3840 500">
    <p class='ocr_par' dir='ltr' id='par_1_3' title="bbox 490 426 3840 500">
     <span class='ocr_line' id='line_1_3' title="bbox 490 426 3840 500; baseline -0.001 -12"><span class='ocrx_word' id='word_1_6' title='bbox 490 426 799 488; x_wconf 76' lang='lat' dir='ltr'><strong>s‘ecundum</strong></span> <span class='ocrx_word' id='word_1_7' title='bbox 823 428 1197 500; x_wconf 85' lang='lat' dir='ltr'><strong>evangelicam</strong></span> <span class='ocrx_word' id='word_1_8' title='bbox 1250 427 1518 499; x_wconf 83' lang='lat' dir='ltr'><strong>regulam,</strong></span> <span class='ocrx_word' id='word_1_9' title='bbox 1551 429 1635 482; x_wconf 91' lang='lat' dir='ltr'><strong>vel</strong></span> <span class='ocrx_word' id='word_1_10' title='bbox 1694 429 1816 483; x_wconf 90' lang='lat' dir='ltr'><strong>viva</strong></span> <span class='ocrx_word' id='word_1_11' title='bbox 1842 445 1998 491; x_wconf 91' lang='lat' dir='ltr'><strong>voce,</strong></span> <span class='ocrx_word' id='word_1_12' title='bbox 2033 429 2117 482; x_wconf 93' lang='lat' dir='ltr'><strong>vel</strong></span> <span class='ocrx_word' id='word_1_13' title='bbox 2149 435 2338 498; x_wconf 82' lang='lat' dir='ltr'><strong>Acum</strong></span> <span class='ocrx_word' id='word_1_14' title='bbox 2369 429 2486 499; x_wconf 91' lang='lat' dir='ltr'><strong>ipse</strong></span> <span class='ocrx_word' id='word_1_15' title='bbox 2535 427 2658 498; x_wconf 89' lang='lat' dir='ltr'><strong>plus</strong></span> <span class='ocrx_word' id='word_1_16' title='bbox 2716 426 2836 481; x_wconf 89' lang='lat' dir='ltr'><strong>aliis</strong></span> <span class='ocrx_word' id='word_1_17' title='bbox 2889 426 3243 490; x_wconf 84' lang='lat' dir='ltr'><strong>laboraverit,</strong></span> <span class='ocrx_word' id='word_1_18' title='bbox 3281 427 3438 482; x_wconf 90' lang='lat' dir='ltr'><strong>sicut</strong></span> <span class='ocrx_word' id='word_1_19' title='bbox 3491 428 3548 481; x_wconf 92' lang='lat' dir='ltr'><strong>in</strong></span> <span class='ocrx_word' id='word_1_20' title='bbox 3614 429 3840 499; x_wconf 90' lang='lat' dir='ltr'><strong>epistolis</strong></span> 
     </span>
    </p>
   </div>
   <div class='ocr_carea' id='block_1_4' title="bbox 496 521 2120 595">
    <p class='ocr_par' dir='ltr' id='par_1_4' title="bbox 496 521 2120 595">
     <span class='ocr_line' id='line_1_4' title="bbox 496 521 2120 595; baseline -0.004 -16"><span class='ocrx_word' id='word_1_21' title='bbox 496 524 718 595; x_wconf 78' lang='lat' dir='ltr'><strong>scriptis</strong></span> <span class='ocrx_word' id='word_1_22' title='bbox 774 523 886 576; x_wconf 86' lang='lat' dir='ltr'><strong>suis</strong></span> <span class='ocrx_word' id='word_1_23' title='bbox 945 521 1072 574; x_wconf 90' lang='lat' dir='ltr'><strong>inde</strong></span> <span class='ocrx_word' id='word_1_24' title='bbox 1120 521 1546 591; x_wconf 77' lang='lat' dir='ltr'><strong>interrogarent,</strong></span> <span class='ocrx_word' id='word_1_25' title='bbox 1605 529 1664 574; x_wconf 90' lang='lat' dir='ltr'><strong>ut</strong></span> <span class='ocrx_word' id='word_1_26' title='bbox 1731 521 1815 574; x_wconf 95' lang='lat' dir='ltr'><strong>vel</strong></span> <span class='ocrx_word' id='word_1_27' title='bbox 1874 521 2120 576; x_wconf 90' lang='lat' dir='ltr'><strong>volentes</strong></span> 
     </span>
    </p>
   </div>
   <div class='ocr_carea' id='block_1_5' title="bbox 497 610 2118 680">
    <p class='ocr_par' dir='ltr' id='par_1_5' title="bbox 497 610 2118 680">
     <span class='ocr_line' id='line_1_5' title="bbox 497 610 2118 680; baseline -0.003 -10"><span class='ocrx_word' id='word_1_28' title='bbox 497 617 714 670; x_wconf 87' lang='lat' dir='ltr'><strong>discere</strong></span> <span class='ocrx_word' id='word_1_29' title='bbox 783 613 1068 676; x_wconf 86' lang='lat' dir='ltr'><strong>docerent,</strong></span> <span class='ocrx_word' id='word_1_30' title='bbox 1125 611 1209 665; x_wconf 90' lang='lat' dir='ltr'><strong>vel</strong></span> <span class='ocrx_word' id='word_1_31' title='bbox 1266 626 1493 680; x_wconf 90' lang='lat' dir='ltr'><strong>pravum</strong></span> <span class='ocrx_word' id='word_1_32' title='bbox 1553 610 1876 674; x_wconf 81' lang='lat' dir='ltr'><strong>sentientes,</strong></span> <span class='ocrx_word' id='word_1_33' title='bbox 1941 619 1995 665; x_wconf 90' lang='lat' dir='ltr'><strong>et</strong></span> <span class='ocrx_word' id='word_1_34' title='bbox 2052 613 2118 665; x_wconf 92' lang='lat' dir='ltr'><strong>ad</strong></span> 
     </span>
    </p>
   </div>
   <div class='ocr_carea' id='block_1_6' title="bbox 498 698 2119 770">
    <p class='ocr_par' dir='ltr' id='par_1_6' title="bbox 498 698 2119 770">
     <span class='ocr_line' id='line_1_6' title="bbox 498 698 2119 770; baseline -0.002 -13"><span class='ocrx_word' id='word_1_35' title='bbox 498 703 771 758; x_wconf 86' lang='lat' dir='ltr'><strong>tramitem</strong></span> <span class='ocrx_word' id='word_1_36' title='bbox 814 699 1061 754; x_wconf 81' lang='lat' dir='ltr'><strong>veritatis</strong></span> <span class='ocrx_word' id='word_1_37' title='bbox 1117 706 1172 753; x_wconf 91' lang='lat' dir='ltr'><strong>et</strong></span> <span class='ocrx_word' id='word_1_38' title='bbox 1252 698 1380 752; x_wconf 83' lang='lat' dir='ltr'><strong>fidei</strong></span> <span class='ocrx_word' id='word_1_39' title='bbox 1443 699 1622 752; x_wconf 90' lang='lat' dir='ltr'><strong>redire</strong></span> <span class='ocrx_word' id='word_1_40' title='bbox 1679 706 2119 770; x_wconf 65' lang='lat' dir='ltr'><strong>contemnentes,</strong></span> 
     </span>
    </p>
   </div>
   <div class='ocr_carea' id='block_1_7' title="bbox 501 791 2118 862">
    <p class='ocr_par' dir='ltr' id='par_1_7' title="bbox 501 791 2118 862">
     <span class='ocr_line' id='line_1_7' title="bbox 501 791 2118 862; baseline -0.001 -14"><span class='ocrx_word' id='word_1_41' title='bbox 501 795 734 849; x_wconf 81' lang='lat' dir='ltr'><strong>fraterne</strong></span> <span class='ocrx_word' id='word_1_42' title='bbox 794 799 849 846; x_wconf 92' lang='lat' dir='ltr'><strong>et</strong></span> <span class='ocrx_word' id='word_1_43' title='bbox 906 791 1110 862; x_wconf 66' lang='lat' dir='ltr'><strong>saepius</strong></span> <span class='ocrx_word' id='word_1_44' title='bbox 1163 797 1602 855; x_wconf 89' lang='lat' dir='ltr'><strong>commonerent,</strong></span> <span class='ocrx_word' id='word_1_45' title='bbox 1665 800 1720 845; x_wconf 92' lang='lat' dir='ltr'><strong>et</strong></span> <span class='ocrx_word' id='word_1_46' title='bbox 1769 792 2118 846; x_wconf 83' lang='lat' dir='ltr'><strong>auctoritates</strong></span> 
     </span>
    </p>
   </div>
   <div class='ocr_carea' id='block_1_8' title="bbox 499 879 2119 951">
    <p class='ocr_par' dir='ltr' id='par_1_8' title="bbox 499 879 2119 951">
     <span class='ocr_line' id='line_1_8' title="bbox 499 879 2119 951; baseline -0.001 -15"><span class='ocrx_word' id='word_1_47' title='bbox 499 883 715 936; x_wconf 89' lang='lat' dir='ltr'><strong>divinas</strong></span> <span class='ocrx_word' id='word_1_48' title='bbox 750 881 866 951; x_wconf 78' lang='grc' dir='ltr'><strong>[αι.,</strong></span> <span class='ocrx_word' id='word_1_49' title='bbox 915 879 1256 934; x_wconf 78' lang='lat' dir='ltr'><strong>auctoritatis</strong></span> <span class='ocrx_word' id='word_1_50' title='bbox 1318 879 1536 950; x_wconf 59' lang='lat' dir='ltr'><strong>divinm]</strong></span> <span class='ocrx_word' id='word_1_51' title='bbox 1589 888 1642 933; x_wconf 94' lang='lat' dir='ltr'><strong>et</strong></span> <span class='ocrx_word' id='word_1_52' title='bbox 1671 889 1984 934; x_wconf 82' lang='lat' dir='ltr'><strong>sanctorum</strong></span> <span class='ocrx_word' id='word_1_53' title='bbox 2017 880 2119 934; x_wconf 90' lang='lat' dir='ltr'><strong>Pa-</strong></span> 
     </span>
    </p>
   </div>
   <div class='ocr_carea' id='block_1_9' title="bbox 501 969 2116 1040">
    <p class='ocr_par' dir='ltr' id='par_1_9' title="bbox 501 969 2116 1040">
     <span class='ocr_line' id='line_1_9' title="bbox 501 969 2116 1040; baseline -0.002 -13"><span class='ocrx_word' id='word_1_54' title='bbox 501 984 641 1027; x_wconf 88' lang='lat' dir='ltr'><strong>trum</strong></span> <span class='ocrx_word' id='word_1_55' title='bbox 683 971 886 1040; x_wconf 87' lang='lat' dir='ltr'><strong>scripta</strong></span> <span class='ocrx_word' id='word_1_56' title='bbox 939 969 1100 1023; x_wconf 87' lang='lat' dir='ltr'><strong>nobis</strong></span> <span class='ocrx_word' id='word_1_57' title='bbox 1163 976 1561 1038; x_wconf 79' lang='lat' dir='ltr'><strong>pr0ponerent,</strong></span> <span class='ocrx_word' id='word_1_58' title='bbox 1623 978 1676 1023; x_wconf 90' lang='lat' dir='ltr'><strong>et</strong></span> <span class='ocrx_word' id='word_1_59' title='bbox 1726 975 1784 1023; x_wconf 92' lang='lat' dir='ltr'><strong>ut</strong></span> <span class='ocrx_word' id='word_1_60' title='bbox 1844 970 1895 1022; x_wconf 91' lang='lat' dir='ltr'><strong>in</strong></span> <span class='ocrx_word' id='word_1_61' title='bbox 1949 986 2116 1024; x_wconf 92' lang='lat' dir='ltr'><strong>unum</strong></span> 
     </span>
    </p>
   </div>
   <div class='ocr_carea' id='block_1_10' title="bbox 503 1059 2116 1119">
    <p class='ocr_par' dir='ltr' id='par_1_10' title="bbox 503 1059 2116 1119">
     <span class='ocr_line' id='line_1_10' title="bbox 503 1059 2116 1119; baseline -0.002 0"><span class='ocrx_word' id='word_1_62' title='bbox 503 1062 928 1119; x_wconf 85' lang='lat' dir='ltr'><strong>conveniremus</strong></span> <span class='ocrx_word' id='word_1_63' title='bbox 975 1076 1075 1115; x_wconf 90' lang='lat' dir='ltr'><strong>nos</strong></span> <span class='ocrx_word' id='word_1_64' title='bbox 1134 1076 1258 1114; x_wconf 90' lang='lat' dir='ltr'><strong>cum</strong></span> <span class='ocrx_word' id='word_1_65' title='bbox 1311 1059 1735 1114; x_wconf 87' lang='lat' dir='ltr'><strong>mansuetudine</strong></span> <span class='ocrx_word' id='word_1_66' title='bbox 1793 1069 1848 1115; x_wconf 81' lang='lat' dir='ltr'><strong>et</strong></span> <span class='ocrx_word' id='word_1_67' title='bbox 1893 1061 2116 1116; x_wconf 84' lang='lat' dir='ltr'><strong>lenitate</strong></span> 
     </span>
    </p>
   </div>
   <div class='ocr_carea' id='block_1_11' title="bbox 505 1147 2116 1218">
    <p class='ocr_par' dir='ltr' id='par_1_11' title="bbox 505 1147 2116 1218">
     <span class='ocr_line' id='line_1_11' title="bbox 505 1147 2116 1218; baseline -0.002 -12"><span class='ocrx_word' id='word_1_68' title='bbox 505 1153 817 1214; x_wconf 77' lang='lat' dir='ltr'><strong>invitarent,</strong></span> <span class='ocrx_word' id='word_1_69' title='bbox 851 1149 1092 1204; x_wconf 88' lang='lat' dir='ltr'><strong>scientes</strong></span> <span class='ocrx_word' id='word_1_70' title='bbox 1119 1147 1250 1218; x_wconf 84' lang='lat' dir='ltr'><strong>quia</strong></span> <span class='ocrx_word' id='word_1_71' title='bbox 1271 1148 1568 1217; x_wconf 91' lang='lat' dir='ltr'><strong>episcopus</strong></span> <span class='ocrx_word' id='word_1_72' title='bbox 1608 1147 1731 1200; x_wconf 88' lang='lat' dir='ltr'><strong>ideo</strong></span> <span class='ocrx_word' id='word_1_73' title='bbox 1759 1148 1824 1201; x_wconf 91' lang='lat' dir='ltr'><strong>ad</strong></span> <span class='ocrx_word' id='word_1_74' title='bbox 1848 1149 2116 1218; x_wconf 76' lang='lat' dir='ltr'><strong>synodum</strong></span> 
     </span>
    </p>
   </div>
   <div class='ocr_carea' id='block_1_12' title="bbox 504 1235 2121 1300">
    <p class='ocr_par' dir='ltr' id='par_1_12' title="bbox 504 1235 2121 1300">
     <span class='ocr_line' id='line_1_12' title="bbox 504 1235 2121 1300; baseline -0.002 -5"><span class='ocrx_word' id='word_1_75' title='bbox 504 1239 958 1295; x_wconf 89' lang='lat' dir='ltr'><strong>consacerdotum</strong></span> <span class='ocrx_word' id='word_1_76' title='bbox 989 1235 1158 1296; x_wconf 86' lang='lat' dir='ltr'><strong>debet</strong></span> <span class='ocrx_word' id='word_1_77' title='bbox 1210 1235 1421 1299; x_wconf 91' lang='lat' dir='ltr'><strong>venire,</strong></span> <span class='ocrx_word' id='word_1_78' title='bbox 1459 1245 1519 1290; x_wconf 90' lang='lat' dir='ltr'><strong>ut</strong></span> <span class='ocrx_word' id='word_1_79' title='bbox 1549 1245 1640 1289; x_wconf 91' lang='lat' dir='ltr'><strong>aut</strong></span> <span class='ocrx_word' id='word_1_80' title='bbox 1670 1236 1862 1300; x_wconf 87' lang='lat' dir='ltr'><strong>discat,</strong></span> <span class='ocrx_word' id='word_1_81' title='bbox 1894 1244 1987 1291; x_wconf 90' lang='lat' dir='ltr'><strong>aut</strong></span> <span class='ocrx_word' id='word_1_82' title='bbox 2019 1239 2121 1293; x_wconf 91' lang='lat' dir='ltr'><strong>do-</strong></span> 
     </span>
    </p>
   </div>
   <div class='ocr_carea' id='block_1_13' title="bbox 505 1325 2120 1396">
    <p class='ocr_par' dir='ltr' id='par_1_13' title="bbox 505 1325 2120 1396">
     <span class='ocr_line' id='line_1_13' title="bbox 505 1325 2120 1396; baseline -0.003 -13"><span class='ocrx_word' id='word_1_83' title='bbox 505 1337 627 1383; x_wconf 85' lang='lat' dir='ltr'><strong>ceat</strong></span> <span class='ocrx_word' id='word_1_84' title='bbox 660 1327 688 1379; x_wconf 82' lang='lat'><strong>?</strong></span> <span class='ocrx_word' id='word_1_85' title='bbox 710 1328 939 1380; x_wconf 86' lang='lat' dir='ltr'><strong>Litteras</strong></span> <span class='ocrx_word' id='word_1_86' title='bbox 986 1340 1222 1396; x_wconf 90' lang='lat' dir='ltr'><strong>namque</strong></span> <span class='ocrx_word' id='word_1_87' title='bbox 1276 1325 1644 1394; x_wconf 83' lang='lat' dir='ltr'><strong>quorumdam</strong></span> <span class='ocrx_word' id='word_1_88' title='bbox 1679 1341 1866 1379; x_wconf 92' lang='lat' dir='ltr'><strong>eorum</strong></span> <span class='ocrx_word' id='word_1_89' title='bbox 1898 1326 2120 1396; x_wconf 89' lang='lat' dir='ltr'><strong>quidam</strong></span> 
     </span>
    </p>
   </div>
   <div class='ocr_carea' id='block_1_14' title="bbox 509 1412 2121 1485">
    <p class='ocr_par' dir='ltr' id='par_1_14' title="bbox 509 1412 2121 1485">
     <span class='ocr_line' id='line_1_14' title="bbox 509 1412 2121 1485; baseline -0.002 -15"><span class='ocrx_word' id='word_1_90' title='bbox 509 1424 817 1471; x_wconf 89' lang='lat' dir='ltr'><strong>nostrorum</strong></span> <span class='ocrx_word' id='word_1_91' title='bbox 865 1413 1194 1485; x_wconf 83' lang='lat' dir='ltr'><strong>benignitas,</strong></span> <span class='ocrx_word' id='word_1_92' title='bbox 1225 1422 1279 1467; x_wconf 91' lang='lat' dir='ltr'><strong>et</strong></span> <span class='ocrx_word' id='word_1_93' title='bbox 1310 1412 1577 1466; x_wconf 86' lang='lat' dir='ltr'><strong>fraternas</strong></span> <span class='ocrx_word' id='word_1_94' title='bbox 1623 1414 1988 1483; x_wconf 89' lang='lat' dir='ltr'><strong>suscepimus,</strong></span> <span class='ocrx_word' id='word_1_95' title='bbox 2016 1429 2121 1468; x_wconf 90' lang='lat' dir='ltr'><strong>no-</strong></span> 
     </span>
    </p>
   </div>
   <div class='ocr_carea' id='block_1_15' title="bbox 509 1505 2122 1578">
    <p class='ocr_par' dir='ltr' id='par_1_15' title="bbox 509 1505 2122 1578">
     <span class='ocr_line' id='line_1_15' title="bbox 509 1505 2122 1578; baseline -0.001 -16"><span class='ocrx_word' id='word_1_96' title='bbox 509 1518 758 1578; x_wconf 89' lang='lat' dir='ltr'><strong>strasque</strong></span> <span class='ocrx_word' id='word_1_97' title='bbox 790 1505 896 1559; x_wconf 90' lang='lat' dir='ltr'><strong>illis</strong></span> <span class='ocrx_word' id='word_1_98' title='bbox 923 1505 1252 1569; x_wconf 89' lang='lat' dir='ltr'><strong>remisimus,</strong></span> <span class='ocrx_word' id='word_1_99' title='bbox 1286 1512 1340 1558; x_wconf 91' lang='lat' dir='ltr'><strong>et</strong></span> <span class='ocrx_word' id='word_1_100' title='bbox 1372 1505 1506 1558; x_wconf 85' lang='lat' dir='ltr'><strong>nihil</strong></span> <span class='ocrx_word' id='word_1_101' title='bbox 1540 1506 1645 1560; x_wconf 83' lang='lat' dir='ltr'><strong>tale</strong></span> <span class='ocrx_word' id='word_1_102' title='bbox 1679 1505 1745 1560; x_wconf 91' lang='lat' dir='ltr'><strong>de</strong></span> <span class='ocrx_word' id='word_1_103' title='bbox 1763 1521 1951 1560; x_wconf 89' lang='lat' dir='ltr'><strong>eorum</strong></span> <span class='ocrx_word' id='word_1_104' title='bbox 1973 1516 2122 1576; x_wconf 90' lang='lat' dir='ltr'><strong>parte</strong></span> 
     </span>
    </p>
   </div>
   <div class='ocr_carea' id='block_1_16' title="bbox 510 1593 2122 1667">
    <p class='ocr_par' dir='ltr' id='par_1_16' title="bbox 510 1593 2122 1667">
     <span class='ocr_line' id='line_1_16' title="bbox 510 1593 2122 1667; baseline 0.001 -18"><span class='ocrx_word' id='word_1_105' title='bbox 510 1595 914 1667; x_wconf 82' lang='lat' dir='ltr'><strong>perspeximus,</strong></span> <span class='ocrx_word' id='word_1_106' title='bbox 971 1593 1300 1659; x_wconf 84' lang='lat' dir='ltr'><strong>audivimus,</strong></span> <span class='ocrx_word' id='word_1_107' title='bbox 1375 1593 1765 1660; x_wconf 88' lang='lat' dir='ltr'><strong>intelleximus,</strong></span> <span class='ocrx_word' id='word_1_108' title='bbox 1824 1596 2122 1665; x_wconf 85' lang='lat' dir='ltr'><strong>sensimus,</strong></span> 
     </span>
    </p>
   </div>
   <div class='ocr_carea' id='block_1_17' title="bbox 512 1685 2126 1757">
    <p class='ocr_par' dir='ltr' id='par_1_17' title="bbox 512 1685 2126 1757">
     <span class='ocr_line' id='line_1_17' title="bbox 512 1685 2126 1757; baseline 0 -16"><span class='ocrx_word' id='word_1_109' title='bbox 512 1688 594 1741; x_wconf 88' lang='lat' dir='ltr'><strong>vel</strong></span> <span class='ocrx_word' id='word_1_110' title='bbox 628 1685 912 1756; x_wconf 88' lang='lat' dir='ltr'><strong>percipere</strong></span> <span class='ocrx_word' id='word_1_111' title='bbox 956 1685 1360 1754; x_wconf 73' lang='lat' dir='ltr'><strong>przevaluimus.</strong></span> <span class='ocrx_word' id='word_1_112' title='bbox 1414 1686 1468 1739; x_wconf 91' lang='lat' dir='ltr'><strong>Si</strong></span> <span class='ocrx_word' id='word_1_113' title='bbox 1500 1693 1680 1739; x_wconf 91' lang='lat' dir='ltr'><strong>autem</strong></span> <span class='ocrx_word' id='word_1_114' title='bbox 1725 1686 1855 1740; x_wconf 90' lang='lat' dir='ltr'><strong>talia</strong></span> <span class='ocrx_word' id='word_1_115' title='bbox 1885 1687 2126 1757; x_wconf 91' lang='lat' dir='ltr'><strong>scripse-</strong></span> 
     </span>
    </p>
   </div>
   <div class='ocr_carea' id='block_1_18' title="bbox 515 1780 2122 1852">
    <p class='ocr_par' dir='ltr' id='par_1_18' title="bbox 515 1780 2122 1852">
     <span class='ocr_line' id='line_1_18' title="bbox 515 1780 2122 1852; baseline 0.001 -17"><span class='ocrx_word' id='word_1_116' title='bbox 515 1789 663 1846; x_wconf 90' lang='lat' dir='ltr'><strong>runt,</strong></span> <span class='ocrx_word' id='word_1_117' title='bbox 686 1781 730 1834; x_wconf 91' lang='lat' dir='ltr'><strong>si</strong></span> <span class='ocrx_word' id='word_1_118' title='bbox 780 1780 916 1836; x_wconf 88' lang='lat' dir='ltr'><strong>forte</strong></span> <span class='ocrx_word' id='word_1_119' title='bbox 948 1780 1022 1834; x_wconf 88' lang='lat' dir='ltr'><strong>illi</strong></span> <span class='ocrx_word' id='word_1_120' title='bbox 1084 1781 1441 1851; x_wconf 90' lang='lat' dir='ltr'><strong>scripserunt,</strong></span> <span class='ocrx_word' id='word_1_121' title='bbox 1511 1790 1567 1836; x_wconf 92' lang='lat' dir='ltr'><strong>ut</strong></span> <span class='ocrx_word' id='word_1_122' title='bbox 1605 1798 1758 1836; x_wconf 86' lang='lat' dir='ltr'><strong>suam</strong></span> <span class='ocrx_word' id='word_1_123' title='bbox 1796 1781 2122 1852; x_wconf 85' lang='lat' dir='ltr'><strong>sapientiam</strong></span> 
     </span>
    </p>
   </div>
   <div class='ocr_carea' id='block_1_19' title="bbox 514 1869 2124 1940">
    <p class='ocr_par' dir='ltr' id='par_1_19' title="bbox 514 1869 2124 1940">
     <span class='ocr_line' id='line_1_19' title="bbox 514 1869 2124 1940; baseline 0.001 -18"><span class='ocrx_word' id='word_1_124' title='bbox 514 1871 583 1923; x_wconf 89' lang='lat' dir='ltr'><strong>de</strong></span> <span class='ocrx_word' id='word_1_125' title='bbox 612 1880 794 1924; x_wconf 88' lang='lat' dir='ltr'><strong>nostra</strong></span> <span class='ocrx_word' id='word_1_126' title='bbox 848 1869 1162 1939; x_wconf 90' lang='lat' dir='ltr'><strong>insipientia</strong></span> <span class='ocrx_word' id='word_1_127' title='bbox 1192 1869 1657 1936; x_wconf 89' lang='lat' dir='ltr'><strong>demonstrarent,</strong></span> <span class='ocrx_word' id='word_1_128' title='bbox 1689 1877 1744 1924; x_wconf 92' lang='lat' dir='ltr'><strong>et</strong></span> <span class='ocrx_word' id='word_1_129' title='bbox 1793 1871 1916 1940; x_wconf 90' lang='lat' dir='ltr'><strong>plus</strong></span> <span class='ocrx_word' id='word_1_130' title='bbox 1947 1870 2015 1923; x_wconf 90' lang='lat' dir='ltr'><strong>de</strong></span> <span class='ocrx_word' id='word_1_131' title='bbox 2040 1870 2124 1938; x_wconf 86' lang='lat' dir='ltr'><strong>ja-</strong></span> 
     </span>
    </p>
   </div>
   <div class='ocr_carea' id='block_1_20' title="bbox 514 1957 2127 2029">
    <p class='ocr_par' dir='ltr' id='par_1_20' title="bbox 514 1957 2127 2029">
     <span class='ocr_line' id='line_1_20' title="bbox 514 1957 2127 2029; baseline 0.001 -16"><span class='ocrx_word' id='word_1_132' title='bbox 514 1959 716 2014; x_wconf 89' lang='lat' dir='ltr'><strong>ctantia</strong></span> <span class='ocrx_word' id='word_1_133' title='bbox 742 1958 921 2012; x_wconf 90' lang='lat' dir='ltr'><strong>laudis</strong></span> <span class='ocrx_word' id='word_1_134' title='bbox 949 1958 1254 2028; x_wconf 90' lang='lat' dir='ltr'><strong>appetitum</strong></span> <span class='ocrx_word' id='word_1_135' title='bbox 1288 1965 1598 2028; x_wconf 65' lang='lat' dir='ltr'><strong>qumrerent</strong></span> <span class='ocrx_word' id='word_1_136' title='bbox 1627 1974 1791 2029; x_wconf 88' lang='lat' dir='ltr'><strong>quam</strong></span> <span class='ocrx_word' id='word_1_137' title='bbox 1827 1957 1972 2013; x_wconf 90' lang='lat' dir='ltr'><strong>bona</strong></span> <span class='ocrx_word' id='word_1_138' title='bbox 2028 1973 2127 2014; x_wconf 86' lang='lat' dir='ltr'><strong>no—</strong></span> 
     </span>
    </p>
   </div>
   <div class='ocr_carea' id='block_1_21' title="bbox 515 2045 2129 2121">
    <p class='ocr_par' dir='ltr' id='par_1_21' title="bbox 515 2045 2129 2121">
     <span class='ocr_line' id='line_1_21' title="bbox 515 2045 2129 2121; baseline -0.001 -15"><span class='ocrx_word' id='word_1_139' title='bbox 515 2061 641 2116; x_wconf 91' lang='lat' dir='ltr'><strong>stra,</strong></span> <span class='ocrx_word' id='word_1_140' title='bbox 667 2051 874 2106; x_wconf 89' lang='lat' dir='ltr'><strong>etbene</strong></span> <span class='ocrx_word' id='word_1_141' title='bbox 905 2067 934 2104; x_wconf 94' lang='lat' dir='ltr'><strong>a</strong></span> <span class='ocrx_word' id='word_1_142' title='bbox 957 2045 1116 2106; x_wconf 89' lang='lat' dir='ltr'><strong>nobis</strong></span> <span class='ocrx_word' id='word_1_143' title='bbox 1137 2051 1304 2114; x_wconf 90' lang='lat' dir='ltr'><strong>dicta,</strong></span> <span class='ocrx_word' id='word_1_144' title='bbox 1337 2052 1383 2106; x_wconf 90' lang='lat' dir='ltr'><strong>si</strong></span> <span class='ocrx_word' id='word_1_145' title='bbox 1429 2050 1633 2118; x_wconf 86' lang='lat' dir='ltr'><strong>forent,</strong></span> <span class='ocrx_word' id='word_1_146' title='bbox 1669 2068 1768 2121; x_wconf 81' lang='lat' dir='ltr'><strong>per</strong></span> <span class='ocrx_word' id='word_1_147' title='bbox 1806 2052 2129 2107; x_wconf 88' lang='lat' dir='ltr'><strong>charitatem</strong></span> 
     </span>
    </p>
   </div>
   <div class='ocr_carea' id='block_1_22' title="bbox 517 2139 2130 2205">
    <p class='ocr_par' dir='ltr' id='par_1_22' title="bbox 517 2139 2130 2205">
     <span class='ocr_line' id='line_1_22' title="bbox 517 2139 2130 2205; baseline 0.001 -10"><span class='ocrx_word' id='word_1_148' title='bbox 517 2158 616 2196; x_wconf 92' lang='lat' dir='ltr'><strong>sua</strong></span> <span class='ocrx_word' id='word_1_149' title='bbox 673 2140 938 2205; x_wconf 87' lang='lat' dir='ltr'><strong>facerent,</strong></span> <span class='ocrx_word' id='word_1_150' title='bbox 997 2139 1043 2193; x_wconf 90' lang='lat' dir='ltr'><strong>si</strong></span> <span class='ocrx_word' id='word_1_151' title='bbox 1104 2139 1268 2194; x_wconf 88' lang='lat' dir='ltr'><strong>etiam</strong></span> <span class='ocrx_word' id='word_1_152' title='bbox 1302 2156 1461 2194; x_wconf 90' lang='lat' dir='ltr'><strong>secus</strong></span> <span class='ocrx_word' id='word_1_153' title='bbox 1519 2157 1549 2193; x_wconf 94' lang='lat' dir='ltr'><strong>a</strong></span> <span class='ocrx_word' id='word_1_154' title='bbox 1582 2140 1740 2194; x_wconf 87' lang='lat' dir='ltr'><strong>nobis</strong></span> <span class='ocrx_word' id='word_1_155' title='bbox 1793 2140 2130 2196; x_wconf 88' lang='lat' dir='ltr'><strong>dictainvc-</strong></span> 
     </span>
    </p>
   </div>
   <div class='ocr_carea' id='block_1_23' title="bbox 520 2231 2134 2303">
    <p class='ocr_par' dir='ltr' id='par_1_23' title="bbox 520 2231 2134 2303">
     <span class='ocr_line' id='line_1_23' title="bbox 520 2231 2134 2303; baseline -0.001 -15"><span class='ocrx_word' id='word_1_156' title='bbox 520 2241 740 2297; x_wconf 92' lang='lat' dir='ltr'><strong>nerunt,</strong></span> <span class='ocrx_word' id='word_1_157' title='bbox 763 2233 886 2303; x_wconf 91' lang='lat' dir='ltr'><strong>plus</strong></span> <span class='ocrx_word' id='word_1_158' title='bbox 934 2231 1026 2285; x_wconf 88' lang='lat' dir='ltr'><strong>illa</strong></span> <span class='ocrx_word' id='word_1_159' title='bbox 1067 2231 1346 2302; x_wconf 88' lang='lat' dir='ltr'><strong>publicare</strong></span> <span class='ocrx_word' id='word_1_160' title='bbox 1374 2247 1539 2303; x_wconf 89' lang='lat' dir='ltr'><strong>quam</strong></span> <span class='ocrx_word' id='word_1_161' title='bbox 1594 2247 1694 2286; x_wconf 90' lang='lat' dir='ltr'><strong>nos</strong></span> <span class='ocrx_word' id='word_1_162' title='bbox 1741 2231 1977 2286; x_wconf 85' lang='lat' dir='ltr'><strong>fraterne</strong></span> <span class='ocrx_word' id='word_1_163' title='bbox 2008 2248 2134 2287; x_wconf 90' lang='lat' dir='ltr'><strong>cor-</strong></span> 
     </span>
    </p>
   </div>
   <div class='ocr_carea' id='block_1_24' title="bbox 519 2323 2136 2398">
    <p class='ocr_par' dir='ltr' id='par_1_24' title="bbox 519 2323 2136 2398">
     <span class='ocr_line' id='line_1_24' title="bbox 519 2323 2136 2398; baseline 0.001 -18"><span class='ocrx_word' id='word_1_164' title='bbox 519 2326 695 2398; x_wconf 80' lang='lat' dir='ltr'><strong>rigere</strong></span> <span class='ocrx_word' id='word_1_165' title='bbox 744 2324 1074 2378; x_wconf 91' lang='lat' dir='ltr'><strong>maluerunt.</strong></span> <span class='ocrx_word' id='word_1_166' title='bbox 1151 2323 1406 2377; x_wconf 85' lang='lat' dir='ltr'><strong>Miramur</strong></span> <span class='ocrx_word' id='word_1_167' title='bbox 1483 2325 1549 2378; x_wconf 92' lang='lat' dir='ltr'><strong>de</strong></span> <span class='ocrx_word' id='word_1_168' title='bbox 1608 2324 1770 2379; x_wconf 90' lang='lat' dir='ltr'><strong>tantis</strong></span> <span class='ocrx_word' id='word_1_169' title='bbox 1821 2335 1877 2380; x_wconf 95' lang='lat' dir='ltr'><strong>et</strong></span> <span class='ocrx_word' id='word_1_170' title='bbox 1933 2326 2136 2382; x_wconf 90' lang='lat' dir='ltr'><strong>talibus</strong></span> 
     </span>
    </p>
   </div>
   <div class='ocr_carea' id='block_1_25' title="bbox 522 2417 2135 2489">
    <p class='ocr_par' dir='ltr' id='par_1_25' title="bbox 522 2417 2135 2489">
     <span class='ocr_line' id='line_1_25' title="bbox 522 2417 2135 2489; baseline 0.002 -16"><span class='ocrx_word' id='word_1_171' title='bbox 522 2420 672 2484; x_wconf 89' lang='lat' dir='ltr'><strong>viris,</strong></span> <span class='ocrx_word' id='word_1_172' title='bbox 723 2417 1174 2487; x_wconf 86' lang='lat' dir='ltr'><strong>archiepiscOpis,</strong></span> <span class='ocrx_word' id='word_1_173' title='bbox 1231 2424 1285 2471; x_wconf 92' lang='lat' dir='ltr'><strong>et</strong></span> <span class='ocrx_word' id='word_1_174' title='bbox 1338 2418 1721 2488; x_wconf 90' lang='lat' dir='ltr'><strong>episcoporum</strong></span> <span class='ocrx_word' id='word_1_175' title='bbox 1782 2420 2135 2489; x_wconf 86' lang='lat' dir='ltr'><strong>primoribus,</strong></span> 
     </span>
    </p>
   </div>
   <div class='ocr_carea' id='block_1_26' title="bbox 525 2507 2132 2575">
    <p class='ocr_par' dir='ltr' id='par_1_26' title="bbox 525 2507 2132 2575">
     <span class='ocr_line' id='line_1_26' title="bbox 525 2507 2132 2575; baseline 0.002 -12"><span class='ocrx_word' id='word_1_176' title='bbox 525 2509 755 2563; x_wconf 87' lang='lat' dir='ltr'><strong>maxime</strong></span> <span class='ocrx_word' id='word_1_177' title='bbox 804 2513 986 2562; x_wconf 90' lang='lat' dir='ltr'><strong>autem</strong></span> <span class='ocrx_word' id='word_1_178' title='bbox 1019 2508 1088 2561; x_wconf 91' lang='lat' dir='ltr'><strong>de</strong></span> <span class='ocrx_word' id='word_1_179' title='bbox 1147 2507 1336 2562; x_wconf 89' lang='lat' dir='ltr'><strong>Ebone</strong></span> <span class='ocrx_word' id='word_1_180' title='bbox 1396 2509 1528 2575; x_wconf 83' lang='lat' dir='ltr'><strong>(’Ebo</strong></span> <span class='ocrx_word' id='word_1_181' title='bbox 1571 2512 1770 2565; x_wconf 86' lang='lat' dir='ltr'><strong>Ebonis</strong></span> <span class='ocrx_word' id='word_1_182' title='bbox 1804 2513 1944 2566; x_wconf 86' lang='lat' dir='ltr'><strong>Rem.</strong></span> <span class='ocrx_word' id='word_1_183' title='bbox 1981 2515 2132 2568; x_wconf 83' lang='lat' dir='ltr'><strong>arch.</strong></span> 
     </span>
    </p>
   </div>
   <div class='ocr_carea' id='block_1_27' title="bbox 522 2596 2138 2672">
    <p class='ocr_par' dir='ltr' id='par_1_27' title="bbox 522 2596 2138 2672">
     <span class='ocr_line' id='line_1_27' title="bbox 522 2596 2138 2672; baseline 0.002 -21"><span class='ocrx_word' id='word_1_184' title='bbox 522 2601 722 2666; x_wconf 75' lang='lat' dir='ltr'><strong>nepos),</strong></span> <span class='ocrx_word' id='word_1_185' title='bbox 778 2596 871 2666; x_wconf 85' lang='lat' dir='ltr'><strong>qui</strong></span> <span class='ocrx_word' id='word_1_186' title='bbox 929 2596 1221 2667; x_wconf 83' lang='lat' dir='ltr'><strong>religiosus</strong></span> <span class='ocrx_word' id='word_1_187' title='bbox 1273 2605 1374 2660; x_wconf 90' lang='lat' dir='ltr'><strong>est,</strong></span> <span class='ocrx_word' id='word_1_188' title='bbox 1417 2605 1477 2652; x_wconf 92' lang='lat' dir='ltr'><strong>ut</strong></span> <span class='ocrx_word' id='word_1_189' title='bbox 1532 2598 1864 2667; x_wconf 85' lang='lat' dir='ltr'><strong>audivimus,</strong></span> <span class='ocrx_word' id='word_1_190' title='bbox 1931 2601 2138 2672; x_wconf 88' lang='lat' dir='ltr'><strong>quippe</strong></span> 
     </span>
    </p>
   </div>
   <div class='ocr_carea' id='block_1_28' title="bbox 522 2684 2136 2759">
    <p class='ocr_par' dir='ltr' id='par_1_28' title="bbox 522 2684 2136 2759">
     <span class='ocr_line' id='line_1_28' title="bbox 522 2684 2136 2759; baseline 0.004 -20"><span class='ocrx_word' id='word_1_191' title='bbox 522 2686 662 2739; x_wconf 87' lang='lat' dir='ltr'><strong>sicut</strong></span> <span class='ocrx_word' id='word_1_192' title='bbox 691 2685 759 2738; x_wconf 92' lang='lat' dir='ltr'><strong>ab</strong></span> <span class='ocrx_word' id='word_1_193' title='bbox 781 2684 914 2753; x_wconf 89' lang='lat' dir='ltr'><strong>ipsis</strong></span> <span class='ocrx_word' id='word_1_194' title='bbox 935 2699 1075 2753; x_wconf 90' lang='lat' dir='ltr'><strong>pene</strong></span> <span class='ocrx_word' id='word_1_195' title='bbox 1107 2684 1400 2738; x_wconf 89' lang='lat' dir='ltr'><strong>cunabulis</strong></span> <span class='ocrx_word' id='word_1_196' title='bbox 1427 2685 1530 2739; x_wconf 91' lang='lat' dir='ltr'><strong>sub</strong></span> <span class='ocrx_word' id='word_1_197' title='bbox 1564 2687 1832 2759; x_wconf 85' lang='lat' dir='ltr'><strong>religione</strong></span> <span class='ocrx_word' id='word_1_198' title='bbox 1864 2698 1920 2743; x_wconf 91' lang='lat' dir='ltr'><strong>et</strong></span> <span class='ocrx_word' id='word_1_199' title='bbox 1947 2690 2136 2745; x_wconf 86' lang='lat' dir='ltr'><strong>habitu</strong></span> 
     </span>
    </p>
   </div>
   <div class='ocr_carea' id='block_1_29' title="bbox 525 2775 2136 2848">
    <p class='ocr_par' dir='ltr' id='par_1_29' title="bbox 525 2775 2136 2848">
     <span class='ocr_line' id='line_1_29' title="bbox 525 2775 2136 2848; baseline 0.004 -18"><span class='ocrx_word' id='word_1_200' title='bbox 525 2776 759 2848; x_wconf 80' lang='lat' dir='ltr'><strong>regulari</strong></span> <span class='ocrx_word' id='word_1_201' title='bbox 783 2776 1022 2830; x_wconf 86' lang='lat' dir='ltr'><strong>nutritus</strong></span> <span class='ocrx_word' id='word_1_202' title='bbox 1054 2775 1106 2828; x_wconf 89' lang='lat' dir='ltr'><strong>in</strong></span> <span class='ocrx_word' id='word_1_203' title='bbox 1142 2775 1428 2830; x_wconf 80' lang='lat' dir='ltr'><strong>Remensis</strong></span> <span class='ocrx_word' id='word_1_204' title='bbox 1478 2777 1732 2832; x_wconf 62' lang='lat' dir='ltr'><strong>Ecclesiae</strong></span> <span class='ocrx_word' id='word_1_205' title='bbox 1785 2781 2136 2848; x_wconf 89' lang='lat' dir='ltr'><strong>monasterio,</strong></span> 
     </span>
    </p>
   </div>
   <div class='ocr_carea' id='block_1_30' title="bbox 524 2864 2141 2939">
    <p class='ocr_par' dir='ltr' id='par_1_30' title="bbox 524 2864 2141 2939">
     <span class='ocr_line' id='line_1_30' title="bbox 524 2864 2141 2939; baseline 0.004 -21"><span class='ocrx_word' id='word_1_206' title='bbox 524 2864 620 2918; x_wconf 91' lang='lat' dir='ltr'><strong>ubi</strong></span> <span class='ocrx_word' id='word_1_207' title='bbox 660 2864 954 2934; x_wconf 85' lang='lat' dir='ltr'><strong>requiescit</strong></span> <span class='ocrx_word' id='word_1_208' title='bbox 1000 2871 1226 2918; x_wconf 88' lang='lat' dir='ltr'><strong>sanctus</strong></span> <span class='ocrx_word' id='word_1_209' title='bbox 1258 2865 1552 2938; x_wconf 84' lang='lat' dir='ltr'><strong>Remigius.</strong></span> <span class='ocrx_word' id='word_1_210' title='bbox 1609 2867 1667 2920; x_wconf 87' lang='lat' dir='ltr'><strong>In</strong></span> <span class='ocrx_word' id='word_1_211' title='bbox 1697 2883 1807 2939; x_wconf 90' lang='lat' dir='ltr'><strong>quo</strong></span> <span class='ocrx_word' id='word_1_212' title='bbox 1864 2869 1984 2924; x_wconf 93' lang='lat' dir='ltr'><strong>loco</strong></span> <span class='ocrx_word' id='word_1_213' title='bbox 2012 2871 2141 2925; x_wconf 87' lang='lat' dir='ltr'><strong>reli-</strong></span> 
     </span>
    </p>
   </div>
   <div class='ocr_carea' id='block_1_31' title="bbox 525 2958 2142 3032">
    <p class='ocr_par' dir='ltr' id='par_1_31' title="bbox 525 2958 2142 3032">
     <span class='ocr_line' id='line_1_31' title="bbox 525 2958 2142 3032; baseline 0.004 -21"><span class='ocrx_word' id='word_1_214' title='bbox 525 2959 679 3032; x_wconf 89' lang='lat' dir='ltr'><strong>gioso</strong></span> <span class='ocrx_word' id='word_1_215' title='bbox 732 2972 885 3011; x_wconf 88' lang='lat' dir='ltr'><strong>suam</strong></span> <span class='ocrx_word' id='word_1_216' title='bbox 944 2958 1125 3032; x_wconf 86' lang='lat' dir='ltr'><strong>exegit</strong></span> <span class='ocrx_word' id='word_1_217' title='bbox 1197 2964 1441 3022; x_wconf 73' lang='lat' dir='ltr'><strong>aetatem,</strong></span> <span class='ocrx_word' id='word_1_218' title='bbox 1498 2974 1790 3031; x_wconf 88' lang='lat' dir='ltr'><strong>quousque</strong></span> <span class='ocrx_word' id='word_1_219' title='bbox 1851 2977 1881 3015; x_wconf 90' lang='lat' dir='ltr'><strong>a</strong></span> <span class='ocrx_word' id='word_1_220' title='bbox 1937 2962 2142 3019; x_wconf 91' lang='lat' dir='ltr'><strong>domno</strong></span> 
     </span>
    </p>
   </div>
   <div class='ocr_carea' id='block_1_32' title="bbox 529 3046 2139 3122">
    <p class='ocr_par' dir='ltr' id='par_1_32' title="bbox 529 3046 2139 3122">
     <span class='ocr_line' id='line_1_32' title="bbox 529 3046 2139 3122; baseline 0.004 -21"><span class='ocrx_word' id='word_1_221' title='bbox 529 3047 712 3102; x_wconf 89' lang='lat' dir='ltr'><strong>Ebone</strong></span> <span class='ocrx_word' id='word_1_222' title='bbox 735 3046 1004 3101; x_wconf 89' lang='lat' dir='ltr'><strong>avunculo</strong></span> <span class='ocrx_word' id='word_1_223' title='bbox 1033 3061 1155 3112; x_wconf 89' lang='lat' dir='ltr'><strong>suo,</strong></span> <span class='ocrx_word' id='word_1_224' title='bbox 1198 3056 1326 3101; x_wconf 93' lang='lat' dir='ltr'><strong>tunc</strong></span> <span class='ocrx_word' id='word_1_225' title='bbox 1359 3047 1650 3102; x_wconf 78' lang='lat' dir='ltr'><strong>Remorum</strong></span> <span class='ocrx_word' id='word_1_226' title='bbox 1701 3050 2139 3122; x_wconf 90' lang='lat' dir='ltr'><strong>archiepiscopo,</strong></span> 
     </span>
    </p>
   </div>
   <div class='ocr_carea' id='block_1_33' title="bbox 530 3135 2142 3197">
    <p class='ocr_par' dir='ltr' id='par_1_33' title="bbox 530 3135 2142 3197">
     <span class='ocr_line' id='line_1_33' title="bbox 530 3135 2142 3197; baseline 0.004 -7"><span class='ocrx_word' id='word_1_227' title='bbox 530 3136 733 3190; x_wconf 87' lang='lat' dir='ltr'><strong>ibidem</strong></span> <span class='ocrx_word' id='word_1_228' title='bbox 797 3135 1061 3190; x_wconf 88' lang='lat' dir='ltr'><strong>diaconus</strong></span> <span class='ocrx_word' id='word_1_229' title='bbox 1116 3146 1488 3196; x_wconf 90' lang='lat' dir='ltr'><strong>consecratus.</strong></span> <span class='ocrx_word' id='word_1_230' title='bbox 1544 3146 1599 3191; x_wconf 90' lang='lat' dir='ltr'><strong>et</strong></span> <span class='ocrx_word' id='word_1_231' title='bbox 1639 3138 1806 3192; x_wconf 87' lang='lat' dir='ltr'><strong>abbas</strong></span> <span class='ocrx_word' id='word_1_232' title='bbox 1839 3142 2142 3197; x_wconf 90' lang='lat' dir='ltr'><strong>monacho-</strong></span> 
     </span>
    </p>
   </div>
   <div class='ocr_carea' id='block_1_34' title="bbox 532 3224 2142 3301">
    <p class='ocr_par' dir='ltr' id='par_1_34' title="bbox 532 3224 2142 3301">
     <span class='ocr_line' id='line_1_34' title="bbox 532 3224 2142 3301; baseline 0.004 -24"><span class='ocrx_word' id='word_1_233' title='bbox 532 3242 646 3278; x_wconf 93' lang='lat' dir='ltr'><strong>rum</strong></span> <span class='ocrx_word' id='word_1_234' title='bbox 679 3225 745 3279; x_wconf 87' lang='lat' dir='ltr'><strong>ad</strong></span> <span class='ocrx_word' id='word_1_235' title='bbox 801 3224 1102 3298; x_wconf 85' lang='lat' dir='ltr'><strong>regularem</strong></span> <span class='ocrx_word' id='word_1_236' title='bbox 1161 3225 1412 3279; x_wconf 89' lang='lat' dir='ltr'><strong>ordinem</strong></span> <span class='ocrx_word' id='word_1_237' title='bbox 1473 3227 1771 3280; x_wconf 88' lang='lat' dir='ltr'><strong>tenendum</strong></span> <span class='ocrx_word' id='word_1_238' title='bbox 1833 3236 1888 3283; x_wconf 92' lang='lat' dir='ltr'><strong>et</strong></span> <span class='ocrx_word' id='word_1_239' title='bbox 1939 3229 2142 3301; x_wconf 86' lang='lat' dir='ltr'><strong>guber-</strong></span> 
     </span>
    </p>
   </div>
   <div class='ocr_carea' id='block_1_35' title="bbox 531 3313 2142 3388">
    <p class='ocr_par' dir='ltr' id='par_1_35' title="bbox 531 3313 2142 3388">
     <span class='ocr_line' id='line_1_35' title="bbox 531 3313 2142 3388; baseline 0.003 -20"><span class='ocrx_word' id='word_1_240' title='bbox 531 3314 773 3368; x_wconf 91' lang='lat' dir='ltr'><strong>nandum</strong></span> <span class='ocrx_word' id='word_1_241' title='bbox 787 3314 1180 3369; x_wconf 89' lang='lat' dir='ltr'><strong>constitutione</strong></span> <span class='ocrx_word' id='word_1_242' title='bbox 1193 3313 1495 3385; x_wconf 88' lang='lat' dir='ltr'><strong>episcopali</strong></span> <span class='ocrx_word' id='word_1_243' title='bbox 1519 3322 1602 3368; x_wconf 90' lang='lat' dir='ltr'><strong>est</strong></span> <span class='ocrx_word' id='word_1_244' title='bbox 1618 3315 1903 3370; x_wconf 91' lang='lat' dir='ltr'><strong>ordinatus</strong></span> <span class='ocrx_word' id='word_1_245' title='bbox 1923 3335 1936 3381; x_wconf 92' lang='lat'><strong>;</strong></span> <span class='ocrx_word' id='word_1_246' title='bbox 1955 3334 2142 3388; x_wconf 92' lang='lat' dir='ltr'><strong>quem-</strong></span> 
     </span>
    </p>
   </div>
   <div class='ocr_carea' id='block_1_36' title="bbox 531 3403 2144 3474">
    <p class='ocr_par' dir='ltr' id='par_1_36' title="bbox 531 3403 2144 3474">
     <span class='ocr_line' id='line_1_36' title="bbox 531 3403 2144 3474; baseline 0.001 -16"><span class='ocrx_word' id='word_1_247' title='bbox 531 3420 640 3474; x_wconf 90' lang='lat' dir='ltr'><strong>que</strong></span> <span class='ocrx_word' id='word_1_248' title='bbox 698 3404 772 3457; x_wconf 92' lang='lat' dir='ltr'><strong>ita</strong></span> <span class='ocrx_word' id='word_1_249' title='bbox 824 3403 1152 3458; x_wconf 88' lang='lat' dir='ltr'><strong>humilitatis</strong></span> <span class='ocrx_word' id='word_1_250' title='bbox 1184 3411 1374 3457; x_wconf 92' lang='lat' dir='ltr'><strong>tenore</strong></span> <span class='ocrx_word' id='word_1_251' title='bbox 1406 3403 1692 3468; x_wconf 90' lang='lat' dir='ltr'><strong>nutritum,</strong></span> <span class='ocrx_word' id='word_1_252' title='bbox 1733 3412 1786 3458; x_wconf 95' lang='lat' dir='ltr'><strong>et</strong></span> <span class='ocrx_word' id='word_1_253' title='bbox 1817 3405 2144 3461; x_wconf 87' lang='lat' dir='ltr'><strong>humilitatis</strong></span> 
     </span>
    </p>
   </div>
   <div class='ocr_carea' id='block_1_37' title="bbox 533 3491 2144 3563">
    <p class='ocr_par' dir='ltr' id='par_1_37' title="bbox 533 3491 2144 3563">
     <span class='ocr_line' id='line_1_37' title="bbox 533 3491 2144 3563; baseline 0.001 -17"><span class='ocrx_word' id='word_1_254' title='bbox 533 3493 710 3547; x_wconf 92' lang='lat' dir='ltr'><strong>locum</strong></span> <span class='ocrx_word' id='word_1_255' title='bbox 741 3500 1024 3563; x_wconf 91' lang='lat' dir='ltr'><strong>appetere,</strong></span> <span class='ocrx_word' id='word_1_256' title='bbox 1080 3498 1135 3546; x_wconf 94' lang='lat' dir='ltr'><strong>et</strong></span> <span class='ocrx_word' id='word_1_257' title='bbox 1189 3500 1381 3546; x_wconf 90' lang='lat' dir='ltr'><strong>tenere</strong></span> <span class='ocrx_word' id='word_1_258' title='bbox 1440 3491 1581 3544; x_wconf 89' lang='lat' dir='ltr'><strong>velle</strong></span> <span class='ocrx_word' id='word_1_259' title='bbox 1640 3491 1893 3560; x_wconf 91' lang='lat' dir='ltr'><strong>dicimus,</strong></span> <span class='ocrx_word' id='word_1_260' title='bbox 1951 3502 2009 3548; x_wconf 90' lang='lat' dir='ltr'><strong>ut</strong></span> <span class='ocrx_word' id='word_1_261' title='bbox 2068 3495 2144 3549; x_wconf 91' lang='lat' dir='ltr'><strong>illi</strong></span> 
     </span>
    </p>
   </div>
   <div class='ocr_carea' id='block_1_38' title="bbox 534 3581 2142 3652">
    <p class='ocr_par' dir='ltr' id='par_1_38' title="bbox 534 3581 2142 3652">
     <span class='ocr_line' id='line_1_38' title="bbox 534 3581 2142 3652; baseline 0.004 -18"><span class='ocrx_word' id='word_1_262' title='bbox 534 3591 588 3635; x_wconf 90' lang='lat' dir='ltr'><strong>et</strong></span> <span class='ocrx_word' id='word_1_263' title='bbox 649 3582 910 3636; x_wconf 86' lang='lat' dir='ltr'><strong>omnibus</strong></span> <span class='ocrx_word' id='word_1_264' title='bbox 957 3581 1222 3652; x_wconf 89' lang='lat' dir='ltr'><strong>scriptum</strong></span> <span class='ocrx_word' id='word_1_265' title='bbox 1287 3581 1500 3636; x_wconf 85' lang='lat' dir='ltr'><strong>est:Si</strong></span> <span class='ocrx_word' id='word_1_266' title='bbox 1555 3583 1784 3649; x_wconf 77' lang='lat' dir='ltr'><strong>spiritus</strong></span> <span class='ocrx_word' id='word_1_267' title='bbox 1831 3589 2142 3651; x_wconf 83' lang='lat' dir='ltr'><strong>potestatem</strong></span> 
     </span>
    </p>
   </div>
   <div class='ocr_carea' id='block_1_39' title="bbox 533 3675 2139 3741">
    <p class='ocr_par' dir='ltr' id='par_1_39' title="bbox 533 3675 2139 3741">
     <span class='ocr_line' id='line_1_39' title="bbox 533 3675 2139 3741; baseline 0.002 -15"><span class='ocrx_word' id='word_1_268' title='bbox 533 3675 777 3728; x_wconf 77' lang='lat' dir='ltr'><strong>habentis</strong></span> <span class='ocrx_word' id='word_1_269' title='bbox 796 3675 1096 3728; x_wconf 85' lang='lat' dir='ltr'><strong>ascenderit</strong></span> <span class='ocrx_word' id='word_1_270' title='bbox 1145 3688 1304 3741; x_wconf 78' lang='lat' dir='ltr'><strong>super</strong></span> <span class='ocrx_word' id='word_1_271' title='bbox 1351 3677 1417 3735; x_wconf 90' lang='lat' dir='ltr'><strong>te,</strong></span> <span class='ocrx_word' id='word_1_272' title='bbox 1482 3675 1651 3728; x_wconf 82' lang='lat' dir='ltr'><strong>locum</strong></span> <span class='ocrx_word' id='word_1_273' title='bbox 1701 3678 1852 3728; x_wconf 84' lang='lat' dir='ltr'><strong>tuum</strong></span> <span class='ocrx_word' id='word_1_274' title='bbox 1881 3692 1944 3728; x_wconf 85' lang='lat' dir='ltr'><strong>ne</strong></span> <span class='ocrx_word' id='word_1_275' title='bbox 1969 3677 2139 3730; x_wconf 82' lang='lat' dir='ltr'><strong>dimi-</strong></span> 
     </span>
    </p>
   </div>
   <div class='ocr_carea' id='block_1_40' title="bbox 533 3760 2144 3831">
    <p class='ocr_par' dir='ltr' id='par_1_40' title="bbox 533 3760 2144 3831">
     <span class='ocr_line' id='line_1_40' title="bbox 533 3760 2144 3831; baseline 0.002 -15"><span class='ocrx_word' id='word_1_276' title='bbox 533 3765 666 3817; x_wconf 84' lang='lat' dir='ltr'><strong>seris</strong></span> <span class='ocrx_word' id='word_1_277' title='bbox 716 3764 902 3829; x_wconf 80' lang='lat' dir='ltr'><strong>(Ercle.</strong></span> <span class='ocrx_word' id='word_1_278' title='bbox 954 3779 1009 3831; x_wconf 89' lang='lat' dir='ltr'><strong>x,</strong></span> <span class='ocrx_word' id='word_1_279' title='bbox 1056 3760 1131 3829; x_wconf 82' lang='grc'><strong>2).</strong></span> <span class='ocrx_word' id='word_1_280' title='bbox 1192 3763 1432 3831; x_wconf 80' lang='lat' dir='ltr'><strong>Spiritus</strong></span> <span class='ocrx_word' id='word_1_281' title='bbox 1489 3762 1636 3815; x_wconf 91' lang='lat' dir='ltr'><strong>enim</strong></span> <span class='ocrx_word' id='word_1_282' title='bbox 1695 3767 2004 3829; x_wconf 80' lang='lat' dir='ltr'><strong>potestatem</strong></span> <span class='ocrx_word' id='word_1_283' title='bbox 2044 3766 2144 3818; x_wconf 87' lang='lat' dir='ltr'><strong>ha-</strong></span> 
     </span>
    </p>
   </div>
   <div class='ocr_carea' id='block_1_41' title="bbox 535 3855 2145 3927">
    <p class='ocr_par' dir='ltr' id='par_1_41' title="bbox 535 3855 2145 3927">
     <span class='ocr_line' id='line_1_41' title="bbox 535 3855 2145 3927; baseline 0.002 -17"><span class='ocrx_word' id='word_1_284' title='bbox 535 3857 704 3910; x_wconf 87' lang='lat' dir='ltr'><strong>bentis</strong></span> <span class='ocrx_word' id='word_1_285' title='bbox 759 3856 983 3927; x_wconf 90' lang='lat' dir='ltr'><strong>spiritus</strong></span> <span class='ocrx_word' id='word_1_286' title='bbox 1036 3863 1119 3908; x_wconf 91' lang='lat' dir='ltr'><strong>est</strong></span> <span class='ocrx_word' id='word_1_287' title='bbox 1164 3855 1467 3924; x_wconf 61' lang='lat' dir='ltr'><strong>superbiae,</strong></span> <span class='ocrx_word' id='word_1_288' title='bbox 1525 3856 1677 3911; x_wconf 89' lang='lat' dir='ltr'><strong>locus</strong></span> <span class='ocrx_word' id='word_1_289' title='bbox 1725 3865 1906 3912; x_wconf 89' lang='lat' dir='ltr'><strong>autem</strong></span> <span class='ocrx_word' id='word_1_290' title='bbox 1961 3866 2145 3913; x_wconf 90' lang='lat' dir='ltr'><strong>noster</strong></span> 
     </span>
    </p>
   </div>
   <div class='ocr_carea' id='block_1_42' title="bbox 535 3948 2144 4018">
    <p class='ocr_par' dir='ltr' id='par_1_42' title="bbox 535 3948 2144 4018">
     <span class='ocr_line' id='line_1_42' title="bbox 535 3948 2144 4018; baseline 0.003 -16"><span class='ocrx_word' id='word_1_291' title='bbox 535 3948 816 4003; x_wconf 87' lang='lat' dir='ltr'><strong>humilitas</strong></span> <span class='ocrx_word' id='word_1_292' title='bbox 864 3955 968 4013; x_wconf 91' lang='lat' dir='ltr'><strong>est,</strong></span> <span class='ocrx_word' id='word_1_293' title='bbox 1028 3962 1247 4018; x_wconf 89' lang='lat' dir='ltr'><strong>quama</strong></span> <span class='ocrx_word' id='word_1_294' title='bbox 1285 3962 1345 4001; x_wconf 84' lang='lat' dir='ltr'><strong>se</strong></span> <span class='ocrx_word' id='word_1_295' title='bbox 1401 3962 1527 4002; x_wconf 91' lang='lat' dir='ltr'><strong>vere</strong></span> <span class='ocrx_word' id='word_1_296' title='bbox 1583 3948 1736 4004; x_wconf 91' lang='lat' dir='ltr'><strong>locus</strong></span> <span class='ocrx_word' id='word_1_297' title='bbox 1792 3951 2057 4018; x_wconf 91' lang='lat' dir='ltr'><strong>munitus,</strong></span> <span class='ocrx_word' id='word_1_298' title='bbox 2089 3959 2144 4008; x_wconf 92' lang='lat' dir='ltr'><strong>et</strong></span> 
     </span>
    </p>
   </div>
   <div class='ocr_carea' id='block_1_43' title="bbox 535 4039 2142 4112">
    <p class='ocr_par' dir='ltr' id='par_1_43' title="bbox 535 4039 2142 4112">
     <span class='ocr_line' id='line_1_43' title="bbox 535 4039 2142 4112; baseline 0.001 -16"><span class='ocrx_word' id='word_1_299' title='bbox 535 4042 701 4096; x_wconf 88' lang='lat' dir='ltr'><strong>turris</strong></span> <span class='ocrx_word' id='word_1_300' title='bbox 749 4039 1088 4096; x_wconf 83' lang='lat' dir='ltr'><strong>fortitudinis</strong></span> <span class='ocrx_word' id='word_1_301' title='bbox 1137 4054 1238 4094; x_wconf 91' lang='lat' dir='ltr'><strong>nos</strong></span> <span class='ocrx_word' id='word_1_302' title='bbox 1294 4040 1506 4095; x_wconf 89' lang='lat' dir='ltr'><strong>discere</strong></span> <span class='ocrx_word' id='word_1_303' title='bbox 1528 4041 1707 4108; x_wconf 90' lang='lat' dir='ltr'><strong>jubet.</strong></span> <span class='ocrx_word' id='word_1_304' title='bbox 1752 4045 1950 4098; x_wconf 84' lang='lat' dir='ltr'><strong>Discite</strong></span> <span class='ocrx_word' id='word_1_305' title='bbox 1977 4061 2012 4097; x_wconf 89' lang='lat' dir='ltr'><strong>a</strong></span> <span class='ocrx_word' id='word_1_306' title='bbox 2040 4060 2142 4112; x_wconf 89' lang='lat' dir='ltr'><strong>me,</strong></span> 
     </span>
    </p>
   </div>
   <div class='ocr_carea' id='block_1_44' title="bbox 536 4133 2139 4204">
    <p class='ocr_par' dir='ltr' id='par_1_44' title="bbox 536 4133 2139 4204">
     <span class='ocr_line' id='line_1_44' title="bbox 536 4133 2139 4204; baseline 0.003 -18"><span class='ocrx_word' id='word_1_307' title='bbox 536 4133 810 4204; x_wconf 89' lang='lat' dir='ltr'><strong>inquiens,</strong></span> <span class='ocrx_word' id='word_1_308' title='bbox 861 4135 993 4203; x_wconf 84' lang='lat' dir='ltr'><strong>quia</strong></span> <span class='ocrx_word' id='word_1_309' title='bbox 1020 4134 1168 4187; x_wconf 84' lang='lat' dir='ltr'><strong>mitis</strong></span> <span class='ocrx_word' id='word_1_310' title='bbox 1221 4147 1361 4199; x_wconf 88' lang='lat' dir='ltr'><strong>sum,</strong></span> <span class='ocrx_word' id='word_1_311' title='bbox 1403 4139 1452 4187; x_wconf 85' lang='lat' dir='ltr'><strong>et</strong></span> <span class='ocrx_word' id='word_1_312' title='bbox 1482 4133 1702 4189; x_wconf 77' lang='lat' dir='ltr'><strong>humilis</strong></span> <span class='ocrx_word' id='word_1_313' title='bbox 1743 4135 1898 4189; x_wconf 86' lang='lat' dir='ltr'><strong>corde</strong></span> <span class='ocrx_word' id='word_1_314' title='bbox 1930 4137 2139 4204; x_wconf 85' lang='lat' dir='ltr'><strong>(Matth.</strong></span> 
     </span>
    </p>
   </div>
   <div class='ocr_carea' id='block_1_45' title="bbox 535 4219 2145 4292">
    <p class='ocr_par' dir='ltr' id='par_1_45' title="bbox 535 4219 2145 4292">
     <span class='ocr_line' id='line_1_45' title="bbox 535 4219 2145 4292; baseline 0.002 -16"><span class='ocrx_word' id='word_1_315' title='bbox 535 4239 609 4287; x_wconf 77' lang='grc' dir='ltr'>χι,</span> <span class='ocrx_word' id='word_1_316' title='bbox 648 4221 756 4290; x_wconf 74' lang='grc'><strong>29).</strong></span> <span class='ocrx_word' id='word_1_317' title='bbox 812 4223 1094 4292; x_wconf 79' lang='lat' dir='ltr'><strong>Quamque</strong></span> <span class='ocrx_word' id='word_1_318' title='bbox 1143 4235 1243 4291; x_wconf 91' lang='lat' dir='ltr'><strong>pro</strong></span> <span class='ocrx_word' id='word_1_319' title='bbox 1300 4219 1421 4276; x_wconf 92' lang='lat' dir='ltr'><strong>loco</strong></span> <span class='ocrx_word' id='word_1_320' title='bbox 1480 4228 1596 4276; x_wconf 88' lang='lat' dir='ltr'><strong>tuto</strong></span> <span class='ocrx_word' id='word_1_321' title='bbox 1650 4229 1841 4277; x_wconf 89' lang='lat' dir='ltr'><strong>contra</strong></span> <span class='ocrx_word' id='word_1_322' title='bbox 1890 4224 2145 4279; x_wconf 90' lang='lat' dir='ltr'><strong>elationis</strong></span> 
     </span>
    </p>
   </div>
   <div class='ocr_carea' id='block_1_46' title="bbox 535 4313 2146 4387">
    <p class='ocr_par' dir='ltr' id='par_1_46' title="bbox 535 4313 2146 4387">
     <span class='ocr_line' id='line_1_46' title="bbox 535 4313 2146 4387; baseline 0.002 -20"><span class='ocrx_word' id='word_1_323' title='bbox 535 4330 598 4368; x_wconf 89' lang='lat' dir='ltr'><strong>ac</strong></span> <span class='ocrx_word' id='word_1_324' title='bbox 631 4313 907 4381; x_wconf 73' lang='lat' dir='ltr'><strong>jactantize</strong></span> <span class='ocrx_word' id='word_1_325' title='bbox 960 4313 1210 4384; x_wconf 92' lang='lat' dir='ltr'><strong>spiritum</strong></span> <span class='ocrx_word' id='word_1_326' title='bbox 1261 4313 1544 4382; x_wconf 71' lang='lat' dir='ltr'><strong>praefatum</strong></span> <span class='ocrx_word' id='word_1_327' title='bbox 1602 4313 1919 4387; x_wconf 86' lang='lat' dir='ltr'><strong>religiosum</strong></span> <span class='ocrx_word' id='word_1_328' title='bbox 1969 4317 2146 4370; x_wconf 88' lang='lat' dir='ltr'><strong>virum</strong></span> 
     </span>
    </p>
   </div>
   <div class='ocr_carea' id='block_1_47' title="bbox 535 4405 2194 4477">
    <p class='ocr_par' dir='ltr' id='par_1_47' title="bbox 535 4405 2194 4477">
     <span class='ocr_line' id='line_1_47' title="bbox 535 4405 2194 4477; baseline 0.002 -16"><span class='ocrx_word' id='word_1_329' title='bbox 535 4406 738 4461; x_wconf 88' lang='lat' dir='ltr'><strong>obnixe</strong></span> <span class='ocrx_word' id='word_1_330' title='bbox 770 4415 962 4461; x_wconf 89' lang='lat' dir='ltr'><strong>tenere</strong></span> <span class='ocrx_word' id='word_1_331' title='bbox 1015 4405 1157 4460; x_wconf 89' lang='lat' dir='ltr'><strong>velle</strong></span> <span class='ocrx_word' id='word_1_332' title='bbox 1207 4405 1536 4470; x_wconf 86' lang='lat' dir='ltr'><strong>audivimus,</strong></span> <span class='ocrx_word' id='word_1_333' title='bbox 1567 4415 1620 4460; x_wconf 91' lang='lat' dir='ltr'><strong>et</strong></span> <span class='ocrx_word' id='word_1_334' title='bbox 1671 4422 1768 4477; x_wconf 91' lang='lat' dir='ltr'><strong>pro</strong></span> <span class='ocrx_word' id='word_1_335' title='bbox 1822 4414 1972 4462; x_wconf 92' lang='lat' dir='ltr'><strong>certo</strong></span> <span class='ocrx_word' id='word_1_336' title='bbox 2026 4424 2194 4477; x_wconf 30' lang='grc' dir='ltr'><strong>ατε-,ν</strong></span> 
     </span>
    </p>
   </div>
   <div class='ocr_carea' id='block_1_48' title="bbox 535 4493 2144 4566">
    <p class='ocr_par' dir='ltr' id='par_1_48' title="bbox 535 4493 2144 4566">
     <span class='ocr_line' id='line_1_48' title="bbox 535 4493 2144 4566; baseline 0.002 -18"><span class='ocrx_word' id='word_1_337' title='bbox 535 4495 735 4561; x_wconf 89' lang='lat' dir='ltr'><strong>dimus,</strong></span> <span class='ocrx_word' id='word_1_338' title='bbox 769 4504 824 4550; x_wconf 93' lang='lat' dir='ltr'><strong>et</strong></span> <span class='ocrx_word' id='word_1_339' title='bbox 871 4494 1076 4548; x_wconf 89' lang='lat' dir='ltr'><strong>idcirco</strong></span> <span class='ocrx_word' id='word_1_340' title='bbox 1125 4493 1492 4549; x_wconf 88' lang='lat' dir='ltr'><strong>discredimus</strong></span> <span class='ocrx_word' id='word_1_341' title='bbox 1538 4495 1638 4550; x_wconf 74' lang='lat' dir='ltr'><strong>ista</strong></span> <span class='ocrx_word' id='word_1_342' title='bbox 1689 4495 1930 4566; x_wconf 88' lang='lat' dir='ltr'><strong>capitula</strong></span> <span class='ocrx_word' id='word_1_343' title='bbox 1981 4496 2049 4549; x_wconf 88' lang='lat' dir='ltr'><strong>ab</strong></span> <span class='ocrx_word' id='word_1_344' title='bbox 2077 4512 2144 4552; x_wconf 94' lang='lat' dir='ltr'><strong>eo</strong></span> 
     </span>
    </p>
   </div>
   <div class='ocr_carea' id='block_1_49' title="bbox 536 4584 2146 4658">
    <p class='ocr_par' dir='ltr' id='par_1_49' title="bbox 536 4584 2146 4658">
     <span class='ocr_line' id='line_1_49' title="bbox 536 4584 2146 4658; baseline -0.002 -14"><span class='ocrx_word' id='word_1_345' title='bbox 536 4589 806 4648; x_wconf 78' lang='lat' dir='ltr'><strong>confecta,</strong></span> <span class='ocrx_word' id='word_1_346' title='bbox 871 4585 1002 4658; x_wconf 89' lang='lat' dir='ltr'><strong>quia</strong></span> <span class='ocrx_word' id='word_1_347' title='bbox 1041 4584 1423 4654; x_wconf 63' lang='lat' dir='ltr'><strong>praetermissis</strong></span> <span class='ocrx_word' id='word_1_348' title='bbox 1492 4584 1724 4640; x_wconf 88' lang='lat' dir='ltr'><strong>aliorum</strong></span> <span class='ocrx_word' id='word_1_349' title='bbox 1779 4587 2146 4642; x_wconf 88' lang='lat' dir='ltr'><strong>consacerdo-</strong></span> 
     </span>
    </p>
   </div>
   <div class='ocr_carea' id='block_1_50' title="bbox 538 4675 2147 4744">
    <p class='ocr_par' dir='ltr' id='par_1_50' title="bbox 538 4675 2147 4744">
     <span class='ocr_line' id='line_1_50' title="bbox 538 4675 2147 4744; baseline -0.004 -7"><span class='ocrx_word' id='word_1_350' title='bbox 538 4689 649 4737; x_wconf 93' lang='lat' dir='ltr'><strong>tum</strong></span> <span class='ocrx_word' id='word_1_351' title='bbox 683 4678 1022 4744; x_wconf 84' lang='lat' dir='ltr'><strong>nominibus,</strong></span> <span class='ocrx_word' id='word_1_352' title='bbox 1067 4677 1238 4732; x_wconf 87' lang='lat' dir='ltr'><strong>solius</strong></span> <span class='ocrx_word' id='word_1_353' title='bbox 1289 4675 1494 4731; x_wconf 86' lang='lat' dir='ltr'><strong>Ebonis</strong></span> <span class='ocrx_word' id='word_1_354' title='bbox 1545 4691 1744 4731; x_wconf 91' lang='lat' dir='ltr'><strong>nomen</strong></span> <span class='ocrx_word' id='word_1_355' title='bbox 1795 4693 1918 4730; x_wconf 93' lang='lat' dir='ltr'><strong>cum</strong></span> <span class='ocrx_word' id='word_1_356' title='bbox 1969 4677 2147 4732; x_wconf 81' lang='lat' dir='ltr'><strong>archi-</strong></span> 
     </span>
    </p>
   </div>
   <div class='ocr_carea' id='block_1_51' title="bbox 536 4770 2147 4846">
    <p class='ocr_par' dir='ltr' id='par_1_51' title="bbox 536 4770 2147 4846">
     <span class='ocr_line' id='line_1_51' title="bbox 536 4770 2147 4846; baseline -0.004 -15"><span class='ocrx_word' id='word_1_357' title='bbox 536 4774 813 4846; x_wconf 87' lang='lat' dir='ltr'><strong>episcOpis</strong></span> <span class='ocrx_word' id='word_1_358' title='bbox 867 4782 948 4826; x_wconf 91' lang='lat' dir='ltr'><strong>est</strong></span> <span class='ocrx_word' id='word_1_359' title='bbox 996 4771 1199 4826; x_wconf 91' lang='lat' dir='ltr'><strong>ibidem</strong></span> <span class='ocrx_word' id='word_1_360' title='bbox 1255 4770 1538 4839; x_wconf 85' lang='lat' dir='ltr'><strong>iactanter,</strong></span> <span class='ocrx_word' id='word_1_361' title='bbox 1601 4780 1659 4825; x_wconf 90' lang='lat' dir='ltr'><strong>ut</strong></span> <span class='ocrx_word' id='word_1_362' title='bbox 1704 4770 2033 4842; x_wconf 88' lang='lat' dir='ltr'><strong>quibusdam</strong></span> <span class='ocrx_word' id='word_1_363' title='bbox 2066 4772 2147 4825; x_wconf 92' lang='lat' dir='ltr'><strong>vi-</strong></span> 
     </span>
    </p>
   </div>
   <div class='ocr_carea' id='block_1_52' title="bbox 537 4864 2147 4938">
    <p class='ocr_par' dir='ltr' id='par_1_52' title="bbox 537 4864 2147 4938">
     <span class='ocr_line' id='line_1_52' title="bbox 537 4864 2147 4938; baseline -0.002 -12"><span class='ocrx_word' id='word_1_364' title='bbox 537 4871 717 4934; x_wconf 88' lang='lat' dir='ltr'><strong>detur,</strong></span> <span class='ocrx_word' id='word_1_365' title='bbox 768 4883 1108 4938; x_wconf 83' lang='lat' dir='ltr'><strong>expressum.</strong></span> <span class='ocrx_word' id='word_1_366' title='bbox 1171 4865 1229 4919; x_wconf 85' lang='lat' dir='ltr'><strong>Et</strong></span> <span class='ocrx_word' id='word_1_367' title='bbox 1260 4864 1408 4936; x_wconf 87' lang='lat' dir='ltr'><strong>quod</strong></span> <span class='ocrx_word' id='word_1_368' title='bbox 1461 4881 1622 4936; x_wconf 87' lang='lat' dir='ltr'><strong>quam</strong></span> <span class='ocrx_word' id='word_1_369' title='bbox 1682 4865 1919 4920; x_wconf 87' lang='lat' dir='ltr'><strong>maxime</strong></span> <span class='ocrx_word' id='word_1_370' title='bbox 1959 4866 2011 4919; x_wconf 90' lang='lat' dir='ltr'><strong>in</strong></span> <span class='ocrx_word' id='word_1_371' title='bbox 2043 4867 2147 4923; x_wconf 91' lang='lat' dir='ltr'><strong>hoc</strong></span> 
     </span>
    </p>
   </div>
   <div class='ocr_carea' id='block_1_53' title="bbox 537 4955 2143 5033">
    <p class='ocr_par' dir='ltr' id='par_1_53' title="bbox 537 4955 2143 5033">
     <span class='ocr_line' id='line_1_53' title="bbox 537 4955 2143 5033; baseline -0.002 -17"><span class='ocrx_word' id='word_1_372' title='bbox 537 4957 1142 5033; x_wconf 79' lang='lat' dir='ltr'><strong>ipse‘collaboraverit,</strong></span> <span class='ocrx_word' id='word_1_373' title='bbox 1201 4957 1354 5027; x_wconf 87' lang='lat' dir='ltr'><strong>quasi</strong></span> <span class='ocrx_word' id='word_1_374' title='bbox 1404 4971 1434 5010; x_wconf 93' lang='lat' dir='ltr'><strong>e</strong></span> <span class='ocrx_word' id='word_1_375' title='bbox 1507 4955 1730 5030; x_wconf 86' lang='lat' dir='ltr'><strong>regione</strong></span> <span class='ocrx_word' id='word_1_376' title='bbox 1778 4956 1848 5011; x_wconf 90' lang='lat' dir='ltr'><strong>sit</strong></span> <span class='ocrx_word' id='word_1_377' title='bbox 1900 4972 2143 5024; x_wconf 90' lang='lat' dir='ltr'><strong>sensum,</strong></span> 
     </span>
    </p>
   </div>
   <div class='ocr_carea' id='block_1_54' title="bbox 537 5046 2148 5117">
    <p class='ocr_par' dir='ltr' id='par_1_54' title="bbox 537 5046 2148 5117">
     <span class='ocr_line' id='line_1_54' title="bbox 537 5046 2148 5117; baseline -0.003 -9"><span class='ocrx_word' id='word_1_378' title='bbox 537 5063 596 5108; x_wconf 88' lang='lat' dir='ltr'><strong>ut</strong></span> <span class='ocrx_word' id='word_1_379' title='bbox 644 5052 808 5108; x_wconf 92' lang='lat' dir='ltr'><strong>etiam</strong></span> <span class='ocrx_word' id='word_1_380' title='bbox 855 5065 978 5104; x_wconf 92' lang='lat' dir='ltr'><strong>cum</strong></span> <span class='ocrx_word' id='word_1_381' title='bbox 1050 5046 1483 5117; x_wconf 89' lang='lat' dir='ltr'><strong>archiepiscopis</strong></span> <span class='ocrx_word' id='word_1_382' title='bbox 1551 5047 1724 5116; x_wconf 85' lang='lat' dir='ltr'><strong>major</strong></span> <span class='ocrx_word' id='word_1_383' title='bbox 1797 5047 2030 5113; x_wconf 61' lang='lat' dir='ltr'><strong>caneris,</strong></span> <span class='ocrx_word' id='word_1_384' title='bbox 2094 5058 2148 5104; x_wconf 92' lang='lat' dir='ltr'><strong>et</strong></span> 
     </span>
    </p>
   </div>
   <div class='ocr_carea' id='block_1_55' title="bbox 539 5138 1344 5200">
    <p class='ocr_par' dir='ltr' id='par_1_55' title="bbox 539 5138 1344 5200">
     <span class='ocr_line' id='line_1_55' title="bbox 539 5138 1344 5200; baseline -0.006 -2"><span class='ocrx_word' id='word_1_385' title='bbox 539 5145 751 5200; x_wconf 92' lang='lat' dir='ltr'><strong>doctior</strong></span> <span class='ocrx_word' id='word_1_386' title='bbox 780 5141 835 5195; x_wconf 92' lang='lat' dir='ltr'><strong>in</strong></span> <span class='ocrx_word' id='word_1_387' title='bbox 867 5141 1142 5195; x_wconf 88' lang='lat' dir='ltr'><strong>sententia</strong></span> <span class='ocrx_word' id='word_1_388' title='bbox 1159 5138 1344 5194; x_wconf 90' lang='lat' dir='ltr'><strong>fuerit.</strong></span> 
     </span>
    </p>
   </div>
   <div class='ocr_carea' id='block_1_56' title="bbox 614 5227 2148 5301">
    <p class='ocr_par' dir='ltr' id='par_1_56' title="bbox 614 5227 2148 5301">
     <span class='ocr_line' id='line_1_56' title="bbox 614 5227 2148 5301; baseline 0 -19"><span class='ocrx_word' id='word_1_389' title='bbox 614 5254 634 5282; x_wconf 81' lang='grc' dir='ltr'><strong>ι</strong></span> <span class='ocrx_word' id='word_1_390' title='bbox 681 5234 793 5288; x_wconf 81' lang='lat' dir='ltr'><strong>Hoc</strong></span> <span class='ocrx_word' id='word_1_391' title='bbox 823 5230 969 5286; x_wconf 93' lang='lat' dir='ltr'><strong>enim</strong></span> <span class='ocrx_word' id='word_1_392' title='bbox 1027 5229 1094 5283; x_wconf 91' lang='lat' dir='ltr'><strong>de</strong></span> <span class='ocrx_word' id='word_1_393' title='bbox 1149 5234 1342 5283; x_wconf 91' lang='lat' dir='ltr'><strong>sancto</strong></span> <span class='ocrx_word' id='word_1_394' title='bbox 1395 5227 1722 5301; x_wconf 82' lang='lat' dir='ltr'><strong>Augustino,</strong></span> <span class='ocrx_word' id='word_1_395' title='bbox 1757 5228 1851 5298; x_wconf 87' lang='lat' dir='ltr'><strong>qui</strong></span> <span class='ocrx_word' id='word_1_396' title='bbox 1908 5227 1963 5282; x_wconf 90' lang='lat' dir='ltr'><strong>in</strong></span> <span class='ocrx_word' id='word_1_397' title='bbox 2013 5243 2148 5284; x_wconf 90' lang='lat' dir='ltr'><strong>con-</strong></span> 
     </span>
    </p>
   </div>
   <div class='ocr_carea' id='block_1_57' title="bbox 534 5319 2150 5392">
    <p class='ocr_par' dir='ltr' id='par_1_57' title="bbox 534 5319 2150 5392">
     <span class='ocr_line' id='line_1_57' title="bbox 534 5319 2150 5392; baseline -0.002 -14"><span class='ocrx_word' id='word_1_398' title='bbox 534 5325 674 5380; x_wconf 90' lang='lat' dir='ltr'><strong>ciliis</strong></span> <span class='ocrx_word' id='word_1_399' title='bbox 719 5323 984 5378; x_wconf 84' lang='lat' dir='ltr'><strong>Africanis</strong></span> <span class='ocrx_word' id='word_1_400' title='bbox 1033 5321 1300 5389; x_wconf 90' lang='lat' dir='ltr'><strong>scientia,</strong></span> <span class='ocrx_word' id='word_1_401' title='bbox 1360 5331 1414 5375; x_wconf 90' lang='lat' dir='ltr'><strong>et</strong></span> <span class='ocrx_word' id='word_1_402' title='bbox 1473 5319 1699 5385; x_wconf 86' lang='lat' dir='ltr'><strong>labore,</strong></span> <span class='ocrx_word' id='word_1_403' title='bbox 1763 5335 1827 5374; x_wconf 90' lang='lat' dir='ltr'><strong>ac</strong></span> <span class='ocrx_word' id='word_1_404' title='bbox 1869 5319 2150 5392; x_wconf 85' lang='lat' dir='ltr'><strong>vigilantia</strong></span> 
     </span>
    </p>
   </div>
   <div class='ocr_carea' id='block_1_58' title="bbox 538 5411 2150 5485">
    <p class='ocr_par' dir='ltr' id='par_1_58' title="bbox 538 5411 2150 5485">
     <span class='ocr_line' id='line_1_58' title="bbox 538 5411 2150 5485; baseline -0.003 -14"><span class='ocrx_word' id='word_1_405' title='bbox 538 5417 714 5485; x_wconf 88' lang='lat' dir='ltr'><strong>major</strong></span> <span class='ocrx_word' id='word_1_406' title='bbox 734 5415 964 5481; x_wconf 87' lang='lat' dir='ltr'><strong>exstitit,</strong></span> <span class='ocrx_word' id='word_1_407' title='bbox 998 5428 1348 5485; x_wconf 89' lang='lat' dir='ltr'><strong>nequaquam</strong></span> <span class='ocrx_word' id='word_1_408' title='bbox 1401 5413 1730 5467; x_wconf 90' lang='lat' dir='ltr'><strong>invenimus.</strong></span> <span class='ocrx_word' id='word_1_409' title='bbox 1788 5411 1916 5466; x_wconf 86' lang='lat' dir='ltr'><strong>Nam</strong></span> <span class='ocrx_word' id='word_1_410' title='bbox 1950 5421 2005 5466; x_wconf 91' lang='lat' dir='ltr'><strong>et</strong></span> <span class='ocrx_word' id='word_1_411' title='bbox 2034 5413 2150 5482; x_wconf 91' lang='lat' dir='ltr'><strong>ipse</strong></span> 
     </span>
    </p>
   </div>
   <div class='ocr_carea' id='block_1_59' title="bbox 536 5500 2150 5577">
    <p class='ocr_par' dir='ltr' id='par_1_59' title="bbox 536 5500 2150 5577">
     <span class='ocr_line' id='line_1_59' title="bbox 536 5500 2150 5577; baseline -0.003 -19"><span class='ocrx_word' id='word_1_412' title='bbox 536 5513 756 5560; x_wconf 91' lang='lat' dir='ltr'><strong>sanctus</strong></span> <span class='ocrx_word' id='word_1_413' title='bbox 811 5504 1146 5577; x_wconf 82' lang='lat' dir='ltr'><strong>Augustinus</strong></span> <span class='ocrx_word' id='word_1_414' title='bbox 1197 5515 1306 5554; x_wconf 91' lang='lat' dir='ltr'><strong>non</strong></span> <span class='ocrx_word' id='word_1_415' title='bbox 1352 5501 1539 5556; x_wconf 81' lang='lat' dir='ltr'><strong>solum</strong></span> <span class='ocrx_word' id='word_1_416' title='bbox 1585 5516 1643 5554; x_wconf 92' lang='lat' dir='ltr'><strong>se</strong></span> <span class='ocrx_word' id='word_1_417' title='bbox 1705 5501 1917 5554; x_wconf 67' lang='lat' dir='ltr'><strong>caeteris</strong></span> <span class='ocrx_word' id='word_1_418' title='bbox 1963 5500 2150 5570; x_wconf 89' lang='lat' dir='ltr'><strong>coepi-</strong></span> 
     </span>
    </p>
   </div>
   <div class='ocr_carea' id='block_1_60' title="bbox 534 5594 2144 5669">
    <p class='ocr_par' dir='ltr' id='par_1_60' title="bbox 534 5594 2144 5669">
     <span class='ocr_line' id='line_1_60' title="bbox 534 5594 2144 5669; baseline -0.002 -17"><span class='ocrx_word' id='word_1_419' title='bbox 534 5599 737 5669; x_wconf 90' lang='lat' dir='ltr'><strong>scopis,</strong></span> <span class='ocrx_word' id='word_1_420' title='bbox 792 5599 1053 5668; x_wconf 89' lang='lat' dir='ltr'><strong>privatam</strong></span> <span class='ocrx_word' id='word_1_421' title='bbox 1106 5594 1333 5668; x_wconf 76' lang='lat' dir='ltr'><strong>gloriam</strong></span> <span class='ocrx_word' id='word_1_422' title='bbox 1387 5609 1660 5665; x_wconf 68' lang='lat' dir='ltr'><strong>quzerens,</strong></span> <span class='ocrx_word' id='word_1_423' title='bbox 1714 5608 1822 5647; x_wconf 90' lang='lat' dir='ltr'><strong>non</strong></span> <span class='ocrx_word' id='word_1_424' title='bbox 1884 5594 2144 5664; x_wconf 68' lang='lat' dir='ltr'><strong>przetulit.</strong></span> 
     </span>
    </p>
   </div>
   <div class='ocr_carea' id='block_1_61' title="bbox 532 5679 2147 5760">
    <p class='ocr_par' dir='ltr' id='par_1_61' title="bbox 532 5679 2147 5760">
     <span class='ocr_line' id='line_1_61' title="bbox 532 5679 2147 5760; baseline -0.006 -17"><span class='ocrx_word' id='word_1_425' title='bbox 532 5704 635 5743; x_wconf 91' lang='lat' dir='ltr'><strong>nec</strong></span> <span class='ocrx_word' id='word_1_426' title='bbox 683 5685 927 5760; x_wconf 56' lang='lat' dir='ltr'><strong>praeferri</strong></span> <span class='ocrx_word' id='word_1_427' title='bbox 976 5681 1228 5756; x_wconf 86' lang='lat' dir='ltr'><strong>permisit</strong></span> <span class='ocrx_word' id='word_1_428' title='bbox 1275 5698 1289 5745; x_wconf 91' lang='lat'><strong>;</strong></span> <span class='ocrx_word' id='word_1_429' title='bbox 1351 5699 1539 5738; x_wconf 90' lang='lat' dir='ltr'><strong>verum</strong></span> <span class='ocrx_word' id='word_1_430' title='bbox 1589 5697 1649 5736; x_wconf 87' lang='lat' dir='ltr'><strong>se</strong></span> <span class='ocrx_word' id='word_1_431' title='bbox 1675 5679 1797 5734; x_wconf 90' lang='lat' dir='ltr'><strong>aliis</strong></span> <span class='ocrx_word' id='word_1_432' title='bbox 1835 5681 2147 5752; x_wconf 89' lang='lat' dir='ltr'><strong>supposuit,</strong></span> 
     </span>
    </p>
   </div>
   <div class='ocr_carea' id='block_1_62' title="bbox 2219 516 3837 588">
    <p class='ocr_par' dir='ltr' id='par_1_62' title="bbox 2219 516 3837 588">
     <span class='ocr_line' id='line_1_62' title="bbox 2219 516 3837 588; baseline 0.002 -17"><span class='ocrx_word' id='word_1_433' title='bbox 2219 517 2287 571; x_wconf 91' lang='lat' dir='ltr'><strong>ad</strong></span> <span class='ocrx_word' id='word_1_434' title='bbox 2311 526 2561 572; x_wconf 88' lang='lat' dir='ltr'><strong>sanctum</strong></span> <span class='ocrx_word' id='word_1_435' title='bbox 2597 516 2980 571; x_wconf 86' lang='lat' dir='ltr'><strong>Innocentium</strong></span> <span class='ocrx_word' id='word_1_436' title='bbox 3033 533 3233 587; x_wconf 90' lang='lat' dir='ltr'><strong>papam</strong></span> <span class='ocrx_word' id='word_1_437' title='bbox 3265 517 3524 588; x_wconf 89' lang='lat' dir='ltr'><strong>scriptis,</strong></span> <span class='ocrx_word' id='word_1_438' title='bbox 3556 525 3611 572; x_wconf 92' lang='lat' dir='ltr'><strong>et</strong></span> <span class='ocrx_word' id='word_1_439' title='bbox 3631 518 3696 572; x_wconf 91' lang='lat' dir='ltr'><strong>ad</strong></span> <span class='ocrx_word' id='word_1_440' title='bbox 3725 519 3837 574; x_wconf 88' lang='lat' dir='ltr'><strong>alios</strong></span> 
     </span>
    </p>
   </div>
   <div class='ocr_carea' id='block_1_63' title="bbox 2219 605 3834 677">
    <p class='ocr_par' dir='ltr' id='par_1_63' title="bbox 2219 605 3834 677">
     <span class='ocr_line' id='line_1_63' title="bbox 2219 605 3834 677; baseline 0.002 -17"><span class='ocrx_word' id='word_1_441' title='bbox 2219 607 2534 677; x_wconf 72' lang='lat' dir='ltr'><strong>apostolica:</strong></span> <span class='ocrx_word' id='word_1_442' title='bbox 2589 605 2737 660; x_wconf 89' lang='lat' dir='ltr'><strong>sedis</strong></span> <span class='ocrx_word' id='word_1_443' title='bbox 2781 605 3046 676; x_wconf 66' lang='lat' dir='ltr'><strong>praesules</strong></span> <span class='ocrx_word' id='word_1_444' title='bbox 3104 608 3376 672; x_wconf 71' lang='lat' dir='ltr'><strong>(Aucusr.</strong></span> <span class='ocrx_word' id='word_1_445' title='bbox 3430 609 3591 674; x_wconf 81' lang='lat' dir='ltr'><strong>epist.</strong></span> <span class='ocrx_word' id='word_1_446' title='bbox 3637 608 3721 669; x_wconf 87' lang='lat'><strong>90,</strong></span> <span class='ocrx_word' id='word_1_447' title='bbox 3765 611 3834 668; x_wconf 74' lang='lat'><strong>92.</strong></span> 
     </span>
    </p>
   </div>
   <div class='ocr_carea' id='block_1_64' title="bbox 2220 697 3836 770">
    <p class='ocr_par' dir='ltr' id='par_1_64' title="bbox 2220 697 3836 770">
     <span class='ocr_line' id='line_1_64' title="bbox 2220 697 3836 770; baseline 0.001 -17"><span class='ocrx_word' id='word_1_448' title='bbox 2220 699 2332 765; x_wconf 86' lang='lat'><strong>95),</strong></span> <span class='ocrx_word' id='word_1_449' title='bbox 2363 698 2454 769; x_wconf 92' lang='lat' dir='ltr'><strong>qui</strong></span> <span class='ocrx_word' id='word_1_450' title='bbox 2515 697 2700 770; x_wconf 88' lang='lat' dir='ltr'><strong>legere</strong></span> <span class='ocrx_word' id='word_1_451' title='bbox 2747 697 3003 762; x_wconf 91' lang='lat' dir='ltr'><strong>voluerit,</strong></span> <span class='ocrx_word' id='word_1_452' title='bbox 3055 697 3319 752; x_wconf 90' lang='lat' dir='ltr'><strong>invenire</strong></span> <span class='ocrx_word' id='word_1_453' title='bbox 3361 697 3601 753; x_wconf 87' lang='lat' dir='ltr'><strong>valebit.</strong></span> <span class='ocrx_word' id='word_1_454' title='bbox 3657 699 3758 755; x_wconf 85' lang='lat' dir='ltr'><strong>Nec</strong></span> <span class='ocrx_word' id='word_1_455' title='bbox 3785 701 3836 755; x_wconf 89' lang='lat' dir='ltr'><strong>de</strong></span> 
     </span>
    </p>
   </div>
   <div class='ocr_carea' id='block_1_65' title="bbox 2220 792 3836 866">
    <p class='ocr_par' dir='ltr' id='par_1_65' title="bbox 2220 792 3836 866">
     <span class='ocr_line' id='line_1_65' title="bbox 2220 792 3836 866; baseline 0 -18"><span class='ocrx_word' id='word_1_456' title='bbox 2220 792 2332 848; x_wconf 90' lang='lat' dir='ltr'><strong>ullo</strong></span> <span class='ocrx_word' id='word_1_457' title='bbox 2365 793 2752 864; x_wconf 89' lang='lat' dir='ltr'><strong>episcoporum</strong></span> <span class='ocrx_word' id='word_1_458' title='bbox 2799 793 2853 846; x_wconf 93' lang='lat' dir='ltr'><strong>in</strong></span> <span class='ocrx_word' id='word_1_459' title='bbox 2899 793 3026 848; x_wconf 93' lang='lat' dir='ltr'><strong>ullis</strong></span> <span class='ocrx_word' id='word_1_460' title='bbox 3071 793 3339 848; x_wconf 90' lang='lat' dir='ltr'><strong>conciliis</strong></span> <span class='ocrx_word' id='word_1_461' title='bbox 3389 794 3563 848; x_wconf 85' lang='lat' dir='ltr'><strong>aliter</strong></span> <span class='ocrx_word' id='word_1_462' title='bbox 3611 795 3836 866; x_wconf 83' lang='lat' dir='ltr'><strong>legimus,</strong></span> 
     </span>
    </p>
   </div>
   <div class='ocr_carea' id='block_1_66' title="bbox 2221 883 3834 954">
    <p class='ocr_par' dir='ltr' id='par_1_66' title="bbox 2221 883 3834 954">
     <span class='ocr_line' id='line_1_66' title="bbox 2221 883 3834 954; baseline 0.001 -16"><span class='ocrx_word' id='word_1_463' title='bbox 2221 884 2323 938; x_wconf 89' lang='lat' dir='ltr'><strong>nisi</strong></span> <span class='ocrx_word' id='word_1_464' title='bbox 2379 883 2514 938; x_wconf 91' lang='lat' dir='ltr'><strong>forte</strong></span> <span class='ocrx_word' id='word_1_465' title='bbox 2589 884 2904 954; x_wconf 73' lang='lat' dir='ltr'><strong>apostolicae</strong></span> <span class='ocrx_word' id='word_1_466' title='bbox 2975 883 3165 938; x_wconf 74' lang='lat' dir='ltr'><strong>litterae</strong></span> <span class='ocrx_word' id='word_1_467' title='bbox 3245 892 3492 954; x_wconf 90' lang='lat' dir='ltr'><strong>propter</strong></span> <span class='ocrx_word' id='word_1_468' title='bbox 3551 884 3834 939; x_wconf 86' lang='lat' dir='ltr'><strong>evidentem</strong></span> 
     </span>
    </p>
   </div>
   <div class='ocr_carea' id='block_1_67' title="bbox 2220 971 3833 1046">
    <p class='ocr_par' dir='ltr' id='par_1_67' title="bbox 2220 971 3833 1046">
     <span class='ocr_line' id='line_1_67' title="bbox 2220 971 3833 1046; baseline 0.001 -20"><span class='ocrx_word' id='word_1_469' title='bbox 2220 988 2441 1026; x_wconf 86' lang='lat' dir='ltr'><strong>causam</strong></span> <span class='ocrx_word' id='word_1_470' title='bbox 2474 973 2712 1044; x_wconf 89' lang='lat' dir='ltr'><strong>aliquem</strong></span> <span class='ocrx_word' id='word_1_471' title='bbox 2773 973 3237 1042; x_wconf 88' lang='lat' dir='ltr'><strong>coepiscoporum</strong></span> <span class='ocrx_word' id='word_1_472' title='bbox 3277 971 3352 1025; x_wconf 92' lang='lat' dir='ltr'><strong>ad</strong></span> <span class='ocrx_word' id='word_1_473' title='bbox 3417 973 3528 1027; x_wconf 90' lang='lat' dir='ltr'><strong>hoc</strong></span> <span class='ocrx_word' id='word_1_474' title='bbox 3582 975 3833 1046; x_wconf 85' lang='lat' dir='ltr'><strong>negotium</strong></span> 
     </span>
    </p>
   </div>
   <div class='ocr_carea' id='block_1_68' title="bbox 2220 1060 3835 1135">
    <p class='ocr_par' dir='ltr' id='par_1_68' title="bbox 2220 1060 3835 1135">
     <span class='ocr_line' id='line_1_68' title="bbox 2220 1060 3835 1135; baseline 0.001 -20"><span class='ocrx_word' id='word_1_475' title='bbox 2220 1077 2344 1115; x_wconf 92' lang='lat' dir='ltr'><strong>cum</strong></span> <span class='ocrx_word' id='word_1_476' title='bbox 2403 1061 2819 1132; x_wconf 86' lang='lat' dir='ltr'><strong>archiepiseOpo</strong></span> <span class='ocrx_word' id='word_1_477' title='bbox 2871 1076 2970 1116; x_wconf 89' lang='lat' dir='ltr'><strong>suo</strong></span> <span class='ocrx_word' id='word_1_478' title='bbox 3017 1076 3082 1114; x_wconf 88' lang='lat' dir='ltr'><strong>ex</strong></span> <span class='ocrx_word' id='word_1_479' title='bbox 3143 1060 3392 1115; x_wconf 89' lang='lat' dir='ltr'><strong>nomine</strong></span> <span class='ocrx_word' id='word_1_480' title='bbox 3440 1061 3718 1135; x_wconf 88' lang='lat' dir='ltr'><strong>designari</strong></span> <span class='ocrx_word' id='word_1_481' title='bbox 3757 1062 3835 1116; x_wconf 86' lang='lat' dir='ltr'><strong>de-</strong></span> 
     </span>
    </p>
   </div>
   <div class='ocr_carea' id='block_1_69' title="bbox 2221 1152 3831 1224">
    <p class='ocr_par' dir='ltr' id='par_1_69' title="bbox 2221 1152 3831 1224">
     <span class='ocr_line' id='line_1_69' title="bbox 2221 1152 3831 1224; baseline 0 -19"><span class='ocrx_word' id='word_1_482' title='bbox 2221 1153 2516 1220; x_wconf 81' lang='lat' dir='ltr'><strong>creverint,</strong></span> <span class='ocrx_word' id='word_1_483' title='bbox 2567 1152 2710 1208; x_wconf 91' lang='lat' dir='ltr'><strong>sicut</strong></span> <span class='ocrx_word' id='word_1_484' title='bbox 2758 1153 2827 1206; x_wconf 95' lang='lat' dir='ltr'><strong>de</strong></span> <span class='ocrx_word' id='word_1_485' title='bbox 2905 1152 3400 1224; x_wconf 82' lang='lat' dir='ltr'><strong>Augustidunensi</strong></span> <span class='ocrx_word' id='word_1_486' title='bbox 3485 1153 3741 1223; x_wconf 89' lang='lat' dir='ltr'><strong>episcopo</strong></span> <span class='ocrx_word' id='word_1_487' title='bbox 3791 1155 3831 1206; x_wconf 91' lang='lat' dir='ltr'><strong>in</strong></span> 
     </span>
    </p>
   </div>
   <div class='ocr_carea' id='block_1_70' title="bbox 2225 1244 3833 1319">
    <p class='ocr_par' dir='ltr' id='par_1_70' title="bbox 2225 1244 3833 1319">
     <span class='ocr_line' id='line_1_70' title="bbox 2225 1244 3833 1319; baseline 0.001 -21"><span class='ocrx_word' id='word_1_488' title='bbox 2225 1245 2474 1315; x_wconf 88' lang='lat' dir='ltr'><strong>epistolis</strong></span> <span class='ocrx_word' id='word_1_489' title='bbox 2517 1245 2663 1300; x_wconf 89' lang='lat' dir='ltr'><strong>beati</strong></span> <span class='ocrx_word' id='word_1_490' title='bbox 2711 1245 2959 1318; x_wconf 84' lang='lat' dir='ltr'><strong>Gregorii</strong></span> <span class='ocrx_word' id='word_1_491' title='bbox 2999 1244 3264 1319; x_wconf 88' lang='lat' dir='ltr'><strong>legimus.</strong></span> <span class='ocrx_word' id='word_1_492' title='bbox 3304 1244 3534 1308; x_wconf 84' lang='lat' dir='ltr'><strong>Quanto</strong></span> <span class='ocrx_word' id='word_1_493' title='bbox 3562 1245 3728 1319; x_wconf 88' lang='lat' dir='ltr'><strong>magis</strong></span> <span class='ocrx_word' id='word_1_494' title='bbox 3753 1245 3833 1299; x_wconf 87' lang='lat' dir='ltr'><strong>iste</strong></span> 
     </span>
    </p>
   </div>
   <div class='ocr_carea' id='block_1_71' title="bbox 2227 1334 3830 1410">
    <p class='ocr_par' dir='ltr' id='par_1_71' title="bbox 2227 1334 3830 1410">
     <span class='ocr_line' id='line_1_71' title="bbox 2227 1334 3830 1410; baseline 0.001 -23"><span class='ocrx_word' id='word_1_495' title='bbox 2227 1335 2537 1410; x_wconf 88' lang='lat' dir='ltr'><strong>religiosus,</strong></span> <span class='ocrx_word' id='word_1_496' title='bbox 2589 1343 2644 1390; x_wconf 90' lang='lat' dir='ltr'><strong>et</strong></span> <span class='ocrx_word' id='word_1_497' title='bbox 2691 1336 2772 1390; x_wconf 89' lang='lat' dir='ltr'><strong>vir</strong></span> <span class='ocrx_word' id='word_1_498' title='bbox 2816 1343 3008 1389; x_wconf 90' lang='lat' dir='ltr'><strong>cautus</strong></span> <span class='ocrx_word' id='word_1_499' title='bbox 3064 1335 3118 1388; x_wconf 92' lang='lat' dir='ltr'><strong>in</strong></span> <span class='ocrx_word' id='word_1_500' title='bbox 3189 1334 3531 1403; x_wconf 87' lang='lat' dir='ltr'><strong>hujusmodi</strong></span> <span class='ocrx_word' id='word_1_501' title='bbox 3570 1351 3629 1390; x_wconf 92' lang='lat' dir='ltr'><strong>se</strong></span> <span class='ocrx_word' id='word_1_502' title='bbox 3669 1335 3830 1390; x_wconf 74' lang='lat' dir='ltr'><strong>efferre</strong></span> 
     </span>
    </p>
   </div>
   <div class='ocr_carea' id='block_1_72' title="bbox 2227 1422 3833 1495">
    <p class='ocr_par' dir='ltr' id='par_1_72' title="bbox 2227 1422 3833 1495">
     <span class='ocr_line' id='line_1_72' title="bbox 2227 1422 3833 1495; baseline -0.001 -18"><span class='ocrx_word' id='word_1_503' title='bbox 2227 1424 2512 1491; x_wconf 92' lang='lat' dir='ltr'><strong>noluisset,</strong></span> <span class='ocrx_word' id='word_1_504' title='bbox 2573 1434 2670 1480; x_wconf 91' lang='lat' dir='ltr'><strong>aut</strong></span> <span class='ocrx_word' id='word_1_505' title='bbox 2722 1425 2967 1495; x_wconf 70' lang='lat' dir='ltr'><strong>praeferri</strong></span> <span class='ocrx_word' id='word_1_506' title='bbox 3008 1425 3317 1495; x_wconf 87' lang='lat' dir='ltr'><strong>despectis,</strong></span> <span class='ocrx_word' id='word_1_507' title='bbox 3388 1441 3455 1478; x_wconf 93' lang='lat' dir='ltr'><strong>ac</strong></span> <span class='ocrx_word' id='word_1_508' title='bbox 3488 1422 3833 1495; x_wconf 72' lang='lat' dir='ltr'><strong>praetermissis</strong></span> 
     </span>
    </p>
   </div>
   <div class='ocr_carea' id='block_1_73' title="bbox 2225 1514 3830 1587">
    <p class='ocr_par' dir='ltr' id='par_1_73' title="bbox 2225 1514 3830 1587">
     <span class='ocr_line' id='line_1_73' title="bbox 2225 1514 3830 1587; baseline -0.002 -18"><span class='ocrx_word' id='word_1_509' title='bbox 2225 1517 2436 1570; x_wconf 76' lang='lat' dir='ltr'><strong>caeteris</strong></span> <span class='ocrx_word' id='word_1_510' title='bbox 2463 1517 2828 1587; x_wconf 87' lang='lat' dir='ltr'><strong>coepiscopis,</strong></span> <span class='ocrx_word' id='word_1_511' title='bbox 2874 1516 3216 1587; x_wconf 91' lang='lat' dir='ltr'><strong>permisisset</strong></span> <span class='ocrx_word' id='word_1_512' title='bbox 3260 1515 3292 1569; x_wconf 85' lang='lat'><strong>?</strong></span> <span class='ocrx_word' id='word_1_513' title='bbox 3327 1515 3445 1571; x_wconf 77' lang='lat' dir='ltr'><strong>Hoc</strong></span> <span class='ocrx_word' id='word_1_514' title='bbox 3477 1515 3705 1584; x_wconf 90' lang='lat' dir='ltr'><strong>accedit,</strong></span> <span class='ocrx_word' id='word_1_515' title='bbox 3725 1514 3830 1585; x_wconf 88' lang='lat' dir='ltr'><strong>quia</strong></span> 
     </span>
    </p>
   </div>
   <div class='ocr_carea' id='block_1_74' title="bbox 2227 1610 3828 1678">
    <p class='ocr_par' dir='ltr' id='par_1_74' title="bbox 2227 1610 3828 1678">
     <span class='ocr_line' id='line_1_74' title="bbox 2227 1610 3828 1678; baseline -0.001 -14"><span class='ocrx_word' id='word_1_516' title='bbox 2227 1610 2416 1665; x_wconf 88' lang='lat' dir='ltr'><strong>fratres</strong></span> <span class='ocrx_word' id='word_1_517' title='bbox 2476 1612 2662 1678; x_wconf 88' lang='lat' dir='ltr'><strong>nostri,</strong></span> <span class='ocrx_word' id='word_1_518' title='bbox 2736 1621 2791 1666; x_wconf 92' lang='lat' dir='ltr'><strong>et</strong></span> <span class='ocrx_word' id='word_1_519' title='bbox 2845 1610 3277 1668; x_wconf 89' lang='lat' dir='ltr'><strong>consacerdotes</strong></span> <span class='ocrx_word' id='word_1_520' title='bbox 3349 1612 3526 1666; x_wconf 91' lang='lat' dir='ltr'><strong>surda</strong></span> <span class='ocrx_word' id='word_1_521' title='bbox 3585 1627 3707 1665; x_wconf 89' lang='lat' dir='ltr'><strong>aure</strong></span> <span class='ocrx_word' id='word_1_522' title='bbox 3743 1625 3828 1664; x_wconf 88' lang='lat' dir='ltr'><strong>non</strong></span> 
     </span>
    </p>
   </div>
   <div class='ocr_carea' id='block_1_75' title="bbox 2228 1700 3827 1759">
    <p class='ocr_par' dir='ltr' id='par_1_75' title="bbox 2228 1700 3827 1759">
     <span class='ocr_line' id='line_1_75' title="bbox 2228 1700 3827 1759; baseline -0.003 -1"><span class='ocrx_word' id='word_1_523' title='bbox 2228 1704 2549 1758; x_wconf 90' lang='lat' dir='ltr'><strong>debuissent</strong></span> <span class='ocrx_word' id='word_1_524' title='bbox 2605 1704 2838 1758; x_wconf 89' lang='lat' dir='ltr'><strong>transire</strong></span> <span class='ocrx_word' id='word_1_525' title='bbox 2897 1704 3213 1759; x_wconf 88' lang='lat' dir='ltr'><strong>Salomonis</strong></span> <span class='ocrx_word' id='word_1_526' title='bbox 3285 1703 3508 1758; x_wconf 85' lang='lat' dir='ltr'><strong>dictum</strong></span> <span class='ocrx_word' id='word_1_527' title='bbox 3561 1700 3827 1757; x_wconf 90' lang='lat' dir='ltr'><strong>commoni-</strong></span> 
     </span>
    </p>
   </div>
   <div class='ocr_carea' id='block_1_76' title="bbox 2226 1795 3827 1869">
    <p class='ocr_par' dir='ltr' id='par_1_76' title="bbox 2226 1795 3827 1869">
     <span class='ocr_line' id='line_1_76' title="bbox 2226 1795 3827 1869; baseline -0.005 -16"><span class='ocrx_word' id='word_1_528' title='bbox 2226 1797 2382 1864; x_wconf 88' lang='lat' dir='ltr'><strong>toris,</strong></span> <span class='ocrx_word' id='word_1_529' title='bbox 2415 1799 2460 1852; x_wconf 88' lang='lat' dir='ltr'><strong>si</strong></span> <span class='ocrx_word' id='word_1_530' title='bbox 2501 1816 2565 1852; x_wconf 91' lang='lat' dir='ltr'><strong>ex</strong></span> <span class='ocrx_word' id='word_1_531' title='bbox 2594 1800 2772 1866; x_wconf 89' lang='lat' dir='ltr'><strong>nobis,</strong></span> <span class='ocrx_word' id='word_1_532' title='bbox 2812 1809 2904 1854; x_wconf 91' lang='lat' dir='ltr'><strong>aut</strong></span> <span class='ocrx_word' id='word_1_533' title='bbox 2948 1800 3163 1866; x_wconf 87' lang='lat' dir='ltr'><strong>auditu,</strong></span> <span class='ocrx_word' id='word_1_534' title='bbox 3217 1801 3554 1869; x_wconf 87' lang='lat' dir='ltr'><strong>autscripto</strong></span> <span class='ocrx_word' id='word_1_535' title='bbox 3603 1795 3827 1868; x_wconf 87' lang='lat' dir='ltr'><strong>quiddam</strong></span> 
     </span>
    </p>
   </div>
   <div class='ocr_carea' id='block_1_77' title="bbox 2227 1881 3823 1959">
    <p class='ocr_par' dir='ltr' id='par_1_77' title="bbox 2227 1881 3823 1959">
     <span class='ocr_line' id='line_1_77' title="bbox 2227 1881 3823 1959; baseline -0.003 -19"><span class='ocrx_word' id='word_1_536' title='bbox 2227 1887 2433 1941; x_wconf 92' lang='lat' dir='ltr'><strong>sinistri</strong></span> <span class='ocrx_word' id='word_1_537' title='bbox 2489 1898 2701 1943; x_wconf 89' lang='lat' dir='ltr'><strong>secreto</strong></span> <span class='ocrx_word' id='word_1_538' title='bbox 2763 1889 3126 1959; x_wconf 88' lang='lat' dir='ltr'><strong>accepissent,</strong></span> <span class='ocrx_word' id='word_1_539' title='bbox 3193 1898 3258 1943; x_wconf 92' lang='lat' dir='ltr'><strong>ut</strong></span> <span class='ocrx_word' id='word_1_540' title='bbox 3310 1903 3660 1958; x_wconf 66' lang='lat' dir='ltr'><strong>praepropere</strong></span> <span class='ocrx_word' id='word_1_541' title='bbox 3717 1881 3823 1937; x_wconf 89' lang='lat' dir='ltr'><strong>illud</strong></span> 
     </span>
    </p>
   </div>
   <div class='ocr_carea' id='block_1_78' title="bbox 2233 1973 3825 2050">
    <p class='ocr_par' dir='ltr' id='par_1_78' title="bbox 2233 1973 3825 2050">
     <span class='ocr_line' id='line_1_78' title="bbox 2233 1973 3825 2050; baseline -0.003 -20"><span class='ocrx_word' id='word_1_542' title='bbox 2233 1977 2287 2030; x_wconf 92' lang='lat' dir='ltr'><strong>in</strong></span> <span class='ocrx_word' id='word_1_543' title='bbox 2309 1977 2589 2047; x_wconf 90' lang='lat' dir='ltr'><strong>publicum</strong></span> <span class='ocrx_word' id='word_1_544' title='bbox 2613 1994 2945 2050; x_wconf 91' lang='lat' dir='ltr'><strong>quacunque</strong></span> <span class='ocrx_word' id='word_1_545' title='bbox 2963 1978 3279 2033; x_wconf 89' lang='lat' dir='ltr'><strong>mobilitate</strong></span> <span class='ocrx_word' id='word_1_546' title='bbox 3315 1986 3508 2033; x_wconf 90' lang='lat' dir='ltr'><strong>nostra</strong></span> <span class='ocrx_word' id='word_1_547' title='bbox 3532 1977 3657 2031; x_wconf 87' lang='lat' dir='ltr'><strong>moti</strong></span> <span class='ocrx_word' id='word_1_548' title='bbox 3688 1973 3825 2043; x_wconf 87' lang='lat' dir='ltr'><strong>(unde</strong></span> 
     </span>
    </p>
   </div>
   <div class='ocr_carea' id='block_1_79' title="bbox 2235 2067 3821 2141">
    <p class='ocr_par' dir='ltr' id='par_1_79' title="bbox 2235 2067 3821 2141">
     <span class='ocr_line' id='line_1_79' title="bbox 2235 2067 3821 2141; baseline -0.003 -19"><span class='ocrx_word' id='word_1_549' title='bbox 2235 2084 2343 2124; x_wconf 91' lang='lat' dir='ltr'><strong>non</strong></span> <span class='ocrx_word' id='word_1_550' title='bbox 2388 2086 2579 2124; x_wconf 86' lang='lat' dir='ltr'><strong>sumus</strong></span> <span class='ocrx_word' id='word_1_551' title='bbox 2628 2071 2857 2137; x_wconf 91' lang='lat' dir='ltr'><strong>conscii)</strong></span> <span class='ocrx_word' id='word_1_552' title='bbox 2890 2071 2958 2125; x_wconf 90' lang='lat' dir='ltr'><strong>ad</strong></span> <span class='ocrx_word' id='word_1_553' title='bbox 2986 2071 3392 2126; x_wconf 87' lang='lat' dir='ltr'><strong>contentiones</strong></span> <span class='ocrx_word' id='word_1_554' title='bbox 3429 2078 3484 2124; x_wconf 91' lang='lat' dir='ltr'><strong>et</strong></span> <span class='ocrx_word' id='word_1_555' title='bbox 3518 2067 3687 2141; x_wconf 89' lang='lat' dir='ltr'><strong>jurgia</strong></span> <span class='ocrx_word' id='word_1_556' title='bbox 3714 2079 3821 2136; x_wconf 84' lang='lat' dir='ltr'><strong>pro-</strong></span> 
     </span>
    </p>
   </div>
   <div class='ocr_carea' id='block_1_80' title="bbox 2236 2158 3830 2230">
    <p class='ocr_par' dir='ltr' id='par_1_80' title="bbox 2236 2158 3830 2230">
     <span class='ocr_line' id='line_1_80' title="bbox 2236 2158 3830 2230; baseline -0.006 -16"><span class='ocrx_word' id='word_1_557' title='bbox 2236 2160 2504 2230; x_wconf 91' lang='lat' dir='ltr'><strong>palarent.</strong></span> <span class='ocrx_word' id='word_1_558' title='bbox 2582 2162 2667 2216; x_wconf 88' lang='lat' dir='ltr'><strong>Ait</strong></span> <span class='ocrx_word' id='word_1_559' title='bbox 2713 2161 2861 2215; x_wconf 90' lang='lat' dir='ltr'><strong>enim</strong></span> <span class='ocrx_word' id='word_1_560' title='bbox 2896 2179 2908 2214; x_wconf 93' lang='lat'>:</span> <span class='ocrx_word' id='word_1_561' title='bbox 2943 2162 3069 2228; x_wconf 72' lang='lat' dir='ltr'><strong>Qua:</strong></span> <span class='ocrx_word' id='word_1_562' title='bbox 3125 2162 3399 2215; x_wconf 80' lang='lat' dir='ltr'><strong>viderunt</strong></span> <span class='ocrx_word' id='word_1_563' title='bbox 3459 2158 3600 2215; x_wconf 79' lang='lat' dir='ltr'><strong>oculi</strong></span> <span class='ocrx_word' id='word_1_564' title='bbox 3644 2158 3734 2222; x_wconf 84' lang='lat' dir='ltr'><strong>tui,</strong></span> <span class='ocrx_word' id='word_1_565' title='bbox 3780 2169 3830 2206; x_wconf 80' lang='lat' dir='ltr'><strong>ne</strong></span> 
     </span>
    </p>
   </div>
   <div class='ocr_carea' id='block_1_81' title="bbox 2230 2249 3824 2323">
    <p class='ocr_par' dir='ltr' id='par_1_81' title="bbox 2230 2249 3824 2323">
     <span class='ocr_line' id='line_1_81' title="bbox 2230 2249 3824 2323; baseline -0.004 -18"><span class='ocrx_word' id='word_1_566' title='bbox 2230 2254 2480 2321; x_wconf 81' lang='lat' dir='ltr'><strong>proferas</strong></span> <span class='ocrx_word' id='word_1_567' title='bbox 2535 2256 2592 2307; x_wconf 86' lang='lat' dir='ltr'><strong>in</strong></span> <span class='ocrx_word' id='word_1_568' title='bbox 2649 2254 2836 2322; x_wconf 82' lang='lat' dir='ltr'><strong>jurgia</strong></span> <span class='ocrx_word' id='word_1_569' title='bbox 2885 2257 3009 2320; x_wconf 87' lang='lat' dir='ltr'><strong>cito,</strong></span> <span class='ocrx_word' id='word_1_570' title='bbox 3066 2268 3132 2307; x_wconf 83' lang='lat' dir='ltr'><strong>ne</strong></span> <span class='ocrx_word' id='word_1_571' title='bbox 3175 2257 3382 2323; x_wconf 84' lang='lat' dir='ltr'><strong>postea</strong></span> <span class='ocrx_word' id='word_1_572' title='bbox 3441 2249 3708 2306; x_wconf 85' lang='lat' dir='ltr'><strong>emendare</strong></span> <span class='ocrx_word' id='word_1_573' title='bbox 3743 2260 3824 2299; x_wconf 85' lang='lat' dir='ltr'><strong>non</strong></span> 
     </span>
    </p>
   </div>
   <div class='ocr_carea' id='block_1_82' title="bbox 2231 2341 3823 2410">
    <p class='ocr_par' dir='ltr' id='par_1_82' title="bbox 2231 2341 3823 2410">
     <span class='ocr_line' id='line_1_82' title="bbox 2231 2341 3823 2410; baseline -0.001 -15"><span class='ocrx_word' id='word_1_574' title='bbox 2231 2344 2431 2410; x_wconf 85' lang='lat' dir='ltr'><strong>possis,</strong></span> <span class='ocrx_word' id='word_1_575' title='bbox 2463 2357 2581 2395; x_wconf 87' lang='lat' dir='ltr'><strong>cum</strong></span> <span class='ocrx_word' id='word_1_576' title='bbox 2611 2342 3043 2396; x_wconf 70' lang='lat' dir='ltr'><strong>de/ionestaveris</strong></span> <span class='ocrx_word' id='word_1_577' title='bbox 3075 2344 3327 2396; x_wconf 85' lang='lat' dir='ltr'><strong>amicum</strong></span> <span class='ocrx_word' id='word_1_578' title='bbox 3357 2346 3512 2396; x_wconf 83' lang='lat' dir='ltr'><strong>tuum</strong></span> <span class='ocrx_word' id='word_1_579' title='bbox 3539 2341 3701 2404; x_wconf 82' lang='lat' dir='ltr'><strong>(Prov.</strong></span> <span class='ocrx_word' id='word_1_580' title='bbox 3730 2350 3823 2393; x_wconf 80' lang='lat' dir='ltr'><strong>xxv.</strong></span> 
     </span>
    </p>
   </div>
   <div class='ocr_carea' id='block_1_83' title="bbox 2237 2427 3820 2504">
    <p class='ocr_par' dir='ltr' id='par_1_83' title="bbox 2237 2427 3820 2504">
     <span class='ocr_line' id='line_1_83' title="bbox 2237 2427 3820 2504; baseline -0.005 -19"><span class='ocrx_word' id='word_1_581' title='bbox 2237 2433 2309 2499; x_wconf 87' lang='lat'><strong>8).</strong></span> <span class='ocrx_word' id='word_1_582' title='bbox 2373 2432 2586 2487; x_wconf 89' lang='lat' dir='ltr'><strong>Scimus</strong></span> <span class='ocrx_word' id='word_1_583' title='bbox 2653 2439 2835 2486; x_wconf 92' lang='lat' dir='ltr'><strong>tamen</strong></span> <span class='ocrx_word' id='word_1_584' title='bbox 2880 2433 3011 2504; x_wconf 88' lang='lat' dir='ltr'><strong>quia</strong></span> <span class='ocrx_word' id='word_1_585' title='bbox 3049 2440 3177 2487; x_wconf 90' lang='lat' dir='ltr'><strong>sunt</strong></span> <span class='ocrx_word' id='word_1_586' title='bbox 3261 2431 3544 2496; x_wconf 89' lang='lat' dir='ltr'><strong>nonnulli,</strong></span> <span class='ocrx_word' id='word_1_587' title='bbox 3593 2429 3677 2501; x_wconf 90' lang='lat' dir='ltr'><strong>qui</strong></span> <span class='ocrx_word' id='word_1_588' title='bbox 3721 2427 3820 2480; x_wconf 89' lang='lat' dir='ltr'><strong>dum</strong></span> 
     </span>
    </p>
   </div>
   <div class='ocr_carea' id='block_1_84' title="bbox 2240 2522 3821 2597">
    <p class='ocr_par' dir='ltr' id='par_1_84' title="bbox 2240 2522 3821 2597">
     <span class='ocr_line' id='line_1_84' title="bbox 2240 2522 3821 2597; baseline -0.003 -20"><span class='ocrx_word' id='word_1_589' title='bbox 2240 2525 2365 2595; x_wconf 91' lang='lat' dir='ltr'><strong>plus</strong></span> <span class='ocrx_word' id='word_1_590' title='bbox 2417 2541 2611 2595; x_wconf 90' lang='lat' dir='ltr'><strong>sapere</strong></span> <span class='ocrx_word' id='word_1_591' title='bbox 2677 2541 2842 2596; x_wconf 90' lang='lat' dir='ltr'><strong>quam</strong></span> <span class='ocrx_word' id='word_1_592' title='bbox 2897 2533 3117 2597; x_wconf 87' lang='lat' dir='ltr'><strong>Oportet</strong></span> <span class='ocrx_word' id='word_1_593' title='bbox 3175 2542 3389 2597; x_wconf 89' lang='lat' dir='ltr'><strong>sapere</strong></span> <span class='ocrx_word' id='word_1_594' title='bbox 3451 2525 3664 2580; x_wconf 89' lang='lat' dir='ltr'><strong>student</strong></span> <span class='ocrx_word' id='word_1_595' title='bbox 3688 2522 3821 2583; x_wconf 82' lang='lat' dir='ltr'><strong>(Rom.</strong></span> 
     </span>
    </p>
   </div>
   <div class='ocr_carea' id='block_1_85' title="bbox 2241 2614 3818 2686">
    <p class='ocr_par' dir='ltr' id='par_1_85' title="bbox 2241 2614 3818 2686">
     <span class='ocr_line' id='line_1_85' title="bbox 2241 2614 3818 2686; baseline -0.008 -15"><span class='ocrx_word' id='word_1_596' title='bbox 2241 2629 2336 2680; x_wconf 83' lang='lat' dir='ltr'><strong>XII,</strong></span> <span class='ocrx_word' id='word_1_597' title='bbox 2367 2614 2438 2680; x_wconf 91' lang='lat'><strong>3),</strong></span> <span class='ocrx_word' id='word_1_598' title='bbox 2472 2631 2502 2668; x_wconf 89' lang='lat' dir='ltr'><strong>a</strong></span> <span class='ocrx_word' id='word_1_599' title='bbox 2534 2615 2926 2685; x_wconf 79' lang='lat' dir='ltr'><strong>proximorum‘</strong></span> <span class='ocrx_word' id='word_1_600' title='bbox 2965 2632 3101 2686; x_wconf 86' lang='lat' dir='ltr'><strong>pace</strong></span> <span class='ocrx_word' id='word_1_601' title='bbox 3160 2616 3456 2681; x_wconf 79' lang='lat' dir='ltr'><strong>resiliunt,</strong></span> <span class='ocrx_word' id='word_1_602' title='bbox 3499 2615 3620 2668; x_wconf 89' lang='lat' dir='ltr'><strong>dum</strong></span> <span class='ocrx_word' id='word_1_603' title='bbox 3641 2624 3722 2664; x_wconf 90' lang='lat' dir='ltr'><strong>eos</strong></span> <span class='ocrx_word' id='word_1_604' title='bbox 3745 2622 3818 2659; x_wconf 91' lang='lat' dir='ltr'><strong>ve-</strong></span> 
     </span>
    </p>
   </div>
   <div class='ocr_carea' id='block_1_86' title="bbox 2243 2701 3815 2774">
    <p class='ocr_par' dir='ltr' id='par_1_86' title="bbox 2243 2701 3815 2774">
     <span class='ocr_line' id='line_1_86' title="bbox 2243 2701 3815 2774; baseline -0.001 -20"><span class='ocrx_word' id='word_1_605' title='bbox 2243 2702 2321 2756; x_wconf 95' lang='lat' dir='ltr'><strong>lut</strong></span> <span class='ocrx_word' id='word_1_606' title='bbox 2345 2701 2593 2767; x_wconf 90' lang='lat' dir='ltr'><strong>hebetes,</strong></span> <span class='ocrx_word' id='word_1_607' title='bbox 2634 2703 2943 2774; x_wconf 89' lang='lat' dir='ltr'><strong>stultosque</strong></span> <span class='ocrx_word' id='word_1_608' title='bbox 3003 2714 3404 2762; x_wconf 89' lang='lat' dir='ltr'><strong>contemnunt.</strong></span> <span class='ocrx_word' id='word_1_609' title='bbox 3465 2705 3608 2762; x_wconf 88' lang='lat' dir='ltr'><strong>Unde</strong></span> <span class='ocrx_word' id='word_1_610' title='bbox 3661 2715 3743 2770; x_wconf 84' lang='lat' dir='ltr'><strong>per</strong></span> <span class='ocrx_word' id='word_1_611' title='bbox 3770 2711 3815 2748; x_wconf 73' lang='lat' dir='ltr'><strong>se</strong></span> 
     </span>
    </p>
   </div>
   <div class='ocr_carea' id='block_1_87' title="bbox 2241 2787 3819 2857">
    <p class='ocr_par' dir='ltr' id='par_1_87' title="bbox 2241 2787 3819 2857">
     <span class='ocr_line' id='line_1_87' title="bbox 2241 2787 3819 2857; baseline 0 -15"><span class='ocrx_word' id='word_1_612' title='bbox 2241 2789 2454 2846; x_wconf 89' lang='lat' dir='ltr'><strong>Veritas</strong></span> <span class='ocrx_word' id='word_1_613' title='bbox 2500 2791 2780 2857; x_wconf 88' lang='lat' dir='ltr'><strong>admonet,</strong></span> <span class='ocrx_word' id='word_1_614' title='bbox 2829 2792 3068 2848; x_wconf 90' lang='lat' dir='ltr'><strong>dicens:</strong></span> <span class='ocrx_word' id='word_1_615' title='bbox 3104 2796 3317 2850; x_wconf 87' lang='lat' dir='ltr'><strong>Habete</strong></span> <span class='ocrx_word' id='word_1_616' title='bbox 3380 2799 3437 2850; x_wconf 85' lang='lat' dir='ltr'><strong>in</strong></span> <span class='ocrx_word' id='word_1_617' title='bbox 3494 2794 3633 2848; x_wconf 84' lang='lat' dir='ltr'><strong>vobis</strong></span> <span class='ocrx_word' id='word_1_618' title='bbox 3671 2787 3819 2847; x_wconf 61' lang='lat' dir='ltr'><strong>sate!</strong></span> 
     </span>
    </p>
   </div>
   <div class='ocr_carea' id='block_1_88' title="bbox 2237 2871 3814 2951">
    <p class='ocr_par' dir='ltr' id='par_1_88' title="bbox 2237 2871 3814 2951">
     <span class='ocr_line' id='line_1_88' title="bbox 2237 2871 3814 2951; baseline -0.003 -19"><span class='ocrx_word' id='word_1_619' title='bbox 2237 2895 2425 2949; x_wconf 85' lang='lat' dir='ltr'><strong>pacem</strong></span> <span class='ocrx_word' id='word_1_620' title='bbox 2457 2882 2639 2935; x_wconf 83' lang='lat' dir='ltr'><strong>habete</strong></span> <span class='ocrx_word' id='word_1_621' title='bbox 2668 2883 2807 2936; x_wconf 86' lang='lat' dir='ltr'><strong>inter</strong></span> <span class='ocrx_word' id='word_1_622' title='bbox 2864 2899 2955 2936; x_wconf 91' lang='lat' dir='ltr'><strong>vos</strong></span> <span class='ocrx_word' id='word_1_623' title='bbox 3009 2884 3196 2948; x_wconf 84' lang='lat' dir='ltr'><strong>(Marc.</strong></span> <span class='ocrx_word' id='word_1_624' title='bbox 3260 2901 3336 2949; x_wconf 82' lang='lat' dir='ltr'><strong>ix,</strong></span> <span class='ocrx_word' id='word_1_625' title='bbox 3368 2882 3478 2951; x_wconf 66' lang='lat'><strong>49),</strong></span> <span class='ocrx_word' id='word_1_626' title='bbox 3530 2887 3583 2936; x_wconf 92' lang='lat' dir='ltr'><strong>ut</strong></span> <span class='ocrx_word' id='word_1_627' title='bbox 3610 2871 3814 2950; x_wconf 82' lang='lat' dir='ltr'><strong>quisquis</strong></span> 
     </span>
    </p>
   </div>
   <div class='ocr_carea' id='block_1_89' title="bbox 2247 2973 3813 3044">
    <p class='ocr_par' dir='ltr' id='par_1_89' title="bbox 2247 2973 3813 3044">
     <span class='ocr_line' id='line_1_89' title="bbox 2247 2973 3813 3044; baseline -0.001 -18"><span class='ocrx_word' id='word_1_628' title='bbox 2247 2973 2450 3027; x_wconf 87' lang='lat' dir='ltr'><strong>habere</strong></span> <span class='ocrx_word' id='word_1_629' title='bbox 2471 2975 2549 3026; x_wconf 87' lang='lat' dir='ltr'><strong>sal</strong></span> <span class='ocrx_word' id='word_1_630' title='bbox 2581 2975 2865 3044; x_wconf 67' lang='lat' dir='ltr'><strong>sapientiae</strong></span> <span class='ocrx_word' id='word_1_631' title='bbox 2908 2975 3112 3037; x_wconf 83' lang='lat' dir='ltr'><strong>studet,</strong></span> <span class='ocrx_word' id='word_1_632' title='bbox 3146 2985 3314 3030; x_wconf 87' lang='lat' dir='ltr'><strong>curet</strong></span> <span class='ocrx_word' id='word_1_633' title='bbox 3337 2989 3562 3030; x_wconf 90' lang='lat' dir='ltr'><strong>necesse</strong></span> <span class='ocrx_word' id='word_1_634' title='bbox 3592 2979 3680 3032; x_wconf 87' lang='lat' dir='ltr'><strong>est,</strong></span> <span class='ocrx_word' id='word_1_635' title='bbox 3706 2980 3813 3037; x_wconf 78' lang='lat' dir='ltr'><strong>qua-</strong></span> 
     </span>
    </p>
   </div>
   <div class='ocr_carea' id='block_1_90' title="bbox 2175 3052 3812 3160">
    <p class='ocr_par' dir='ltr' id='par_1_90' title="bbox 2175 3052 3812 3160">
     <span class='ocr_line' id='line_1_90' title="bbox 2175 3052 3812 3160; baseline -0.004 -44"><span class='ocrx_word' id='word_1_636' title='bbox 2175 3070 2627 3160; x_wconf 75' lang='lat' dir='ltr'><strong>Ctenusapace</strong></span> <span class='ocrx_word' id='word_1_637' title='bbox 2685 3064 2994 3120; x_wconf 74' lang='lat' dir='ltr'><strong>concordize</strong></span> <span class='ocrx_word' id='word_1_638' title='bbox 3052 3079 3352 3136; x_wconf 90' lang='lat' dir='ltr'><strong>nunquam</strong></span> <span class='ocrx_word' id='word_1_639' title='bbox 3425 3061 3634 3118; x_wconf 88' lang='lat' dir='ltr'><strong>recedat</strong></span> <span class='ocrx_word' id='word_1_640' title='bbox 3695 3052 3812 3109; x_wconf 80' lang='lat' dir='ltr'><strong>Unde</strong></span> 
     </span>
    </p>
   </div>
   <div class='ocr_carea' id='block_1_91' title="bbox 2248 3145 3810 3221">
    <p class='ocr_par' dir='ltr' id='par_1_91' title="bbox 2248 3145 3810 3221">
     <span class='ocr_line' id='line_1_91' title="bbox 2248 3145 3810 3221; baseline 0.001 -16"><span class='ocrx_word' id='word_1_641' title='bbox 2248 3152 2567 3207; x_wconf 88' lang='lat' dir='ltr'><strong>terribiliter</strong></span> <span class='ocrx_word' id='word_1_642' title='bbox 2612 3153 2812 3208; x_wconf 89' lang='lat' dir='ltr'><strong>Paulus</strong></span> <span class='ocrx_word' id='word_1_643' title='bbox 2865 3154 3148 3221; x_wconf 90' lang='lat' dir='ltr'><strong>admonet,</strong></span> <span class='ocrx_word' id='word_1_644' title='bbox 3177 3154 3422 3208; x_wconf 89' lang='lat' dir='ltr'><strong>dicens:</strong></span> <span class='ocrx_word' id='word_1_645' title='bbox 3458 3156 3632 3208; x_wconf 85' lang='lat' dir='ltr'><strong>Pacem</strong></span> <span class='ocrx_word' id='word_1_646' title='bbox 3667 3145 3810 3215; x_wconf 49' lang='grc' dir='ltr'><strong>πρηὺ</strong></span> 
     </span>
    </p>
   </div>
   <div class='ocr_carea' id='block_1_92' title="bbox 2243 3243 3810 3308">
    <p class='ocr_par' dir='ltr' id='par_1_92' title="bbox 2243 3243 3810 3308">
     <span class='ocr_line' id='line_1_92' title="bbox 2243 3243 3810 3308; baseline -0.003 -14"><span class='ocrx_word' id='word_1_647' title='bbox 2243 3243 2383 3295; x_wconf 86' lang='lat' dir='ltr'><strong>mini</strong></span> <span class='ocrx_word' id='word_1_648' title='bbox 2406 3257 2523 3296; x_wconf 84' lang='lat' dir='ltr'><strong>cum</strong></span> <span class='ocrx_word' id='word_1_649' title='bbox 2549 3243 2815 3308; x_wconf 83' lang='lat' dir='ltr'><strong>omnibus,</strong></span> <span class='ocrx_word' id='word_1_650' title='bbox 2857 3247 2904 3296; x_wconf 90' lang='lat' dir='ltr'><strong>et</strong></span> <span class='ocrx_word' id='word_1_651' title='bbox 2953 3245 3400 3308; x_wconf 86' lang='lat' dir='ltr'><strong>sanctimoniam,</strong></span> <span class='ocrx_word' id='word_1_652' title='bbox 3447 3244 3557 3296; x_wconf 86' lang='lat' dir='ltr'><strong>sine</strong></span> <span class='ocrx_word' id='word_1_653' title='bbox 3581 3252 3679 3308; x_wconf 82' lang='lat' dir='ltr'><strong>qua</strong></span> <span class='ocrx_word' id='word_1_654' title='bbox 3697 3245 3810 3288; x_wconf 65' lang='lat' dir='ltr'><strong>nemo</strong></span> 
     </span>
    </p>
   </div>
   <div class='ocr_carea' id='block_1_93' title="bbox 2243 3331 3807 3402">
    <p class='ocr_par' dir='ltr' id='par_1_93' title="bbox 2243 3331 3807 3402">
     <span class='ocr_line' id='line_1_93' title="bbox 2243 3331 3807 3402; baseline -0.007 -19"><span class='ocrx_word' id='word_1_655' title='bbox 2243 3331 2446 3384; x_wconf 83' lang='lat' dir='ltr'><strong>videbit</strong></span> <span class='ocrx_word' id='word_1_656' title='bbox 2481 3331 2642 3384; x_wconf 87' lang='lat' dir='ltr'><strong>Deum</strong></span> <span class='ocrx_word' id='word_1_657' title='bbox 2693 3331 2870 3400; x_wconf 81' lang='lat' dir='ltr'><strong>(Hebr.</strong></span> <span class='ocrx_word' id='word_1_658' title='bbox 2923 3346 3021 3396; x_wconf 84' lang='lat' dir='ltr'><strong>xu,</strong></span> <span class='ocrx_word' id='word_1_659' title='bbox 3050 3331 3165 3399; x_wconf 75' lang='lat' dir='ltr'><strong>M).</strong></span> <span class='ocrx_word' id='word_1_660' title='bbox 3225 3331 3513 3402; x_wconf 66' lang='lat' dir='ltr'><strong>Praecipue</strong></span> <span class='ocrx_word' id='word_1_661' title='bbox 3542 3335 3703 3382; x_wconf 87' lang='lat' dir='ltr'><strong>autem</strong></span> <span class='ocrx_word' id='word_1_662' title='bbox 3730 3333 3807 3374; x_wconf 80' lang='lat' dir='ltr'><strong>nos</strong></span> 
     </span>
    </p>
   </div>
   <div class='ocr_carea' id='block_1_94' title="bbox 2244 3408 3800 3495">
    <p class='ocr_par' dir='ltr' id='par_1_94' title="bbox 2244 3408 3800 3495">
     <span class='ocr_line' id='line_1_94' title="bbox 2244 3408 3800 3495; baseline -0.001 -19"><span class='ocrx_word' id='word_1_663' title='bbox 2244 3438 2363 3476; x_wconf 91' lang='lat' dir='ltr'><strong>eam</strong></span> <span class='ocrx_word' id='word_1_664' title='bbox 2394 3439 2615 3478; x_wconf 87' lang='lat' dir='ltr'><strong>servare</strong></span> <span class='ocrx_word' id='word_1_665' title='bbox 2673 3431 2731 3477; x_wconf 91' lang='lat' dir='ltr'><strong>et</strong></span> <span class='ocrx_word' id='word_1_666' title='bbox 2769 3423 3051 3495; x_wconf 91' lang='lat' dir='ltr'><strong>persequi,</strong></span> <span class='ocrx_word' id='word_1_667' title='bbox 3119 3423 3176 3478; x_wconf 90' lang='lat' dir='ltr'><strong>id</strong></span> <span class='ocrx_word' id='word_1_668' title='bbox 3232 3433 3340 3491; x_wconf 86' lang='lat' dir='ltr'><strong>est,</strong></span> <span class='ocrx_word' id='word_1_669' title='bbox 3401 3421 3629 3495; x_wconf 86' lang='lat' dir='ltr'><strong>perfecte</strong></span> <span class='ocrx_word' id='word_1_670' title='bbox 3677 3408 3800 3481; x_wconf 79' lang='lat' dir='ltr'><strong>sequi</strong></span> 
     </span>
    </p>
   </div>
   <div class='ocr_carea' id='block_1_95' title="bbox 2243 3504 3800 3596">
    <p class='ocr_par' dir='ltr' id='par_1_95' title="bbox 2243 3504 3800 3596">
     <span class='ocr_line' id='line_1_95' title="bbox 2243 3504 3800 3596; baseline -0.004 -32"><span class='ocrx_word' id='word_1_671' title='bbox 2243 3510 2532 3577; x_wconf 90' lang='lat' dir='ltr'><strong>debemus,</strong></span> <span class='ocrx_word' id='word_1_672' title='bbox 2566 3511 2660 3596; x_wconf 88' lang='lat' dir='ltr'><strong>qui</strong></span> <span class='ocrx_word' id='word_1_673' title='bbox 2720 3511 2829 3566; x_wconf 92' lang='lat' dir='ltr'><strong>Deo</strong></span> <span class='ocrx_word' id='word_1_674' title='bbox 2891 3512 3141 3584; x_wconf 90' lang='lat' dir='ltr'><strong>quotidie</strong></span> <span class='ocrx_word' id='word_1_675' title='bbox 3191 3511 3507 3568; x_wconf 88' lang='lat' dir='ltr'><strong>sacrificare</strong></span> <span class='ocrx_word' id='word_1_676' title='bbox 3559 3504 3800 3595; x_wconf 69' lang='lat' dir='ltr'><strong>debemus,</strong></span> 
     </span>
    </p>
   </div>
   <div class='ocr_carea' id='block_1_96' title="bbox 2244 3587 3801 3674">
    <p class='ocr_par' dir='ltr' id='par_1_96' title="bbox 2244 3587 3801 3674">
     <span class='ocr_line' id='line_1_96' title="bbox 2244 3587 3801 3674; baseline 0.002 -18"><span class='ocrx_word' id='word_1_677' title='bbox 2244 3609 2298 3656; x_wconf 91' lang='lat' dir='ltr'><strong>et</strong></span> <span class='ocrx_word' id='word_1_678' title='bbox 2337 3587 2962 3658; x_wconf 51' lang='lat' dir='ltr'><strong>Veritate&#39;contestante</strong></span> <span class='ocrx_word' id='word_1_679' title='bbox 3015 3604 3339 3674; x_wconf 88' lang='lat' dir='ltr'><strong>specialiter</strong></span> <span class='ocrx_word' id='word_1_680' title='bbox 3400 3599 3547 3674; x_wconf 88' lang='lat' dir='ltr'><strong>quasi</strong></span> <span class='ocrx_word' id='word_1_681' title='bbox 3598 3587 3801 3668; x_wconf 45' lang='grc' dir='ltr'><strong>μαθεῖν’</strong></span> 
     </span>
    </p>
   </div>
   <div class='ocr_carea' id='block_1_97' title="bbox 2244 3681 3797 3758">
    <p class='ocr_par' dir='ltr' id='par_1_97' title="bbox 2244 3681 3797 3758">
     <span class='ocr_line' id='line_1_97' title="bbox 2244 3681 3797 3758; baseline -0.005 -12"><span class='ocrx_word' id='word_1_682' title='bbox 2244 3707 2384 3758; x_wconf 90' lang='lat' dir='ltr'><strong>mur,</strong></span> <span class='ocrx_word' id='word_1_683' title='bbox 2450 3701 2509 3746; x_wconf 91' lang='lat' dir='ltr'><strong>ut</strong></span> <span class='ocrx_word' id='word_1_684' title='bbox 2554 3692 2599 3746; x_wconf 89' lang='lat' dir='ltr'><strong>si</strong></span> <span class='ocrx_word' id='word_1_685' title='bbox 2631 3691 2926 3748; x_wconf 73' lang='lat' dir='ltr'><strong>offeramus</strong></span> <span class='ocrx_word' id='word_1_686' title='bbox 2975 3709 3181 3749; x_wconf 91' lang='lat' dir='ltr'><strong>munus</strong></span> <span class='ocrx_word' id='word_1_687' title='bbox 3225 3701 3473 3748; x_wconf 89' lang='lat' dir='ltr'><strong>nostrum</strong></span> <span class='ocrx_word' id='word_1_688' title='bbox 3530 3685 3595 3741; x_wconf 88' lang='lat' dir='ltr'><strong>ad</strong></span> <span class='ocrx_word' id='word_1_689' title='bbox 3645 3681 3797 3738; x_wconf 65' lang='lat' dir='ltr'><strong>altare.</strong></span> 
     </span>
    </p>
   </div>
   <div class='ocr_carea' id='block_1_98' title="bbox 2244 3764 3798 3854">
    <p class='ocr_par' dir='ltr' id='par_1_98' title="bbox 2244 3764 3798 3854">
     <span class='ocr_line' id='line_1_98' title="bbox 2244 3764 3798 3854; baseline -0.008 -20"><span class='ocrx_word' id='word_1_690' title='bbox 2244 3786 2298 3834; x_wconf 91' lang='lat' dir='ltr'><strong>et</strong></span> <span class='ocrx_word' id='word_1_691' title='bbox 2326 3779 2696 3836; x_wconf 89' lang='lat' dir='ltr'><strong>ibirecordati</strong></span> <span class='ocrx_word' id='word_1_692' title='bbox 2745 3780 3012 3837; x_wconf 90' lang='lat' dir='ltr'><strong>fuerimus</strong></span> <span class='ocrx_word' id='word_1_693' title='bbox 3053 3782 3187 3854; x_wconf 89' lang='lat' dir='ltr'><strong>quia</strong></span> <span class='ocrx_word' id='word_1_694' title='bbox 3235 3781 3401 3836; x_wconf 87' lang='lat' dir='ltr'><strong>frater</strong></span> <span class='ocrx_word' id='word_1_695' title='bbox 3448 3781 3623 3831; x_wconf 89' lang='lat' dir='ltr'><strong>noster</strong></span> <span class='ocrx_word' id='word_1_696' title='bbox 3669 3764 3798 3821; x_wconf 64' lang='lat' dir='ltr'><strong>habet</strong></span> 
     </span>
    </p>
   </div>
   <div class='ocr_carea' id='block_1_99' title="bbox 2243 3864 3800 3944">
    <p class='ocr_par' dir='ltr' id='par_1_99' title="bbox 2243 3864 3800 3944">
     <span class='ocr_line' id='line_1_99' title="bbox 2243 3864 3800 3944; baseline -0.011 -22"><span class='ocrx_word' id='word_1_697' title='bbox 2243 3867 2451 3939; x_wconf 90' lang='lat' dir='ltr'><strong>aliquid</strong></span> <span class='ocrx_word' id='word_1_698' title='bbox 2490 3868 2781 3923; x_wconf 91' lang='lat' dir='ltr'><strong>adversum</strong></span> <span class='ocrx_word' id='word_1_699' title='bbox 2813 3884 2933 3936; x_wconf 89' lang='lat' dir='ltr'><strong>nos,</strong></span> <span class='ocrx_word' id='word_1_700' title='bbox 2989 3870 3373 3942; x_wconf 87' lang='lat' dir='ltr'><strong>relinquamus</strong></span> <span class='ocrx_word' id='word_1_701' title='bbox 3419 3865 3493 3920; x_wconf 90' lang='lat' dir='ltr'><strong>ibi</strong></span> <span class='ocrx_word' id='word_1_702' title='bbox 3523 3870 3699 3915; x_wconf 87' lang='lat' dir='ltr'><strong>munus</strong></span> <span class='ocrx_word' id='word_1_703' title='bbox 3723 3864 3800 3944; x_wconf 42' lang='lat' dir='ltr'><strong>no:</strong></span> 
     </span>
    </p>
   </div>
   <div class='ocr_carea' id='block_1_100' title="bbox 2241 3944 3796 4030">
    <p class='ocr_par' dir='ltr' id='par_1_100' title="bbox 2241 3944 3796 4030">
     <span class='ocr_line' id='line_1_100' title="bbox 2241 3944 3796 4030; baseline -0.011 -20"><span class='ocrx_word' id='word_1_704' title='bbox 2241 3965 2414 4010; x_wconf 91' lang='lat' dir='ltr'><strong>strum</strong></span> <span class='ocrx_word' id='word_1_705' title='bbox 2446 3966 2571 4012; x_wconf 91' lang='lat' dir='ltr'><strong>ante</strong></span> <span class='ocrx_word' id='word_1_706' title='bbox 2611 3957 2804 4025; x_wconf 89' lang='lat' dir='ltr'><strong>altare,</strong></span> <span class='ocrx_word' id='word_1_707' title='bbox 2839 3967 2895 4012; x_wconf 91' lang='lat' dir='ltr'><strong>et</strong></span> <span class='ocrx_word' id='word_1_708' title='bbox 2915 3975 3105 4013; x_wconf 90' lang='lat' dir='ltr'><strong>eamus</strong></span> <span class='ocrx_word' id='word_1_709' title='bbox 3133 3961 3291 4030; x_wconf 91' lang='lat' dir='ltr'><strong>prius</strong></span> <span class='ocrx_word' id='word_1_710' title='bbox 3333 3946 3654 4011; x_wconf 89' lang='lat' dir='ltr'><strong>reconciliari</strong></span> <span class='ocrx_word' id='word_1_711' title='bbox 3683 3944 3796 3995; x_wconf 75' lang='lat' dir='ltr'><strong>fratri</strong></span> 
     </span>
    </p>
   </div>
   <div class='ocr_carea' id='block_1_101' title="bbox 2245 4038 3797 4119">
    <p class='ocr_par' dir='ltr' id='par_1_101' title="bbox 2245 4038 3797 4119">
     <span class='ocr_line' id='line_1_101' title="bbox 2245 4038 3797 4119; baseline -0.012 -20"><span class='ocrx_word' id='word_1_712' title='bbox 2245 4055 2455 4111; x_wconf 90' lang='lat' dir='ltr'><strong>nostro,</strong></span> <span class='ocrx_word' id='word_1_713' title='bbox 2488 4054 2543 4100; x_wconf 91' lang='lat' dir='ltr'><strong>et</strong></span> <span class='ocrx_word' id='word_1_714' title='bbox 2567 4055 2701 4101; x_wconf 88' lang='lat' dir='ltr'><strong>tunc</strong></span> <span class='ocrx_word' id='word_1_715' title='bbox 2722 4047 3006 4103; x_wconf 88' lang='lat' dir='ltr'><strong>venientes</strong></span> <span class='ocrx_word' id='word_1_716' title='bbox 3053 4046 3352 4103; x_wconf 76' lang='lat' dir='ltr'><strong>offeramus</strong></span> <span class='ocrx_word' id='word_1_717' title='bbox 3371 4055 3562 4096; x_wconf 89' lang='lat' dir='ltr'><strong>munus</strong></span> <span class='ocrx_word' id='word_1_718' title='bbox 3601 4038 3797 4119; x_wconf 77' lang='lat' dir='ltr'><strong>nostrum</strong></span> 
     </span>
    </p>
   </div>
   <div class='ocr_carea' id='block_1_102' title="bbox 2244 4113 3798 4207">
    <p class='ocr_par' dir='ltr' id='par_1_102' title="bbox 2244 4113 3798 4207">
     <span class='ocr_line' id='line_1_102' title="bbox 2244 4113 3798 4207; baseline -0.024 -3"><span class='ocrx_word' id='word_1_719' title='bbox 2244 4137 2462 4204; x_wconf 70' lang='grc' dir='ltr'><strong>(Μαιιὴ.</strong></span> <span class='ocrx_word' id='word_1_720' title='bbox 2495 4153 2546 4200; x_wconf 80' lang='lat' dir='ltr'><strong>V,</strong></span> <span class='ocrx_word' id='word_1_721' title='bbox 2575 4135 2666 4204; x_wconf 76' lang='lat'><strong>23,</strong></span> <span class='ocrx_word' id='word_1_722' title='bbox 2690 4137 2803 4207; x_wconf 76' lang='grc'><strong>24).</strong></span> <span class='ocrx_word' id='word_1_723' title='bbox 2834 4137 2973 4192; x_wconf 86' lang='lat' dir='ltr'><strong>Ecce</strong></span> <span class='ocrx_word' id='word_1_724' title='bbox 2994 4137 3193 4192; x_wconf 88' lang='lat' dir='ltr'><strong>ductor</strong></span> <span class='ocrx_word' id='word_1_725' title='bbox 3223 4145 3279 4190; x_wconf 89' lang='lat' dir='ltr'><strong>et</strong></span> <span class='ocrx_word' id='word_1_726' title='bbox 3299 4134 3489 4189; x_wconf 86' lang='lat' dir='ltr'><strong>doctor</strong></span> <span class='ocrx_word' id='word_1_727' title='bbox 3509 4133 3676 4182; x_wconf 89' lang='lat' dir='ltr'><strong>noster</strong></span> <span class='ocrx_word' id='word_1_728' title='bbox 3697 4113 3798 4170; x_wconf 86' lang='lat' dir='ltr'><strong>adi-</strong></span> 
     </span>
    </p>
   </div>
   <div class='ocr_carea' id='block_1_103' title="bbox 2244 4207 3794 4296">
    <p class='ocr_par' dir='ltr' id='par_1_103' title="bbox 2244 4207 3794 4296">
     <span class='ocr_line' id='line_1_103' title="bbox 2244 4207 3794 4296; baseline -0.014 -19"><span class='ocrx_word' id='word_1_729' title='bbox 2244 4222 2634 4278; x_wconf 87' lang='lat' dir='ltr'><strong>scordantibus</strong></span> <span class='ocrx_word' id='word_1_730' title='bbox 2665 4239 2776 4280; x_wconf 87' lang='lat' dir='ltr'><strong>non</strong></span> <span class='ocrx_word' id='word_1_731' title='bbox 2807 4225 2923 4280; x_wconf 90' lang='lat' dir='ltr'><strong>vult</strong></span> <span class='ocrx_word' id='word_1_732' title='bbox 2951 4225 3209 4296; x_wconf 89' lang='lat' dir='ltr'><strong>accipere</strong></span> <span class='ocrx_word' id='word_1_733' title='bbox 3228 4207 3794 4296; x_wconf 80' lang='lat' dir='ltr'><strong>sacrificium,holocau-</strong></span> 
     </span>
    </p>
   </div>
   <div class='ocr_carea' id='block_1_104' title="bbox 2247 4293 3792 4392">
    <p class='ocr_par' dir='ltr' id='par_1_104' title="bbox 2247 4293 3792 4392">
     <span class='ocr_line' id='line_1_104' title="bbox 2247 4293 3792 4392; baseline -0.003 -28"><span class='ocrx_word' id='word_1_734' title='bbox 2247 4319 2389 4365; x_wconf 91' lang='lat' dir='ltr'><strong>stum</strong></span> <span class='ocrx_word' id='word_1_735' title='bbox 2422 4312 2706 4382; x_wconf 90' lang='lat' dir='ltr'><strong>suscipere</strong></span> <span class='ocrx_word' id='word_1_736' title='bbox 2740 4321 2973 4368; x_wconf 90' lang='lat' dir='ltr'><strong>recusat.</strong></span> <span class='ocrx_word' id='word_1_737' title='bbox 2999 4293 3094 4368; x_wconf 80' lang='lat' dir='ltr'><strong>Hic</strong></span> <span class='ocrx_word' id='word_1_738' title='bbox 3115 4328 3247 4388; x_wconf 89' lang='lat' dir='ltr'><strong>ergo</strong></span> <span class='ocrx_word' id='word_1_739' title='bbox 3266 4293 3792 4392; x_wconf 52' lang='lat' dir='ltr'><strong>perpendenduﬂlfs‘:</strong></span> 
     </span>
    </p>
   </div>
   <div class='ocr_carea' id='block_1_105' title="bbox 2249 4374 3790 4483">
    <p class='ocr_par' dir='ltr' id='par_1_105' title="bbox 2249 4374 3790 4483">
     <span class='ocr_line' id='line_1_105' title="bbox 2249 4374 3790 4483; baseline 0.011 -26"><span class='ocrx_word' id='word_1_740' title='bbox 2249 4411 2516 4475; x_wconf 89' lang='lat' dir='ltr'><strong>quantum</strong></span> <span class='ocrx_word' id='word_1_741' title='bbox 2547 4374 2617 4460; x_wconf 84' lang='lat' dir='ltr'><strong>sit</strong></span> <span class='ocrx_word' id='word_1_742' title='bbox 2647 4405 2850 4460; x_wconf 90' lang='lat' dir='ltr'><strong>malum</strong></span> <span class='ocrx_word' id='word_1_743' title='bbox 2893 4374 3589 4477; x_wconf 55' lang='lat' dir='ltr'><strong>discordiae:propterquo‘1</strong></span> <span class='ocrx_word' id='word_1_744' title='bbox 3614 4393 3660 4483; x_wconf 50' lang='grc' dir='ltr'>οξ</span> <span class='ocrx_word' id='word_1_745' title='bbox 3686 4374 3790 4483; x_wconf 40' lang='lat' dir='ltr'><strong>“hic!</strong></span> 
     </span>
    </p>
   </div>
   <div class='ocr_carea' id='block_1_106' title="bbox 2250 4478 3792 4568">
    <p class='ocr_par' dir='ltr' id='par_1_106' title="bbox 2250 4478 3792 4568">
     <span class='ocr_line' id='line_1_106' title="bbox 2250 4478 3792 4568; baseline -0.015 -21"><span class='ocrx_word' id='word_1_746' title='bbox 2250 4508 2362 4547; x_wconf 92' lang='lat' dir='ltr'><strong>non</strong></span> <span class='ocrx_word' id='word_1_747' title='bbox 2394 4493 2722 4560; x_wconf 90' lang='lat' dir='ltr'><strong>admittitur,</strong></span> <span class='ocrx_word' id='word_1_748' title='bbox 2755 4500 2854 4565; x_wconf 86' lang='lat' dir='ltr'><strong>per</strong></span> <span class='ocrx_word' id='word_1_749' title='bbox 2873 4495 3023 4568; x_wconf 91' lang='lat' dir='ltr'><strong>quod</strong></span> <span class='ocrx_word' id='word_1_750' title='bbox 3040 4495 3442 4566; x_wconf 89' lang='lat' dir='ltr'><strong>culpalaxatur.</strong></span> <span class='ocrx_word' id='word_1_751' title='bbox 3457 4486 3565 4542; x_wconf 89' lang='lat' dir='ltr'><strong>Non</strong></span> <span class='ocrx_word' id='word_1_752' title='bbox 3581 4478 3706 4533; x_wconf 89' lang='lat' dir='ltr'><strong>enim</strong></span> <span class='ocrx_word' id='word_1_753' title='bbox 3718 4478 3792 4521; x_wconf 79' lang='lat' dir='ltr'><strong>nos</strong></span> 
     </span>
    </p>
   </div>
   <div class='ocr_carea' id='block_1_107' title="bbox 2249 4569 3788 4652">
    <p class='ocr_par' dir='ltr' id='par_1_107' title="bbox 2249 4569 3788 4652">
     <span class='ocr_line' id='line_1_107' title="bbox 2249 4569 3788 4652; baseline -0.02 -10"><span class='ocrx_word' id='word_1_754' title='bbox 2249 4585 2512 4640; x_wconf 87' lang='lat' dir='ltr'><strong>adversus</strong></span> <span class='ocrx_word' id='word_1_755' title='bbox 2543 4584 2740 4640; x_wconf 86' lang='lat' dir='ltr'><strong>fratres</strong></span> <span class='ocrx_word' id='word_1_756' title='bbox 2765 4596 2982 4643; x_wconf 89' lang='lat' dir='ltr'><strong>nostros</strong></span> <span class='ocrx_word' id='word_1_757' title='bbox 3013 4587 3301 4652; x_wconf 87' lang='lat' dir='ltr'><strong>habemus,</strong></span> <span class='ocrx_word' id='word_1_758' title='bbox 3330 4582 3375 4638; x_wconf 92' lang='lat' dir='ltr'><strong>si</strong></span> <span class='ocrx_word' id='word_1_759' title='bbox 3390 4577 3511 4637; x_wconf 85' lang='lat' dir='ltr'><strong>talia</strong></span> <span class='ocrx_word' id='word_1_760' title='bbox 3537 4574 3701 4627; x_wconf 86' lang='lat' dir='ltr'><strong>contra</strong></span> <span class='ocrx_word' id='word_1_761' title='bbox 3713 4569 3788 4652; x_wconf 47' lang='lat' dir='ltr'><strong>nos:</strong></span> 
     </span>
    </p>
   </div>
   <div class='ocr_carea' id='block_1_108' title="bbox 2249 4659 3788 4753">
    <p class='ocr_par' dir='ltr' id='par_1_108' title="bbox 2249 4659 3788 4753">
     <span class='ocr_line' id='line_1_108' title="bbox 2249 4659 3788 4753; baseline -0.018 -22"><span class='ocrx_word' id='word_1_762' title='bbox 2249 4684 2376 4732; x_wconf 89' lang='lat' dir='ltr'><strong>ante</strong></span> <span class='ocrx_word' id='word_1_763' title='bbox 2408 4678 2760 4734; x_wconf 91' lang='lat' dir='ltr'><strong>collationem</strong></span> <span class='ocrx_word' id='word_1_764' title='bbox 2783 4681 3127 4753; x_wconf 88' lang='lat' dir='ltr'><strong>scripserunt</strong></span> <span class='ocrx_word' id='word_1_765' title='bbox 3151 4699 3165 4747; x_wconf 90' lang='lat'><strong>;</strong></span> <span class='ocrx_word' id='word_1_766' title='bbox 3197 4679 3295 4736; x_wconf 89' lang='lat' dir='ltr'><strong>sed</strong></span> <span class='ocrx_word' id='word_1_767' title='bbox 3323 4666 3633 4732; x_wconf 90' lang='lat' dir='ltr'><strong>credendum</strong></span> <span class='ocrx_word' id='word_1_768' title='bbox 3658 4659 3788 4753; x_wconf 81' lang='lat' dir='ltr'><strong>est,</strong></span> 
     </span>
    </p>
   </div>
   <div class='ocr_carea' id='block_1_109' title="bbox 2246 4745 3787 4844">
    <p class='ocr_par' dir='ltr' id='par_1_109' title="bbox 2246 4745 3787 4844">
     <span class='ocr_line' id='line_1_109' title="bbox 2246 4745 3787 4844; baseline 0.001 -20"><span class='ocrx_word' id='word_1_769' title='bbox 2246 4769 2340 4825; x_wconf 88' lang='lat' dir='ltr'><strong>illa</strong></span> <span class='ocrx_word' id='word_1_770' title='bbox 2373 4771 2743 4842; x_wconf 90' lang='lat' dir='ltr'><strong>scripsissent,</strong></span> <span class='ocrx_word' id='word_1_771' title='bbox 2773 4774 2842 4826; x_wconf 88' lang='lat' dir='ltr'><strong>ad</strong></span> <span class='ocrx_word' id='word_1_772' title='bbox 2874 4789 2974 4828; x_wconf 93' lang='lat' dir='ltr'><strong>nos</strong></span> <span class='ocrx_word' id='word_1_773' title='bbox 3004 4780 3193 4844; x_wconf 88' lang='lat' dir='ltr'><strong>contra</strong></span> <span class='ocrx_word' id='word_1_774' title='bbox 3224 4785 3360 4844; x_wconf 91' lang='lat' dir='ltr'><strong>quos</strong></span> <span class='ocrx_word' id='word_1_775' title='bbox 3387 4765 3474 4820; x_wconf 88' lang='lat' dir='ltr'><strong>illa</strong></span> <span class='ocrx_word' id='word_1_776' title='bbox 3492 4745 3787 4835; x_wconf 40' lang='lat' dir='ltr'><strong>scripserani’</strong></span> 
     </span>
    </p>
   </div>
   <div class='ocr_carea' id='block_1_110' title="bbox 2247 4845 3788 4939">
    <p class='ocr_par' dir='ltr' id='par_1_110' title="bbox 2247 4845 3788 4939">
     <span class='ocr_line' id='line_1_110' title="bbox 2247 4845 3788 4939; baseline -0.002 -23"><span class='ocrx_word' id='word_1_777' title='bbox 2247 4863 2704 4918; x_wconf 90' lang='lat' dir='ltr'><strong>transmisissent.</strong></span> <span class='ocrx_word' id='word_1_778' title='bbox 2765 4865 2920 4922; x_wconf 62' lang='lat' dir='ltr'><strong>hunc</strong></span> <span class='ocrx_word' id='word_1_779' title='bbox 2988 4872 3170 4921; x_wconf 87' lang='lat' dir='ltr'><strong>autem</strong></span> <span class='ocrx_word' id='word_1_780' title='bbox 3204 4862 3313 4918; x_wconf 87' lang='lat' dir='ltr'><strong>illis</strong></span> <span class='ocrx_word' id='word_1_781' title='bbox 3351 4845 3788 4939; x_wconf 44' lang='lat' dir='ltr'><strong>quomodofesﬁl&#39;</strong></span> 
     </span>
    </p>
   </div>
   <div class='ocr_carea' id='block_1_111' title="bbox 2248 4930 3782 5024">
    <p class='ocr_par' dir='ltr' id='par_1_111' title="bbox 2248 4930 3782 5024">
     <span class='ocr_line' id='line_1_111' title="bbox 2248 4930 3782 5024; baseline -0.03 5"><span class='ocrx_word' id='word_1_782' title='bbox 2248 4952 2380 5007; x_wconf 70' lang='lat' dir='ltr'><strong>bere</strong></span> <span class='ocrx_word' id='word_1_783' title='bbox 2412 4967 2721 5024; x_wconf 72' lang='lat' dir='ltr'><strong>Possumus,</strong></span> <span class='ocrx_word' id='word_1_784' title='bbox 2755 4970 2879 5010; x_wconf 84' lang='lat' dir='ltr'><strong>cum</strong></span> <span class='ocrx_word' id='word_1_785' title='bbox 2933 4963 3114 5010; x_wconf 89' lang='lat' dir='ltr'><strong>utrum</strong></span> <span class='ocrx_word' id='word_1_786' title='bbox 3164 4953 3255 5007; x_wconf 92' lang='lat' dir='ltr'><strong>illa</strong></span> <span class='ocrx_word' id='word_1_787' title='bbox 3285 4938 3584 5016; x_wconf 78' lang='lat' dir='ltr'><strong>scripserint</strong></span> <span class='ocrx_word' id='word_1_788' title='bbox 3610 4930 3782 5024; x_wconf 43' lang='grc' dir='ltr'><strong>ίέζηοζθξ</strong></span> 
     </span>
    </p>
   </div>
   <div class='ocr_carea' id='block_1_112' title="bbox 2248 5019 3776 5118">
    <p class='ocr_par' dir='ltr' id='par_1_112' title="bbox 2248 5019 3776 5118">
     <span class='ocr_line' id='line_1_112' title="bbox 2248 5019 3776 5118; baseline -0.007 -19"><span class='ocrx_word' id='word_1_789' title='bbox 2248 5062 2369 5100; x_wconf 90' lang='lat' dir='ltr'><strong>mus</strong></span> <span class='ocrx_word' id='word_1_790' title='bbox 2394 5047 2422 5100; x_wconf 83' lang='lat'><strong>?</strong></span> <span class='ocrx_word' id='word_1_791' title='bbox 2452 5047 2838 5102; x_wconf 90' lang='lat' dir='ltr'><strong>Verumtamen</strong></span> <span class='ocrx_word' id='word_1_792' title='bbox 2888 5064 2956 5103; x_wconf 92' lang='lat' dir='ltr'><strong>ne</strong></span> <span class='ocrx_word' id='word_1_793' title='bbox 2986 5049 3106 5104; x_wconf 89' lang='lat' dir='ltr'><strong>sine</strong></span> <span class='ocrx_word' id='word_1_794' title='bbox 3153 5055 3411 5118; x_wconf 89' lang='lat' dir='ltr'><strong>responso</strong></span> <span class='ocrx_word' id='word_1_795' title='bbox 3450 5038 3616 5118; x_wconf 47' lang='lat' dir='ltr'><strong>nostr?</strong></span> <span class='ocrx_word' id='word_1_796' title='bbox 3640 5019 3776 5118; x_wconf 36' lang='lat' dir='ltr'><strong>“si?</strong></span> 
     </span>
    </p>
   </div>
   <div class='ocr_carea' id='block_1_113' title="bbox 2247 5113 3775 5209">
    <p class='ocr_par' dir='ltr' id='par_1_113' title="bbox 2247 5113 3775 5209">
     <span class='ocr_line' id='line_1_113' title="bbox 2247 5113 3775 5209; baseline -0.024 -15"><span class='ocrx_word' id='word_1_797' title='bbox 2247 5137 2552 5194; x_wconf 89' lang='lat' dir='ltr'><strong>dominatio</strong></span> <span class='ocrx_word' id='word_1_798' title='bbox 2584 5147 2826 5208; x_wconf 88' lang='lat' dir='ltr'><strong>maneat,</strong></span> <span class='ocrx_word' id='word_1_799' title='bbox 2889 5141 3048 5196; x_wconf 89' lang='lat' dir='ltr'><strong>vobis</strong></span> <span class='ocrx_word' id='word_1_800' title='bbox 3106 5140 3174 5196; x_wconf 91' lang='lat' dir='ltr'><strong>de</strong></span> <span class='ocrx_word' id='word_1_801' title='bbox 3197 5113 3350 5209; x_wconf 78' lang='lat' dir='ltr'><strong>cujus</strong></span> <span class='ocrx_word' id='word_1_802' title='bbox 3376 5139 3526 5186; x_wconf 88' lang='lat' dir='ltr'><strong>mauu</strong></span> <span class='ocrx_word' id='word_1_803' title='bbox 3555 5115 3634 5172; x_wconf 85' lang='lat' dir='ltr'><strong>illa</strong></span> <span class='ocrx_word' id='word_1_804' title='bbox 3657 5113 3775 5209; x_wconf 44' lang='grc' dir='ltr'><strong>δοῦς’</strong></span> 
     </span>
    </p>
   </div>
   <div class='ocr_carea' id='block_1_114' title="bbox 2251 5205 3774 5305">
    <p class='ocr_par' dir='ltr' id='par_1_114' title="bbox 2251 5205 3774 5305">
     <span class='ocr_line' id='line_1_114' title="bbox 2251 5205 3774 5305; baseline -0.007 -20"><span class='ocrx_word' id='word_1_805' title='bbox 2251 5232 2452 5303; x_wconf 90' lang='lat' dir='ltr'><strong>pimus,</strong></span> <span class='ocrx_word' id='word_1_806' title='bbox 2472 5231 2660 5300; x_wconf 91' lang='lat' dir='ltr'><strong>corde,</strong></span> <span class='ocrx_word' id='word_1_807' title='bbox 2694 5246 2789 5287; x_wconf 91' lang='lat' dir='ltr'><strong>ore</strong></span> <span class='ocrx_word' id='word_1_808' title='bbox 2830 5242 2885 5288; x_wconf 88' lang='lat' dir='ltr'><strong>et</strong></span> <span class='ocrx_word' id='word_1_809' title='bbox 2915 5233 3055 5305; x_wconf 85' lang='lat' dir='ltr'><strong>stylo</strong></span> <span class='ocrx_word' id='word_1_810' title='bbox 3086 5249 3195 5289; x_wconf 91' lang='lat' dir='ltr'><strong>non</strong></span> <span class='ocrx_word' id='word_1_811' title='bbox 3227 5223 3562 5286; x_wconf 84' lang='lat' dir='ltr'><strong>formidantes</strong></span> <span class='ocrx_word' id='word_1_812' title='bbox 3589 5205 3774 5305; x_wconf 35' lang='lat' dir='ltr'><strong>Cariae“:</strong></span> 
     </span>
    </p>
   </div>
   <div class='ocr_carea' id='block_1_115' title="bbox 2250 5285 3771 5396">
    <p class='ocr_par' dir='ltr' id='par_1_115' title="bbox 2250 5285 3771 5396">
     <span class='ocr_line' id='line_1_115' title="bbox 2250 5285 3771 5396; baseline -0.03 -2"><span class='ocrx_word' id='word_1_813' title='bbox 2250 5285 2385 5375; x_wconf 63' lang='grc' dir='ltr'>ίίιιῐη</span> <span class='ocrx_word' id='word_1_814' title='bbox 2398 5335 2518 5387; x_wconf 71' lang='grc' dir='ltr'><strong>ηοε,</strong></span> <span class='ocrx_word' id='word_1_815' title='bbox 2543 5285 3101 5396; x_wconf 54' lang='grc' dir='ltr'><strong>ἀθτδεδιὶοηθιιιῖηιδ.</strong></span> <span class='ocrx_word' id='word_1_816' title='bbox 3115 5363 3128 5391; x_wconf 85' lang='grc'><strong><em>,</em></strong></span> <span class='ocrx_word' id='word_1_817' title='bbox 3141 5307 3487 5390; x_wconf 83' lang='lat' dir='ltr'><strong>derogationi]</strong></span> <span class='ocrx_word' id='word_1_818' title='bbox 3505 5285 3771 5368; x_wconf 55' lang='lat' dir='ltr'><strong>respondere</strong></span> 
     </span>
    </p>
   </div>
   <div class='ocr_carea' id='block_1_116' title="bbox 2251 5427 3768 5495">
    <p class='ocr_par' dir='ltr' id='par_1_116' title="bbox 2251 5427 3768 5495">
     <span class='ocr_line' id='line_1_116' title="bbox 2251 5427 3768 5495; baseline 0.02 -30"><span class='ocrx_word' id='word_1_819' title='bbox 2251 5427 2525 5467; x_wconf 75' lang='lat' dir='ltr'><strong>curamus.</strong></span> <span class='ocrx_word' id='word_1_820' title='bbox 3440 5489 3450 5495; x_wconf 76' lang='grc'><em>,</em></span> <span class='ocrx_word' id='word_1_821' title='bbox 3527 5484 3536 5493; x_wconf 91' lang='grc'>.</span> <span class='ocrx_word' id='word_1_822' title='bbox 3582 5479 3662 5495; x_wconf 46' lang='grc' dir='ltr'><strong>μμ</strong></span> <span class='ocrx_word' id='word_1_823' title='bbox 3690 5465 3768 5495; x_wconf 73' lang='lat' dir='ltr'><strong>rm.</strong></span> 
     </span>
    </p>
   </div>
   <div class='ocr_carea' id='block_1_117' title="bbox 2324 5465 3746 5573">
    <p class='ocr_par' dir='ltr' id='par_1_117' title="bbox 2324 5465 3746 5573">
     <span class='ocr_line' id='line_1_117' title="bbox 2324 5465 3746 5573; baseline 0.006 -16"><span class='ocrx_word' id='word_1_824' title='bbox 2324 5529 2347 5549; x_wconf 82' lang='grc' dir='ltr'><strong>ιι</strong></span> <span class='ocrx_word' id='word_1_825' title='bbox 2378 5505 2558 5560; x_wconf 90' lang='lat' dir='ltr'><strong>Primo</strong></span> <span class='ocrx_word' id='word_1_826' title='bbox 2584 5505 2793 5561; x_wconf 90' lang='lat' dir='ltr'><strong>scilicet</strong></span> <span class='ocrx_word' id='word_1_827' title='bbox 2823 5505 3113 5560; x_wconf 88' lang='lat' dir='ltr'><strong>mittentes</strong></span> <span class='ocrx_word' id='word_1_828' title='bbox 3145 5519 3229 5568; x_wconf 90' lang='lat' dir='ltr'><strong>ea,</strong></span> <span class='ocrx_word' id='word_1_829' title='bbox 3261 5511 3377 5573; x_wconf 55' lang='lat' dir='ltr'><strong>qua?</strong></span> <span class='ocrx_word' id='word_1_830' title='bbox 3406 5489 3467 5546; x_wconf 70' lang='grc' dir='ltr'><strong>εδ</strong></span> <span class='ocrx_word' id='word_1_831' title='bbox 3492 5465 3746 5573; x_wconf 36' lang='lat' dir='ltr'><strong>eisdem?</strong></span> 
     </span>
    </p>
   </div>
   <div class='ocr_carea' id='block_1_118' title="bbox 2251 5561 3765 5667">
    <p class='ocr_par' dir='ltr' id='par_1_118' title="bbox 2251 5561 3765 5667">
     <span class='ocr_line' id='line_1_118' title="bbox 2251 5561 3765 5667; baseline -0.007 -21"><span class='ocrx_word' id='word_1_832' title='bbox 2251 5592 2424 5648; x_wconf 89' lang='lat' dir='ltr'><strong>tribus</strong></span> <span class='ocrx_word' id='word_1_833' title='bbox 2456 5593 2660 5649; x_wconf 91' lang='lat' dir='ltr'><strong>nostris</strong></span> <span class='ocrx_word' id='word_1_834' title='bbox 2690 5595 2746 5648; x_wconf 94' lang='lat' dir='ltr'><strong>in</strong></span> <span class='ocrx_word' id='word_1_835' title='bbox 2793 5595 3006 5667; x_wconf 87' lang='lat' dir='ltr'><strong>synodo</strong></span> <span class='ocrx_word' id='word_1_836' title='bbox 3057 5561 3362 5660; x_wconf 78' lang='lat' dir='ltr'><strong>conscripta</strong></span> <span class='ocrx_word' id='word_1_837' title='bbox 3389 5561 3765 5667; x_wconf 85' lang='lat' dir='ltr'><strong>fuisse</strong></span> 
     </span>
    </p>
   </div>
   <div class='ocr_carea' id='block_1_119' title="bbox 2251 5649 3762 5751">
    <p class='ocr_par' dir='ltr' id='par_1_119' title="bbox 2251 5649 3762 5751">
     <span class='ocr_line' id='line_1_119' title="bbox 2251 5649 3762 5751; baseline -0.008 -14"><span class='ocrx_word' id='word_1_838' title='bbox 2251 5680 2532 5738; x_wconf 89' lang='lat' dir='ltr'><strong>licethinc</strong></span> <span class='ocrx_word' id='word_1_839' title='bbox 2571 5691 2754 5751; x_wconf 89' lang='lat' dir='ltr'><strong>antea,</strong></span> <span class='ocrx_word' id='word_1_840' title='bbox 2779 5649 2884 5740; x_wconf 68' lang='lat' dir='ltr'><strong>alia</strong></span> <span class='ocrx_word' id='word_1_841' title='bbox 2933 5683 3103 5740; x_wconf 88' lang='lat' dir='ltr'><strong>fuisse</strong></span> <span class='ocrx_word' id='word_1_842' title='bbox 3148 5675 3439 5744; x_wconf 86' lang='lat' dir='ltr'><strong>conscripta</strong></span> <span class='ocrx_word' id='word_1_843' title='bbox 3475 5649 3762 5730; x_wconf 63' lang='grc' dir='ltr'><strong>ιερεηδηίω·</strong></span> 
     </span>
    </p>
   </div>
  </div>
