3970 6218
204 294 319 348 185

862 287 1186 344 IIISTORUE
1225 288 1547 344 ECCLESIXE
1588 289 1912 345 REMENSIS
1956 290 2129 345 LIBRI
2172 290 2476 355 QUATUOR
2532 323 2596 333 —-
2630 292 2754 347 LIB.
2799 294 2887 347 III.

3432 299 3533 353 I86

202 417 318 473 Sed
350 416 480 488 quia
511 416 629 469 haec
653 415 709 468 in
768 410 1216 487 suggillationem
1259 424 1525 485 nostram,
1556 426 1611 473 et
1635 424 1822 473 contra
1847 421 1898 489 Α
1928 418 2165 492 Angelos
2195 426 2318 489 post
2341 419 2648 490 discipulos
2706 420 2854 476 beati
2895 422 3142 495 Gregorii
3164 425 3233 478 ad
3265 424 3534 481 eruditio—

208 512 474 575 excerpta
505 521 535 557 a
584 502 746 557 nobis
792 503 1035 574 capitula
1092 504 1343 561 confecta
1392 515 1716 573 noscuntur,
1758 523 1824 561 ea

208 596 839 669 primumjudicavimus
897 612 1129 665 ponere,
1162 615 1285 669 quae
1322 599 1543 667 majoris
1564 600 1822 665 nominis,

205 688 340 743 licet
376 703 485 742 non
528 686 890 752 auctoritatis,
943 687 1072 757 quia
1120 688 1316 757 partim
1377 704 1486 743 non
1553 689 1822 755 veritatis,

206 792 437 853 propter
489 780 813 851 synodalem
872 788 1055 835 tamen
1088 782 1569 851 praetitulationem
1598 782 1821 855 dignum

193 871 462 925 duximus
492 869 948 943 magnipendere.
990 869 1199 923 Deinde
1236 869 1327 923 illa
1364 885 1487 940 quae
1514 885 1544 923 a
1572 869 1825 940 pluribus

194 970 254 1015 et
287 975 389 1031 per
419 959 652 1013 aliorum
687 974 884 1011 manus
917 957 985 1012 de
1029 957 1284 1027 pluribus
1312 973 1375 1012 ex
1419 957 1504 1011 his
1533 958 1712 1012 causis
1732 974 1824 1013 ac-

198 1048 478 1119 cepimus,
537 1054 759 1116 propter
802 1061 968 1117 quam
1030 1045 1417 1099 necessitatem
1472 1060 1537 1098 ex
1591 1044 1823 1099 catholi-

203 1156 403 1195 corum
432 1140 647 1193 Patrum
682 1179 695 1203 ,
730 1146 787 1192 ut
815 1137 1075 1199 diximus,
1099 1138 1357 1191 sensibus
1388 1146 1441 1191 et
1459 1137 1643 1190 verbis
1671 1135 1825 1205 capi-

200 1231 320 1284 tula
377 1228 467 1281 illa
510 1235 742 1298 quatuor
818 1241 1177 1296 reexcerpere
1256 1225 1691 1295 procuravimus,
1760 1240 1825 1277 ea

200 1321 551 1382 conditione,
603 1326 663 1374 ut
711 1319 779 1373 de
826 1317 1171 1391 singulorum
1206 1318 1429 1388 scriptis
1486 1334 1550 1372 ex
1589 1317 1825 1389 singulis

201 1408 503 1464 sententiis
534 1423 655 1478 quae
686 1424 716 1460 a
742 1406 903 1462 nobis
935 1406 987 1459 in
1048 1407 1320 1476 excerptis
1360 1406 1615 1476 capitulis
1644 1404 1825 1460 conti-

140 1552 157 1557 -
209 1508 436 1566 nentur,
469 1500 742 1570 quendam,
771 1505 1179 1569 proutnecesse
1194 1497 1512 1563 viderimus,
1531 1513 1820 1569 ponamus.

209 1596 344 1650 Post
365 1594 497 1655 haec,
531 1592 770 1662 capitula
800 1608 831 1644 a
880 1591 1039 1646 nobis
1067 1600 1325 1661 excerpta
1347 1590 1413 1645 de
1454 1592 1669 1646 Patrum
1693 1607 1825 1645 sen-

210 1687 372 1741 sibus
398 1692 451 1739 et
473 1684 675 1746 verbis,
710 1690 767 1737 ut
824 1683 911 1737 illa
962 1684 1358 1753 excerpsimus,
1392 1698 1597 1752 ponere
1627 1699 1825 1753 procu-

1920 526 2051 568 nem
2080 511 2423 577 transmisso,
2448 527 2557 567 non
2590 512 2942 568 mediocriter
2972 514 3249 582 instructi,
3278 532 3342 570 ac
3368 532 3532 571 vene-

1928 599 2110 653 randae
2150 601 2427 655 memoria:
2461 601 2672 655 Paulini
2697 603 3017 671 patriarcha;
3037 604 3406 675 Aquileiensis
3439 623 3536 677 pa-

1928 687 2129 741 rocliize
2151 695 2314 757 atque
2334 689 2550 743 Alcuini
2582 689 2683 743 viri
2729 692 2972 763 religiosi
3008 702 3061 747 et
3094 694 3259 758 docti,
3299 711 3534 765 quorum

1927 773 2090 829 fidem
2118 783 2172 830 et
2203 777 2510 831 doctrinam
2568 778 2870 848 apostolica
2928 781 3091 835 sedes
3137 782 3376 836 Romana
3425 798 3535 837 non

1924 867 2099 921 solum
2158 867 2554 941 benignissime
2625 872 2954 940 acceptavit,
3008 888 3195 926 verum
3239 881 3293 927 et
3348 875 3536 929 multis

1924 957 2180 1010 laudibus
2202 958 2413 1023 extulit,
2439 960 2580 1014 sicut
2622 960 2675 1013 in
2713 960 2937 1031 scriptis
2968 960 3142 1030 ipsius
3158 971 3358 1016 sancta}
3389 964 3537 1017 sedis

1925 1046 2260 1111 invenimus,
2322 1064 2444 1117 quae
2488 1048 2741 1102 Ecclesiae
2776 1057 2974 1103 nostra:
3004 1049 3072 1103 ab
3105 1051 3296 1104 eadem
3350 1052 3536 1107 Eccle-

1924 1136 2131 1189 siarum
2158 1144 2329 1191 matre
2380 1145 2737 1207 acceperunt,
2789 1146 3036 1207 tempore
3086 1140 3222 1194 diva:
3256 1143 3535 1196 memorias

1927 1224 2107 1279 Karoli
2163 1226 2533 1296 imperatoris,
2593 1227 2814 1295 quando
2868 1228 3113 1296 synodus
3173 1244 3269 1297 pro
3319 1232 3538 1301 cognita

1927 1313 2253 1369 inﬁdelitate
2282 1314 2480 1368 Felicis
2511 1322 2593 1368 est
2625 1314 2831 1377 habita,
2851 1325 2905 1369 et
2927 1316 2995 1369 ad
3022 1316 3321 1371 Romanam
3348 1317 3538 1373 Eccle-

1926 1408 2062 1461 siam
2095 1406 2243 1460 velut
2272 1407 2338 1460 ad
2361 1407 2575 1476 apicem
2600 1406 2967 1461 Ecclesiarum
2993 1408 3327 1462 transmissa.
3352 1409 3459 1462 Sed
3485 1418 3540 1465 et

1925 1511 2116 1551 eorum
2156 1496 2357 1565 scripta
2390 1496 2483 1566 qui
2516 1495 2670 1567 legit,
2704 1511 2868 1565 quam
2892 1495 3003 1550 sint
3027 1496 3303 1549 laudanda
3332 1505 3388 1551 et
3404 1497 3541 1551 reci-

1928 1582 2132 1653 pienda
2172 1582 2450 1657 intelligit.
2486 1583 2733 1653 Denique
2754 1583 2799 1637 si
2833 1584 3119 1648 talium,ut
3149 1584 3542 1651 diximus,sen-

1928 1674 2120 1728 tentiis
2145 1675 2467 1729 concordari
2501 1675 2740 1746 capitula
2762 1692 2884 1746 qua:
2912 1676 3289 1745 excerpsimus
3310 1676 3543 1732 demon-

217 1777 487 1840 rabimus,
518 1781 572 1829 et
601 1774 646 1828 si
678 1772 883 1828 divinis
942 1781 996 1827 et
1049 1772 1382 1827 authenticis
1424 1771 1743 1842 Scripturis,
1775 1781 1827 1825 et
1854 1740 1902 1808 Β
1926 1776 2099 1821 strare
2132 1783 2241 1822 non
2286 1767 2649 1838 potuerimus,
2684 1768 2858 1838 parati
2892 1785 3084 1823 sumus
3114 1770 3459 1825 doctioribus
3488 1780 3543 1825 et

212 1864 501 1919 catholica)
530 1871 695 1933 atque
725 1862 1041 1932 apostolicae
1075 1860 1693 1931 Ecclesiae,sanctzeque
1712 1860 1824 1915 Ro—

214 1974 393 2011 mame
414 1956 561 2009 sedis
583 1954 733 2020 fidei,
755 1960 809 2008 et
830 1954 1262 2008 orthodoxorum
1296 1952 1515 2006 Patrum
1549 1952 1826 2017 sensibus,

213 2050 310 2120 qui
339 2049 519 2104 eidem
564 2054 765 2103 sanctze
808 2045 966 2100 matri
1021 2045 1274 2100 Ecclesiae
1322 2044 1721 2115 praesederunt,
1777 2051 1831 2098 et

215 2140 311 2211 qui
340 2139 408 2191 ab
441 2137 633 2192 eadem
661 2135 968 2207 apostolica
995 2134 1128 2189 sede
1181 2134 1426 2189 Romana
1469 2133 1628 2188 nobis
1660 2135 1712 2187 in
1735 2149 1829 2187 ca-

216 2246 363 2284 none
386 2225 691 2297 recipiendi
738 2225 849 2279 dati
893 2231 1023 2279 sunt
1081 2224 1241 2293 (Dist.
1272 2241 1359 2288 xv,
1394 2241 1441 2278 c.
1491 2225 1685 2278 Sancta
1713 2224 1827 2278 Ro-

216 2323 420 2387 mana),
471 2335 695 2374 sensum
751 2325 996 2372 nostrum
1052 2317 1109 2371 in
1158 2315 1369 2371 eisdem
1427 2317 1681 2387 capitulis
1731 2332 1827 2370 ex-

216 2428 469 2484 pressum
501 2410 824 2465 concordari
854 2410 1233 2464 demonstrare
1266 2409 1631 2478 potuerimus,
1662 2424 1826 2481 agere

215 2502 507 2567 veraciter,
558 2499 859 2567 humiliter,
919 2514 983 2553 ac
1030 2499 1227 2553 devote
1284 2497 1655 2562 studebimus,
1698 2498 1828 2569 quia

214 2595 451 2649 aliorum
479 2593 545 2647 ad
605 2591 982 2663 stipulandum
1032 2600 1232 2646 nostra:
1284 2590 1570 2645 catholicae
1621 2590 1828 2645 intelli—

214 2682 419 2754 gentiae
440 2697 662 2736 sensum
694 2680 1000 2735 sententias
1030 2680 1301 2750 recipere,
1336 2694 1439 2733 nec
1464 2678 1708 2748 proferre
1731 2695 1828 2734 vo-

216 2773 422 2837 lumus,
456 2786 580 2824 cum
613 2778 827 2824 constet
862 2769 1010 2822 illum
1042 2784 1165 2822 esse
1197 2782 1386 2821 verum
1430 2775 1595 2838 atque
1635 2768 1829 2823 catho-

217 2866 381 2919 licum
441 2861 587 2934 quod
627 2862 746 2932 ipsa
804 2871 977 2916 mater
1031 2861 1276 2917 omnium
1330 2861 1715 2927 Ecclesiarum,
1776 2869 1830 2916 et

217 2952 547 3008 universalis
581 2951 820 3006 Ecclesia
845 2950 1061 3005 duxerit
1106 2950 1546 3021 approbandum.
1584 2950 1709 3005 Etsi
1734 2950 1827 3021 qui

215 3044 443 3097 fuerunt
464 3040 727 3112 appellati
758 3041 1033 3107 doctores,
1067 3039 1133 3093 ad
1162 3040 1500 3110 probandam
1547 3038 1675 3095 fidei
1716 3040 1831 3094 sin-
1860 3060 1909 3128 Ο

213 3134 506 3190 ceritatem
542 3132 763 3187 illorum
804 3132 1110 3187 sententias
1144 3148 1254 3187 non
1302 3132 1621 3203 recipimus,
1650 3148 1827 3204 neque

217 3222 571 3295 proferimus,
633 3221 738 3276 nisi
780 3236 1012 3291 quorum
1078 3220 1383 3275 sententias
1412 3222 1531 3291 ipsa
1559 3222 1831 3276 catholica

218 3324 396 3370 mater
422 3314 660 3369 Ecclesia
700 3312 945 3368 decrevit
1003 3327 1125 3367 esse
1186 3312 1523 3382 probabiles.
1556 3314 1609 3366 Si
1647 3321 1830 3368 autem

216 3416 272 3460 et
294 3404 468 3475 aliqui
510 3410 874 3466 emerserunt,
939 3402 1034 3473 qui
1088 3401 1449 3456 doctrinalem
1517 3402 1831 3456 cathedram

217 3502 537 3559 tenuerunt,
569 3500 858 3563 postquam
908 3490 976 3546 ab
1028 3492 1220 3546 eadem
1278 3500 1465 3547 sancta
1496 3493 1629 3548 sede
1656 3508 1833 3548 canon

216 3602 498 3641 sacrarum
542 3584 964 3655 Scripturarum,
1018 3592 1182 3655 atque
1252 3584 1539 3639 doctorum
1604 3584 1838 3640 catholi-

215 3692 433 3740 corum,
462 3674 719 3729 fidelibus
757 3672 972 3728 cunctis
1014 3680 1097 3727 est
1135 3674 1312 3731 datus.
1345 3674 1439 3745 qui
1461 3674 1841 3745 aliterlsense-

218 3775 350 3823 runt
371 3784 532 3838 quam
566 3767 667 3837 ipsi
726 3765 1115 3820 intellexerunt
1143 3771 1310 3836 atque
1343 3767 1671 3834 docuerunt,
1703 3784 1841 3839 quos

222 3860 343 3928 ipsa
396 3863 569 3910 mater
632 3853 900 3909 catholica
945 3870 1045 3909 suo
1085 3855 1396 3910 orthodoxo
1451 3856 1578 3912 sinu
1610 3858 1838 3928 recepit,

219 3947 597 4018 amplectitur,
638 3956 803 4017 atque
859 3946 1008 4002 fovet
1055 3948 1197 4017 :qui
1238 3964 1340 4002 nec
1388 3947 1679 4014 debemus,
1739 3963 1843 4003 nec

222 4054 455 4094 necesse
506 4037 796 4104 habemus,
840 4037 909 4091 ad
957 4036 1335 4091 auctoritatem
1367 4037 1675 4091 sententias
1709 4036 1835 4093 illo-

228 4144 350 4182 rum
397 4126 664 4197 proferre,
703 4134 798 4179 aut
852 4124 1097 4195 recipere
1148 4124 1425 4191 volumus,
1485 4125 1747 4196 quoniam
1778 4126 1835 4180 in

225 4217 373 4281 istis,
404 4223 457 4269 et
490 4231 587 4286 per
648 4214 781 4270 istos
828 4214 962 4268 satis
991 4214 1060 4268 ad
1117 4214 1350 4269 salutem
1384 4214 1672 4271 habemus.
1707 4216 1766 4271 Et
1793 4216 1839 4271 si

224 4310 324 4381 qui
359 4309 519 4363 aliter
550 4324 714 4379 quam
766 4308 875 4371 isti,
938 4307 1237 4362 maturiore
1295 4315 1349 4362 et
1404 4308 1621 4363 saniore
1667 4309 1841 4365 docu-

224 4409 417 4456 mento
458 4401 758 4455 tenendum
789 4401 1121 4467 docuerunt,
1156 4400 1535 4474 dogmatizant
1573 4410 1667 4457 aut
1704 4403 1910 4499 dog—D

224 4491 490 4544 matizare
522 4496 1009 4561 praesumpserunt,
1071 4496 1243 4543 totum
1302 4489 1558 4544 ducimus
1604 4489 1732 4545 fidei
1785 4499 1840 4547 et

222 4582 389 4636 saluti
448 4582 738 4637 adversum
796 4581 1069 4654 quidquid
1120 4582 1187 4635 ab
1257 4596 1448 4635 eorum
1501 4580 1707 4635 salubri
1740 4581 1841 4637 do-

221 4671 403 4726 ctrina
423 4678 639 4724 constat
675 4686 797 4724 esse
839 4671 1139 4725 diversum.
1176 4670 1373 4725 Eorum
1406 4669 1571 4724 etiam
1618 4677 1841 4724 senten-

223 4758 352 4823 tias,
384 4758 478 4828 qui
509 4756 694 4812 divina
739 4758 1080 4831 dignatione,
1136 4767 1424 4828 postquam
1458 4757 1577 4828 ipse
1603 4773 1778 4812 canon
1810 4774 1840 4813 a

222 4850 393 4903 beato
421 4848 636 4903 Gelasio
668 4849 1011 4920 conscriptus
1053 4858 1154 4914 est,
1190 4866 1357 4904 sensu
1385 4861 1439 4905 et
1469 4848 1720 4905 doctrina
1749 4866 1841 4905 ca-

223 4936 452 5003 tholica,
518 4946 573 4991 et
640 4937 929 4992 sanctitate
987 4938 1423 4993 conversationis
1478 4939 1534 4991 in
1599 4937 1841 4993 Ecclesia

225 5028 557 5094 floruerunt,
581 5035 636 5083 et
664 5029 732 5082 ad
766 5029 1007 5099 ipsorum
1037 5031 1468 5086 ortliodoxorum
1494 5030 1836 5101 Patrum,qui

225 5120 285 5174 in
316 5120 512 5175 eodem
546 5136 759 5175 canone
782 5122 1027 5176 annotati
1052 5130 1180 5176 sunt
1210 5122 1379 5188 fideli,
1413 5123 1543 5194 quia
1572 5122 1841 5177 catholica

222 5213 482 5269 doctrina
513 5212 650 5266 nihil
683 5213 992 5281 dissonum,
1019 5215 1152 5269 nihil
1180 5215 1459 5271 diversum
1507 5214 1843 5285 scripserunt

220 5303 312 5359 vel
344 5303 677 5367 docuerunt,
713 5303 1020 5359 reverentia
1074 5305 1191 5375 pari
1239 5306 1647 5375 amplectimur,
1674 5306 1845 5361 veluti

220 5391 564 5448 venerabilis
596 5390 754 5443 Bedaz
794 5392 1100 5463 presbyteri
1122 5410 1154 5447 a
1180 5394 1468 5464 discipulis
1489 5393 1662 5449 sancti
1691 5410 1844 5465 papa:

220 5479 474 5553 Gregorii
509 5477 781 5533 catholica
805 5476 914 5534 fide
943 5479 1161 5548 imbuti,
1190 5490 1243 5535 et
1272 5498 1303 5535 a
1338 5490 1525 5537 sancto
1554 5482 1843 5538 Theodoro

220 5571 677 5643 archiepiscopo,
735 5571 1018 5643 utriusque
1066 5573 1291 5647 linguae,
1341 5573 1537 5629 Graeca:
1586 5573 1846 5633 videlicet

221 5671 277 5717 et
317 5660 534 5716 Latina:
571 5657 769 5729 perito,
827 5666 882 5714 et
910 5676 941 5714 a
983 5670 1171 5718 sancta
1202 5663 1446 5717 Romana
1500 5661 1744 5717 Ecclesia
1774 5664 1844 5721 ad

1928 1860 2217 1916 catholicis
2245 1868 2427 1914 autem
2461 1862 2900 1924 accommodare,
2936 1878 3157 1914 sensum
3204 1861 3463 1926 subdere,
3488 1870 3542 1916 et

1930 1952 2048 2005 sine
2070 1952 2426 2006 contentione
2477 1968 2578 2006 nos
2618 1953 2880 2007 doctrinae
2914 1953 3129 2006 illorum
3150 1952 3445 2020 subjicere.
3478 1953 3544 2006 Et

1932 2041 2058 2111 quia
2080 2041 2329 2094 libellum
2352 2040 2421 2094 de
2445 2041 2645 2095 scrinio
2670 2040 2827 2094 bona:
2861 2041 3141 2095 memoria:
3168 2041 3346 2095 fratris
3375 2041 3539 2095 vestri

1933 2132 2192 2197 Lotliarii,
2224 2133 2343 2187 sine
2395 2133 2616 2188 nomine
2664 2132 2905 2187 auctoris
2934 2133 3300 2203 suscepimus,
3344 2134 3397 2186 in
3430 2148 3543 2204 quo

1931 2224 2209 2297 sigillatim
2242 2240 2341 2294 per
2370 2224 2489 2278 loca
2521 2224 2739 2298 singula
2770 2224 3011 2294 capitula
3040 2241 3069 2279 a
3100 2224 3261 2278 nobis
3281 2231 3544 2295 excerpta

1931 2324 2057 2371 sunt
2090 2316 2287 2386 posita,
2323 2324 2378 2369 et
2415 2331 2642 2370 assensu
2672 2316 2840 2381 illius,
2864 2316 3211 2387 quiscunque
3243 2316 3334 2371 ille
3357 2316 3544 2383 fuerit,

1933 2408 2265 2477 reprehensa
2296 2414 2424 2462 sunt
2453 2417 2507 2461 et
2564 2408 2840 2473 damnata,
2872 2424 2996 2463 cum
3030 2408 3097 2461 de
3147 2408 3543 2463 catholicorum

1930 2496 2146 2550 Patrum
2171 2496 2335 2549 dictis
2383 2505 2567 2551 nostra
2596 2496 2854 2567 capitula,
2905 2498 2949 2551 si
2982 2498 3307 2567 poterimus,
3342 2496 3548 2553 conﬁr-

1931 2600 2080 2638 mare
2112 2584 2450 2650 curabimus,
2486 2586 2658 2655 ipsius
2685 2586 2851 2640 etiam
2879 2587 3343 2656 reprehensiones
3377 2602 3547 2657 pone-

1932 2689 2071 2739 mus,
2105 2681 2159 2727 et
2191 2688 2304 2739 eas,
2352 2679 2618 2743 quantum
2674 2673 2939 2728 Dominus
2964 2674 3198 2740 dederit,
3225 2670 3232 2677 ’
3257 2674 3547 2729 confutare

1930 2763 2294 2819 studebimus.
2325 2764 2473 2818 Tunc
2493 2764 2713 2818 demum
2748 2780 3019 2834 ponemus
3050 2766 3118 2819 de
3150 2764 3393 2835 capitulo
3409 2780 3548 2819 con-

1932 2854 2164 2909 fratrum
2192 2862 2502 2910 nostrorum
2550 2855 2767 2925 quinto,
2802 2857 2952 2910 unde
2970 2863 3156 2911 notam
3190 2855 3352 2911 nobis
3391 2856 3548 2925 quasi

1933 2947 2095 3000 tacite
2123 2952 2177 2999 et
2208 2962 2237 2999 e
2291 2946 2462 3000 latere
2515 2946 2892 3021 impegerunt,
2919 2947 3066 3018 quod
3101 2948 3152 3000 in
3204 2947 3546 3002 Gothescalci

1932 3034 2151 3104 scriptis
2177 3033 2507 3099 invenimus,
2540 3043 2830 3107 postquam
2866 3036 3106 3106 capitula
3125 3045 3363 3107 quatuor
3400 3052 3549 3106 szepe

1934 3134 2249 3180 memorata:
2272 3128 2636 3197 excerpimus,
2682 3134 2737 3181 et
2769 3128 2902 3198 quid
2936 3129 3066 3183 inde
3098 3129 3402 3183 sentiamus
3432 3129 3548 3182 Do-

1933 3217 2083 3272 mino
2117 3217 2422 3287 inspirante
2446 3218 2714 3272 dicemus.
2751 3219 2908 3273 Etsic
2939 3220 3158 3274 tandem
3188 3220 3553 3288 subjiciemus

1935 3308 2027 3363 illa
2046 3310 2237 3362 decem
2272 3318 2326 3363 et
2357 3324 2552 3363 novem
2588 3310 2848 3380 capitula,
2908 3327 3006 3381 pro
3034 3312 3235 3381 quibus
3265 3313 3335 3365 de
3364 3313 3550 3368 Scoto-

1936 3412 2055 3450 rum
2080 3396 2329 3467 pultibus
2344 3398 2649 3453 confratres
2678 3400 2871 3464 nostri,
2904 3401 3025 3455 sine
3056 3401 3219 3471 culpa
3268 3408 3473 3462 nostra,
3496 3402 3550 3456 in

1937 3492 2038 3544 hac
2061 3489 2506 3543 duntaxatcausa
2541 3505 2641 3544 nos
2663 3505 2891 3559 pascere
2923 3492 3305 3557 decreverunt,
3329 3501 3383 3546 et
3417 3494 3550 3563 quid

1939 3582 2006 3635 de
2025 3581 2236 3635 eisdem
2289 3580 2548 3650 capitulis
2575 3580 2903 3649 sentiamus,
2936 3598 2999 3637 ex
3024 3583 3421 3639 catholicorum
3445 3584 3555 3639 fra-

1941 3679 2084 3725 trum
2102 3670 2363 3725 sensibus
2401 3669 2779 3724 ostendemus.
2810 3688 2839 3720 ι

2548 3782 2755 3838 CAPUT
2804 3784 2932 3838 XVI.

2262 3858 2335 3911 De
2362 3856 2447 3910 his
2466 3871 2584 3925 quae
2608 3858 2807 3911 Karolo
2848 3858 2967 3924 regi
2994 3858 3231 3926 scripsit.

2015 3943 2173 4009 Item,
2198 3942 2348 3998 aliud
2382 3943 2843 4000 ediditvolumen
2904 3944 3121 4020 insigne
3175 3946 3243 4000 ad
3298 3946 3555 4001 eumdem

1937 4050 2143 4108 regem,
2179 4044 2367 4091 contra
2424 4035 2709 4106 priefatum
2776 4038 3192 4093 Gothescalcum
3226 4045 3281 4093 et
3319 4046 3555 4096 caeteros

1944 4124 2381 4194 praedestinatos,
2414 4125 2485 4179 de
2515 4141 2626 4196 quo
2673 4126 2990 4193 hujusmodi
3044 4128 3111 4180 ad
3141 4127 3317 4197 ipsum
3362 4128 3559 4185 scribit

1942 4216 2254 4287 epistolam.

2011 4310 2222 4365 Domno
2262 4310 2482 4365 Κλειοιο
2514 4310 2631 4382 regi
2661 4309 2903 4384 glorioso
2936 4310 3274 4378 Hmcnxaus,
3308 4312 3554 4377 nomine,

1942 4414 2051 4453 non
2083 4398 2301 4464 merito,
2333 4398 2624 4452 Remorum
2654 4398 2949 4469 episcopus
2972 4414 3034 4453 ac
3058 4399 3239 4469 plebis
3260 4401 3353 4455 Dei
3377 4400 3559 4455 famu-

1940 4489 2046 4554 lus,
2079 4504 2187 4543 una
2210 4504 2335 4543 cum
2352 4488 2581 4561 collegis
2610 4488 2830 4543 domnis
2856 4496 2911 4544 et
2943 4488 3204 4544 fratribus
3230 4491 3373 4544 meis
3397 4506 3558 4545 vene-

1941 4578 2125 4633 randis
2153 4578 2451 4648 episcOpis,
2511 4578 2824 4633 oratoribus
2872 4578 3087 4635 scilicet
3138 4579 3333 4634 salutis
3390 4586 3559 4651 atque

1941 4672 2321 4742 prosperitatis
2355 4678 2549 4726 vestrae
2570 4671 2806 4727 devotis.

2015 4786 2040 4809 ιι
2073 4761 2257 4831 Nuper
2279 4761 2467 4831 elapso
2509 4778 2700 4816 mense
2728 4760 2914 4827 Iunio,
2957 4777 3057 4832 per
3089 4761 3447 4817 indictionem
3467 4776 3557 4815 se-

1942 4850 2169 4921 ptimam
2186 4866 2333 4905 anno
2352 4850 2747 4905 incarnationis
2774 4849 3071 4906 Dominicae
3096 4850 3559 4925 octingentesimo

1942 4942 2398 5015 quinquagesimo
2426 4958 2596 5008 nono,
2623 4942 2855 4997 dedistis
2912 4941 3074 4997 nobis
3118 4943 3370 5013 quaedam
3398 4944 3556 5014 capi-

1941 5032 2071 5098 tula,
2105 5033 2245 5088 sicut
2279 5038 2479 5087 nostra:
2524 5031 2737 5086 dixistis
2790 5032 3104 5099 humilitati,
3139 5048 3169 5086 a
3202 5032 3449 5106 Remigio
3473 5048 3559 5086 re-

1942 5124 2344 5179 verendissimo
2396 5123 2851 5195 Lugdunensium
2900 5124 3323 5195 archiepiscOpo
3362 5130 3558 5178 vestra;

1946 5220 2196 5285 porrecta
2239 5210 2581 5271 sublimitati,
2634 5211 2890 5279 iubentes
2920 5218 2978 5266 ut
3020 5219 3269 5283 tempore
3308 5226 3554 5286 congruo

1946 5302 2015 5356 de
2046 5301 2130 5354 his
2158 5300 2315 5357 vobis
2370 5299 2729 5355 redderemus
2762 5316 3110 5371 responsum,
3166 5301 3213 5355 si
3266 5300 3558 5357 unanimes

1946 5410 2056 5449 uno
2104 5409 2221 5460 ore,
2248 5392 2570 5449 earumdem
2601 5394 2966 5465 capitulorum
2995 5411 3163 5450 sensu
3189 5394 3557 5451 concordare-

1946 5503 2086 5555 mus,
2112 5503 2180 5541 an
2209 5486 2339 5557 quia
2363 5484 2519 5541 vobis
2548 5502 2580 5540 a
2605 5503 2742 5542 cana
2773 5487 2989 5542 Patrum
3006 5486 3115 5543 ﬁde
3137 5488 3193 5542 in
3223 5487 3554 5560 quibusdam

1945 5574 2241 5631 dissentire
2272 5573 2618 5642 videbantur,
2660 5581 2847 5631 noster
2875 5592 3093 5645 sensus,
3125 5594 3287 5649 quem
3310 5594 3342 5632 a
3371 5579 3553 5634 catho-

1943 5666 2049 5725 lico
2081 5668 2294 5724 tramite
2322 5683 2431 5724 non
2463 5668 2687 5725 deviare
2730 5668 3059 5737 credebatis,
3088 5670 3157 5725 ab
3180 5670 3260 5726 eis
3283 5670 3337 5723 in
3366 5668 3553 5740 aliquo
