3970 6218
448 320 551 374 187

1571 319 1933 375 FLODOARDI
1976 318 2277 374 CANONICI
2320 319 2646 374 REMENSIS

3669 319 3772 375 188

441 444 754 512 dissideret,
780 450 1076 516 sequentes
1097 444 1701 516 etpraaceptiDominici
1717 445 2046 513 jussionem,
2079 449 2126 514 Α
2153 443 2490 515 displiceret.
2521 444 2710 499 Merito
2760 460 3001 516 namque
3030 460 3196 500 causa
3225 459 3326 499 nos
3353 443 3607 515 respicit,
3629 443 3675 498 si
3697 445 3773 498 si-

440 543 495 591 et
524 536 884 590 Christianam
904 537 1370 606 praedecessorum
1420 544 1723 592 vestrorum
1755 543 2048 592 consuetu-

440 625 649 679 dinem.
677 626 768 679 Est
795 626 940 679 cnim
973 632 1025 680 et
1051 625 1252 680 divinis
1279 626 1495 697 legibus
1523 634 1762 692 cautum,
1784 633 1837 680 et
1869 626 2049 696 prisco

441 717 774 770 anteriorum
799 718 1108 788 principum
1154 733 1306 772 more
1336 724 1574 785 suetum,
1606 727 1662 773 ut
1693 721 2049 790 quotiescun-

443 824 548 878 que
583 808 634 861 in
667 809 937 864 catholica
990 809 1117 866 fide.
1151 810 1233 865 vel
1268 811 1454 866 divina
1484 812 1751 885 religione
1782 813 2042 884 quiddam

445 900 568 954 novi
599 903 905 968 emerserit,
951 919 981 956 a
1039 903 1324 973 principali
1358 905 1630 959 sententia
1661 905 2044 974 episcoporum

440 992 711 1045 consultui
737 992 1020 1059 referatur,
1046 1000 1100 1046 et
1128 995 1275 1064 quod
1307 1011 1495 1050 eorum
1523 996 1756 1064 judicio,
1803 995 2048 1065 Scriptu-

443 1095 620 1132 rarum
656 1089 966 1135 sanctarum
1003 1083 1327 1138 auctoritate
1369 1094 1423 1138 et
1475 1085 1902 1139 orthodoxorum
1934 1097 2048 1134 ma-

439 1167 733 1238 gistrorum
768 1171 1040 1236 doctrina,
1097 1180 1261 1242 atque
1327 1173 1631 1226 secundum
1672 1171 2053 1224 auctoritatem

441 1262 761 1316 canonicam
796 1263 1084 1318 etdccrcta
1106 1264 1424 1334 pontificum
1459 1265 1827 1318 Romanorum
1860 1261 2057 1316 Christi

443 1349 538 1403 Dei
571 1351 740 1404 nostri
773 1352 981 1417 vicarii,
1012 1360 1064 1406 et
1097 1360 1300 1407 sanctae
1328 1354 1448 1421 ejus
1481 1352 1734 1407 Ecclesia}
1770 1352 2057 1421 praesules,

443 1442 801 1505 credendum,
827 1444 1194 1513 sequendum,
1229 1453 1281 1498 et
1313 1445 1634 1509 tenendum,
1657 1452 1823 1514 atque
1852 1441 2054 1512 praedi-

443 1530 676 1584 candum
707 1531 1073 1599 decreverint,
1111 1534 1162 1586 id
1192 1535 1260 1587 ab
1316 1533 1576 1588 omnibus
1613 1532 1780 1587 corde
1802 1531 2056 1585 credatur

444 1623 512 1675 ad
537 1623 823 1690 justitiam,
852 1639 945 1677 ore
966 1632 1146 1678 autem
1177 1625 1505 1680 confiteatur
1533 1626 1600 1680 ad
1625 1625 1857 1678 salutem
1885 1628 2050 1693 (Rom.

447 1712 629 1780 x,10),
682 1721 940 1784 sequatur
981 1714 1048 1768 ad
1097 1715 1459 1779 vocationem,
1517 1721 1767 1768 teneatur
1795 1715 1862 1768 ad
1897 1729 2055 1768 coro-

444 1820 590 1867 nam,
619 1804 944 1873 pnedicetur
991 1805 1058 1859 ad
1093 1806 1323 1859 lucrum.
1363 1806 1489 1869 Quae
1520 1806 1794 1876 siquidem
1819 1808 2056 1876 capitula

443 1902 717 1948 conventu
747 1896 1129 1965 epiSCOporum
1160 1897 1346 1951 habito
1375 1898 1428 1950 in
1461 1899 1741 1953 territorio
1788 1898 2056 1964 Tullensi,

446 1983 499 2034 in
519 1983 666 2050 villa,
699 2000 820 2053 qua:
843 1984 1040 2038 dicitur
1093 1985 1443 2055 Saponarias,
1469 1994 1597 2040 ante
1631 1986 1858 2040 biduum
1892 2003 2057 2058 quam

444 2073 600 2128 vobis
641 2084 891 2144 porrecta
922 2076 1143 2143 fuerint,
1197 2085 1324 2131 sunt
1370 2078 1616 2144 recitata,
1659 2079 1977 2149 proferente
2008 2086 2060 2133 et

445 2167 757 2236 deponente
790 2184 855 2221 ea
874 2171 1084 2238 synodo
1107 2171 1311 2225 domno
1341 2171 1588 2242 Remigio
1605 2171 2055 2241 Lugdunensium

441 2255 876 2327 archiepiscOpo.
911 2259 1036 2322 Quae
1087 2260 1230 2314 sicut
1272 2259 1427 2325 dixit,
1479 2269 1533 2314 et
1580 2260 1635 2313 in
1660 2260 2058 2334 epigrammate

445 2346 763 2400 eorumdem
791 2349 1158 2418 capitulorum
1189 2351 1526 2414 continetur,
1551 2351 1606 2404 in
1641 2351 1743 2405 hoc
1775 2351 1894 2420 ipso
1912 2365 2058 2404 anno

449 2435 500 2488 in
537 2435 794 2491 Kalendis
831 2438 1192 2492 nihilominus
1239 2439 1444 2492 ibidem
1477 2439 1547 2493 de
1581 2438 1884 2508 rescriptis,
1919 2445 1973 2491 et
2002 2438 2057 2491 in

445 2528 715 2585 suburbio
743 2530 1053 2603 Lingonicae
1095 2531 1270 2596 urbis,
1310 2532 1377 2586 ad
1427 2532 1843 2586 instructionem
1876 2531 2059 2585 Domi-

453 2619 560 2673 nici
581 2619 794 2689 populi,
828 2621 945 2690 ipse
967 2628 1020 2674 et
1037 2621 1142 2674 sibi
1163 2620 1660 2692 comprovinciales
1681 2620 2060 2690 episcopicdi-

451 2711 672 2780 derunt,
703 2719 757 2765 et
784 2712 837 2765 in
867 2715 1104 2768 crastina
1124 2715 1232 2769 alia
1263 2715 1513 2785 quaedam
1538 2715 1796 2784 capitula,
1839 2715 1907 2768 de
1935 2715 2062 2785 qui-

454 2799 556 2852 bus
579 2809 701 2870 post
723 2799 954 2855 locuturi
989 2818 1198 2871 sumus,
1229 2803 1417 2857 relicta
1440 2803 1608 2862 fuere.
1643 2803 1819 2872 Super
1839 2802 2064 2873 quibus,

453 2889 595 2944 sicut
634 2889 964 2960 quibusdam
988 2907 1051 2945 ex
1084 2892 1344 2946 fratribus
1369 2893 1546 2946 visum
1579 2901 1680 2958 est,
1700 2892 2062 2963 quorumdam

453 2993 654 3031 sensus
682 2987 766 3032 est
797 2985 992 3033 motus.
1031 2980 1161 3033 Nam
1185 2989 1247 3035 ut
1270 2997 1400 3035 vere
1429 2988 1483 3035 et
1519 2997 1620 3036 nos
1641 2981 1927 3048 fateamur,
1961 2996 2067 3036 no-

455 3077 582 3123 strw
620 3071 973 3127 conscientia;
1021 3089 1189 3144 super
1243 3073 1456 3143 pridem
1510 3075 1790 3146 capitulis,
1840 3092 1982 3146 quae,
2008 3081 2068 3129 ut

2084 1767 2132 1833 Β

2155 533 2325 588 lentio
2356 532 2639 586 faveamus
2670 533 2863 588 errori.
2902 553 2927 583 ι)

2223 625 2331 679 Nos
2361 632 2543 678 tamen
2566 625 2773 692 plures,
2803 623 2896 695 qui
2930 639 3120 678 eorum
3148 633 3204 680 et
3231 623 3415 697 {fidem
3462 633 3518 679 et
3559 625 3774 679 doctri-

2153 732 2275 770 nam
2309 723 2361 769 et
2382 715 2728 785 prudentiam
2779 716 3053 781 novimus,
3085 717 3269 770 minus
3319 717 3374 770 in
3424 717 3507 772 eis
3540 717 3651 771 ista
3671 732 3775 772 no-

2150 807 2434 864 scentibus
2472 808 2804 862 sententiam
2867 823 2964 878 pro
2995 808 3348 863 dissensione
3407 809 3671 879 baptismi
3706 809 3776 863 de

2149 901 2312 954 beato
2342 898 2612 969 Cypriano
2642 915 2671 951 a
2702 907 2892 954 sancto
2920 899 3223 970 Augustino
3249 900 3640 962 collaudatam,
3670 916 3777 953 sae-

2151 1005 2459 1062 penumero
2527 992 2579 1046 in
2641 991 2785 1046 libro
2844 991 3090 1047 secundo
3122 992 3190 1046 de
3223 993 3501 1064 Baptismo
3535 993 3774 1063 positam

2157 1084 2564 1155 proposuimus.
2603 1103 2624 1133 ι
2668 1084 2953 1148 Quomodo
2975 1083 3143 1148 enim,
3170 1084 3347 1154 inquit
3376 1085 3530 1150 (Avo.
3563 1085 3600 1137 l.
3636 1101 3670 1137 ιι
3713 1084 3780 1137 de

2163 1177 2452 1242 Baptismo,
2484 1189 2530 1227 c.
2568 1174 2642 1238 ιιι,
2679 1174 2859 1242 potuit
2884 1174 2985 1227 ista
3039 1190 3126 1228 res
3155 1175 3318 1228 tantis
3349 1173 3778 1228 altercationum

2159 1262 2378 1316 nebulis
2419 1263 2661 1318 involuta
2683 1262 2752 1315 ad
2786 1261 3019 1332 plenarii
3044 1261 3262 1316 concilii
3289 1261 3778 1316 luculentamillu-

2161 1358 2484 1413 strationem
2516 1355 3105 1427 confirmationemque
3156 1356 3407 1426 perduci,
3450 1356 3556 1410 nisi
3589 1356 3780 1426 primo

2155 1449 2367 1503 diutius
2384 1464 2481 1518 per
2507 1448 2662 1503 orbis
2693 1457 2960 1502 terrarum
2982 1447 3260 1518 regiones,
3303 1446 3491 1501 multis
3521 1446 3660 1501 hinc
3683 1452 3780 1500 at-

2156 1553 2262 1609 que
2289 1537 2419 1592 hinc
2439 1536 2907 1607 disputationibus
2947 1544 3000 1590 et
3026 1535 3414 1591 collationibus
3469 1535 3779 1605 episcopo-

2158 1646 2275 1683 rum
2303 1637 2633 1699 pertractata
2663 1636 2941 1683 constaret
2973 1627 3001 1680 ?
3041 1628 3151 1682 Hoc
3180 1635 3362 1681 autem
3416 1626 3546 1681 facit
3565 1629 3783 1681 sanitas

2158 1721 2328 1791 pacis,
2361 1728 2420 1775 ut
2448 1737 2570 1776 cum
2598 1720 2805 1774 diutius
2843 1720 3029 1789 aliqua
3057 1717 3379 1773 obscuriora
3426 1727 3780 1787 quaeruntur,

2158 1823 2212 1866 et
2242 1820 2467 1883 propter
2499 1811 2817 1866 inveniendi
2878 1809 3259 1865 difficultatem
3281 1810 3532 1864 diversas
3553 1810 3784 1879 pariunt

2160 1901 2214 1954 in
2244 1899 2484 1955 fraterna
2511 1899 2911 1970 disceptatione
2941 1899 3451 1965 sententias,donec
3478 1899 3548 1953 ad
3581 1916 3782 1954 verum

2159 1989 2427 2059 liquidum
2462 1989 2836 2060 perveniatur,
2864 1988 3140 2044 vinculum
3173 1997 3497 2059 permaneat
3519 1990 3785 2055 unitatis,

2161 2095 2230 2134 ne
2259 2079 2312 2132 in
2348 2087 2499 2148 parte
2523 2078 2750 2148 praecisa
2782 2086 3069 2133 remaneat
3107 2078 3416 2132 insanabile
3454 2079 3668 2133 vulnus
3690 2095 3781 2132 er-

2159 2169 2299 2224 roris
2319 2169 2501 2235 (Ibid,
2557 2185 2603 2221 c.
2657 2169 2740 2232 5).
2773 2167 2834 2222 Et
2890 2167 3016 2222 ideo
3066 2169 3394 2239 plerumque
3425 2169 3781 2224 doctioribus

2159 2261 2342 2315 minus
2361 2260 2567 2332 aliquid
2601 2259 2893 2326 revelatur,
2926 2268 2983 2315 ut
2999 2275 3190 2314 eorum
3222 2261 3440 2330 patiens
3461 2267 3517 2314 et
3547 2260 3782 2315 humilis

2161 2353 2418 2418 charitas,
2472 2353 2524 2406 in
2585 2369 2693 2424 qua
2745 2352 2952 2408 fructus
3003 2354 3178 2422 major
3205 2360 3308 2421 est,
3339 2353 3779 2424 comprobetur:

2160 2442 2243 2496 vel
2277 2441 2556 2511 quomodo
2584 2448 2805 2497 teneant
2836 2440 3125 2506 unitatem,
3158 2455 3281 2493 cum
3317 2439 3370 2492 in
3402 2439 3573 2497 rebus
3587 2441 3785 2499 obscu-

2164 2533 2402 2589 rioribus
2461 2532 2675 2585 diversa
2713 2532 2960 2587 sentiunt
2993 2550 3006 2586 :
3035 2533 3142 2587 'vel
3175 2532 3454 2604 quomodo
3503 2531 3785 2602 accipiant

2162 2623 2613 2686 veritatem,cum
2653 2628 2845 2676 contra
2885 2621 2937 2673 id
2989 2621 3134 2692 quod
3167 2621 3490 2676 sentiebant
3525 2621 3782 2677 declara-

2167 2721 2280 2768 tum
2301 2729 2424 2768 esse
2455 2721 2794 2786 cognoscant
2837 2738 2859 2763 υ
2876 2713 3136 2770 Sciebant
3157 2731 3394 2786 namque
3427 2715 3599 2769 iidem
3619 2730 3783 2768 vene-

2168 2801 2391 2867 rabiles,
2423 2802 2702 2866 catholici,
2730 2809 2784 2856 et
2805 2803 2948 2857 docti
2979 2803 3106 2870 viri,
3135 2803 3263 2875 quia
3296 2804 3352 2856 in
3381 2804 3570 2857 multis
3600 2803 3786 2877 regio-

2169 2890 2332 2945 nibus
2358 2907 2424 2945 ac
2452 2891 2753 2962 provinciis
2770 2893 2886 2947 haec
2912 2892 3655 2962 pestiferaeratrecommota
3686 2891 3787 2947 do-

2169 2981 2362 3046 ctrina,
2397 2988 2450 3034 et
2481 2981 2607 3035 ideo
2633 2981 2917 3036 silentium
2935 2982 2992 3035 in
3021 2983 3138 3037 suis
3169 2983 3469 3054 provinciis
3495 2981 3788 3052 imponere

2170 3077 2277 3124 tam
2311 3069 2494 3137 facile,
2526 3070 2666 3125 sicut
2686 3070 2826 3126 forte
2857 3073 3658 3142 poterant,noluerunterrori,
3687 3072 3787 3126 do-

455 3160 714 3228 diximus,
737 3162 1022 3238 Remigius
1049 3165 1498 3236 archiepiscopus
1531 3167 1740 3237 synodo
1772 3177 2064 3237 praesenta—
2096 3134 2144 3201 C
2168 3178 2270 3218 nec
2299 3162 2366 3216 ad
2405 3162 2767 3232 plurimorum
2815 3164 3065 3218 notitiam
3108 3171 3367 3234 perventa
3416 3163 3786 3233 plurimorum

455 3263 624 3321 verat,
688 3255 943 3323 recitatis,
990 3257 1386 3312 catholicorum
1436 3259 1503 3312 ad
1545 3260 1866 3313 memoriam
1899 3260 2063 3314 redu-

456 3352 646 3398 centes
677 3344 962 3400 doctorum
993 3346 1342 3413 traditiones,
1361 3363 1471 3402 non
1493 3348 1710 3403 modice
1749 3365 1810 3403 se
1831 3364 2064 3403 concus-

456 3443 668 3490 serunt.
702 3435 854 3489 Unde
922 3443 1230 3491 nostrorum
1289 3437 1534 3507 quidam,
1565 3435 1692 3491 fidei
1747 3437 2065 3492 Christianas

459 3526 577 3581 zelo
597 3526 871 3589 succensi,
903 3527 1088 3598 aliqua
1117 3527 1330 3598 synodo
1360 3529 1583 3582 voluere
1612 3544 1931 3602 suggerere,
1969 3529 2067 3583 sed

458 3624 638 3669 motus
658 3614 828 3668 nostri
860 3614 929 3668 ab
950 3616 1146 3670 eodem
1177 3615 1483 3670 venerabili
1513 3616 1931 3686 archiepiscopo
1965 3617 2070 3671 Re-

460 3702 630 3774 migio
663 3703 1112 3776 Lugdunensium
1161 3711 1288 3758 sunt
1343 3705 1592 3760 modeste
1639 3706 1948 3774 compositi,
2001 3720 2068 3761 eo

461 3793 854 3848 venerabiliter
879 3803 1191 3864 perorante,
1215 3804 1274 3850 ut
1293 3795 1337 3849 si
1370 3812 1829 3867 quorumcunque
1855 3805 2072 3852 nostro-

467 3903 583 3940 rum
612 3901 808 3940 sensus
845 3886 914 3940 ab
949 3887 1157 3941 eisdem
1214 3887 1444 3956 prolatis
1488 3887 1766 3956 capitulis,
1799 3887 1854 3940 in
1887 3887 2073 3958 aliquo

465 3979 842 4033 dissentiendo
891 3996 951 4033 se
1004 3987 1364 4045 commueret,
1416 3980 1485 4034 ad
1541 3981 1788 4050 proxime
1838 3979 2073 4034 futuram

460 4070 731 4141 synodum
755 4071 1149 4126 catholicorum
1196 4071 1369 4126 libros
1397 4072 1682 4127 doctorum
1729 4072 1937 4142 quique
1964 4073 2070 4126 de-

461 4159 603 4215 ferre
632 4178 888 4216 curemus
916 4177 930 4228 ;
962 4163 1172 4218 etsicut
1191 4164 1390 4220 melius
1409 4164 1714 4220 secundum
1747 4163 2069 4218 catholicam

462 4257 516 4304 et
536 4251 892 4322 apostolicam
913 4251 1218 4308 doctrinam
1247 4254 1304 4308 in
1331 4269 1624 4310 commune
1671 4253 2070 4318 invenerimus,

459 4345 530 4397 de
551 4351 748 4400 caetero
785 4361 979 4400 omnes
1001 4346 1340 4401 unanimiter
1361 4355 1663 4401 teneamus.
1690 4346 1748 4399 ln
1781 4345 1939 4413 cujus
1974 4345 2071 4399 de-

459 4429 681 4487 votione
711 4433 1281 4506 coepiscOporumque
1305 4433 1482 4505 ipsius
1501 4435 2071 4503 diazceseos,quorum

462 4524 624 4578 etiam
657 4535 712 4580 et
741 4533 868 4582 ante
894 4503 1299 4584 ordinationem
1329 4503 1590 4582 Vmentem
1639 4525 1963 4581 catholicam
1991 4503 2145 4580 at-D

463 4633 570 4687 que
591 4617 917 4685 doctrinam,
968 4619 1110 4674 sicut
1156 4628 1211 4674 et
1248 4635 1344 4675 vos
1377 4635 1486 4674 non
1506 4619 1657 4684 latet,
1691 4617 2070 4687 cognovimus,

463 4715 729 4776 quantum
786 4708 971 4762 sensui
1025 4707 1345 4778 pusillitatis
1383 4715 1583 4762 nostrae
1641 4704 1806 4761 fidem
1851 4719 2072 4760 accom-

463 4798 686 4852 modare
715 4800 1004 4865 audemus,
1037 4800 1387 4870 percepimus
1438 4800 1568 4870 quia
1597 4814 1709 4854 non
1735 4813 1801 4853 ex
1827 4797 1982 4868 ipsis,
2015 4805 2074 4851 ut

465 4905 577 4945 non
603 4890 850 4946 dicamus
879 4909 978 4962 per
1030 4893 1202 4962 ipsos,
1259 4891 1470 4963 synodo
1497 4891 1736 4961 capitula
1767 4889 1890 4960 ipsa
1919 4889 2076 4944 fuere

467 4983 698 5053 prolata.
733 4983 1077 5056 Quapropter
1105 4985 1358 5056 quamvis
1386 4984 1592 5039 blando
1640 4982 1802 5038 sibilo
1834 4997 1931 5038 eos
1951 4981 2077 5053 qui-

467 5072 593 5125 dam
621 5071 918 5127 charaxare
947 5073 1224 5128 voluerint
1249 5072 1319 5126 de
1337 5087 1403 5127 eo
1415 5072 1565 5144 quod
1588 5080 1811 5126 sanctus
1835 5069 2080 5126 Calesti-

471 5179 576 5218 nus
597 5164 892 5234 episcopos
913 5163 1221 5220 Gallicanos
1243 5163 1522 5236 redarguit
1552 5162 1815 5233 (ϐαεικετ.
1845 5164 1983 5230 epist
2024 5162 2077 5228 1,

466 5269 514 5309 c.
543 5255 620 5322 ‘1),
651 5254 845 5310 dicens
877 5273 890 5310 :
929 5276 949 5306 α
979 5257 1117 5322 Quid
1149 5257 1283 5323 illic,
1313 5255 1646 5327 inquit,spci
1676 5261 1758 5310 est
1787 5253 1878 5308 ubi
1904 5252 2080 5324 magi-

473 5348 600 5402 stris
623 5347 931 5404 tacentibus
981 5350 1034 5404 hi
1095 5349 1397 5421 loquuntur
1426 5347 1542 5418 qui,
1573 5348 1620 5401 si
1645 5347 1720 5401 ita
1751 5351 1855 5408 est,
1887 5359 2074 5399 eorum

471 5440 732 5510 discipuli
760 5455 872 5495 non
923 5440 1147 5496 fuerunt
1183 5440 1212 5493 ‘?
1242 5441 1410 5494 timeo
1431 5453 1501 5492 ne
1540 5437 1837 5493 connivere
1859 5435 1948 5499 sit,
1980 5435 2080 5488 hoc

471 5538 673 5586 tacere.
701 5530 886 5586 Timeo
912 5549 982 5587 ne
1011 5532 1189 5606 magis
1211 5530 1314 5601 ipsi
1340 5530 1655 5600 loquantur,
1691 5528 1736 5581 si
1758 5526 2082 5596 permittunt

474 5620 584 5674 illis
613 5619 795 5674 taliter
823 5621 994 5693 loqui.
1030 5625 1090 5678 In
1138 5621 1340 5677 talibus
1386 5619 1568 5676 causis
1623 5618 1936 5689 suspicione
1971 5631 2080 5670 non

476 5715 624 5764 caret
651 5707 1011 5778 taciturnitas,
1043 5710 1176 5782 quia
1203 5715 1519 5764 occurreret
1544 5706 1768 5772 veritas,
1797 5705 1844 5760 si
1872 5703 2080 5759 falsitas

2160 3253 2372 3322 judicio
2403 3253 2637 3323 quaestio
2665 3252 2956 3323 50piretur.
2983 3254 3136 3318 Quia,
3172 3262 3230 3308 ut
3255 3255 3388 3309 dicit
3419 3263 3647 3309 sanctus
3668 3256 3788 3311 Cae-

2167 3342 2398 3396 lestinus
2430 3341 2485 3394 in
2522 3340 2759 3410 epistola
2824 3341 2892 3394 ad
2925 3341 3234 3396 Nestorium
3273 3343 3487 3397 directa
3518 3341 3786 3409 iCmLssr.

2166 3421 2247 3503 ep.
2281 3437 2331 3504 6)
2359 3451 2370 3487 :
2406 3454 2436 3483 α
2469 3433 2670 3488 Omnes
2720 3434 2926 3488 debent
2958 3449 3119 3489 nosse
3150 3435 3298 3506 quod
3329 3435 3535 3508 agitur,
3568 3435 3792 3505 quoties

2169 3527 2415 3582 omnium
2430 3541 2596 3580 causa
2612 3534 2895 3581 tractatur.
2914 3550 2937 3572 ιο
2955 3526 3220 3581 Videlicet
3241 3536 3300 3580 ut
3321 3542 3445 3580 cum
3459 3527 3712 3581 omnium
3732 3527 3788 3580 in

2169 3615 2332 3670 unius
2357 3614 2736 3685 pr0positione
2748 3613 3164 3669 fueritdifﬁnita
3185 3614 3538 3681 consultatio,
3558 3623 3792 3670 cuncto-

2170 3725 2289 3764 rum
2320 3709 2498 3763 valeat
2526 3707 2594 3760 ad
2623 3723 2818 3762 omnes
2867 3723 3123 3761 emanare
3159 3706 3382 3761 solutio.
3431 3706 3557 3761 Hzec
3584 3707 3790 3760 eadem

2176 3817 2411 3871 namque
2443 3799 2702 3870 capitula,
2727 3800 2870 3854 sicut
2897 3799 3057 3854 facile
3073 3798 3373 3864 reminisci,
3399 3798 3792 3868 potestis.ante

2176 3891 2472 3947 triennium
2491 3889 2652 3944 nobis
2678 3890 2734 3943 in
2747 3888 2876 3944 villa
2898 3887 3793 3960 RothomagensisepiscOpii,quze

2177 3981 2380 4051 Melpsa
2404 3978 2627 4047 dicitur,
2646 3977 2868 4048 quando
2884 3978 2941 4031 in
2957 3977 3206 4032 excubiis
3226 3985 3418 4032 contra
3445 3977 3795 4032 Normanno—

2176 4090 2294 4128 rum
2325 4070 2734 4126 infestationem
2757 4070 3116 4143 degebamus,
3136 4067 3409 4122 subtitulo
3424 4069 3585 4138 quasi
3607 4068 3665 4122 in
3690 4069 3794 4122 Va-

2174 4166 2417 4220 lentiana
2442 4163 2654 4234 synodo
2681 4161 2990 4231 conscripta
3014 4160 3243 4226 fuerint,
3285 4176 3430 4215 anno
3447 4159 3793 4214 incarnatio-

2174 4259 2259 4312 nis
2279 4256 2579 4312 Dominicze
2601 4254 3062 4326 octingentesimo
3079 4252 3547 4327 quinquagesimo
3571 4253 3792 4323 quinto,

2172 4345 2274 4401 sub
2297 4343 2554 4400 Lothario
2574 4341 3333 4414 imperatorededistis,utad
3369 4341 3460 4395 illa
3489 4357 3615 4412 quae
3630 4341 3796 4396 nobis

2171 4436 2494 4491 viderentur
2553 4431 2822 4488 catholice
2871 4447 2936 4485 ex
2992 4429 3423 4486 orthodoxorum
3460 4429 3790 4503 magisterio

2172 4526 2653 4597 responderemus,
2696 4540 2819 4579 cum
2851 4522 2976 4576 aliis
3015 4537 3479 4592 quorumcunque
3547 4522 3792 4592 scriptis,

2174 4634 2296 4689 quae
2329 4617 2458 4672 hinc
2484 4617 2552 4670 ad
2584 4623 2817 4670 vestram
2868 4612 3116 4667 notitiam
3176 4627 3498 4682 pervenere.
3547 4613 3791 4676 Quorum

2174 4709 2423 4782 quaedam
2454 4708 2658 4778 scripta
2712 4706 3048 4776 recepimus,
3107 4705 3203 4758 sed
3245 4719 3310 4758 ea
3370 4703 3663 4774 publicare
3695 4721 3796 4760 no-

2177 4800 2398 4865 luimus,
2447 4800 2668 4853 solliciti
2691 4813 2905 4852 seruarc
2942 4799 3201 4850 unitatem
3231 4797 3460 4864 spiritus
3492 4797 3552 4849 in
3581 4797 3796 4850 υἱτιοιιιθ

2169 4894 2324 4962 pacis
2352 4892 2569 4960 (Ephes.
2603 4906 2677 4955 ιν,
2727 4888 2800 4954 3),
2829 4887 3029 4963 donec
3067 4903 3193 4942 cum
3245 4886 3350 4952 eis,
3383 4885 3477 4957 qui
3511 4887 3676 4941 vobis
3706 4888 3797 4940 illa

2176 4978 2612 5044 transmiserant,
2663 4975 2917 5030 familiari
2946 4975 3393 5046 colloquercmur
3421 4990 3708 5042 sermone,
3742 4983 3796 5029 et

2179 5083 2245 5124 eo
2270 5067 2315 5122 si
2351 5066 2538 5138 aliquo
2569 5064 2735 5120 modo
2785 5064 3113 5128 valeremus,
3144 5062 3211 5116 ab
3256 5063 3358 5117 hac
3389 5078 3562 5132 prava
3605 5064 3794 5117 inten-

2180 5161 2331 5215 tione
2346 5159 2414 5213 ad
2435 5156 2718 5213 catholicae
2735 5155 2863 5211 fidei
2891 5155 3155 5210 unitatem
3187 5161 3529 5224 c00perante
3560 5155 3794 5210 Domino

2181 5266 2584 5308 revocaremus.
2609 5249 2717 5304 Sed
2757 5248 2888 5320 quia
2911 5247 3106 5319 partim
3157 5245 3626 5316 occupationibus
3657 5264 3797 5318 praa-

2181 5346 2374 5417 pediti,
2403 5343 2598 5416 partim
2630 5351 2810 5397 autem
2846 5341 2901 5394 in
2931 5338 3188 5394 fraternis
3225 5337 3586 5392 suasionibus
3618 5339 3801 5393 minus

2181 5450 2345 5505 quam
2368 5447 2593 5489 necesse
2625 5430 2821 5496 fuerat,
2852 5428 3124 5495 obauditi,
3152 5442 3248 5482 eos
3269 5441 3410 5497 quos
3439 5427 3797 5481 muneredis—

2182 5524 2472 5596 posuimus
2501 5524 2552 5594 Ea
2602 5539 2702 5577 sua
2747 5521 3053 5576 intentione
3105 5533 3363 5574 revocare
3417 5518 3792 5588 nequivimus.

2183 5611 2336 5665 Unde
2366 5612 2495 5684 quia
2543 5611 2685 5666 sicut
2749 5607 3037 5676 Apostolus
3071 5623 3083 5659 :
3117 5604 3491 5672 Quorumdam
3521 5605 3797 5658 hominum

2175 5706 2398 5769 peccata
2417 5701 2713 5768 manifesta
2739 5701 2865 5752 sunt
2894 5699 2939 5764 tl
2971 5698 3116 5750 Tom.
3162 5711 3217 5759 v,
3269 5693 3378 5758 24),
3411 5698 3468 5746 et
3493 5708 3621 5762 quae
3642 5691 3796 5746 aliter
