3970 6218
144 311 232 367 189

751 302 1077 358 HISTORUE
1115 302 1443 357 ECCLESIIE
1483 303 1811 359 REMENSIS
1852 301 2027 357 LIBRI
2069 298 2397 365 QUATUOR.
2438 326 2507 335 -—
2550 296 2673 349 LIB.
2718 296 2809 349 Ill.

3350 292 3449 347 190

139 454 191 491 se
219 435 413 489 habent
438 430 707 485 abscondi
740 444 851 484 non
884 436 1155 499 possunt;
1197 430 1336 485 adeo
1369 431 1731 501 quorumdam
1759 432 1809 500 Α
1834 444 2003 498 opera
2057 426 2195 495 ejus.
2238 423 2427 479 Omnis
2474 437 2607 477 vero
2651 421 2744 492 qui
2796 420 2943 475 bona
2985 417 3096 490 agit
3128 417 3286 487 (inter
3328 430 3449 485 quae

138 522 358 579 excrevit
387 519 686 585 dissensio,
736 526 794 572 ut
828 518 946 573 haec
982 518 1323 573 dissonantia
1373 518 1441 572 ad
1498 528 1732 573 vestram

140 614 431 687 perveniret
471 610 744 675 notitiam,
796 618 850 663 et
904 610 1158 680 synodali
1194 610 1416 664 decreto
1465 626 1563 680 pro
1617 610 1735 664 zelo

142 704 275 766 ﬁdei,
325 711 379 756 et
424 698 800 755 unanimitatis
838 713 1025 752 amore
1068 706 1363 769 antequam
1406 700 1522 753 haec
1575 698 1737 753 nobis

144 795 520 867 perscrutanda
571 792 1013 859 committeretis,
1053 801 1286 862 quatuor
1335 792 1572 861 capitula
1616 791 1736 862 epi-

142 888 331 959 scOpali
371 885 709 940 difﬁnitione
756 884 913 940 vobis
961 884 1029 937 de
1070 885 1463 939 catholicorum
1522 884 1739 938 Patrum

142 978 288 1031 dictis
317 976 522 1049 colligi,
554 982 609 1028 et
637 974 979 1045 singulorum
1022 972 1317 1045 exigeretis
1355 972 1611 1027 manibus
1648 988 1740 1027 ro-

144 1069 334 1125 borari.
380 1068 572 1121 Postea
600 1081 731 1121 vero
774 1072 827 1118 et
874 1066 1237 1136 quorumdam
1298 1082 1363 1119 ex
1394 1067 1481 1119 his
1530 1066 1738 1120 eisdem

145 1156 385 1227 capitulis
414 1155 859 1223 subscripserant
887 1162 941 1207 et
969 1154 1201 1208 aliorum
1243 1154 1405 1208 etiam
1437 1154 1491 1207 in
1533 1161 1739 1208 tantum

142 1256 215 1302 est
236 1248 574 1301 accumulata
595 1245 874 1311 vecordia,
898 1251 957 1299 ut
983 1260 1211 1299 necesse
1235 1245 1394 1311 foret,
1414 1252 1469 1299 et
1481 1246 1742 1314 jussionis

138 1347 317 1394 vestrae
354 1338 629 1402 instantia,
665 1344 719 1391 et
759 1336 1133 1392 exsecutionis
1172 1345 1370 1391 nostra;
1400 1336 1741 1403 obedientia,

144 1432 260 1485 hinc
308 1446 498 1485 eorum
552 1444 691 1500 quos
730 1428 1099 1499 praemisimus
1143 1428 1361 1497 scriptis
1404 1436 1458 1482 et
1487 1427 1742 1498 preposi-

140 1519 376 1574 tionibus
402 1518 625 1572 litterali
649 1516 831 1571 ofﬁcio
863 1516 1217 1586 respondere.
1255 1516 1400 1570 Inter
1427 1532 1549 1586 quae
1571 1527 1624 1569 et
1656 1517 1741 1570 his

144 1611 384 1680 capitulis
415 1625 538 1680 quae
571 1608 732 1664 nobis
756 1624 939 1678 nuper
978 1608 1227 1672 dedistis,
1262 1623 1358 1677 pro
1389 1609 1557 1663 nostri
1586 1608 1737 1682 inge-

1837 521 1981 576 bona
2011 520 2080 574 ab
2130 517 2390 589 Apostolo
2423 523 2477 569 et
2506 514 2645 569 fides
2700 515 3151 577 connumeratur)
3184 510 3333 564 venit
3382 509 3450 563 ad
3510 564 3511 571 η

1836 616 2036 677 lucem,
2072 620 2128 667 ut
2182 610 2601 666 manifestentur
2656 625 2825 679 Opera
2866 608 3009 677 ejus,
3069 605 3197 676 quia
3229 604 3283 656 in
3340 603 3452 656 Deo

1836 714 1963 758 sunt
1993 703 2133 758 facta
2163 704 2341 769 (Joan.
2389 719 2469 767 ιιι,
2501 700 2608 767 21).
2642 699 2747 751 Sed
2795 705 2849 751 et
2880 696 2970 750 ille
2995 694 3314 765 quicunque
3345 700 3451 757 est,

1840 792 1885 846 si
1933 793 1999 846 ad
2031 792 2207 845 lucem
2264 790 2499 856 venerit,
2542 798 2596 842 et
2646 786 2861 841 veritati
2895 802 2955 839 ex
3019 783 3183 838 corde
3215 796 3449 835 consen-

1840 882 1992 947 serit,
2024 896 2148 934 esse
2180 880 2325 933 filius
2357 878 2496 932 lucis
2547 877 2765 946 poterit.
2796 875 2849 928 Si
2906 882 3092 927 autem
3126 880 3179 925 et
3209 870 3448 940 pertina-

1841 973 1977 1027 citer
2018 971 2411 1027 contradixerit
2457 970 2695 1032 veritati,
2735 969 2853 1038 ipse
2905 968 2958 1019 in
3001 963 3320 1019 infidelitate
3352 980 3450 1017 sua

1841 1069 1893 1115 et
1938 1062 2308 1115 contentionis
2348 1076 2461 1114 suae
2518 1059 2774 1114 vecordia
2823 1056 3061 1110 haeretici
3109 1055 3215 1108 sibi
3248 1069 3449 1108 nomen

1843 1155 2112 1224 imponet,
2146 1156 2275 1225 quia
2298 1169 2409 1209 non
2431 1154 2611 1207 statim
2640 1152 2978 1215 hzereticum,
3003 1148 3149 1219 quod
3182 1150 3447 1222 ignoran-

1843 1254 1979 1302 tera
2021 1246 2128 1302 ﬁde
2158 1249 2394 1302 sentitur
2429 1248 2729 1312 diversum,
2767 1245 2811 1298 si
2872 1260 2982 1298 non
3038 1243 3130 1296 fiat
3184 1242 3448 1311 pertinaci

1841 1342 2193 1396 contentione
2235 1343 2571 1397 haereticum.
2615 1362 2641 1388 ι·

1840 1507 1914 1559 De
1928 1507 2131 1573 synodo
2144 1521 2239 1559 sca:
2248 1433 2655 1574 ρνουίηξέἷιῗιιῗῖι
2873 1503 3019 1572 apud
3035 1503 3225 1555 Trecas
3243 1498 3450 1552 habita.

1913 1620 2067 1673 Anno
2108 1620 2347 1690 denique
2380 1619 2677 1673 Dominicze
2700 1616 3092 1671 incarnationis
3114 1614 3456 1685 octingente-

143 1700 262 1754 nioli
291 1698 616 1769 capacitate,
648 1696 751 1751 sub
783 1696 1065 1750 dubietate
1098 1703 1303 1760 tamen,
1338 1696 1742 1765 respondimus,
1769 1703 1819 1770 Β
1842 1711 1980 1765 Simo
2022 1711 2364 1785 sexagesimo
2422 1710 2685 1779 septimo,
2750 1710 2991 1779 synodus
3046 1704 3450 1777 provinciarum

141 1788 256 1857 quia
283 1802 391 1841 non
419 1785 755 1840 credidimus
788 1801 803 1848 ;
837 1791 896 1838 ut
926 1784 1118 1838 fratres
1147 1792 1201 1837 et
1231 1784 1546 1853 coepisc0pi
1572 1786 1739 1840 nostri

142 1882 316 1930 contra
348 1874 570 1945 regulas
599 1872 1000 1928 ecclesiasticas
1031 1872 1321 1926 adversum
1364 1887 1464 1925 nos
1496 1873 1624 1927 talia
1649 1874 1742 1927 de-

139 1964 373 2019 buissent
408 1962 784 2029 conscribere,
826 1962 1127 2032 praesertim
1168 1977 1289 2015 cum
1333 1977 1442 2016 non
1484 1962 1741 2035 ignorent

136 2056 424 2110 Dominicis
462 2054 899 2109 institutionibus
937 2061 992 2107 et
1036 2053 1255 2127 legibus
1300 2063 1489 2110 sancto
1532 2057 1735 2127 Spiritu

138 2150 490 2224 promulgatis
511 2148 790 2220 praefixum
817 2164 964 2214 esse,
998 2149 1233 2219 qualiter
1259 2150 1375 2203 siin
1410 2167 1556 2221 saepe
1585 2151 1740 2206 factis

137 2243 378 2314 capitulis
404 2242 533 2297 fidei
555 2241 1002 2311 obloqueremur,
1022 2255 1125 2295 nos
1150 2241 1504 2310 compellere,
1529 2250 1584 2297 et
1613 2252 1742 2299 tunc

137 2332 375 2402 synodali
413 2330 629 2400 judicio
679 2345 798 2396 nos,
858 2336 1180 2399 nostrasque
1220 2331 1523 2385 sententias
1574 2348 1604 2385 a
1643 2348 1741 2385 sua

137 2424 454 2478 debuissent
508 2422 899 2478 communione
936 2422 1231 2492 explodere
1287 2423 1505 2491 (Matth.
1556 2440 1738 2487 xxvni,

137 2514 215 2575 19,
253 2514 358 2569 ΞΟ).
395 2512 553 2566 Nunc
584 2526 715 2565 vero
747 2512 874 2582 quia
916 2513 1051 2565 certi
1092 2528 1303 2577 sumus,
1335 2512 1421 2567 cui
1463 2528 1740 2583 composn—

133 2602 257 2655 tioni
288 2602 564 2655 debemus
596 2600 664 2653 de
713 2615 860 2670 saepe
894 2599 1190 2654 nominatis
1223 2601 1625 2671 quaestionibus
1655 2618 1739 2655 re-

130 2690 423 2758 spondere,
454 2688 683 2742 servatis
716 2689 1041 2743 relationum
1073 2688 1521 2743 absolutionibus
1551 2696 1738 2744 contra

128 2796 233 2845 eos,
264 2782 473 2851 quibus
493 2797 523 2834 a
548 2787 726 2834 vestra
749 2780 1147 2846 dominatione,
1174 2797 1273 2851 pro
1294 2781 1551 2852 imposito
1577 2781 1736 2837 nobis

124 2876 448 2941 ministerio,
492 2875 632 2942 jussi
674 2892 861 2929 sumus
925 2875 1170 2943 redderel
1201 2877 1491 2943 rationem,
1546 2885 1735 2932 contra

125 2967 231 3021 haec
284 2976 503 3021 tantum
563 2965 821 3035 capitula,
873 2972 1137 3036 quantum
1170 2982 1235 3019 ex
1284 2967 1445 3021 nobis
1475 2975 1557 3022 est
1610 2984 1731 3023 cum

1842 1800 2222 1864 Remensium,
2246 1801 2794 1875 Rotbomagensium,
2818 1798 3243 1858 Turonensium,
3276 1796 3453 1848 Seno-

1842 1909 1995 1958 num,
2054 1893 2545 1965 Burdegalensium
2604 1902 2765 1963 atque
2836 1889 3252 1944 Bituricensium
3307 1884 3451 1955 apud

1840 1985 2038 2039 Trecas
2071 2001 2160 2037 vm
2207 1984 2475 2038 Kalendas
2509 1984 2829 2039 Novembris
2858 1981 3136 2037 convenit.
3169 1978 3283 2033 Ubi
3328 1976 3455 2047 qui-

1841 2076 1964 2130 dam
2023 2076 2294 2146 episc0pi,
2339 2084 2399 2131 ut
2447 2076 2671 2135 assolet,
2707 2075 2879 2147 gratia
2924 2074 3070 2145 regis
3119 2070 3297 2125 Karoli
3326 2069 3453 2122 Vul-

1842 2166 1966 2221 fado
2008 2166 2256 2222 faventes
2294 2168 2589 2237 quemdam
2630 2174 2819 2222 contra
2851 2165 3139 2220 veritatem
3196 2170 3251 2217 et
3280 2176 3451 2215 cano-

1842 2276 1971 2315 num
2034 2276 2241 2314 sacram
2324 2261 2705 2315 auctoritatem
2774 2260 3037 2314 adversus
3102 2256 3451 2310 Hincmarum

1841 2347 2023 2402 moliri
2090 2358 2395 2415 cceperunt.
2448 2349 2552 2402 Sed
2606 2348 2804 2402 iisdem
2876 2346 3220 2409 Hincmarus,
3263 2358 3453 2397 eorum

1843 2435 2227 2490 molitionibus
2252 2438 2461 2491 ratione
2490 2446 2543 2491 et
2572 2437 2893 2491 auctoritate
2910 2434 3162 2497 obvians,
3195 2431 3455 2502 plurimo-

1844 2543 1960 2581 rum
1988 2528 2263 2581 sententia
2286 2528 2639 2597 praevalente,
2658 2544 2838 2582 rerum
2864 2534 3142 2599 gestarum
3176 2522 3453 2586 ordinem,

1843 2618 1912 2672 de
1966 2618 2169 2688 quibus
2198 2619 2486 2691 agebatur,
2547 2618 2824 2674 communi
2872 2632 3147 2672 consensu
3194 2613 3449 2684 epistola.

1838 2709 2101 2779 scriptum
2144 2726 2243 2779 per
2285 2711 2572 2764 Actardum
2624 2710 3000 2764 venerabilem
3043 2708 3451 2760 Nannetensem

1836 2798 2156 2867 epis00pum
2188 2814 2345 2868 papa:
2376 2798 2598 2852 Nicolao
2637 2797 2904 2868 episcopi,
2937 2796 3030 2867 qui
3079 2799 3457 2849 convenerant

1836 2887 2279 2940 transmiserunt.
2325 2886 2490 2954 Cujus
2520 2886 2771 2956 epistola:
2828 2894 2987 2939 tenor
3027 2882 3171 2937 idem
3220 2878 3446 2941 exstitit,

1835 2978 1927 3048 qui
1975 2977 2078 3032 fuit
2132 2978 2185 3031 in
2240 2978 2476 3047 epistola
2516 2976 2791 3032 Hincmari
2835 2976 3127 3030 Remorum
3182 2970 3452 3042 episcopi,

123 3058 370 3112 omnibus
403 3072 607 3128 pacem
638 3056 907 3110 habentes
942 3059 1238 3124 (Romam,
1278 3058 1386 3125 18),
1421 3075 1485 3112 ex
1516 3069 1733 3114 sancta-
1760 3076 1809 3144 (ζ
1839 3082 2002 3136 quam
2064 3082 2162 3135 per
2191 3066 2423 3120 clericos
2472 3081 2603 3120 suos
2631 3065 2733 3119 sub
2788 3063 3207 3134 peregrinorum
3240 3058 3452 3122 habitu,

120 3164 230 3201 rum
261 3149 673 3219 Scripturarum
719 3146 1060 3211 auctoritate,
1113 3152 1167 3199 et
1204 3148 1597 3204 catholicorum
1639 3151 1736 3203 Pa-

118 3246 251 3293 trum
303 3238 611 3295 sententiis
651 3238 974 3307 simpliciter
1030 3240 1369 3310 respondere
1400 3242 1734 3308 curabimus,

121 3336 174 3381 ut
212 3330 297 3383 cui
342 3330 492 3385 forte
524 3328 707 3382 omnia
741 3327 829 3381 illa
859 3328 1041 3402 legere
1100 3344 1210 3384 non
1241 3329 1455 3383 licuerit
1512 3333 1595 3384 vel
1626 3348 1737 3386 non

120 3418 362 3486 libuerit,
388 3419 484 3472 hic
514 3417 943 3487 compendiosas
971 3433 1069 3487 pro
1096 3424 1344 3488 tempore
1374 3419 1734 3488 capitulorum

119 3508 518 3577 responsiones
549 3507 815 3573 inveniat,
857 3522 997 3577 quos
1029 3506 1221 3561 furatis
1252 3507 1461 3561 horulis
1489 3523 1519 3560 a
1558 3509 1735 3562 diver-

113 3599 185 3652 sis
217 3600 651 3670 occupationum
702 3598 1167 3665 distensionibus,
1217 3598 1309 3670 qui
1359 3599 1735 3671 cognitionum

112 3691 273 3745 ferias
305 3708 417 3747 non
463 3691 759 3755 habemus,
793 3691 933 3745 sicut
981 3692 1050 3745 de
1102 3690 1397 3746 sententiis
1425 3700 1735 3747 sanctorum

114 3782 325 3837 Patrum
368 3784 700 3854 accipimus,
758 3800 828 3837 ne
870 3792 1088 3852 torpore
1132 3784 1218 3838 vel
1279 3783 1655 3838 inobedientia
1709 3801 1739 3838 a

114 3879 290 3926 vestra
322 3874 722 3928 denotaremur
769 3871 1073 3926 Christiana
1125 3872 1441 3936 devotione,
1483 3872 1735 3927 commit-

111 3968 221 4015 tere
249 3962 541 4017 schedulis
570 3961 924 4016 tumultuario
947 3976 1203 4016 sermone
1230 3961 1565 4028 studuimus,
1599 3978 1709 4033 quo
1732 3996 1738 4002 -

115 4050 256 4105 niam
312 4053 368 4106 in
416 4050 665 4123 prmfatis
709 4050 1093 4117 relationibus,
1140 4051 1417 4120 provocati
1471 4051 1738 4121 multipli-

113 4139 268 4194 cibus
296 4141 692 4211 multiplicium
735 4140 1097 4205 illationibus,
1130 4140 1506 4209 multipliciter
1554 4143 1741 4196 multi-

110 4228 473 4300 plicibusque
506 4228 915 4295 collationibus,
949 4244 1058 4283 non
1088 4228 1207 4282 sine
1239 4228 1396 4296 (sicut
1427 4228 1635 4283 scimus
1689 4240 1743 4285 et

108 4317 466 4384 confitemur)
492 4317 713 4372 lectoris
745 4318 929 4383 taedio,
967 4334 1160 4384 sensu,
1189 4318 1287 4372 sed
1319 4328 1502 4373 tamen
1548 4321 1739 4376 catho-

105 4409 230 4475 lico,
284 4411 343 4464 in
382 4410 566 4465 tribus
596 4410 752 4465 libris
801 4413 1064 4469 lacinioso
1095 4430 1349 4469 sermone
1398 4417 1810 4512 respondereD

101 4500 433 4569 satagimus.
467 4500 575 4553 Sed
618 4501 671 4554 in
707 4501 811 4556 hoc
856 4502 1089 4556 maxime
1122 4503 1361 4575 benigno
1412 4504 1601 4560 lectori
1635 4521 1736 4561 nos

98 4592 430 4647 satisfacere
480 4604 855 4659 autumamus,
916 4594 1047 4665 quia
1088 4594 1433 4667 singulorum
1491 4595 1737 4668 singulas

96 4697 327 4752 semper
360 4693 647 4753 ponentes
668 4686 997 4753 sententias,
1031 4686 1387 4758 singulariter
1419 4688 1488 4741 ad
1519 4688 1739 4756 objecta

92 4780 145 4825 et
178 4773 517 4827 resistentia
547 4772 675 4829 fidei
708 4777 1047 4845 respondere
1076 4778 1389 4832 studuimus
1418 4796 1431 4842 ;
1478 4785 1532 4832 et
1559 4778 1645 4832 vel
1679 4779 1734 4833 in

92 4864 196 4918 hoc
223 4867 349 4920 solo
381 4866 652 4919 devotum
675 4883 950 4937 quemque
978 4870 1236 4927 lectorem
1260 4870 1423 4925 nobis
1454 4871 1734 4926 conciliari

87 4956 462 5023 confidimus,
501 4959 632 5028 quia
672 4975 795 5013 cum
826 4976 888 5013 ex
940 4977 1039 5014 sua
1068 4969 1252 5015 mente
1301 4971 1545 5018 nostrum
1580 4964 1735 5020 labo-

85 5062 202 5101 rem
255 5050 660 5120 perpenderit,
715 5067 814 5106 nos
861 5054 1005 5123 apud
1053 5069 1113 5107 se
1152 5062 1444 5109 excusatos
1485 5056 1730 5110 habebit.

84 5136 217 5202 Quis
249 5155 392 5194 vero
445 5138 525 5192 sit
554 5140 782 5195 istorum
836 5143 1198 5213 capitulorum
1231 5148 1587 5218 compositor,
1642 5148 1729 5201 cui

80 5229 241 5297 quasi
283 5245 317 5282 a
351 5243 511 5283 novo
556 5228 807 5303 cogimur
866 5232 1223 5301 respondere,
1266 5252 1388 5305 ipse
1434 5253 1494 5290 se
1536 5236 1732 5306 prodet

80 5331 203 5370 cum
240 5316 577 5372 necessario
610 5318 897 5389 urgebitur
926 5321 993 5373 ad
1032 5321 1209 5376 lucem
1238 5323 1488 5379 veritatis
1520 5324 1729 5391 venire,

78 5404 209 5473 quia
253 5411 539 5475 Operator
590 5405 1013 5462 tenebrosorum
1070 5422 1297 5479 operum
1356 5412 1494 5472 (Gal.
1563 5426 1633 5471 vr,
1685 5416 1732 5479 1)

72 5493 243 5555 (inter
267 5512 401 5568 quae
436 5494 515 5549 ab
541 5496 804 5565 Apostolo
835 5506 889 5553 et
917 5501 1156 5555 hazreses
1187 5501 1594 5564 describuntur)
1621 5502 1737 5557 odit

72 5584 282 5655 lucem,
343 5597 561 5642 etnon
605 5586 758 5641 venit
808 5590 876 5642 ad
930 5591 1131 5659 lucem,
1166 5600 1222 5646 ut
1271 5608 1381 5647 non
1437 5600 1736 5666 arguantur

144 5695 228 5765 (9)
260 5693 393 5749 Non
427 5697 624 5746 exstat
652 5692 771 5747 haec
793 5692 999 5749 Nicolai
1025 5696 1255 5766 epistola
1278 5695 1347 5750 ad
1370 5696 1746 5752 Hincmarum.

1840 3164 2067 3224 propter
2100 3154 2499 3208 contrariorum
2535 3153 2785 3207 vitandas
2826 3151 3080 3216 insidias,
3107 3148 3457 3218 praecedente

1837 3242 1982 3296 Julio
2014 3257 2205 3295 mense
2261 3242 2485 3295 Romam
2519 3242 2763 3293 miserat.
2826 3238 3123 3308 Epistolam
3164 3244 3348 3289 autem
3401 3234 3453 3286 in

1843 3331 2158 3401 praescripta
2212 3331 2425 3399 synodo
2486 3330 2705 3391 factam,
2766 3338 2821 3384 et
2887 3325 3453 3395 archiepiscOporum,

1840 3422 1934 3493 qui
1968 3430 2341 3476 convenerant
2372 3420 2570 3493 sigillis
2609 3421 2900 3492 signatam,
2968 3417 3231 3472 Actardus
3273 3414 3456 3485 perfe-

1841 3511 2067 3565 rendam
2123 3510 2453 3579 suscipiens,
2512 3525 2634 3562 cum
2691 3508 3019 3577 quibusdam
3061 3505 3340 3576 episcopis
3387 3505 3455 3558 ad

1840 3602 2119 3668 Karolum,
2150 3601 2291 3655 sicut
2319 3602 2435 3671 ipse
2480 3607 2839 3670 praeceperat,
2874 3599 3060 3653 rediit.
3092 3597 3321 3651 Karolus
3354 3612 3456 3650 au-

1841 3698 1947 3745 tem
1979 3691 2271 3745 immemor
2317 3688 2601 3743 fidelitatis
2653 3698 2820 3759 atque
2852 3687 3127 3751 laborum,
3188 3701 3329 3756 quos
3358 3700 3457 3754 pro

1840 3782 1960 3849 ejus
1986 3782 2193 3836 honore
2221 3789 2276 3836 et
2314 3780 2470 3855 regni
2513 3780 2743 3834 obtentu
2783 3795 2931 3849 saepe
2965 3778 3108 3831 fatus
3139 3777 3458 3830 llincmarus

1841 3888 1939 3942 per
1989 3873 2173 3943 plures
2220 3889 2397 3928 annos
2441 3873 2707 3935 subierat,
2757 3871 3007 3927 eamdem
3053 3867 3339 3938 epistolam
3387 3866 3456 3919 ab

1839 3962 2070 4017 Actardo
2102 3962 2209 4017 sibi
2238 3963 2354 4016 dari
2390 3962 2579 4034 exigit,
2614 3970 2668 4015 et
2699 3960 3245 4031 archiepiscoporum
3277 3954 3459 4028 sigilla

1841 4052 2219 4127 coniungens,
2263 4061 2418 4125 gesta
2449 4052 2643 4122 synodi
2672 4052 2888 4126 relegit,
2924 4060 2976 4107 et
3005 4052 3153 4121 quia,
3185 4048 3329 4102 sicut
3353 4062 3457 4101 vo-

1844 4146 2041 4212 luerat,
2075 4147 2131 4198 in
2154 4146 2345 4199 eadem
2378 4146 2590 4215 synodo
2612 4144 2939 4199 Hincmarus
2962 4160 3073 4198 non
3095 4141 3304 4196 exstitit
3320 4154 3457 4194 con-

1842 4232 2066 4297 futatus,
2111 4232 2401 4301 epistolam
2438 4247 2539 4286 suo
2577 4232 2803 4286 nomine
2841 4232 2909 4286 ad
2941 4231 3221 4286 Nicolaum
3263 4244 3458 4298 papam

1841 4324 2034 4379 dictari
2096 4323 2150 4377 in
2185 4323 2631 4378 contrarietatem
2690 4324 2961 4377 Hincmari
2996 4322 3143 4387 fecit,
3205 4336 3367 4391 quam
3407 4327 3463 4375 et

1840 4413 1990 4467 bulla
2024 4412 2109 4467 sui
2136 4412 2378 4467 nominis
2408 4412 2687 4485 sigillavit,
2720 4420 2774 4467 et
2796 4429 2919 4466 cum
2952 4411 3181 4482 epistola
3213 4409 3461 4481 synodali

1840 4518 1937 4573 per
1967 4503 2144 4572 ipsum
2182 4502 2475 4555 Actardum
2508 4502 2731 4556 Romam
2785 4500 3003 4555 direxit.
3036 4499 3248 4554 Praefati
3276 4505 3459 4553 autem

1842 4597 2117 4651 ilincmari
2146 4596 2331 4651 clerici
2365 4595 2419 4649 in
2458 4611 2648 4649 mense
2680 4599 2921 4668 Augusto
2968 4596 3194 4650 Romam
3225 4593 3460 4648 venien-

1842 4700 1947 4759 tes,
1994 4692 2272 4746 Nicolaum
2317 4708 2511 4763 papam
2550 4691 2663 4759 jam
2709 4691 2867 4746 valde
2918 4690 3276 4757 infirmatum,
3317 4699 3372 4745 et
3403 4690 3457 4744 in

1839 4782 2219 4847 contentione,
2281 4799 2443 4853 quam
2504 4792 2694 4836 contra
2744 4782 3101 4851 imperatores
3149 4783 3457 4837 Oraacorum

1836 4872 2157 4928 Michaelem
2204 4882 2259 4928 et
2298 4875 2577 4937 Basilium,
2632 4874 2728 4929 sed
2791 4882 2843 4927 et
2899 4881 3086 4928 contra
3146 4873 3452 4927 Orientales

1836 4964 2130 5034 episc0pos
2172 4965 2432 5029 habebat,
2477 4982 2810 5040 magnopere
2850 4964 3192 5019 laborantem
3241 4964 3461 5017 invene-

1836 5060 1978 5107 runt.
2061 5056 2405 5123 Quapropter
2459 5072 2634 5125 usque
2708 5057 2775 5110 ad
2836 5071 3080 5110 mensem
3144 5052 3457 5107 Octobrium

1835 5143 2039 5196 ibidem
2071 5150 2199 5196 sunt
2228 5143 2524 5199 immorati.
2560 5146 2817 5201 Nicolaus
2855 5162 2985 5201 vero
3018 5161 3159 5216 papa
3185 5150 3462 5216 gratanter

1833 5236 2146 5306 suscipiens
2175 5253 2297 5307 quae
2327 5238 2651 5293 Hincmarus
2668 5240 2717 5294 ei
2748 5242 3063 5312 scripserat,
3092 5240 3159 5294 de
3197 5236 3458 5294 omnibus

1833 5326 1937 5382 sibi
1995 5326 2330 5381 satisfactum
2373 5343 2493 5382 esse
2527 5329 2810 5399 rescripsit
2850 5333 2943 5398 {9).
2993 5331 3099 5384 Sed
3140 5337 3195 5383 et
3230 5328 3455 5382 alteram

1838 5417 2127 5489 epistolam
2153 5419 2334 5473 eidem
2370 5426 2423 5473 et
2450 5420 2665 5474 caeteris
2691 5421 3127 5491 archiepisc0pis
3156 5429 3210 5474 et
3238 5419 3457 5490 cpisco-

1836 5505 1922 5575 pis
1972 5504 2025 5557 in
2060 5522 2232 5577 regno
2278 5505 2453 5562 Caroli
2505 5506 2817 5561 constitutis
2862 5507 3191 5575 transmisit,
3236 5508 3453 5563 innote-

1835 5611 1996 5650 scens
2029 5597 2287 5666 praefatos
2313 5599 2618 5653 Graecorum
2656 5599 3037 5668 imperatores,
3057 5601 3153 5654 sed
3176 5606 3231 5654 et
3259 5598 3454 5655 Orien-
