  <div class='ocr_page' id='page_1' title='image "/cluster/home/n/w/nwhite01/storage/ocr_20150623/134-135/uva.x000829784/677.png"; bbox 0 0 3970 6218; ppageno 0'>
   <div class='ocr_carea' id='block_1_1' title="bbox 521 287 2672 347">
    <p class='ocr_par' dir='ltr' id='par_1_1' title="bbox 521 287 2672 347">
     <span class='ocr_line' id='line_1_1' title="bbox 521 287 2672 347; baseline 0 -3"><span class='ocrx_word' id='word_1_1' title='bbox 521 290 585 344; x_wconf 81' lang='grc'><strong>91</strong></span> <span class='ocrx_word' id='word_1_2' title='bbox 1596 287 1960 345; x_wconf 81' lang='lat' dir='ltr'>FLODOARDI</span> <span class='ocrx_word' id='word_1_3' title='bbox 2003 290 2302 347; x_wconf 83' lang='lat' dir='ltr'>CANONICI</span> <span class='ocrx_word' id='word_1_4' title='bbox 2346 290 2672 346; x_wconf 82' lang='lat' dir='ltr'>REMENSIS</span> 
     </span>
    </p>
   </div>
   <div class='ocr_carea' id='block_1_2' title="bbox 3713 297 3814 352">
    <p class='ocr_par' dir='ltr' id='par_1_2' title="bbox 3713 297 3814 352">
     <span class='ocr_line' id='line_1_2' title="bbox 3713 297 3814 352; baseline 0.02 -1"><span class='ocrx_word' id='word_1_5' title='bbox 3713 297 3814 352; x_wconf 71' lang='grc'><strong>192</strong></span> 
     </span>
    </p>
   </div>
   <div class='ocr_carea' id='block_1_3' title="bbox 487 427 3814 505">
    <p class='ocr_par' dir='ltr' id='par_1_3' title="bbox 487 427 3814 505">
     <span class='ocr_line' id='line_1_3' title="bbox 487 427 3814 505; baseline 0.002 -21"><span class='ocrx_word' id='word_1_6' title='bbox 487 431 625 484; x_wconf 92' lang='lat' dir='ltr'>tales</span> <span class='ocrx_word' id='word_1_7' title='bbox 671 429 966 500; x_wconf 88' lang='lat' dir='ltr'>episcopos</span> <span class='ocrx_word' id='word_1_8' title='bbox 1004 427 1323 482; x_wconf 87' lang='lat' dir='ltr'>calumniari</span> <span class='ocrx_word' id='word_1_9' title='bbox 1378 436 1622 482; x_wconf 91' lang='lat' dir='ltr'>sanctam</span> <span class='ocrx_word' id='word_1_10' title='bbox 1664 428 1962 484; x_wconf 83' lang='lat' dir='ltr'>Romanam</span> <span class='ocrx_word' id='word_1_11' title='bbox 1994 431 2092 486; x_wconf 88' lang='lat' dir='ltr'>Ec-</span> <span class='ocrx_word' id='word_1_12' title='bbox 2121 439 2170 505; x_wconf 86' lang='grc' dir='ltr'>Α</span> <span class='ocrx_word' id='word_1_13' title='bbox 2197 432 2467 504; x_wconf 83' lang='lat' dir='ltr'>episcopi.</span> <span class='ocrx_word' id='word_1_14' title='bbox 2501 431 2703 487; x_wconf 75' lang='lat' dir='ltr'>Scribit</span> <span class='ocrx_word' id='word_1_15' title='bbox 2739 431 2902 486; x_wconf 87' lang='lat' dir='ltr'>etiam</span> <span class='ocrx_word' id='word_1_16' title='bbox 2948 432 3017 486; x_wconf 87' lang='lat' dir='ltr'>ad</span> <span class='ocrx_word' id='word_1_17' title='bbox 3049 432 3464 489; x_wconf 78' lang='lat' dir='ltr'>instructionem</span> <span class='ocrx_word' id='word_1_18' title='bbox 3521 433 3699 504; x_wconf 87' lang='lat' dir='ltr'>ipsius</span> <span class='ocrx_word' id='word_1_19' title='bbox 3731 453 3814 492; x_wconf 89' lang='lat' dir='ltr'>re-</span> 
     </span>
    </p>
   </div>
   <div class='ocr_carea' id='block_1_4' title="bbox 484 519 2096 590">
    <p class='ocr_par' dir='ltr' id='par_1_4' title="bbox 484 519 2096 590">
     <span class='ocr_line' id='line_1_4' title="bbox 484 519 2096 590; baseline 0.002 -15"><span class='ocrx_word' id='word_1_20' title='bbox 484 521 728 587; x_wconf 91' lang='lat' dir='ltr'>clesiam,</span> <span class='ocrx_word' id='word_1_21' title='bbox 782 521 892 574; x_wconf 91' lang='lat' dir='ltr'>imo</span> <span class='ocrx_word' id='word_1_22' title='bbox 922 535 1141 574; x_wconf 92' lang='lat' dir='ltr'>omnem</span> <span class='ocrx_word' id='word_1_23' title='bbox 1175 519 1496 584; x_wconf 85' lang='lat' dir='ltr'>Ecclesiam,</span> <span class='ocrx_word' id='word_1_24' title='bbox 1539 536 1661 590; x_wconf 68' lang='lat' dir='ltr'>quze</span> <span class='ocrx_word' id='word_1_25' title='bbox 1708 522 1894 576; x_wconf 89' lang='lat' dir='ltr'>Latina</span> <span class='ocrx_word' id='word_1_26' title='bbox 1925 524 2096 580; x_wconf 81' lang='lat' dir='ltr'>utitur</span> 
     </span>
    </p>
   </div>
   <div class='ocr_carea' id='block_1_5' title="bbox 487 611 2092 684">
    <p class='ocr_par' dir='ltr' id='par_1_5' title="bbox 487 611 2092 684">
     <span class='ocr_line' id='line_1_5' title="bbox 487 611 2092 684; baseline 0.004 -20"><span class='ocrx_word' id='word_1_27' title='bbox 487 611 696 682; x_wconf 78' lang='lat' dir='ltr'>lingua,</span> <span class='ocrx_word' id='word_1_28' title='bbox 731 612 860 682; x_wconf 86' lang='lat' dir='ltr'>quia</span> <span class='ocrx_word' id='word_1_29' title='bbox 901 612 1217 680; x_wconf 90' lang='lat' dir='ltr'>jejunamus</span> <span class='ocrx_word' id='word_1_30' title='bbox 1248 613 1302 665; x_wconf 92' lang='lat' dir='ltr'>in</span> <span class='ocrx_word' id='word_1_31' title='bbox 1342 611 1615 679; x_wconf 88' lang='lat' dir='ltr'>Sabbatis,</span> <span class='ocrx_word' id='word_1_32' title='bbox 1650 615 1797 684; x_wconf 90' lang='lat' dir='ltr'>quod</span> <span class='ocrx_word' id='word_1_33' title='bbox 1841 615 2092 684; x_wconf 87' lang='lat' dir='ltr'>spiritum</span> 
     </span>
    </p>
   </div>
   <div class='ocr_carea' id='block_1_6' title="bbox 482 703 2096 778">
    <p class='ocr_par' dir='ltr' id='par_1_6' title="bbox 482 703 2096 778">
     <span class='ocr_line' id='line_1_6' title="bbox 482 703 2096 778; baseline 0.004 -22"><span class='ocrx_word' id='word_1_34' title='bbox 482 709 730 758; x_wconf 86' lang='lat' dir='ltr'>sanctum</span> <span class='ocrx_word' id='word_1_35' title='bbox 758 719 821 758; x_wconf 87' lang='lat' dir='ltr'>ex</span> <span class='ocrx_word' id='word_1_36' title='bbox 859 704 1014 758; x_wconf 86' lang='lat' dir='ltr'>Patre</span> <span class='ocrx_word' id='word_1_37' title='bbox 1047 703 1294 774; x_wconf 87' lang='lat' dir='ltr'>Filioque</span> <span class='ocrx_word' id='word_1_38' title='bbox 1335 704 1634 772; x_wconf 87' lang='lat' dir='ltr'>procedere</span> <span class='ocrx_word' id='word_1_39' title='bbox 1664 705 1922 772; x_wconf 88' lang='lat' dir='ltr'>dicimus,</span> <span class='ocrx_word' id='word_1_40' title='bbox 1965 709 2096 778; x_wconf 84' lang='lat' dir='ltr'>quia</span> 
     </span>
    </p>
   </div>
   <div class='ocr_carea' id='block_1_7' title="bbox 483 795 2092 868">
    <p class='ocr_par' dir='ltr' id='par_1_7' title="bbox 483 795 2092 868">
     <span class='ocr_line' id='line_1_7' title="bbox 483 795 2092 868; baseline 0.004 -21"><span class='ocrx_word' id='word_1_41' title='bbox 483 795 835 865; x_wconf 82' lang='lat' dir='ltr'>presbyteros</span> <span class='ocrx_word' id='word_1_42' title='bbox 876 795 1057 850; x_wconf 90' lang='lat' dir='ltr'>sortiri</span> <span class='ocrx_word' id='word_1_43' title='bbox 1101 795 1369 868; x_wconf 86' lang='lat' dir='ltr'>conjuges</span> <span class='ocrx_word' id='word_1_44' title='bbox 1408 795 1786 865; x_wconf 88' lang='lat' dir='ltr'>prohibemus,</span> <span class='ocrx_word' id='word_1_45' title='bbox 1833 799 2092 867; x_wconf 90' lang='lat' dir='ltr'>quoniam</span> 
     </span>
    </p>
   </div>
   <div class='ocr_carea' id='block_1_8' title="bbox 480 887 2091 958">
    <p class='ocr_par' dir='ltr' id='par_1_8' title="bbox 480 887 2091 958">
     <span class='ocr_line' id='line_1_8' title="bbox 480 887 2091 958; baseline 0.001 -16"><span class='ocrx_word' id='word_1_46' title='bbox 480 888 702 942; x_wconf 88' lang='lat' dir='ltr'>eosdem</span> <span class='ocrx_word' id='word_1_47' title='bbox 745 887 1097 958; x_wconf 81' lang='lat' dir='ltr'>presbyteros</span> <span class='ocrx_word' id='word_1_48' title='bbox 1150 887 1446 941; x_wconf 86' lang='lat' dir='ltr'>chrismate</span> <span class='ocrx_word' id='word_1_49' title='bbox 1490 887 1650 940; x_wconf 84' lang='lat' dir='ltr'>linire</span> <span class='ocrx_word' id='word_1_50' title='bbox 1696 888 2091 958; x_wconf 86' lang='lat' dir='ltr'>baptizatorum</span> 
     </span>
    </p>
   </div>
   <div class='ocr_carea' id='block_1_9' title="bbox 476 977 2094 1052">
    <p class='ocr_par' dir='ltr' id='par_1_9' title="bbox 476 977 2094 1052">
     <span class='ocr_line' id='line_1_9' title="bbox 476 977 2094 1052; baseline 0.003 -21"><span class='ocrx_word' id='word_1_51' title='bbox 476 977 684 1034; x_wconf 82' lang='lat' dir='ltr'>frontes</span> <span class='ocrx_word' id='word_1_52' title='bbox 713 979 1050 1046; x_wconf 88' lang='lat' dir='ltr'>iuhibemus,</span> <span class='ocrx_word' id='word_1_53' title='bbox 1084 979 1332 1034; x_wconf 90' lang='lat' dir='ltr'>dicentes</span> <span class='ocrx_word' id='word_1_54' title='bbox 1386 979 1490 1050; x_wconf 91' lang='lat' dir='ltr'>ipsi</span> <span class='ocrx_word' id='word_1_55' title='bbox 1522 980 1715 1046; x_wconf 72' lang='lat' dir='ltr'>Grzeci,</span> <span class='ocrx_word' id='word_1_56' title='bbox 1764 982 1912 1052; x_wconf 92' lang='lat' dir='ltr'>quod</span> <span class='ocrx_word' id='word_1_57' title='bbox 1944 982 2094 1036; x_wconf 90' lang='lat' dir='ltr'>chri-</span> 
     </span>
    </p>
   </div>
   <div class='ocr_carea' id='block_1_10' title="bbox 479 1068 2096 1140">
    <p class='ocr_par' dir='ltr' id='par_1_10' title="bbox 479 1068 2096 1140">
     <span class='ocr_line' id='line_1_10' title="bbox 479 1068 2096 1140; baseline 0.004 -20"><span class='ocrx_word' id='word_1_58' title='bbox 479 1085 596 1122; x_wconf 83' lang='lat' dir='ltr'>sma</span> <span class='ocrx_word' id='word_1_59' title='bbox 627 1084 691 1121; x_wconf 89' lang='lat' dir='ltr'>ex</span> <span class='ocrx_word' id='word_1_60' title='bbox 715 1084 857 1139; x_wconf 89' lang='lat' dir='ltr'>aqua</span> <span class='ocrx_word' id='word_1_61' title='bbox 889 1068 1130 1122; x_wconf 85' lang='lat' dir='ltr'>ﬂuminis</span> <span class='ocrx_word' id='word_1_62' title='bbox 1160 1069 1332 1122; x_wconf 89' lang='lat' dir='ltr'>Latini</span> <span class='ocrx_word' id='word_1_63' title='bbox 1364 1068 1759 1134; x_wconf 84' lang='lat' dir='ltr'>conﬁciamus;</span> <span class='ocrx_word' id='word_1_64' title='bbox 1794 1072 2096 1140; x_wconf 90' lang='lat' dir='ltr'>reprehen-</span> 
     </span>
    </p>
   </div>
   <div class='ocr_carea' id='block_1_11' title="bbox 478 1159 2094 1231">
    <p class='ocr_par' dir='ltr' id='par_1_11' title="bbox 478 1159 2094 1231">
     <span class='ocr_line' id='line_1_11' title="bbox 478 1159 2094 1231; baseline 0.006 -20"><span class='ocrx_word' id='word_1_65' title='bbox 478 1160 674 1213; x_wconf 88' lang='lat' dir='ltr'>dentes</span> <span class='ocrx_word' id='word_1_66' title='bbox 707 1175 806 1214; x_wconf 92' lang='lat' dir='ltr'>nos</span> <span class='ocrx_word' id='word_1_67' title='bbox 846 1159 1088 1225; x_wconf 90' lang='lat' dir='ltr'>Latinos,</span> <span class='ocrx_word' id='word_1_68' title='bbox 1137 1161 1284 1231; x_wconf 91' lang='lat' dir='ltr'>quod</span> <span class='ocrx_word' id='word_1_69' title='bbox 1324 1167 1448 1216; x_wconf 90' lang='lat' dir='ltr'>octo</span> <span class='ocrx_word' id='word_1_70' title='bbox 1489 1162 1933 1218; x_wconf 87' lang='lat' dir='ltr'>hebdomadibus</span> <span class='ocrx_word' id='word_1_71' title='bbox 1968 1173 2094 1220; x_wconf 90' lang='lat' dir='ltr'>ante</span> 
     </span>
    </p>
   </div>
   <div class='ocr_carea' id='block_1_12' title="bbox 479 1251 2091 1323">
    <p class='ocr_par' dir='ltr' id='par_1_12' title="bbox 479 1251 2091 1323">
     <span class='ocr_line' id='line_1_12' title="bbox 479 1251 2091 1323; baseline 0.006 -20"><span class='ocrx_word' id='word_1_72' title='bbox 479 1251 688 1304; x_wconf 87' lang='lat' dir='ltr'>Pascha</span> <span class='ocrx_word' id='word_1_73' title='bbox 718 1268 748 1305; x_wconf 90' lang='lat' dir='ltr'>a</span> <span class='ocrx_word' id='word_1_74' title='bbox 774 1252 1046 1317; x_wconf 86' lang='lat' dir='ltr'>carnium,</span> <span class='ocrx_word' id='word_1_75' title='bbox 1084 1259 1137 1305; x_wconf 92' lang='lat' dir='ltr'>et</span> <span class='ocrx_word' id='word_1_76' title='bbox 1167 1260 1378 1323; x_wconf 86' lang='lat' dir='ltr'>septem</span> <span class='ocrx_word' id='word_1_77' title='bbox 1414 1253 1857 1310; x_wconf 89' lang='lat' dir='ltr'>hebdomadibus</span> <span class='ocrx_word' id='word_1_78' title='bbox 1887 1272 1917 1310; x_wconf 90' lang='lat' dir='ltr'>a</span> <span class='ocrx_word' id='word_1_79' title='bbox 1945 1258 2091 1312; x_wconf 88' lang='lat' dir='ltr'>casei</span> 
     </span>
    </p>
   </div>
   <div class='ocr_carea' id='block_1_13' title="bbox 476 1348 2094 1410">
    <p class='ocr_par' dir='ltr' id='par_1_13' title="bbox 476 1348 2094 1410">
     <span class='ocr_line' id='line_1_13' title="bbox 476 1348 2094 1410; baseline 0.005 -15"><span class='ocrx_word' id='word_1_80' title='bbox 476 1351 530 1396; x_wconf 91' lang='lat' dir='ltr'>et</span> <span class='ocrx_word' id='word_1_81' title='bbox 560 1357 787 1396; x_wconf 90' lang='lat' dir='ltr'>ovorum</span> <span class='ocrx_word' id='word_1_82' title='bbox 819 1359 940 1407; x_wconf 90' lang='lat' dir='ltr'>esu,</span> <span class='ocrx_word' id='word_1_83' title='bbox 993 1358 1144 1398; x_wconf 90' lang='lat' dir='ltr'>more</span> <span class='ocrx_word' id='word_1_84' title='bbox 1172 1360 1293 1410; x_wconf 93' lang='lat' dir='ltr'>suo,</span> <span class='ocrx_word' id='word_1_85' title='bbox 1331 1361 1440 1400; x_wconf 92' lang='lat' dir='ltr'>non</span> <span class='ocrx_word' id='word_1_86' title='bbox 1499 1362 1794 1401; x_wconf 85' lang='lat' dir='ltr'>cessamus.</span> <span class='ocrx_word' id='word_1_87' title='bbox 1840 1348 2094 1404; x_wconf 89' lang='lat' dir='ltr'>Dicentes</span> 
     </span>
    </p>
   </div>
   <div class='ocr_carea' id='block_1_14' title="bbox 475 1433 2085 1508">
    <p class='ocr_par' dir='ltr' id='par_1_14' title="bbox 475 1433 2085 1508">
     <span class='ocr_line' id='line_1_14' title="bbox 475 1433 2085 1508; baseline 0.005 -22"><span class='ocrx_word' id='word_1_88' title='bbox 475 1433 659 1498; x_wconf 87' lang='lat' dir='ltr'>etiam,</span> <span class='ocrx_word' id='word_1_89' title='bbox 689 1433 836 1502; x_wconf 88' lang='lat' dir='ltr'>quod</span> <span class='ocrx_word' id='word_1_90' title='bbox 870 1433 922 1486; x_wconf 90' lang='lat' dir='ltr'>in</span> <span class='ocrx_word' id='word_1_91' title='bbox 958 1433 1163 1487; x_wconf 88' lang='lat' dir='ltr'>Pascha</span> <span class='ocrx_word' id='word_1_92' title='bbox 1194 1450 1346 1490; x_wconf 89' lang='lat' dir='ltr'>more</span> <span class='ocrx_word' id='word_1_93' title='bbox 1375 1435 1685 1491; x_wconf 53' lang='lat' dir='ltr'>Judaaorum</span> <span class='ocrx_word' id='word_1_94' title='bbox 1719 1453 1887 1508; x_wconf 88' lang='lat' dir='ltr'>super</span> <span class='ocrx_word' id='word_1_95' title='bbox 1916 1439 2085 1494; x_wconf 87' lang='lat' dir='ltr'>altare</span> 
     </span>
    </p>
   </div>
   <div class='ocr_carea' id='block_1_15' title="bbox 478 1521 2086 1599">
    <p class='ocr_par' dir='ltr' id='par_1_15' title="bbox 478 1521 2086 1599">
     <span class='ocr_line' id='line_1_15' title="bbox 478 1521 2086 1599; baseline 0.006 -26"><span class='ocrx_word' id='word_1_96' title='bbox 478 1521 682 1590; x_wconf 90' lang='lat' dir='ltr'>pariter</span> <span class='ocrx_word' id='word_1_97' title='bbox 719 1537 839 1576; x_wconf 91' lang='lat' dir='ltr'>cum</span> <span class='ocrx_word' id='word_1_98' title='bbox 870 1523 1153 1578; x_wconf 88' lang='lat' dir='ltr'>Dominico</span> <span class='ocrx_word' id='word_1_99' title='bbox 1185 1539 1413 1594; x_wconf 85' lang='lat' dir='ltr'>corpore</span> <span class='ocrx_word' id='word_1_100' title='bbox 1444 1541 1645 1599; x_wconf 87' lang='lat' dir='ltr'>agnum</span> <span class='ocrx_word' id='word_1_101' title='bbox 1687 1526 2086 1583; x_wconf 88' lang='lat' dir='ltr'>benedicamus</span> 
     </span>
    </p>
   </div>
   <div class='ocr_carea' id='block_1_16' title="bbox 475 1608 2082 1688">
    <p class='ocr_par' dir='ltr' id='par_1_16' title="bbox 475 1608 2082 1688">
     <span class='ocr_line' id='line_1_16' title="bbox 475 1608 2082 1688; baseline 0.007 -27"><span class='ocrx_word' id='word_1_102' title='bbox 475 1616 527 1661; x_wconf 91' lang='lat' dir='ltr'>et</span> <span class='ocrx_word' id='word_1_103' title='bbox 557 1608 890 1672; x_wconf 80' lang='lat' dir='ltr'>offeramus;</span> <span class='ocrx_word' id='word_1_104' title='bbox 938 1620 1333 1667; x_wconf 87' lang='lat' dir='ltr'>succensentes</span> <span class='ocrx_word' id='word_1_105' title='bbox 1363 1615 1523 1668; x_wconf 85' lang='lat' dir='ltr'>etiam</span> <span class='ocrx_word' id='word_1_106' title='bbox 1565 1631 1698 1683; x_wconf 88' lang='lat' dir='ltr'>nos,</span> <span class='ocrx_word' id='word_1_107' title='bbox 1741 1617 1869 1688; x_wconf 91' lang='lat' dir='ltr'>quia</span> <span class='ocrx_word' id='word_1_108' title='bbox 1898 1619 2082 1672; x_wconf 83' lang='lat' dir='ltr'>clerici</span> 
     </span>
    </p>
   </div>
   <div class='ocr_carea' id='block_1_17' title="bbox 472 1698 2085 1784">
    <p class='ocr_par' dir='ltr' id='par_1_17' title="bbox 472 1698 2085 1784">
     <span class='ocr_line' id='line_1_17' title="bbox 472 1698 2085 1784; baseline 0.008 -33"><span class='ocrx_word' id='word_1_109' title='bbox 472 1698 618 1767; x_wconf 89' lang='lat' dir='ltr'>apud</span> <span class='ocrx_word' id='word_1_110' title='bbox 676 1714 777 1754; x_wconf 92' lang='lat' dir='ltr'>nos</span> <span class='ocrx_word' id='word_1_111' title='bbox 807 1700 1006 1754; x_wconf 88' lang='lat' dir='ltr'>barbas</span> <span class='ocrx_word' id='word_1_112' title='bbox 1059 1718 1189 1756; x_wconf 90' lang='lat' dir='ltr'>suas</span> <span class='ocrx_word' id='word_1_113' title='bbox 1247 1703 1482 1769; x_wconf 90' lang='lat' dir='ltr'>radunt;</span> <span class='ocrx_word' id='word_1_114' title='bbox 1521 1712 1573 1758; x_wconf 90' lang='lat' dir='ltr'>et</span> <span class='ocrx_word' id='word_1_115' title='bbox 1630 1706 1898 1784; x_wconf 70' lang='lat' dir='ltr'>dicentes,</span> <span class='ocrx_word' id='word_1_116' title='bbox 1957 1709 2085 1780; x_wconf 92' lang='lat' dir='ltr'>quia</span> 
     </span>
    </p>
   </div>
   <div class='ocr_carea' id='block_1_18' title="bbox 475 1792 2082 1872">
    <p class='ocr_par' dir='ltr' id='par_1_18' title="bbox 475 1792 2082 1872">
     <span class='ocr_line' id='line_1_18' title="bbox 475 1792 2082 1872; baseline 0.007 -27"><span class='ocrx_word' id='word_1_117' title='bbox 475 1792 742 1845; x_wconf 86' lang='lat' dir='ltr'>diaconus</span> <span class='ocrx_word' id='word_1_118' title='bbox 781 1807 887 1846; x_wconf 91' lang='lat' dir='ltr'>non</span> <span class='ocrx_word' id='word_1_119' title='bbox 948 1801 1205 1864; x_wconf 85' lang='lat' dir='ltr'>suscepto</span> <span class='ocrx_word' id='word_1_120' title='bbox 1259 1795 1667 1867; x_wconf 81' lang='lat' dir='ltr'>presbyteratus</span> <span class='ocrx_word' id='word_1_121' title='bbox 1714 1799 1898 1856; x_wconf 80' lang='lat' dir='ltr'>ofﬁcio</span> <span class='ocrx_word' id='word_1_122' title='bbox 1937 1803 2082 1872; x_wconf 90' lang='lat' dir='ltr'>apud</span> 
     </span>
    </p>
   </div>
   <div class='ocr_carea' id='block_1_19' title="bbox 475 1880 2088 1960">
    <p class='ocr_par' dir='ltr' id='par_1_19' title="bbox 475 1880 2088 1960">
     <span class='ocr_line' id='line_1_19' title="bbox 475 1880 2088 1960; baseline 0.009 -28"><span class='ocrx_word' id='word_1_123' title='bbox 475 1894 576 1933; x_wconf 89' lang='lat' dir='ltr'>nos</span> <span class='ocrx_word' id='word_1_124' title='bbox 631 1880 926 1949; x_wconf 90' lang='lat' dir='ltr'>episcopus</span> <span class='ocrx_word' id='word_1_125' title='bbox 957 1882 1259 1939; x_wconf 89' lang='lat' dir='ltr'>ordinatur.</span> <span class='ocrx_word' id='word_1_126' title='bbox 1302 1885 1378 1939; x_wconf 91' lang='lat' dir='ltr'>De</span> <span class='ocrx_word' id='word_1_127' title='bbox 1424 1886 1627 1957; x_wconf 89' lang='lat' dir='ltr'>quibus</span> <span class='ocrx_word' id='word_1_128' title='bbox 1670 1889 1932 1944; x_wconf 88' lang='lat' dir='ltr'>omnibus</span> <span class='ocrx_word' id='word_1_129' title='bbox 1991 1907 2088 1960; x_wconf 90' lang='lat' dir='ltr'>per</span> 
     </span>
    </p>
   </div>
   <div class='ocr_carea' id='block_1_20' title="bbox 473 1968 2084 2046">
    <p class='ocr_par' dir='ltr' id='par_1_20' title="bbox 473 1968 2084 2046">
     <span class='ocr_line' id='line_1_20' title="bbox 473 1968 2084 2046; baseline 0.01 -27"><span class='ocrx_word' id='word_1_130' title='bbox 473 1968 717 2039; x_wconf 89' lang='lat' dir='ltr'>singulas</span> <span class='ocrx_word' id='word_1_131' title='bbox 763 1971 1073 2039; x_wconf 86' lang='lat' dir='ltr'>provincias</span> <span class='ocrx_word' id='word_1_132' title='bbox 1131 1990 1162 2027; x_wconf 90' lang='lat' dir='ltr'>a</span> <span class='ocrx_word' id='word_1_133' title='bbox 1216 1977 1655 2046; x_wconf 88' lang='lat' dir='ltr'>metropolitanis</span> <span class='ocrx_word' id='word_1_134' title='bbox 1715 1994 1838 2033; x_wconf 89' lang='lat' dir='ltr'>cum</span> <span class='ocrx_word' id='word_1_135' title='bbox 1896 1995 2084 2035; x_wconf 91' lang='lat' dir='ltr'>eorum</span> 
     </span>
    </p>
   </div>
   <div class='ocr_carea' id='block_1_21' title="bbox 473 2061 2086 2142">
    <p class='ocr_par' dir='ltr' id='par_1_21' title="bbox 473 2061 2086 2142">
     <span class='ocr_line' id='line_1_21' title="bbox 473 2061 2086 2142; baseline 0.009 -29"><span class='ocrx_word' id='word_1_136' title='bbox 473 2061 819 2131; x_wconf 85' lang='lat' dir='ltr'>coepiscOpis</span> <span class='ocrx_word' id='word_1_137' title='bbox 853 2063 960 2117; x_wconf 90' lang='lat' dir='ltr'>sibi</span> <span class='ocrx_word' id='word_1_138' title='bbox 1016 2065 1242 2120; x_wconf 90' lang='lat' dir='ltr'>rescribi</span> <span class='ocrx_word' id='word_1_139' title='bbox 1287 2069 1559 2140; x_wconf 74' lang='lat' dir='ltr'>praecipit,</span> <span class='ocrx_word' id='word_1_140' title='bbox 1599 2070 1888 2142; x_wconf 86' lang='lat' dir='ltr'>alloquens</span> <span class='ocrx_word' id='word_1_141' title='bbox 1931 2089 2086 2126; x_wconf 86' lang='lat' dir='ltr'>eum-</span> 
     </span>
    </p>
   </div>
   <div class='ocr_carea' id='block_1_22' title="bbox 471 2150 2082 2229">
    <p class='ocr_par' dir='ltr' id='par_1_22' title="bbox 471 2150 2082 2229">
     <span class='ocr_line' id='line_1_22' title="bbox 471 2150 2082 2229; baseline 0.009 -27"><span class='ocrx_word' id='word_1_142' title='bbox 471 2150 594 2204; x_wconf 89' lang='lat' dir='ltr'>dem</span> <span class='ocrx_word' id='word_1_143' title='bbox 624 2151 976 2209; x_wconf 80' lang='lat' dir='ltr'>Hincmarum</span> <span class='ocrx_word' id='word_1_144' title='bbox 1009 2156 1061 2209; x_wconf 91' lang='lat' dir='ltr'>in</span> <span class='ocrx_word' id='word_1_145' title='bbox 1095 2158 1342 2227; x_wconf 68' lang='lat' dir='ltr'>epistola:</span> <span class='ocrx_word' id='word_1_146' title='bbox 1373 2158 1482 2214; x_wconf 92' lang='lat' dir='ltr'>ﬁne</span> <span class='ocrx_word' id='word_1_147' title='bbox 1515 2161 1618 2216; x_wconf 89' lang='lat' dir='ltr'>hoc</span> <span class='ocrx_word' id='word_1_148' title='bbox 1656 2162 1820 2217; x_wconf 92' lang='lat' dir='ltr'>modo</span> <span class='ocrx_word' id='word_1_149' title='bbox 1853 2180 1864 2214; x_wconf 92' lang='lat'>:</span> <span class='ocrx_word' id='word_1_150' title='bbox 1901 2187 1924 2209; x_wconf 80' lang='grc' dir='ltr'><strong>οι</strong></span> <span class='ocrx_word' id='word_1_151' title='bbox 1955 2163 2082 2229; x_wconf 86' lang='lat' dir='ltr'>Tua,</span> 
     </span>
    </p>
   </div>
   <div class='ocr_carea' id='block_1_23' title="bbox 472 2239 2086 2322">
    <p class='ocr_par' dir='ltr' id='par_1_23' title="bbox 472 2239 2086 2322">
     <span class='ocr_line' id='line_1_23' title="bbox 472 2239 2086 2322; baseline 0.008 -30"><span class='ocrx_word' id='word_1_152' title='bbox 472 2239 669 2310; x_wconf 87' lang='lat' dir='ltr'>inquit,</span> <span class='ocrx_word' id='word_1_153' title='bbox 705 2241 1014 2310; x_wconf 84' lang='lat' dir='ltr'>Hincmare,</span> <span class='ocrx_word' id='word_1_154' title='bbox 1045 2245 1281 2299; x_wconf 89' lang='lat' dir='ltr'>charitas</span> <span class='ocrx_word' id='word_1_155' title='bbox 1308 2263 1430 2302; x_wconf 89' lang='lat' dir='ltr'>cum</span> <span class='ocrx_word' id='word_1_156' title='bbox 1449 2248 1592 2304; x_wconf 91' lang='lat' dir='ltr'>hanc</span> <span class='ocrx_word' id='word_1_157' title='bbox 1616 2250 1903 2319; x_wconf 86' lang='lat' dir='ltr'>epistolam</span> <span class='ocrx_word' id='word_1_158' title='bbox 1937 2250 2086 2322; x_wconf 87' lang='lat' dir='ltr'>lege-</span> 
     </span>
    </p>
   </div>
   <div class='ocr_carea' id='block_1_24' title="bbox 471 2328 2085 2412">
    <p class='ocr_par' dir='ltr' id='par_1_24' title="bbox 471 2328 2085 2412">
     <span class='ocr_line' id='line_1_24' title="bbox 471 2328 2085 2412; baseline 0.011 -32"><span class='ocrx_word' id='word_1_159' title='bbox 471 2328 558 2393; x_wconf 90' lang='lat' dir='ltr'>rit,</span> <span class='ocrx_word' id='word_1_160' title='bbox 600 2344 727 2384; x_wconf 89' lang='lat' dir='ltr'>mox</span> <span class='ocrx_word' id='word_1_161' title='bbox 767 2337 822 2384; x_wconf 93' lang='lat' dir='ltr'>ut</span> <span class='ocrx_word' id='word_1_162' title='bbox 876 2332 1039 2385; x_wconf 88' lang='lat' dir='ltr'>etiam</span> <span class='ocrx_word' id='word_1_163' title='bbox 1092 2333 1160 2386; x_wconf 92' lang='lat' dir='ltr'>ad</span> <span class='ocrx_word' id='word_1_164' title='bbox 1191 2333 1328 2389; x_wconf 91' lang='lat' dir='ltr'>alios</span> <span class='ocrx_word' id='word_1_165' title='bbox 1374 2337 1843 2410; x_wconf 90' lang='lat' dir='ltr'>archiepiscopos,</span> <span class='ocrx_word' id='word_1_166' title='bbox 1903 2342 1998 2412; x_wconf 93' lang='lat' dir='ltr'>qui</span> <span class='ocrx_word' id='word_1_167' title='bbox 2031 2343 2085 2398; x_wconf 91' lang='lat' dir='ltr'>in</span> 
     </span>
    </p>
   </div>
   <div class='ocr_carea' id='block_1_25' title="bbox 475 2418 2082 2502">
    <p class='ocr_par' dir='ltr' id='par_1_25' title="bbox 475 2418 2082 2502">
     <span class='ocr_line' id='line_1_25' title="bbox 475 2418 2082 2502; baseline 0.01 -31"><span class='ocrx_word' id='word_1_168' title='bbox 475 2434 644 2492; x_wconf 87' lang='lat' dir='ltr'>regno</span> <span class='ocrx_word' id='word_1_169' title='bbox 697 2418 796 2473; x_wconf 77' lang='lat' dir='ltr'>filii</span> <span class='ocrx_word' id='word_1_170' title='bbox 837 2421 1007 2474; x_wconf 88' lang='lat' dir='ltr'>nostri</span> <span class='ocrx_word' id='word_1_171' title='bbox 1051 2421 1228 2478; x_wconf 87' lang='lat' dir='ltr'>Karoli</span> <span class='ocrx_word' id='word_1_172' title='bbox 1283 2425 1505 2499; x_wconf 81' lang='lat' dir='ltr'>gloriosi</span> <span class='ocrx_word' id='word_1_173' title='bbox 1558 2428 1702 2502; x_wconf 90' lang='lat' dir='ltr'>regis</span> <span class='ocrx_word' id='word_1_174' title='bbox 1751 2430 2082 2498; x_wconf 89' lang='lat' dir='ltr'>consistunt,</span> 
     </span>
    </p>
   </div>
   <div class='ocr_carea' id='block_1_26' title="bbox 475 2509 2084 2590">
    <p class='ocr_par' dir='ltr' id='par_1_26' title="bbox 475 2509 2084 2590">
     <span class='ocr_line' id='line_1_26' title="bbox 475 2509 2084 2590; baseline 0.007 -24"><span class='ocrx_word' id='word_1_175' title='bbox 475 2509 778 2578; x_wconf 88' lang='lat' dir='ltr'>deferatur,</span> <span class='ocrx_word' id='word_1_176' title='bbox 834 2531 1188 2586; x_wconf 85' lang='lat' dir='ltr'>summOpere</span> <span class='ocrx_word' id='word_1_177' title='bbox 1252 2533 1416 2590; x_wconf 89' lang='lat' dir='ltr'>agere</span> <span class='ocrx_word' id='word_1_178' title='bbox 1479 2521 1718 2588; x_wconf 86' lang='lat' dir='ltr'>studeat,</span> <span class='ocrx_word' id='word_1_179' title='bbox 1787 2529 1841 2576; x_wconf 87' lang='lat' dir='ltr'>et</span> <span class='ocrx_word' id='word_1_180' title='bbox 1899 2530 1959 2576; x_wconf 90' lang='lat' dir='ltr'>ut</span> <span class='ocrx_word' id='word_1_181' title='bbox 2014 2522 2084 2578; x_wconf 94' lang='lat' dir='ltr'>de</span> 
     </span>
    </p>
   </div>
   <div class='ocr_carea' id='block_1_27' title="bbox 475 2603 2084 2680">
    <p class='ocr_par' dir='ltr' id='par_1_27' title="bbox 475 2603 2084 2680">
     <span class='ocr_line' id='line_1_27' title="bbox 475 2603 2084 2680; baseline 0.01 -24"><span class='ocrx_word' id='word_1_182' title='bbox 475 2604 560 2657; x_wconf 89' lang='lat' dir='ltr'>his</span> <span class='ocrx_word' id='word_1_183' title='bbox 603 2603 805 2674; x_wconf 80' lang='lat' dir='ltr'>singuli</span> <span class='ocrx_word' id='word_1_184' title='bbox 861 2605 917 2658; x_wconf 91' lang='lat' dir='ltr'>in</span> <span class='ocrx_word' id='word_1_185' title='bbox 966 2605 1302 2662; x_wconf 64' lang='lat' dir='ltr'>dioecesibus</span> <span class='ocrx_word' id='word_1_186' title='bbox 1344 2611 1584 2680; x_wconf 88' lang='lat' dir='ltr'>prOpriis</span> <span class='ocrx_word' id='word_1_187' title='bbox 1633 2629 1743 2668; x_wconf 91' lang='lat' dir='ltr'>una</span> <span class='ocrx_word' id='word_1_188' title='bbox 1791 2631 1919 2671; x_wconf 89' lang='lat' dir='ltr'>cum</span> <span class='ocrx_word' id='word_1_189' title='bbox 1967 2617 2084 2671; x_wconf 81' lang='lat' dir='ltr'>suf-</span> 
     </span>
    </p>
   </div>
   <div class='ocr_carea' id='block_1_28' title="bbox 473 2692 2080 2776">
    <p class='ocr_par' dir='ltr' id='par_1_28' title="bbox 473 2692 2080 2776">
     <span class='ocr_line' id='line_1_28' title="bbox 473 2692 2080 2776; baseline 0.012 -31"><span class='ocrx_word' id='word_1_190' title='bbox 473 2692 748 2765; x_wconf 82' lang='lat' dir='ltr'>fraganeis</span> <span class='ocrx_word' id='word_1_191' title='bbox 805 2697 918 2750; x_wconf 92' lang='lat' dir='ltr'>suis</span> <span class='ocrx_word' id='word_1_192' title='bbox 975 2696 1028 2751; x_wconf 91' lang='lat' dir='ltr'>in</span> <span class='ocrx_word' id='word_1_193' title='bbox 1074 2699 1452 2772; x_wconf 87' lang='lat' dir='ltr'>cujuscunque</span> <span class='ocrx_word' id='word_1_194' title='bbox 1492 2718 1664 2776; x_wconf 84' lang='lat' dir='ltr'>regno</span> <span class='ocrx_word' id='word_1_195' title='bbox 1712 2706 1823 2761; x_wconf 91' lang='lat' dir='ltr'>sint</span> <span class='ocrx_word' id='word_1_196' title='bbox 1877 2710 2080 2764; x_wconf 89' lang='lat' dir='ltr'>consti-</span> 
     </span>
    </p>
   </div>
   <div class='ocr_carea' id='block_1_29' title="bbox 472 2785 2083 2870">
    <p class='ocr_par' dir='ltr' id='par_1_29' title="bbox 472 2785 2083 2870">
     <span class='ocr_line' id='line_1_29' title="bbox 472 2785 2083 2870; baseline 0.011 -32"><span class='ocrx_word' id='word_1_197' title='bbox 472 2785 595 2850; x_wconf 90' lang='lat' dir='ltr'>tuti,</span> <span class='ocrx_word' id='word_1_198' title='bbox 645 2785 1045 2841; x_wconf 89' lang='lat' dir='ltr'>convenienter</span> <span class='ocrx_word' id='word_1_199' title='bbox 1103 2795 1352 2854; x_wconf 87' lang='lat' dir='ltr'>tractare,</span> <span class='ocrx_word' id='word_1_200' title='bbox 1387 2799 1440 2845; x_wconf 90' lang='lat' dir='ltr'>et</span> <span class='ocrx_word' id='word_1_201' title='bbox 1488 2793 1651 2848; x_wconf 92' lang='lat' dir='ltr'>nobis</span> <span class='ocrx_word' id='word_1_202' title='bbox 1689 2811 1810 2866; x_wconf 68' lang='lat' dir='ltr'>quae</span> <span class='ocrx_word' id='word_1_203' title='bbox 1865 2813 2083 2870; x_wconf 89' lang='lat' dir='ltr'>repere-</span> 
     </span>
    </p>
   </div>
   <div class='ocr_carea' id='block_1_30' title="bbox 471 2876 2085 2963">
    <p class='ocr_par' dir='ltr' id='par_1_30' title="bbox 471 2876 2085 2963">
     <span class='ocr_line' id='line_1_30' title="bbox 471 2876 2085 2963; baseline 0.012 -34"><span class='ocrx_word' id='word_1_204' title='bbox 471 2876 600 2942; x_wconf 91' lang='lat' dir='ltr'>rint,</span> <span class='ocrx_word' id='word_1_205' title='bbox 643 2893 938 2950; x_wconf 91' lang='lat' dir='ltr'>suggerere</span> <span class='ocrx_word' id='word_1_206' title='bbox 983 2889 1196 2948; x_wconf 92' lang='lat' dir='ltr'>curent,</span> <span class='ocrx_word' id='word_1_207' title='bbox 1252 2898 1349 2937; x_wconf 88' lang='lat' dir='ltr'>eos</span> <span class='ocrx_word' id='word_1_208' title='bbox 1388 2884 1556 2939; x_wconf 90' lang='lat' dir='ltr'>citare</span> <span class='ocrx_word' id='word_1_209' title='bbox 1597 2889 1858 2963; x_wconf 89' lang='lat' dir='ltr'>negligat,</span> <span class='ocrx_word' id='word_1_210' title='bbox 1909 2891 1981 2946; x_wconf 90' lang='lat' dir='ltr'>ita</span> <span class='ocrx_word' id='word_1_211' title='bbox 2024 2901 2085 2948; x_wconf 89' lang='lat' dir='ltr'>ut</span> 
     </span>
    </p>
   </div>
   <div class='ocr_carea' id='block_1_31' title="bbox 471 2971 2082 3050">
    <p class='ocr_par' dir='ltr' id='par_1_31' title="bbox 471 2971 2082 3050">
     <span class='ocr_line' id='line_1_31' title="bbox 471 2971 2082 3050; baseline 0.012 -27"><span class='ocrx_word' id='word_1_212' title='bbox 471 2985 659 3024; x_wconf 85' lang='lat' dir='ltr'>eorum</span> <span class='ocrx_word' id='word_1_213' title='bbox 693 2971 940 3027; x_wconf 91' lang='lat' dir='ltr'>omnium</span> <span class='ocrx_word' id='word_1_214' title='bbox 973 2990 1095 3045; x_wconf 55' lang='lat' dir='ltr'>qua;</span> <span class='ocrx_word' id='word_1_215' title='bbox 1127 2977 1414 3046; x_wconf 63' lang='lat' dir='ltr'>praesentis</span> <span class='ocrx_word' id='word_1_216' title='bbox 1444 2979 1690 3050; x_wconf 65' lang='lat' dir='ltr'>epistolae</span> <span class='ocrx_word' id='word_1_217' title='bbox 1741 2991 1939 3040; x_wconf 64' lang='lat' dir='ltr'>nostra:</span> <span class='ocrx_word' id='word_1_218' title='bbox 1976 2987 2082 3041; x_wconf 91' lang='lat' dir='ltr'>cir-</span> 
     </span>
    </p>
   </div>
   <div class='ocr_carea' id='block_1_32' title="bbox 2196 521 3813 594">
    <p class='ocr_par' dir='ltr' id='par_1_32' title="bbox 2196 521 3813 594">
     <span class='ocr_line' id='line_1_32' title="bbox 2196 521 3813 594; baseline 0.003 -19"><span class='ocrx_word' id='word_1_219' title='bbox 2196 523 2302 594; x_wconf 82' lang='lat' dir='ltr'>gis,</span> <span class='ocrx_word' id='word_1_220' title='bbox 2330 523 2398 576; x_wconf 90' lang='lat' dir='ltr'>de</span> <span class='ocrx_word' id='word_1_221' title='bbox 2435 523 2728 578; x_wconf 90' lang='lat' dir='ltr'>duodecim</span> <span class='ocrx_word' id='word_1_222' title='bbox 2775 521 3022 576; x_wconf 87' lang='lat' dir='ltr'>abusivis</span> <span class='ocrx_word' id='word_1_223' title='bbox 3067 530 3403 590; x_wconf 81' lang='lat' dir='ltr'>sanctorum,</span> <span class='ocrx_word' id='word_1_224' title='bbox 3439 525 3497 578; x_wconf 93' lang='lat' dir='ltr'>in</span> <span class='ocrx_word' id='word_1_225' title='bbox 3526 523 3615 578; x_wconf 90' lang='lat' dir='ltr'>his</span> <span class='ocrx_word' id='word_1_226' title='bbox 3663 526 3813 581; x_wconf 87' lang='lat' dir='ltr'>colli-</span> 
     </span>
    </p>
   </div>
   <div class='ocr_carea' id='block_1_33' title="bbox 2195 614 3816 685">
    <p class='ocr_par' dir='ltr' id='par_1_33' title="bbox 2195 614 3816 685">
     <span class='ocr_line' id='line_1_33' title="bbox 2195 614 3816 685; baseline 0.003 -18"><span class='ocrx_word' id='word_1_227' title='bbox 2195 630 2333 684; x_wconf 83' lang='lat' dir='ltr'>gens</span> <span class='ocrx_word' id='word_1_228' title='bbox 2376 614 2522 669; x_wconf 91' lang='lat' dir='ltr'>dicta</span> <span class='ocrx_word' id='word_1_229' title='bbox 2571 615 2788 670; x_wconf 88' lang='lat' dir='ltr'>Patrum</span> <span class='ocrx_word' id='word_1_230' title='bbox 2837 622 2893 668; x_wconf 91' lang='lat' dir='ltr'>et</span> <span class='ocrx_word' id='word_1_231' title='bbox 2941 615 3338 685; x_wconf 63' lang='lat' dir='ltr'>praeteritorum</span> <span class='ocrx_word' id='word_1_232' title='bbox 3387 617 3816 673; x_wconf 88' lang='lat' dir='ltr'>constitutiones</span> 
     </span>
    </p>
   </div>
   <div class='ocr_carea' id='block_1_34' title="bbox 2197 702 3813 776">
    <p class='ocr_par' dir='ltr' id='par_1_34' title="bbox 2197 702 3813 776">
     <span class='ocr_line' id='line_1_34' title="bbox 2197 702 3813 776; baseline 0.002 -20"><span class='ocrx_word' id='word_1_233' title='bbox 2197 717 2408 776; x_wconf 89' lang='lat' dir='ltr'>regum.</span> <span class='ocrx_word' id='word_1_234' title='bbox 2460 702 2568 756; x_wconf 91' lang='lat' dir='ltr'>Sed</span> <span class='ocrx_word' id='word_1_235' title='bbox 2598 712 2654 757; x_wconf 90' lang='lat' dir='ltr'>et</span> <span class='ocrx_word' id='word_1_236' title='bbox 2683 703 2753 758; x_wconf 91' lang='lat' dir='ltr'>de</span> <span class='ocrx_word' id='word_1_237' title='bbox 2796 702 3165 772; x_wconf 88' lang='lat' dir='ltr'>promissione</span> <span class='ocrx_word' id='word_1_238' title='bbox 3203 718 3302 758; x_wconf 90' lang='lat' dir='ltr'>sua</span> <span class='ocrx_word' id='word_1_239' title='bbox 3331 718 3458 758; x_wconf 89' lang='lat' dir='ltr'>eum</span> <span class='ocrx_word' id='word_1_240' title='bbox 3482 705 3813 770; x_wconf 88' lang='lat' dir='ltr'>admonens,</span> 
     </span>
    </p>
   </div>
   <div class='ocr_carea' id='block_1_35' title="bbox 2197 791 3816 862">
    <p class='ocr_par' dir='ltr' id='par_1_35' title="bbox 2197 791 3816 862">
     <span class='ocr_line' id='line_1_35' title="bbox 2197 791 3816 862; baseline 0.002 -18"><span class='ocrx_word' id='word_1_241' title='bbox 2197 807 2359 861; x_wconf 88' lang='lat' dir='ltr'>quam</span> <span class='ocrx_word' id='word_1_242' title='bbox 2392 791 2584 857; x_wconf 91' lang='lat' dir='ltr'>verbo,</span> <span class='ocrx_word' id='word_1_243' title='bbox 2617 807 2682 846; x_wconf 90' lang='lat' dir='ltr'>ac</span> <span class='ocrx_word' id='word_1_244' title='bbox 2723 792 2950 862; x_wconf 90' lang='lat' dir='ltr'>scripto,</span> <span class='ocrx_word' id='word_1_245' title='bbox 2984 800 3278 862; x_wconf 89' lang='lat' dir='ltr'>antequam</span> <span class='ocrx_word' id='word_1_246' title='bbox 3329 808 3424 847; x_wconf 86' lang='lat' dir='ltr'>rex</span> <span class='ocrx_word' id='word_1_247' title='bbox 3453 808 3816 848; x_wconf 88' lang='lat' dir='ltr'>consecrare-</span> 
     </span>
    </p>
   </div>
   <div class='ocr_carea' id='block_1_36' title="bbox 2198 879 3818 954">
    <p class='ocr_par' dir='ltr' id='par_1_36' title="bbox 2198 879 3818 954">
     <span class='ocr_line' id='line_1_36' title="bbox 2198 879 3818 954; baseline 0.002 -21"><span class='ocrx_word' id='word_1_248' title='bbox 2198 886 2306 946; x_wconf 89' lang='lat' dir='ltr'>tur,</span> <span class='ocrx_word' id='word_1_249' title='bbox 2330 879 2656 949; x_wconf 89' lang='lat' dir='ltr'>primatibus</span> <span class='ocrx_word' id='word_1_250' title='bbox 2675 887 2729 935; x_wconf 89' lang='lat' dir='ltr'>et</span> <span class='ocrx_word' id='word_1_251' title='bbox 2758 879 3040 950; x_wconf 89' lang='lat' dir='ltr'>episc0pis</span> <span class='ocrx_word' id='word_1_252' title='bbox 3068 879 3290 935; x_wconf 89' lang='lat' dir='ltr'>fecerat.</span> <span class='ocrx_word' id='word_1_253' title='bbox 3330 880 3562 951; x_wconf 90' lang='lat' dir='ltr'>Scripsit</span> <span class='ocrx_word' id='word_1_254' title='bbox 3591 898 3818 954; x_wconf 89' lang='lat' dir='ltr'>quoque</span> 
     </span>
    </p>
   </div>
   <div class='ocr_carea' id='block_1_37' title="bbox 2196 969 3816 1042">
    <p class='ocr_par' dir='ltr' id='par_1_37' title="bbox 2196 969 3816 1042">
     <span class='ocr_line' id='line_1_37' title="bbox 2196 969 3816 1042; baseline 0.002 -19"><span class='ocrx_word' id='word_1_255' title='bbox 2196 969 2395 1024; x_wconf 91' lang='lat' dir='ltr'>multas</span> <span class='ocrx_word' id='word_1_256' title='bbox 2439 970 2507 1024; x_wconf 88' lang='lat' dir='ltr'>ad</span> <span class='ocrx_word' id='word_1_257' title='bbox 2547 971 2723 1040; x_wconf 89' lang='lat' dir='ltr'>ipsum</span> <span class='ocrx_word' id='word_1_258' title='bbox 2765 985 2951 1041; x_wconf 83' lang='lat' dir='ltr'>regem</span> <span class='ocrx_word' id='word_1_259' title='bbox 2993 970 3276 1041; x_wconf 87' lang='lat' dir='ltr'>epistolas,</span> <span class='ocrx_word' id='word_1_260' title='bbox 3321 977 3381 1026; x_wconf 93' lang='lat' dir='ltr'>ut</span> <span class='ocrx_word' id='word_1_261' title='bbox 3423 972 3519 1042; x_wconf 87' lang='lat' dir='ltr'>qui</span> <span class='ocrx_word' id='word_1_262' title='bbox 3563 971 3816 1041; x_wconf 86' lang='lat' dir='ltr'>ejusdem</span> 
     </span>
    </p>
   </div>
   <div class='ocr_carea' id='block_1_38' title="bbox 2197 1062 3819 1135">
    <p class='ocr_par' dir='ltr' id='par_1_38' title="bbox 2197 1062 3819 1135">
     <span class='ocr_line' id='line_1_38' title="bbox 2197 1062 3819 1135; baseline 0.002 -20"><span class='ocrx_word' id='word_1_263' title='bbox 2197 1062 2602 1132; x_wconf 91' lang='lat' dir='ltr'>archiepiscopi</span> <span class='ocrx_word' id='word_1_264' title='bbox 2633 1063 2703 1116; x_wconf 92' lang='lat' dir='ltr'>de</span> <span class='ocrx_word' id='word_1_265' title='bbox 2737 1063 2924 1118; x_wconf 90' lang='lat' dir='ltr'>multis</span> <span class='ocrx_word' id='word_1_266' title='bbox 2955 1063 3275 1134; x_wconf 87' lang='lat' dir='ltr'>requirebat</span> <span class='ocrx_word' id='word_1_267' title='bbox 3294 1063 3611 1131; x_wconf 79' lang='lat' dir='ltr'>consilium,</span> <span class='ocrx_word' id='word_1_268' title='bbox 3642 1071 3700 1119; x_wconf 91' lang='lat' dir='ltr'>et</span> <span class='ocrx_word' id='word_1_269' title='bbox 3722 1081 3819 1135; x_wconf 89' lang='lat' dir='ltr'>per</span> 
     </span>
    </p>
   </div>
   <div class='ocr_carea' id='block_1_39' title="bbox 2196 1153 3817 1229">
    <p class='ocr_par' dir='ltr' id='par_1_39' title="bbox 2196 1153 3817 1229">
     <span class='ocr_line' id='line_1_39' title="bbox 2196 1153 3817 1229; baseline 0.002 -22"><span class='ocrx_word' id='word_1_270' title='bbox 2196 1153 2316 1220; x_wconf 89' lang='lat' dir='ltr'>ejus</span> <span class='ocrx_word' id='word_1_271' title='bbox 2341 1153 2650 1223; x_wconf 64' lang='lat' dir='ltr'>prudentiae</span> <span class='ocrx_word' id='word_1_272' title='bbox 2679 1155 3096 1229; x_wconf 84' lang='lat' dir='ltr'>suggestionem</span> <span class='ocrx_word' id='word_1_273' title='bbox 3123 1155 3293 1209; x_wconf 89' lang='lat' dir='ltr'>multa</span> <span class='ocrx_word' id='word_1_274' title='bbox 3321 1154 3594 1210; x_wconf 86' lang='lat' dir='ltr'>industrie</span> <span class='ocrx_word' id='word_1_275' title='bbox 3624 1156 3817 1226; x_wconf 89' lang='lat' dir='ltr'>dispo-</span> 
     </span>
    </p>
   </div>
   <div class='ocr_carea' id='block_1_40' title="bbox 2198 1245 3815 1310">
    <p class='ocr_par' dir='ltr' id='par_1_40' title="bbox 2198 1245 3815 1310">
     <span class='ocr_line' id='line_1_40' title="bbox 2198 1245 3815 1310; baseline 0.002 -12"><span class='ocrx_word' id='word_1_276' title='bbox 2198 1245 2382 1300; x_wconf 89' lang='lat' dir='ltr'>nebat.</span> <span class='ocrx_word' id='word_1_277' title='bbox 2415 1247 2642 1310; x_wconf 88' lang='lat' dir='ltr'>Quando</span> <span class='ocrx_word' id='word_1_278' title='bbox 2675 1247 2842 1302; x_wconf 87' lang='lat' dir='ltr'>etiam</span> <span class='ocrx_word' id='word_1_279' title='bbox 2877 1246 3028 1302; x_wconf 90' lang='lat' dir='ltr'>ﬁlius</span> <span class='ocrx_word' id='word_1_280' title='bbox 3056 1263 3190 1302; x_wconf 89' lang='lat' dir='ltr'>suus</span> <span class='ocrx_word' id='word_1_281' title='bbox 3222 1246 3628 1303; x_wconf 83' lang='lat' dir='ltr'>Karlomannus</span> <span class='ocrx_word' id='word_1_282' title='bbox 3648 1248 3815 1302; x_wconf 85' lang='lat' dir='ltr'>cleri-</span> 
     </span>
    </p>
   </div>
   <div class='ocr_carea' id='block_1_41' title="bbox 2195 1334 3814 1408">
    <p class='ocr_par' dir='ltr' id='par_1_41' title="bbox 2195 1334 3814 1408">
     <span class='ocr_line' id='line_1_41' title="bbox 2195 1334 3814 1408; baseline 0.002 -21"><span class='ocrx_word' id='word_1_283' title='bbox 2195 1349 2292 1388; x_wconf 89' lang='lat' dir='ltr'>cus</span> <span class='ocrx_word' id='word_1_284' title='bbox 2317 1334 2577 1390; x_wconf 89' lang='lat' dir='ltr'>adversus</span> <span class='ocrx_word' id='word_1_285' title='bbox 2607 1351 2732 1390; x_wconf 90' lang='lat' dir='ltr'>eum</span> <span class='ocrx_word' id='word_1_286' title='bbox 2782 1336 3144 1399; x_wconf 83' lang='lat' dir='ltr'>consurrexit,</span> <span class='ocrx_word' id='word_1_287' title='bbox 3179 1344 3234 1390; x_wconf 90' lang='lat' dir='ltr'>et</span> <span class='ocrx_word' id='word_1_288' title='bbox 3263 1337 3382 1408; x_wconf 89' lang='lat' dir='ltr'>ipse</span> <span class='ocrx_word' id='word_1_289' title='bbox 3408 1352 3500 1391; x_wconf 85' lang='lat' dir='ltr'>rex</span> <span class='ocrx_word' id='word_1_290' title='bbox 3530 1337 3600 1391; x_wconf 89' lang='lat' dir='ltr'>ad</span> <span class='ocrx_word' id='word_1_291' title='bbox 3637 1335 3814 1390; x_wconf 84' lang='lat' dir='ltr'>Vien-</span> 
     </span>
    </p>
   </div>
   <div class='ocr_carea' id='block_1_42' title="bbox 2188 1426 3816 1499">
    <p class='ocr_par' dir='ltr' id='par_1_42' title="bbox 2188 1426 3816 1499">
     <span class='ocr_line' id='line_1_42' title="bbox 2188 1426 3816 1499; baseline 0.002 -21"><span class='ocrx_word' id='word_1_292' title='bbox 2188 1441 2315 1479; x_wconf 89' lang='lat' dir='ltr'>nam</span> <span class='ocrx_word' id='word_1_293' title='bbox 2342 1433 2532 1480; x_wconf 89' lang='lat' dir='ltr'>contra</span> <span class='ocrx_word' id='word_1_294' title='bbox 2589 1426 2888 1481; x_wconf 89' lang='lat' dir='ltr'>Gerardum</span> <span class='ocrx_word' id='word_1_295' title='bbox 2924 1427 3204 1495; x_wconf 90' lang='lat' dir='ltr'>comitem,</span> <span class='ocrx_word' id='word_1_296' title='bbox 3250 1428 3419 1499; x_wconf 89' lang='lat' dir='ltr'>(quia</span> <span class='ocrx_word' id='word_1_297' title='bbox 3468 1444 3530 1482; x_wconf 89' lang='lat' dir='ltr'>se</span> <span class='ocrx_word' id='word_1_298' title='bbox 3557 1427 3816 1483; x_wconf 86' lang='lat' dir='ltr'>descive-</span> 
     </span>
    </p>
   </div>
   <div class='ocr_carea' id='block_1_43' title="bbox 2188 1513 3816 1586">
    <p class='ocr_par' dir='ltr' id='par_1_43' title="bbox 2188 1513 3816 1586">
     <span class='ocr_line' id='line_1_43' title="bbox 2188 1513 3816 1586; baseline 0.001 -18"><span class='ocrx_word' id='word_1_299' title='bbox 2188 1515 2289 1582; x_wconf 86' lang='lat' dir='ltr'>rat)</span> <span class='ocrx_word' id='word_1_300' title='bbox 2321 1513 2603 1583; x_wconf 87' lang='lat' dir='ltr'>profectus</span> <span class='ocrx_word' id='word_1_301' title='bbox 2640 1521 2776 1581; x_wconf 90' lang='lat' dir='ltr'>erat,</span> <span class='ocrx_word' id='word_1_302' title='bbox 2807 1516 2936 1569; x_wconf 91' lang='lat' dir='ltr'>huic</span> <span class='ocrx_word' id='word_1_303' title='bbox 2967 1515 3188 1586; x_wconf 70' lang='lat' dir='ltr'>praesuli</span> <span class='ocrx_word' id='word_1_304' title='bbox 3229 1524 3420 1571; x_wconf 91' lang='lat' dir='ltr'>nostro</span> <span class='ocrx_word' id='word_1_305' title='bbox 3449 1516 3665 1571; x_wconf 87' lang='lat' dir='ltr'>litteras</span> <span class='ocrx_word' id='word_1_306' title='bbox 3689 1532 3816 1571; x_wconf 88' lang='lat' dir='ltr'>suas</span> 
     </span>
    </p>
   </div>
   <div class='ocr_carea' id='block_1_44' title="bbox 2188 1604 3815 1681">
    <p class='ocr_par' dir='ltr' id='par_1_44' title="bbox 2188 1604 3815 1681">
     <span class='ocr_line' id='line_1_44' title="bbox 2188 1604 3815 1681; baseline 0.002 -23"><span class='ocrx_word' id='word_1_307' title='bbox 2188 1604 2353 1669; x_wconf 90' lang='lat' dir='ltr'>misit,</span> <span class='ocrx_word' id='word_1_308' title='bbox 2397 1606 2666 1660; x_wconf 89' lang='lat' dir='ltr'>mandans</span> <span class='ocrx_word' id='word_1_309' title='bbox 2708 1613 2765 1659; x_wconf 91' lang='lat' dir='ltr'>ut</span> <span class='ocrx_word' id='word_1_310' title='bbox 2803 1615 3132 1662; x_wconf 82' lang='lat' dir='ltr'>convocaret</span> <span class='ocrx_word' id='word_1_311' title='bbox 3181 1607 3476 1678; x_wconf 89' lang='lat' dir='ltr'>episc0pos</span> <span class='ocrx_word' id='word_1_312' title='bbox 3524 1608 3706 1681; x_wconf 88' lang='lat' dir='ltr'>regni,</span> <span class='ocrx_word' id='word_1_313' title='bbox 3753 1623 3815 1662; x_wconf 87' lang='lat' dir='ltr'>ac</span> 
     </span>
    </p>
   </div>
   <div class='ocr_carea' id='block_1_45' title="bbox 2191 1695 3811 1769">
    <p class='ocr_par' dir='ltr' id='par_1_45' title="bbox 2191 1695 3811 1769">
     <span class='ocr_line' id='line_1_45' title="bbox 2191 1695 3811 1769; baseline 0.004 -20"><span class='ocrx_word' id='word_1_314' title='bbox 2191 1695 2362 1750; x_wconf 92' lang='lat' dir='ltr'>laicos</span> <span class='ocrx_word' id='word_1_315' title='bbox 2383 1696 2491 1766; x_wconf 91' lang='lat' dir='ltr'>ipsi</span> <span class='ocrx_word' id='word_1_316' title='bbox 2514 1695 2728 1763; x_wconf 86' lang='lat' dir='ltr'>ﬁdeles,</span> <span class='ocrx_word' id='word_1_317' title='bbox 2760 1698 3084 1769; x_wconf 90' lang='lat' dir='ltr'>utepiscopi</span> <span class='ocrx_word' id='word_1_318' title='bbox 3113 1698 3418 1755; x_wconf 89' lang='lat' dir='ltr'>secundum</span> <span class='ocrx_word' id='word_1_319' title='bbox 3441 1698 3811 1755; x_wconf 87' lang='lat' dir='ltr'>ministerium</span> 
     </span>
    </p>
   </div>
   <div class='ocr_carea' id='block_1_46' title="bbox 2190 1783 3812 1858">
    <p class='ocr_par' dir='ltr' id='par_1_46' title="bbox 2190 1783 3812 1858">
     <span class='ocr_line' id='line_1_46' title="bbox 2190 1783 3812 1858; baseline 0.003 -20"><span class='ocrx_word' id='word_1_320' title='bbox 2190 1800 2350 1839; x_wconf 90' lang='lat' dir='ltr'>suum</span> <span class='ocrx_word' id='word_1_321' title='bbox 2383 1783 2746 1855; x_wconf 88' lang='lat' dir='ltr'>prohiberent</span> <span class='ocrx_word' id='word_1_322' title='bbox 2783 1786 3149 1842; x_wconf 87' lang='lat' dir='ltr'>Karlomanno</span> <span class='ocrx_word' id='word_1_323' title='bbox 3180 1803 3249 1842; x_wconf 88' lang='lat' dir='ltr'>ne</span> <span class='ocrx_word' id='word_1_324' title='bbox 3292 1787 3515 1858; x_wconf 90' lang='lat' dir='ltr'>aliquod</span> <span class='ocrx_word' id='word_1_325' title='bbox 3546 1788 3812 1843; x_wconf 88' lang='lat' dir='ltr'>damnum</span> 
     </span>
    </p>
   </div>
   <div class='ocr_carea' id='block_1_47' title="bbox 2190 1874 3814 1949">
    <p class='ocr_par' dir='ltr' id='par_1_47' title="bbox 2190 1874 3814 1949">
     <span class='ocr_line' id='line_1_47' title="bbox 2190 1874 3814 1949; baseline 0.004 -21"><span class='ocrx_word' id='word_1_326' title='bbox 2190 1874 2243 1928; x_wconf 90' lang='lat' dir='ltr'>in</span> <span class='ocrx_word' id='word_1_327' title='bbox 2294 1876 2398 1930; x_wconf 90' lang='lat' dir='ltr'>hoc</span> <span class='ocrx_word' id='word_1_328' title='bbox 2447 1892 2617 1949; x_wconf 89' lang='lat' dir='ltr'>regno</span> <span class='ocrx_word' id='word_1_329' title='bbox 2669 1876 2895 1946; x_wconf 89' lang='lat' dir='ltr'>faceret,</span> <span class='ocrx_word' id='word_1_330' title='bbox 2955 1887 3011 1932; x_wconf 92' lang='lat' dir='ltr'>et</span> <span class='ocrx_word' id='word_1_331' title='bbox 3062 1878 3187 1933; x_wconf 88' lang='lat' dir='ltr'>laici</span> <span class='ocrx_word' id='word_1_332' title='bbox 3242 1877 3567 1934; x_wconf 89' lang='lat' dir='ltr'>resisterent</span> <span class='ocrx_word' id='word_1_333' title='bbox 3611 1879 3691 1932; x_wconf 92' lang='lat' dir='ltr'>illi</span> <span class='ocrx_word' id='word_1_334' title='bbox 3747 1897 3814 1934; x_wconf 89' lang='lat' dir='ltr'>ne</span> 
     </span>
    </p>
   </div>
   <div class='ocr_carea' id='block_1_48' title="bbox 2189 1964 3814 2041">
    <p class='ocr_par' dir='ltr' id='par_1_48' title="bbox 2189 1964 3814 2041">
     <span class='ocr_line' id='line_1_48' title="bbox 2189 1964 3814 2041; baseline 0.002 -23"><span class='ocrx_word' id='word_1_335' title='bbox 2189 1964 2294 2020; x_wconf 92' lang='lat' dir='ltr'>hoc</span> <span class='ocrx_word' id='word_1_336' title='bbox 2309 1964 2492 2020; x_wconf 84' lang='lat' dir='ltr'>facere</span> <span class='ocrx_word' id='word_1_337' title='bbox 2525 1973 2729 2036; x_wconf 91' lang='lat' dir='ltr'>posset.</span> <span class='ocrx_word' id='word_1_338' title='bbox 2767 1969 2882 2031; x_wconf 90' lang='lat' dir='ltr'>Qua</span> <span class='ocrx_word' id='word_1_339' title='bbox 2911 1967 2980 2022; x_wconf 92' lang='lat' dir='ltr'>de</span> <span class='ocrx_word' id='word_1_340' title='bbox 3010 1984 3068 2022; x_wconf 91' lang='lat' dir='ltr'>re</span> <span class='ocrx_word' id='word_1_341' title='bbox 3097 1967 3454 2041; x_wconf 89' lang='lat' dir='ltr'>Engilranno,</span> <span class='ocrx_word' id='word_1_342' title='bbox 3486 1966 3726 2022; x_wconf 89' lang='lat' dir='ltr'>Gossino</span> <span class='ocrx_word' id='word_1_343' title='bbox 3764 1977 3814 2022; x_wconf 88' lang='lat' dir='ltr'>et</span> 
     </span>
    </p>
   </div>
   <div class='ocr_carea' id='block_1_49' title="bbox 2189 2057 3814 2132">
    <p class='ocr_par' dir='ltr' id='par_1_49' title="bbox 2189 2057 3814 2132">
     <span class='ocr_line' id='line_1_49' title="bbox 2189 2057 3814 2132; baseline 0.004 -22"><span class='ocrx_word' id='word_1_344' title='bbox 2189 2057 2469 2113; x_wconf 87' lang='lat' dir='ltr'>Adelelmo</span> <span class='ocrx_word' id='word_1_345' title='bbox 2523 2059 2824 2115; x_wconf 88' lang='lat' dir='ltr'>comitibus</span> <span class='ocrx_word' id='word_1_346' title='bbox 2871 2060 3114 2132; x_wconf 86' lang='lat' dir='ltr'>scripsit,</span> <span class='ocrx_word' id='word_1_347' title='bbox 3157 2075 3414 2132; x_wconf 66' lang='lat' dir='ltr'>quierens</span> <span class='ocrx_word' id='word_1_348' title='bbox 3451 2061 3520 2115; x_wconf 90' lang='lat' dir='ltr'>ab</span> <span class='ocrx_word' id='word_1_349' title='bbox 3557 2060 3664 2127; x_wconf 88' lang='lat' dir='ltr'>eis,</span> <span class='ocrx_word' id='word_1_350' title='bbox 3705 2061 3814 2116; x_wconf 88' lang='lat' dir='ltr'>imo</span> 
     </span>
    </p>
   </div>
   <div class='ocr_carea' id='block_1_50' title="bbox 2188 2149 3809 2227">
    <p class='ocr_par' dir='ltr' id='par_1_50' title="bbox 2188 2149 3809 2227">
     <span class='ocr_line' id='line_1_50' title="bbox 2188 2149 3809 2227; baseline 0.001 -21"><span class='ocrx_word' id='word_1_351' title='bbox 2188 2149 2481 2206; x_wconf 90' lang='lat' dir='ltr'>consilium</span> <span class='ocrx_word' id='word_1_352' title='bbox 2525 2150 2682 2216; x_wconf 87' lang='lat' dir='ltr'>dans,</span> <span class='ocrx_word' id='word_1_353' title='bbox 2712 2151 2848 2222; x_wconf 90' lang='lat' dir='ltr'>quid</span> <span class='ocrx_word' id='word_1_354' title='bbox 2877 2168 3047 2222; x_wconf 88' lang='lat' dir='ltr'>super</span> <span class='ocrx_word' id='word_1_355' title='bbox 3085 2153 3189 2208; x_wconf 86' lang='lat' dir='ltr'>hac</span> <span class='ocrx_word' id='word_1_356' title='bbox 3227 2168 3286 2206; x_wconf 90' lang='lat' dir='ltr'>re</span> <span class='ocrx_word' id='word_1_357' title='bbox 3331 2151 3470 2207; x_wconf 89' lang='lat' dir='ltr'>foret</span> <span class='ocrx_word' id='word_1_358' title='bbox 3499 2151 3611 2206; x_wconf 91' lang='lat' dir='ltr'>illis</span> <span class='ocrx_word' id='word_1_359' title='bbox 3640 2169 3809 2227; x_wconf 86' lang='lat' dir='ltr'>agen-</span> 
     </span>
    </p>
   </div>
   <div class='ocr_carea' id='block_1_51' title="bbox 2188 2240 3811 2314">
    <p class='ocr_par' dir='ltr' id='par_1_51' title="bbox 2188 2240 3811 2314">
     <span class='ocr_line' id='line_1_51' title="bbox 2188 2240 3811 2314; baseline 0.002 -21"><span class='ocrx_word' id='word_1_360' title='bbox 2188 2240 2340 2294; x_wconf 90' lang='lat' dir='ltr'>dum.</span> <span class='ocrx_word' id='word_1_361' title='bbox 2372 2240 2600 2295; x_wconf 87' lang='lat' dir='ltr'>Litteras</span> <span class='ocrx_word' id='word_1_362' title='bbox 2630 2256 2852 2313; x_wconf 90' lang='lat' dir='ltr'>quoque</span> <span class='ocrx_word' id='word_1_363' title='bbox 2879 2241 3288 2312; x_wconf 88' lang='lat' dir='ltr'>deprecatorias</span> <span class='ocrx_word' id='word_1_364' title='bbox 3319 2241 3433 2314; x_wconf 86' lang='lat' dir='ltr'>regi</span> <span class='ocrx_word' id='word_1_365' title='bbox 3452 2242 3566 2310; x_wconf 85' lang='lat' dir='ltr'>jam</span> <span class='ocrx_word' id='word_1_366' title='bbox 3595 2258 3698 2312; x_wconf 90' lang='lat' dir='ltr'>pro</span> <span class='ocrx_word' id='word_1_367' title='bbox 3715 2258 3811 2297; x_wconf 92' lang='lat' dir='ltr'>eo-</span> 
     </span>
    </p>
   </div>
   <div class='ocr_carea' id='block_1_52' title="bbox 2187 2331 3808 2408">
    <p class='ocr_par' dir='ltr' id='par_1_52' title="bbox 2187 2331 3808 2408">
     <span class='ocr_line' id='line_1_52' title="bbox 2187 2331 3808 2408; baseline 0.003 -23"><span class='ocrx_word' id='word_1_368' title='bbox 2187 2331 2313 2386; x_wconf 91' lang='lat' dir='ltr'>dem</span> <span class='ocrx_word' id='word_1_369' title='bbox 2342 2332 2708 2390; x_wconf 87' lang='lat' dir='ltr'>Karlomanno</span> <span class='ocrx_word' id='word_1_370' title='bbox 2740 2333 3041 2402; x_wconf 84' lang='lat' dir='ltr'>direxerat,</span> <span class='ocrx_word' id='word_1_371' title='bbox 3073 2344 3130 2390; x_wconf 89' lang='lat' dir='ltr'>et</span> <span class='ocrx_word' id='word_1_372' title='bbox 3160 2351 3258 2406; x_wconf 91' lang='lat' dir='ltr'>pro</span> <span class='ocrx_word' id='word_1_373' title='bbox 3281 2352 3418 2408; x_wconf 90' lang='lat' dir='ltr'>pace</span> <span class='ocrx_word' id='word_1_374' title='bbox 3450 2337 3596 2391; x_wconf 91' lang='lat' dir='ltr'>inter</span> <span class='ocrx_word' id='word_1_375' title='bbox 3627 2337 3808 2408; x_wconf 90' lang='lat' dir='ltr'>ipsum</span> 
     </span>
    </p>
   </div>
   <div class='ocr_carea' id='block_1_53' title="bbox 2187 2425 3810 2494">
    <p class='ocr_par' dir='ltr' id='par_1_53' title="bbox 2187 2425 3810 2494">
     <span class='ocr_line' id='line_1_53' title="bbox 2187 2425 3810 2494; baseline 0.005 -18"><span class='ocrx_word' id='word_1_376' title='bbox 2187 2429 2241 2476; x_wconf 93' lang='lat' dir='ltr'>et</span> <span class='ocrx_word' id='word_1_377' title='bbox 2284 2431 2491 2494; x_wconf 91' lang='lat' dir='ltr'>patrem</span> <span class='ocrx_word' id='word_1_378' title='bbox 2533 2425 2654 2493; x_wconf 90' lang='lat' dir='ltr'>ejus</span> <span class='ocrx_word' id='word_1_379' title='bbox 2711 2425 3044 2492; x_wconf 88' lang='lat' dir='ltr'>laborabat;</span> <span class='ocrx_word' id='word_1_380' title='bbox 3103 2427 3277 2483; x_wconf 88' lang='lat' dir='ltr'>multa</span> <span class='ocrx_word' id='word_1_381' title='bbox 3327 2435 3511 2483; x_wconf 90' lang='lat' dir='ltr'>tamen</span> <span class='ocrx_word' id='word_1_382' title='bbox 3558 2431 3706 2484; x_wconf 87' lang='lat' dir='ltr'>mala</span> <span class='ocrx_word' id='word_1_383' title='bbox 3759 2441 3810 2484; x_wconf 88' lang='lat' dir='ltr'>et</span> 
     </span>
    </p>
   </div>
   <div class='ocr_carea' id='block_1_54' title="bbox 2186 2515 3813 2591">
    <p class='ocr_par' dir='ltr' id='par_1_54' title="bbox 2186 2515 3813 2591">
     <span class='ocr_line' id='line_1_54' title="bbox 2186 2515 3813 2591; baseline 0.003 -22"><span class='ocrx_word' id='word_1_384' title='bbox 2186 2515 2634 2587; x_wconf 61' lang='lat' dir='ltr'>depraedationes</span> <span class='ocrx_word' id='word_1_385' title='bbox 2649 2517 2719 2572; x_wconf 91' lang='lat' dir='ltr'>ab</span> <span class='ocrx_word' id='word_1_386' title='bbox 2751 2517 2895 2588; x_wconf 87' lang='lat' dir='ltr'>ipso,</span> <span class='ocrx_word' id='word_1_387' title='bbox 2917 2519 3151 2590; x_wconf 89' lang='lat' dir='ltr'>ejusque</span> <span class='ocrx_word' id='word_1_388' title='bbox 3172 2520 3538 2590; x_wconf 90' lang='lat' dir='ltr'>complicibus</span> <span class='ocrx_word' id='word_1_389' title='bbox 3558 2520 3813 2591; x_wconf 88' lang='lat' dir='ltr'>patieba-</span> 
     </span>
    </p>
   </div>
   <div class='ocr_carea' id='block_1_55' title="bbox 2186 2607 3805 2684">
    <p class='ocr_par' dir='ltr' id='par_1_55' title="bbox 2186 2607 3805 2684">
     <span class='ocr_line' id='line_1_55' title="bbox 2186 2607 3805 2684; baseline 0 -20"><span class='ocrx_word' id='word_1_390' title='bbox 2186 2617 2289 2664; x_wconf 88' lang='lat' dir='ltr'>tur.</span> <span class='ocrx_word' id='word_1_391' title='bbox 2329 2607 2611 2661; x_wconf 84' lang='lat' dir='ltr'>Accedens</span> <span class='ocrx_word' id='word_1_392' title='bbox 2658 2614 2841 2662; x_wconf 89' lang='lat' dir='ltr'>autem</span> <span class='ocrx_word' id='word_1_393' title='bbox 2898 2624 3022 2663; x_wconf 92' lang='lat' dir='ltr'>cum</span> <span class='ocrx_word' id='word_1_394' title='bbox 3072 2609 3201 2664; x_wconf 89' lang='lat' dir='ltr'>aliis</span> <span class='ocrx_word' id='word_1_395' title='bbox 3237 2609 3498 2665; x_wconf 90' lang='lat' dir='ltr'>ﬁdelibus</span> <span class='ocrx_word' id='word_1_396' title='bbox 3543 2611 3694 2684; x_wconf 86' lang='lat' dir='ltr'>regis</span> <span class='ocrx_word' id='word_1_397' title='bbox 3740 2612 3805 2665; x_wconf 85' lang='lat' dir='ltr'>ad</span> 
     </span>
    </p>
   </div>
   <div class='ocr_carea' id='block_1_56' title="bbox 2186 2698 3807 2771">
    <p class='ocr_par' dir='ltr' id='par_1_56' title="bbox 2186 2698 3807 2771">
     <span class='ocr_line' id='line_1_56' title="bbox 2186 2698 3807 2771; baseline 0.001 -18"><span class='ocrx_word' id='word_1_398' title='bbox 2186 2699 2360 2770; x_wconf 89' lang='lat' dir='ltr'>ipsius</span> <span class='ocrx_word' id='word_1_399' title='bbox 2389 2698 2744 2753; x_wconf 84' lang='lat' dir='ltr'>Karlomanni</span> <span class='ocrx_word' id='word_1_400' title='bbox 2774 2700 3134 2771; x_wconf 90' lang='lat' dir='ltr'>colloquium,</span> <span class='ocrx_word' id='word_1_401' title='bbox 3193 2700 3418 2756; x_wconf 88' lang='lat' dir='ltr'>obsides</span> <span class='ocrx_word' id='word_1_402' title='bbox 3447 2702 3498 2757; x_wconf 90' lang='lat' dir='ltr'>ei</span> <span class='ocrx_word' id='word_1_403' title='bbox 3530 2702 3711 2768; x_wconf 89' lang='lat' dir='ltr'>dedit,</span> <span class='ocrx_word' id='word_1_404' title='bbox 3755 2709 3807 2756; x_wconf 89' lang='lat' dir='ltr'>et</span> 
     </span>
    </p>
   </div>
   <div class='ocr_carea' id='block_1_57' title="bbox 2186 2786 3808 2861">
    <p class='ocr_par' dir='ltr' id='par_1_57' title="bbox 2186 2786 3808 2861">
     <span class='ocr_line' id='line_1_57' title="bbox 2186 2786 3808 2861; baseline 0.001 -20"><span class='ocrx_word' id='word_1_405' title='bbox 2186 2787 2399 2857; x_wconf 90' lang='lat' dir='ltr'>accepit</span> <span class='ocrx_word' id='word_1_406' title='bbox 2434 2786 2502 2841; x_wconf 91' lang='lat' dir='ltr'>ab</span> <span class='ocrx_word' id='word_1_407' title='bbox 2528 2787 2672 2858; x_wconf 91' lang='lat' dir='ltr'>ipso,</span> <span class='ocrx_word' id='word_1_408' title='bbox 2704 2793 2762 2842; x_wconf 91' lang='lat' dir='ltr'>ut</span> <span class='ocrx_word' id='word_1_409' title='bbox 2799 2804 2904 2858; x_wconf 90' lang='lat' dir='ltr'>pax</span> <span class='ocrx_word' id='word_1_410' title='bbox 2934 2786 3093 2843; x_wconf 87' lang='lat' dir='ltr'>ﬁeret</span> <span class='ocrx_word' id='word_1_411' title='bbox 3132 2788 3188 2842; x_wconf 92' lang='lat' dir='ltr'>in</span> <span class='ocrx_word' id='word_1_412' title='bbox 3221 2803 3412 2861; x_wconf 88' lang='lat' dir='ltr'>regno,</span> <span class='ocrx_word' id='word_1_413' title='bbox 3455 2798 3511 2845; x_wconf 88' lang='lat' dir='ltr'>et</span> <span class='ocrx_word' id='word_1_414' title='bbox 3549 2790 3808 2845; x_wconf 89' lang='lat' dir='ltr'>homines</span> 
     </span>
    </p>
   </div>
   <div class='ocr_carea' id='block_1_58' title="bbox 2185 2879 3808 2954">
    <p class='ocr_par' dir='ltr' id='par_1_58' title="bbox 2185 2879 3808 2954">
     <span class='ocr_line' id='line_1_58' title="bbox 2185 2879 3808 2954; baseline 0 -20"><span class='ocrx_word' id='word_1_415' title='bbox 2185 2880 2362 2949; x_wconf 88' lang='lat' dir='ltr'>ipsius</span> <span class='ocrx_word' id='word_1_416' title='bbox 2394 2879 2745 2934; x_wconf 85' lang='lat' dir='ltr'>Karlomanni</span> <span class='ocrx_word' id='word_1_417' title='bbox 2773 2879 3003 2951; x_wconf 87' lang='lat' dir='ltr'>paciﬁce</span> <span class='ocrx_word' id='word_1_418' title='bbox 3034 2881 3092 2934; x_wconf 93' lang='lat' dir='ltr'>in</span> <span class='ocrx_word' id='word_1_419' title='bbox 3122 2896 3294 2954; x_wconf 88' lang='lat' dir='ltr'>regno</span> <span class='ocrx_word' id='word_1_420' title='bbox 3326 2881 3720 2937; x_wconf 89' lang='lat' dir='ltr'>consisterent.</span> <span class='ocrx_word' id='word_1_421' title='bbox 3750 2881 3808 2934; x_wconf 83' lang='lat' dir='ltr'>Et</span> 
     </span>
    </p>
   </div>
   <div class='ocr_carea' id='block_1_59' title="bbox 2187 2971 3806 3031">
    <p class='ocr_par' dir='ltr' id='par_1_59' title="bbox 2187 2971 3806 3031">
     <span class='ocr_line' id='line_1_59' title="bbox 2187 2971 3806 3031; baseline 0.003 -5"><span class='ocrx_word' id='word_1_422' title='bbox 2187 2971 2328 3026; x_wconf 91' lang='lat' dir='ltr'>idem</span> <span class='ocrx_word' id='word_1_423' title='bbox 2384 2971 2783 3026; x_wconf 85' lang='lat' dir='ltr'>Karlomannus</span> <span class='ocrx_word' id='word_1_424' title='bbox 2841 2973 2896 3026; x_wconf 90' lang='lat' dir='ltr'>in</span> <span class='ocrx_word' id='word_1_425' title='bbox 2949 2972 3098 3027; x_wconf 87' lang='lat' dir='ltr'>villis</span> <span class='ocrx_word' id='word_1_426' title='bbox 3155 2973 3326 3028; x_wconf 89' lang='lat' dir='ltr'>sancti</span> <span class='ocrx_word' id='word_1_427' title='bbox 3387 2973 3631 3028; x_wconf 85' lang='lat' dir='ltr'>Medardi</span> <span class='ocrx_word' id='word_1_428' title='bbox 3682 2991 3806 3031; x_wconf 91' lang='lat' dir='ltr'>cum</span> 
     </span>
    </p>
   </div>
   <div class='ocr_carea' id='block_1_60' title="bbox 471 3060 3805 3153">
    <p class='ocr_par' dir='ltr' id='par_1_60' title="bbox 471 3060 3805 3153">
     <span class='ocr_line' id='line_1_60' title="bbox 471 3060 3805 3153; baseline 0.007 -39"><span class='ocrx_word' id='word_1_429' title='bbox 471 3062 799 3116; x_wconf 87' lang='lat' dir='ltr'>cumstantia</span> <span class='ocrx_word' id='word_1_430' title='bbox 846 3065 1115 3132; x_wconf 89' lang='lat' dir='ltr'>continet,</span> <span class='ocrx_word' id='word_1_431' title='bbox 1158 3073 1214 3120; x_wconf 92' lang='lat' dir='ltr'>tu</span> <span class='ocrx_word' id='word_1_432' title='bbox 1245 3076 1298 3121; x_wconf 90' lang='lat' dir='ltr'>et</span> <span class='ocrx_word' id='word_1_433' title='bbox 1348 3075 1608 3126; x_wconf 88' lang='lat' dir='ltr'>strenuus</span> <span class='ocrx_word' id='word_1_434' title='bbox 1655 3083 1948 3130; x_wconf 86' lang='lat' dir='ltr'>exsecutor</span> <span class='ocrx_word' id='word_1_435' title='bbox 1979 3076 2088 3135; x_wconf 92' lang='lat' dir='ltr'>illic</span> <span class='ocrx_word' id='word_1_436' title='bbox 2111 3084 2160 3153; x_wconf 69' lang='grc' dir='ltr'>ο</span> <span class='ocrx_word' id='word_1_437' title='bbox 2190 3061 2380 3130; x_wconf 66' lang='lat' dir='ltr'>Paueis</span> <span class='ocrx_word' id='word_1_438' title='bbox 2408 3060 2638 3131; x_wconf 52' lang='lat' dir='ltr'>Pa“?iﬁce</span> <span class='ocrx_word' id='word_1_439' title='bbox 2665 3070 2936 3129; x_wconf 61' lang='lat' dir='ltr'>maneret:</span> <span class='ocrx_word' id='word_1_440' title='bbox 2969 3063 3151 3118; x_wconf 71' lang='lat' dir='ltr'>donec</span> <span class='ocrx_word' id='word_1_441' title='bbox 3180 3063 3500 3138; x_wconf 65' lang='grc' dir='ltr'>ωίεδίτθὲίδ</span> <span class='ocrx_word' id='word_1_442' title='bbox 3529 3065 3805 3133; x_wconf 61' lang='lat' dir='ltr'>venirem:</span> 
     </span>
    </p>
   </div>
   <div class='ocr_carea' id='block_1_61' title="bbox 473 3152 2084 3238">
    <p class='ocr_par' dir='ltr' id='par_1_61' title="bbox 473 3152 2084 3238">
     <span class='ocr_line' id='line_1_61' title="bbox 473 3152 2084 3238; baseline 0.011 -33"><span class='ocrx_word' id='word_1_443' title='bbox 473 3152 695 3217; x_wconf 90' lang='lat' dir='ltr'>existas,</span> <span class='ocrx_word' id='word_1_444' title='bbox 727 3161 782 3208; x_wconf 90' lang='lat' dir='ltr'>et</span> <span class='ocrx_word' id='word_1_445' title='bbox 834 3157 979 3226; x_wconf 92' lang='lat' dir='ltr'>apud</span> <span class='ocrx_word' id='word_1_446' title='bbox 1015 3173 1117 3212; x_wconf 91' lang='lat' dir='ltr'>nos</span> <span class='ocrx_word' id='word_1_447' title='bbox 1161 3176 1322 3215; x_wconf 86' lang='lat' dir='ltr'>verax</span> <span class='ocrx_word' id='word_1_448' title='bbox 1369 3169 1423 3216; x_wconf 92' lang='lat' dir='ltr'>et</span> <span class='ocrx_word' id='word_1_449' title='bbox 1481 3164 1725 3234; x_wconf 88' lang='lat' dir='ltr'>prudens</span> <span class='ocrx_word' id='word_1_450' title='bbox 1756 3166 2084 3238; x_wconf 88' lang='lat' dir='ltr'>scriptorum</span> 
     </span>
    </p>
   </div>
   <div class='ocr_carea' id='block_1_62' title="bbox 472 3243 2086 3326">
    <p class='ocr_par' dir='ltr' id='par_1_62' title="bbox 472 3243 2086 3326">
     <span class='ocr_line' id='line_1_62' title="bbox 472 3243 2086 3326; baseline 0.011 -33"><span class='ocrx_word' id='word_1_451' title='bbox 472 3247 689 3295; x_wconf 90' lang='lat' dir='ltr'>tuorum</span> <span class='ocrx_word' id='word_1_452' title='bbox 720 3243 861 3297; x_wconf 79' lang='lat' dir='ltr'>serie</span> <span class='ocrx_word' id='word_1_453' title='bbox 913 3245 1112 3301; x_wconf 88' lang='lat' dir='ltr'>relator</span> <span class='ocrx_word' id='word_1_454' title='bbox 1142 3247 1460 3304; x_wconf 88' lang='lat' dir='ltr'>inveniaris.</span> <span class='ocrx_word' id='word_1_455' title='bbox 1522 3273 1549 3303; x_wconf 77' lang='grc' dir='ltr'><strong><em>α</em></strong></span> <span class='ocrx_word' id='word_1_456' title='bbox 1582 3253 1749 3318; x_wconf 91' lang='lat' dir='ltr'>Quam</span> <span class='ocrx_word' id='word_1_457' title='bbox 1799 3256 2086 3326; x_wconf 88' lang='lat' dir='ltr'>epistolam</span> 
     </span>
    </p>
   </div>
   <div class='ocr_carea' id='block_1_63' title="bbox 473 3330 2081 3415">
    <p class='ocr_par' dir='ltr' id='par_1_63' title="bbox 473 3330 2081 3415">
     <span class='ocr_line' id='line_1_63' title="bbox 473 3330 2081 3415; baseline 0.011 -32"><span class='ocrx_word' id='word_1_458' title='bbox 473 3330 795 3387; x_wconf 87' lang='lat' dir='ltr'>Hincmarus</span> <span class='ocrx_word' id='word_1_459' title='bbox 825 3335 1160 3406; x_wconf 88' lang='lat' dir='ltr'>suscipiens,</span> <span class='ocrx_word' id='word_1_460' title='bbox 1196 3337 1252 3391; x_wconf 91' lang='lat' dir='ltr'>in</span> <span class='ocrx_word' id='word_1_461' title='bbox 1278 3338 1594 3397; x_wconf 89' lang='lat' dir='ltr'>Corbanaco</span> <span class='ocrx_word' id='word_1_462' title='bbox 1620 3343 1905 3414; x_wconf 78' lang='lat' dir='ltr'>(Corbeny)</span> <span class='ocrx_word' id='word_1_463' title='bbox 1933 3345 2081 3415; x_wconf 86' lang='lat' dir='ltr'>pala—</span> 
     </span>
    </p>
   </div>
   <div class='ocr_carea' id='block_1_64' title="bbox 471 3420 2081 3506">
    <p class='ocr_par' dir='ltr' id='par_1_64' title="bbox 471 3420 2081 3506">
     <span class='ocr_line' id='line_1_64' title="bbox 471 3420 2081 3506; baseline 0.011 -33"><span class='ocrx_word' id='word_1_464' title='bbox 471 3420 546 3475; x_wconf 93' lang='lat' dir='ltr'>tio</span> <span class='ocrx_word' id='word_1_465' title='bbox 595 3423 916 3477; x_wconf 89' lang='lat' dir='ltr'>consistenti</span> <span class='ocrx_word' id='word_1_466' title='bbox 948 3427 1062 3498; x_wconf 89' lang='lat' dir='ltr'>regi</span> <span class='ocrx_word' id='word_1_467' title='bbox 1115 3427 1309 3484; x_wconf 84' lang='lat' dir='ltr'>Karolo</span> <span class='ocrx_word' id='word_1_468' title='bbox 1341 3447 1463 3485; x_wconf 89' lang='lat' dir='ltr'>cum</span> <span class='ocrx_word' id='word_1_469' title='bbox 1524 3432 1774 3502; x_wconf 90' lang='lat' dir='ltr'>pluribus</span> <span class='ocrx_word' id='word_1_470' title='bbox 1803 3434 2081 3506; x_wconf 90' lang='lat' dir='ltr'>episc0pis</span> 
     </span>
    </p>
   </div>
   <div class='ocr_carea' id='block_1_65' title="bbox 471 3512 2080 3594">
    <p class='ocr_par' dir='ltr' id='par_1_65' title="bbox 471 3512 2080 3594">
     <span class='ocr_line' id='line_1_65' title="bbox 471 3512 2080 3594; baseline 0.011 -29"><span class='ocrx_word' id='word_1_471' title='bbox 471 3512 686 3587; x_wconf 87' lang='lat' dir='ltr'>relegit,</span> <span class='ocrx_word' id='word_1_472' title='bbox 711 3522 881 3586; x_wconf 90' lang='lat' dir='ltr'>etpcr</span> <span class='ocrx_word' id='word_1_473' title='bbox 901 3517 1041 3573; x_wconf 91' lang='lat' dir='ltr'>alios</span> <span class='ocrx_word' id='word_1_474' title='bbox 1069 3521 1540 3594; x_wconf 83' lang='lat' dir='ltr'>archiepiscOpos,</span> <span class='ocrx_word' id='word_1_475' title='bbox 1572 3525 1714 3580; x_wconf 92' lang='lat' dir='ltr'>sicut</span> <span class='ocrx_word' id='word_1_476' title='bbox 1744 3526 1800 3580; x_wconf 91' lang='lat' dir='ltr'>in</span> <span class='ocrx_word' id='word_1_477' title='bbox 1825 3529 2080 3584; x_wconf 90' lang='lat' dir='ltr'>mandato</span> 
     </span>
    </p>
   </div>
   <div class='ocr_carea' id='block_1_66' title="bbox 470 3607 2083 3688">
    <p class='ocr_par' dir='ltr' id='par_1_66' title="bbox 470 3607 2083 3688">
     <span class='ocr_line' id='line_1_66' title="bbox 470 3607 2083 3688; baseline 0.01 -31"><span class='ocrx_word' id='word_1_478' title='bbox 470 3612 776 3674; x_wconf 88' lang='lat' dir='ltr'>acceperat,</span> <span class='ocrx_word' id='word_1_479' title='bbox 829 3607 1067 3682; x_wconf 90' lang='lat' dir='ltr'>dirigere</span> <span class='ocrx_word' id='word_1_480' title='bbox 1107 3613 1335 3668; x_wconf 90' lang='lat' dir='ltr'>studuit.</span> <span class='ocrx_word' id='word_1_481' title='bbox 1397 3615 1655 3671; x_wconf 88' lang='lat' dir='ltr'>Nicolaus</span> <span class='ocrx_word' id='word_1_482' title='bbox 1696 3634 1838 3688; x_wconf 90' lang='lat' dir='ltr'>papa</span> <span class='ocrx_word' id='word_1_483' title='bbox 1896 3618 2083 3673; x_wconf 91' lang='lat' dir='ltr'>Idibus</span> 
     </span>
    </p>
   </div>
   <div class='ocr_carea' id='block_1_67' title="bbox 471 3694 2078 3778">
    <p class='ocr_par' dir='ltr' id='par_1_67' title="bbox 471 3694 2078 3778">
     <span class='ocr_line' id='line_1_67' title="bbox 471 3694 2078 3778; baseline 0.009 -32"><span class='ocrx_word' id='word_1_484' title='bbox 471 3694 720 3762; x_wconf 85' lang='lat' dir='ltr'>proxime</span> <span class='ocrx_word' id='word_1_485' title='bbox 751 3699 1114 3767; x_wconf 74' lang='lat' dir='ltr'>praecedentis</span> <span class='ocrx_word' id='word_1_486' title='bbox 1143 3703 1350 3757; x_wconf 91' lang='lat' dir='ltr'>mensis</span> <span class='ocrx_word' id='word_1_487' title='bbox 1366 3702 1684 3760; x_wconf 90' lang='lat' dir='ltr'>Decembris</span> <span class='ocrx_word' id='word_1_488' title='bbox 1705 3706 1843 3762; x_wconf 91' lang='lat' dir='ltr'>obiit</span> <span class='ocrx_word' id='word_1_489' title='bbox 1872 3707 1968 3778; x_wconf 81' lang='lat' dir='ltr'>(ad</span> <span class='ocrx_word' id='word_1_490' title='bbox 1988 3725 2078 3764; x_wconf 84' lang='lat' dir='ltr'>an.</span> 
     </span>
    </p>
   </div>
   <div class='ocr_carea' id='block_1_68' title="bbox 473 3786 2080 3866">
    <p class='ocr_par' dir='ltr' id='par_1_68' title="bbox 473 3786 2080 3866">
     <span class='ocr_line' id='line_1_68' title="bbox 473 3786 2080 3866; baseline 0.012 -27"><span class='ocrx_word' id='word_1_491' title='bbox 473 3786 562 3853; x_wconf 77' lang='grc'>11,</span> <span class='ocrx_word' id='word_1_492' title='bbox 593 3789 733 3843; x_wconf 79' lang='lat' dir='ltr'>Lud.</span> <span class='ocrx_word' id='word_1_493' title='bbox 794 3790 875 3858; x_wconf 81' lang='lat' dir='ltr'>ii),</span> <span class='ocrx_word' id='word_1_494' title='bbox 907 3792 995 3845; x_wconf 91' lang='lat' dir='ltr'>cui</span> <span class='ocrx_word' id='word_1_495' title='bbox 1028 3792 1296 3848; x_wconf 83' lang='lat' dir='ltr'>Adrianus</span> <span class='ocrx_word' id='word_1_496' title='bbox 1346 3812 1485 3866; x_wconf 87' lang='lat' dir='ltr'>papa</span> <span class='ocrx_word' id='word_1_497' title='bbox 1523 3797 1796 3854; x_wconf 90' lang='lat' dir='ltr'>electione</span> <span class='ocrx_word' id='word_1_498' title='bbox 1853 3801 2080 3858; x_wconf 91' lang='lat' dir='ltr'>clerico-</span> 
     </span>
    </p>
   </div>
   <div class='ocr_carea' id='block_1_69' title="bbox 473 3880 2077 3960">
    <p class='ocr_par' dir='ltr' id='par_1_69' title="bbox 473 3880 2077 3960">
     <span class='ocr_line' id='line_1_69' title="bbox 473 3880 2077 3960; baseline 0.011 -32"><span class='ocrx_word' id='word_1_499' title='bbox 473 3891 614 3943; x_wconf 90' lang='lat' dir='ltr'>rum,</span> <span class='ocrx_word' id='word_1_500' title='bbox 660 3882 716 3930; x_wconf 90' lang='lat' dir='ltr'>et</span> <span class='ocrx_word' id='word_1_501' title='bbox 753 3893 1026 3935; x_wconf 89' lang='lat' dir='ltr'>consensu</span> <span class='ocrx_word' id='word_1_502' title='bbox 1059 3880 1317 3937; x_wconf 89' lang='lat' dir='ltr'>Ludovici</span> <span class='ocrx_word' id='word_1_503' title='bbox 1363 3883 1712 3955; x_wconf 89' lang='lat' dir='ltr'>imperatoris</span> <span class='ocrx_word' id='word_1_504' title='bbox 1744 3888 1799 3942; x_wconf 91' lang='lat' dir='ltr'>in</span> <span class='ocrx_word' id='word_1_505' title='bbox 1847 3889 2077 3960; x_wconf 84' lang='lat' dir='ltr'>pontiﬁ-</span> 
     </span>
    </p>
   </div>
   <div class='ocr_carea' id='block_1_70' title="bbox 468 3971 2078 4043">
    <p class='ocr_par' dir='ltr' id='par_1_70' title="bbox 468 3971 2078 4043">
     <span class='ocr_line' id='line_1_70' title="bbox 468 3971 2078 4043; baseline 0.01 -23"><span class='ocrx_word' id='word_1_506' title='bbox 468 3973 589 4022; x_wconf 90' lang='lat' dir='ltr'>catu</span> <span class='ocrx_word' id='word_1_507' title='bbox 621 3971 923 4036; x_wconf 91' lang='lat' dir='ltr'>successit;</span> <span class='ocrx_word' id='word_1_508' title='bbox 957 3987 1120 4043; x_wconf 88' lang='lat' dir='ltr'>quem</span> <span class='ocrx_word' id='word_1_509' title='bbox 1151 3974 1413 4030; x_wconf 89' lang='lat' dir='ltr'>Actardus</span> <span class='ocrx_word' id='word_1_510' title='bbox 1443 3976 1669 4034; x_wconf 83' lang='lat' dir='ltr'>Romam</span> <span class='ocrx_word' id='word_1_511' title='bbox 1699 3981 1928 4036; x_wconf 91' lang='lat' dir='ltr'>veniens</span> <span class='ocrx_word' id='word_1_512' title='bbox 1955 3997 2078 4038; x_wconf 91' lang='lat' dir='ltr'>cum</span> 
     </span>
    </p>
   </div>
   <div class='ocr_carea' id='block_1_71' title="bbox 468 4060 2078 4141">
    <p class='ocr_par' dir='ltr' id='par_1_71' title="bbox 468 4060 2078 4141">
     <span class='ocr_line' id='line_1_71' title="bbox 468 4060 2078 4141; baseline 0.011 -31"><span class='ocrx_word' id='word_1_513' title='bbox 468 4073 634 4127; x_wconf 90' lang='lat' dir='ltr'>supra</span> <span class='ocrx_word' id='word_1_514' title='bbox 663 4060 878 4131; x_wconf 91' lang='lat' dir='ltr'>scriptis</span> <span class='ocrx_word' id='word_1_515' title='bbox 907 4061 1177 4133; x_wconf 90' lang='lat' dir='ltr'>epistolis,</span> <span class='ocrx_word' id='word_1_516' title='bbox 1209 4065 1264 4120; x_wconf 94' lang='lat' dir='ltr'>in</span> <span class='ocrx_word' id='word_1_517' title='bbox 1297 4069 1595 4138; x_wconf 88' lang='lat' dir='ltr'>apostolica</span> <span class='ocrx_word' id='word_1_518' title='bbox 1633 4070 1766 4125; x_wconf 90' lang='lat' dir='ltr'>sede</span> <span class='ocrx_word' id='word_1_519' title='bbox 1782 4071 1895 4141; x_wconf 90' lang='lat' dir='ltr'>jam</span> <span class='ocrx_word' id='word_1_520' title='bbox 1927 4073 2078 4128; x_wconf 91' lang='lat' dir='ltr'>ordi-</span> 
     </span>
    </p>
   </div>
   <div class='ocr_carea' id='block_1_72' title="bbox 465 4147 903 4206">
    <p class='ocr_par' dir='ltr' id='par_1_72' title="bbox 465 4147 903 4206">
     <span class='ocr_line' id='line_1_72' title="bbox 465 4147 903 4206; baseline 0.018 -8"><span class='ocrx_word' id='word_1_521' title='bbox 465 4152 648 4201; x_wconf 88' lang='lat' dir='ltr'>natum</span> <span class='ocrx_word' id='word_1_522' title='bbox 676 4147 903 4206; x_wconf 88' lang='lat' dir='ltr'>invenit.</span> 
     </span>
    </p>
   </div>
   <div class='ocr_carea' id='block_1_73' title="bbox 1053 4240 1483 4301">
    <p class='ocr_par' dir='ltr' id='par_1_73' title="bbox 1053 4240 1483 4301">
     <span class='ocr_line' id='line_1_73' title="bbox 1053 4240 1483 4301; baseline 0.012 -5"><span class='ocrx_word' id='word_1_523' title='bbox 1053 4240 1264 4300; x_wconf 86' lang='lat' dir='ltr'>CAPUT</span> <span class='ocrx_word' id='word_1_524' title='bbox 1303 4245 1483 4301; x_wconf 83' lang='lat' dir='ltr'>XVIII.</span> 
     </span>
    </p>
   </div>
   <div class='ocr_carea' id='block_1_74' title="bbox 815 4357 1717 4432">
    <p class='ocr_par' dir='ltr' id='par_1_74' title="bbox 815 4357 1717 4432">
     <span class='ocr_line' id='line_1_74' title="bbox 815 4357 1717 4432; baseline 0.011 -22"><span class='ocrx_word' id='word_1_525' title='bbox 815 4358 947 4412; x_wconf 83' lang='lat' dir='ltr'>Item</span> <span class='ocrx_word' id='word_1_526' title='bbox 985 4357 1050 4412; x_wconf 85' lang='lat' dir='ltr'>de</span> <span class='ocrx_word' id='word_1_527' title='bbox 1085 4362 1317 4428; x_wconf 77' lang='lat' dir='ltr'>praefato</span> <span class='ocrx_word' id='word_1_528' title='bbox 1349 4379 1472 4432; x_wconf 81' lang='lat' dir='ltr'>rege</span> <span class='ocrx_word' id='word_1_529' title='bbox 1498 4366 1717 4422; x_wconf 78' lang='lat' dir='ltr'>Karolo.</span> 
     </span>
    </p>
   </div>
   <div class='ocr_carea' id='block_1_75' title="bbox 536 4479 2075 4555">
    <p class='ocr_par' dir='ltr' id='par_1_75' title="bbox 536 4479 2075 4555">
     <span class='ocr_line' id='line_1_75' title="bbox 536 4479 2075 4555; baseline 0.01 -21"><span class='ocrx_word' id='word_1_530' title='bbox 536 4479 767 4551; x_wconf 90' lang='lat' dir='ltr'>Scripsit</span> <span class='ocrx_word' id='word_1_531' title='bbox 822 4494 1276 4552; x_wconf 82' lang='lat' dir='ltr'>praememoratus</span> <span class='ocrx_word' id='word_1_532' title='bbox 1331 4487 1566 4544; x_wconf 89' lang='lat' dir='ltr'>domnus</span> <span class='ocrx_word' id='word_1_533' title='bbox 1603 4490 1947 4555; x_wconf 66' lang='lat' dir='ltr'>tHincmarus</span> <span class='ocrx_word' id='word_1_534' title='bbox 2007 4495 2075 4550; x_wconf 90' lang='lat' dir='ltr'>ad</span> 
     </span>
    </p>
   </div>
   <div class='ocr_carea' id='block_1_76' title="bbox 467 4573 2076 4657">
    <p class='ocr_par' dir='ltr' id='par_1_76' title="bbox 467 4573 2076 4657">
     <span class='ocr_line' id='line_1_76' title="bbox 467 4573 2076 4657; baseline 0.011 -31"><span class='ocrx_word' id='word_1_535' title='bbox 467 4573 724 4628; x_wconf 91' lang='lat' dir='ltr'>eumdem</span> <span class='ocrx_word' id='word_1_536' title='bbox 759 4589 943 4648; x_wconf 86' lang='lat' dir='ltr'>regem</span> <span class='ocrx_word' id='word_1_537' title='bbox 966 4576 1218 4634; x_wconf 87' lang='lat' dir='ltr'>Karolum</span> <span class='ocrx_word' id='word_1_538' title='bbox 1252 4579 1520 4651; x_wconf 90' lang='lat' dir='ltr'>libellum,</span> <span class='ocrx_word' id='word_1_539' title='bbox 1545 4597 1611 4637; x_wconf 90' lang='lat' dir='ltr'>ex</span> <span class='ocrx_word' id='word_1_540' title='bbox 1631 4585 1802 4639; x_wconf 89' lang='lat' dir='ltr'>sacris</span> <span class='ocrx_word' id='word_1_541' title='bbox 1829 4586 2076 4657; x_wconf 90' lang='lat' dir='ltr'>Scriptu-</span> 
     </span>
    </p>
   </div>
   <div class='ocr_carea' id='block_1_77' title="bbox 467 4659 2072 4737">
    <p class='ocr_par' dir='ltr' id='par_1_77' title="bbox 467 4659 2072 4737">
     <span class='ocr_line' id='line_1_77' title="bbox 467 4659 2072 4737; baseline 0.011 -24"><span class='ocrx_word' id='word_1_542' title='bbox 467 4659 539 4714; x_wconf 92' lang='lat' dir='ltr'>ris</span> <span class='ocrx_word' id='word_1_543' title='bbox 569 4668 624 4715; x_wconf 91' lang='lat' dir='ltr'>et</span> <span class='ocrx_word' id='word_1_544' title='bbox 650 4662 1047 4719; x_wconf 88' lang='lat' dir='ltr'>catholicorum</span> <span class='ocrx_word' id='word_1_545' title='bbox 1083 4665 1246 4721; x_wconf 90' lang='lat' dir='ltr'>dictis</span> <span class='ocrx_word' id='word_1_546' title='bbox 1280 4668 1594 4737; x_wconf 91' lang='lat' dir='ltr'>collectum,</span> <span class='ocrx_word' id='word_1_547' title='bbox 1625 4687 1690 4726; x_wconf 88' lang='lat' dir='ltr'>ac</span> <span class='ocrx_word' id='word_1_548' title='bbox 1724 4672 1958 4729; x_wconf 88' lang='lat' dir='ltr'>triformi</span> <span class='ocrx_word' id='word_1_549' title='bbox 1989 4675 2072 4730; x_wconf 91' lang='lat' dir='ltr'>di-</span> 
     </span>
    </p>
   </div>
   <div class='ocr_carea' id='block_1_78' title="bbox 461 4756 2074 4841">
    <p class='ocr_par' dir='ltr' id='par_1_78' title="bbox 461 4756 2074 4841">
     <span class='ocr_line' id='line_1_78' title="bbox 461 4756 2074 4841; baseline 0.009 -30"><span class='ocrx_word' id='word_1_550' title='bbox 461 4756 714 4828; x_wconf 88' lang='lat' dir='ltr'>gestione</span> <span class='ocrx_word' id='word_1_551' title='bbox 760 4759 1098 4828; x_wconf 87' lang='lat' dir='ltr'>distinctum,</span> <span class='ocrx_word' id='word_1_552' title='bbox 1157 4761 1371 4817; x_wconf 90' lang='lat' dir='ltr'>scilicet</span> <span class='ocrx_word' id='word_1_553' title='bbox 1411 4763 1480 4818; x_wconf 91' lang='lat' dir='ltr'>de</span> <span class='ocrx_word' id='word_1_554' title='bbox 1532 4780 1771 4836; x_wconf 89' lang='lat' dir='ltr'>persona</span> <span class='ocrx_word' id='word_1_555' title='bbox 1817 4767 1964 4841; x_wconf 89' lang='lat' dir='ltr'>regis</span> <span class='ocrx_word' id='word_1_556' title='bbox 2019 4777 2074 4826; x_wconf 92' lang='lat' dir='ltr'>et</span> 
     </span>
    </p>
   </div>
   <div class='ocr_carea' id='block_1_79' title="bbox 463 4850 2075 4930">
    <p class='ocr_par' dir='ltr' id='par_1_79' title="bbox 463 4850 2075 4930">
     <span class='ocr_line' id='line_1_79' title="bbox 463 4850 2075 4930; baseline 0.009 -27"><span class='ocrx_word' id='word_1_557' title='bbox 463 4850 617 4924; x_wconf 88' lang='lat' dir='ltr'>regio</span> <span class='ocrx_word' id='word_1_558' title='bbox 649 4851 958 4907; x_wconf 91' lang='lat' dir='ltr'>ministerio</span> <span class='ocrx_word' id='word_1_559' title='bbox 989 4853 1046 4908; x_wconf 91' lang='lat' dir='ltr'>in</span> <span class='ocrx_word' id='word_1_560' title='bbox 1079 4870 1244 4909; x_wconf 91' lang='lat' dir='ltr'>causa</span> <span class='ocrx_word' id='word_1_561' title='bbox 1270 4855 1612 4926; x_wconf 73' lang='lat' dir='ltr'>reipublicae,</span> <span class='ocrx_word' id='word_1_562' title='bbox 1638 4865 1693 4914; x_wconf 91' lang='lat' dir='ltr'>et</span> <span class='ocrx_word' id='word_1_563' title='bbox 1720 4875 1843 4930; x_wconf 62' lang='lat' dir='ltr'>quae</span> <span class='ocrx_word' id='word_1_564' title='bbox 1873 4859 2075 4917; x_wconf 89' lang='lat' dir='ltr'>debeat</span> 
     </span>
    </p>
   </div>
   <div class='ocr_carea' id='block_1_80' title="bbox 462 4939 2072 5021">
    <p class='ocr_par' dir='ltr' id='par_1_80' title="bbox 462 4939 2072 5021">
     <span class='ocr_line' id='line_1_80' title="bbox 462 4939 2072 5021; baseline 0.008 -28"><span class='ocrx_word' id='word_1_565' title='bbox 462 4953 583 4994; x_wconf 90' lang='lat' dir='ltr'>esse</span> <span class='ocrx_word' id='word_1_566' title='bbox 625 4939 885 4996; x_wconf 90' lang='lat' dir='ltr'>discretio</span> <span class='ocrx_word' id='word_1_567' title='bbox 917 4940 973 4994; x_wconf 89' lang='lat' dir='ltr'>in</span> <span class='ocrx_word' id='word_1_568' title='bbox 1027 4941 1425 5012; x_wconf 89' lang='lat' dir='ltr'>misericordia,</span> <span class='ocrx_word' id='word_1_569' title='bbox 1454 4951 1509 5000; x_wconf 90' lang='lat' dir='ltr'>et</span> <span class='ocrx_word' id='word_1_570' title='bbox 1565 4946 1633 5002; x_wconf 88' lang='lat' dir='ltr'>de</span> <span class='ocrx_word' id='word_1_571' title='bbox 1682 4948 1893 5004; x_wconf 90' lang='lat' dir='ltr'>ultione</span> <span class='ocrx_word' id='word_1_572' title='bbox 1944 4966 2072 5021; x_wconf 91' lang='lat' dir='ltr'>spe-</span> 
     </span>
    </p>
   </div>
   <div class='ocr_carea' id='block_1_81' title="bbox 461 5033 2066 5115">
    <p class='ocr_par' dir='ltr' id='par_1_81' title="bbox 461 5033 2066 5115">
     <span class='ocr_line' id='line_1_81' title="bbox 461 5033 2066 5115; baseline 0.005 -25"><span class='ocrx_word' id='word_1_573' title='bbox 461 5033 684 5090; x_wconf 87' lang='lat' dir='ltr'>cialium</span> <span class='ocrx_word' id='word_1_574' title='bbox 716 5052 1098 5106; x_wconf 90' lang='lat' dir='ltr'>personarum,</span> <span class='ocrx_word' id='word_1_575' title='bbox 1127 5055 1292 5110; x_wconf 89' lang='lat' dir='ltr'>quem</span> <span class='ocrx_word' id='word_1_576' title='bbox 1324 5041 1593 5097; x_wconf 92' lang='lat' dir='ltr'>conclusit</span> <span class='ocrx_word' id='word_1_577' title='bbox 1613 5042 1669 5097; x_wconf 91' lang='lat' dir='ltr'>in</span> <span class='ocrx_word' id='word_1_578' title='bbox 1698 5044 1956 5115; x_wconf 91' lang='lat' dir='ltr'>capitulis</span> <span class='ocrx_word' id='word_1_579' title='bbox 1980 5046 2066 5101; x_wconf 92' lang='lat'>33.</span> 
     </span>
    </p>
   </div>
   <div class='ocr_carea' id='block_1_82' title="bbox 461 5126 2068 5209">
    <p class='ocr_par' dir='ltr' id='par_1_82' title="bbox 461 5126 2068 5209">
     <span class='ocr_line' id='line_1_82' title="bbox 461 5126 2068 5209; baseline 0.007 -28"><span class='ocrx_word' id='word_1_580' title='bbox 461 5126 666 5183; x_wconf 89' lang='lat' dir='ltr'>Scribit</span> <span class='ocrx_word' id='word_1_581' title='bbox 699 5127 865 5184; x_wconf 90' lang='lat' dir='ltr'>etiam</span> <span class='ocrx_word' id='word_1_582' title='bbox 923 5130 993 5185; x_wconf 89' lang='lat' dir='ltr'>ad</span> <span class='ocrx_word' id='word_1_583' title='bbox 1054 5130 1339 5202; x_wconf 70' lang='lat' dir='ltr'>praefatum</span> <span class='ocrx_word' id='word_1_584' title='bbox 1404 5149 1593 5209; x_wconf 84' lang='lat' dir='ltr'>regem</span> <span class='ocrx_word' id='word_1_585' title='bbox 1653 5133 2068 5192; x_wconf 89' lang='lat' dir='ltr'>instructionem</span> 
     </span>
    </p>
   </div>
   <div class='ocr_carea' id='block_1_83' title="bbox 459 5219 2074 5295">
    <p class='ocr_par' dir='ltr' id='par_1_83' title="bbox 459 5219 2074 5295">
     <span class='ocr_line' id='line_1_83' title="bbox 459 5219 2074 5295; baseline 0.006 -22"><span class='ocrx_word' id='word_1_586' title='bbox 459 5219 806 5275; x_wconf 85' lang='lat' dir='ltr'>utilissimam</span> <span class='ocrx_word' id='word_1_587' title='bbox 849 5221 906 5292; x_wconf 77' lang='grc' dir='ltr'>(ἱ.</span> <span class='ocrx_word' id='word_1_588' title='bbox 942 5223 996 5276; x_wconf 91' lang='grc'>7.</span> <span class='ocrx_word' id='word_1_589' title='bbox 1033 5225 1188 5293; x_wconf 78' lang='lat' dir='ltr'>epist.</span> <span class='ocrx_word' id='word_1_590' title='bbox 1247 5223 1392 5294; x_wconf 77' lang='lat'>1‘26),</span> <span class='ocrx_word' id='word_1_591' title='bbox 1421 5226 1490 5280; x_wconf 91' lang='lat' dir='ltr'>de</span> <span class='ocrx_word' id='word_1_592' title='bbox 1538 5227 1800 5282; x_wconf 87' lang='lat' dir='ltr'>cavendis</span> <span class='ocrx_word' id='word_1_593' title='bbox 1823 5227 1997 5295; x_wconf 89' lang='lat' dir='ltr'>vitiis,</span> <span class='ocrx_word' id='word_1_594' title='bbox 2017 5236 2074 5283; x_wconf 88' lang='lat' dir='ltr'>et</span> 
     </span>
    </p>
   </div>
   <div class='ocr_carea' id='block_1_84' title="bbox 461 5310 2072 5389">
    <p class='ocr_par' dir='ltr' id='par_1_84' title="bbox 461 5310 2072 5389">
     <span class='ocr_line' id='line_1_84' title="bbox 461 5310 2072 5389; baseline 0.007 -24"><span class='ocrx_word' id='word_1_595' title='bbox 461 5310 531 5365; x_wconf 93' lang='lat' dir='ltr'>de</span> <span class='ocrx_word' id='word_1_596' title='bbox 572 5313 899 5368; x_wconf 88' lang='lat' dir='ltr'>exercendis</span> <span class='ocrx_word' id='word_1_597' title='bbox 925 5313 1241 5384; x_wconf 88' lang='lat' dir='ltr'>virtutibus,</span> <span class='ocrx_word' id='word_1_598' title='bbox 1282 5317 1505 5372; x_wconf 89' lang='lat' dir='ltr'>mittens</span> <span class='ocrx_word' id='word_1_599' title='bbox 1533 5319 1584 5372; x_wconf 91' lang='lat' dir='ltr'>ei</span> <span class='ocrx_word' id='word_1_600' title='bbox 1627 5319 1830 5389; x_wconf 90' lang='lat' dir='ltr'>pariter</span> <span class='ocrx_word' id='word_1_601' title='bbox 1863 5320 2072 5389; x_wconf 86' lang='lat' dir='ltr'>episto-</span> 
     </span>
    </p>
   </div>
   <div class='ocr_carea' id='block_1_85' title="bbox 460 5397 2068 5478">
    <p class='ocr_par' dir='ltr' id='par_1_85' title="bbox 460 5397 2068 5478">
     <span class='ocr_line' id='line_1_85' title="bbox 460 5397 2068 5478; baseline 0.006 -26"><span class='ocrx_word' id='word_1_602' title='bbox 460 5397 567 5454; x_wconf 91' lang='lat' dir='ltr'>lam</span> <span class='ocrx_word' id='word_1_603' title='bbox 624 5399 774 5456; x_wconf 87' lang='lat' dir='ltr'>beati</span> <span class='ocrx_word' id='word_1_604' title='bbox 832 5401 1078 5475; x_wconf 87' lang='lat' dir='ltr'>Gregorii</span> <span class='ocrx_word' id='word_1_605' title='bbox 1131 5404 1200 5459; x_wconf 90' lang='lat' dir='ltr'>ad</span> <span class='ocrx_word' id='word_1_606' title='bbox 1247 5405 1587 5461; x_wconf 84' lang='lat' dir='ltr'>Recaredum</span> <span class='ocrx_word' id='word_1_607' title='bbox 1638 5405 2068 5478; x_wconf 83' lang='lat' dir='ltr'>Wisigothorum</span> 
     </span>
    </p>
   </div>
   <div class='ocr_carea' id='block_1_86' title="bbox 463 5493 2068 5568">
    <p class='ocr_par' dir='ltr' id='par_1_86' title="bbox 463 5493 2068 5568">
     <span class='ocr_line' id='line_1_86' title="bbox 463 5493 2068 5568; baseline 0.005 -24"><span class='ocrx_word' id='word_1_608' title='bbox 463 5505 669 5562; x_wconf 89' lang='lat' dir='ltr'>regem.</span> <span class='ocrx_word' id='word_1_609' title='bbox 703 5493 839 5547; x_wconf 91' lang='lat' dir='ltr'>Item</span> <span class='ocrx_word' id='word_1_610' title='bbox 866 5494 1149 5551; x_wconf 82' lang='lat' dir='ltr'>scribit‘ad</span> <span class='ocrx_word' id='word_1_611' title='bbox 1178 5497 1436 5551; x_wconf 91' lang='lat' dir='ltr'>eumdem</span> <span class='ocrx_word' id='word_1_612' title='bbox 1466 5512 1650 5568; x_wconf 85' lang='lat' dir='ltr'>regem</span> <span class='ocrx_word' id='word_1_613' title='bbox 1681 5498 2068 5554; x_wconf 89' lang='lat' dir='ltr'>collectionem</span> 
     </span>
    </p>
   </div>
   <div class='ocr_carea' id='block_1_87' title="bbox 463 5584 2072 5652">
    <p class='ocr_par' dir='ltr' id='par_1_87' title="bbox 463 5584 2072 5652">
     <span class='ocr_line' id='line_1_87' title="bbox 463 5584 2072 5652; baseline 0.004 -15"><span class='ocrx_word' id='word_1_614' title='bbox 463 5584 754 5652; x_wconf 89' lang='lat' dir='ltr'>quamdam</span> <span class='ocrx_word' id='word_1_615' title='bbox 813 5585 1105 5641; x_wconf 90' lang='lat' dir='ltr'>multarum</span> <span class='ocrx_word' id='word_1_616' title='bbox 1154 5587 1533 5643; x_wconf 89' lang='lat' dir='ltr'>auctoritatum</span> <span class='ocrx_word' id='word_1_617' title='bbox 1586 5588 1656 5641; x_wconf 92' lang='lat' dir='ltr'>de</span> <span class='ocrx_word' id='word_1_618' title='bbox 1713 5589 1965 5645; x_wconf 90' lang='lat' dir='ltr'>ecclesiis</span> <span class='ocrx_word' id='word_1_619' title='bbox 2017 5598 2072 5644; x_wconf 92' lang='lat' dir='ltr'>et</span> 
     </span>
    </p>
   </div>
   <div class='ocr_carea' id='block_1_88' title="bbox 465 5673 2070 5747">
    <p class='ocr_par' dir='ltr' id='par_1_88' title="bbox 465 5673 2070 5747">
     <span class='ocr_line' id='line_1_88' title="bbox 465 5673 2070 5747; baseline 0.003 -20"><span class='ocrx_word' id='word_1_620' title='bbox 465 5673 712 5743; x_wconf 90' lang='lat' dir='ltr'>capellis,</span> <span class='ocrx_word' id='word_1_621' title='bbox 753 5683 942 5732; x_wconf 88' lang='lat' dir='ltr'>contra</span> <span class='ocrx_word' id='word_1_622' title='bbox 972 5677 1394 5747; x_wconf 80' lang='lat' dir='ltr'>diSpositionem</span> <span class='ocrx_word' id='word_1_623' title='bbox 1437 5677 1723 5734; x_wconf 91' lang='lat' dir='ltr'>Prudentii</span> <span class='ocrx_word' id='word_1_624' title='bbox 1762 5678 2070 5735; x_wconf 88' lang='lat' dir='ltr'>Trecassiui</span> 
     </span>
    </p>
   </div>
   <div class='ocr_carea' id='block_1_89' title="bbox 2189 3151 3805 3228">
    <p class='ocr_par' dir='ltr' id='par_1_89' title="bbox 2189 3151 3805 3228">
     <span class='ocr_line' id='line_1_89' title="bbox 2189 3151 3805 3228; baseline 0.006 -24"><span class='ocrx_word' id='word_1_625' title='bbox 2189 3158 2245 3206; x_wconf 91' lang='lat' dir='ltr'>et</span> <span class='ocrx_word' id='word_1_626' title='bbox 2270 3151 2673 3206; x_wconf 86' lang='lat' dir='ltr'>Karlomannus</span> <span class='ocrx_word' id='word_1_627' title='bbox 2689 3168 2814 3208; x_wconf 92' lang='lat' dir='ltr'>cum</span> <span class='ocrx_word' id='word_1_628' title='bbox 2849 3152 3108 3208; x_wconf 82' lang='lat' dir='ltr'>ﬁdelibus</span> <span class='ocrx_word' id='word_1_629' title='bbox 3133 3153 3280 3228; x_wconf 88' lang='lat' dir='ltr'>regis</span> <span class='ocrx_word' id='word_1_630' title='bbox 3310 3154 3378 3208; x_wconf 88' lang='lat' dir='ltr'>ad</span> <span class='ocrx_word' id='word_1_631' title='bbox 3403 3161 3615 3224; x_wconf 90' lang='lat' dir='ltr'>patrem</span> <span class='ocrx_word' id='word_1_632' title='bbox 3647 3173 3805 3212; x_wconf 88' lang='lat' dir='ltr'>suum</span> 
     </span>
    </p>
   </div>
   <div class='ocr_carea' id='block_1_90' title="bbox 2190 3241 3804 3312">
    <p class='ocr_par' dir='ltr' id='par_1_90' title="bbox 2190 3241 3804 3312">
     <span class='ocr_line' id='line_1_90' title="bbox 2190 3241 3804 3312; baseline 0.004 -18"><span class='ocrx_word' id='word_1_633' title='bbox 2190 3247 2462 3312; x_wconf 86' lang='lat' dir='ltr'>pergeret,</span> <span class='ocrx_word' id='word_1_634' title='bbox 2495 3249 2551 3295; x_wconf 92' lang='lat' dir='ltr'>et</span> <span class='ocrx_word' id='word_1_635' title='bbox 2589 3241 2843 3311; x_wconf 91' lang='lat' dir='ltr'>placitum</span> <span class='ocrx_word' id='word_1_636' title='bbox 2897 3257 3021 3295; x_wconf 89' lang='lat' dir='ltr'>cum</span> <span class='ocrx_word' id='word_1_637' title='bbox 3053 3257 3121 3296; x_wconf 89' lang='lat' dir='ltr'>eo</span> <span class='ocrx_word' id='word_1_638' title='bbox 3153 3241 3376 3306; x_wconf 87' lang='lat' dir='ltr'>faceret,</span> <span class='ocrx_word' id='word_1_639' title='bbox 3409 3243 3496 3298; x_wconf 90' lang='lat' dir='ltr'>vel</span> <span class='ocrx_word' id='word_1_640' title='bbox 3527 3260 3700 3299; x_wconf 90' lang='lat' dir='ltr'>sanus</span> <span class='ocrx_word' id='word_1_641' title='bbox 3739 3247 3804 3300; x_wconf 89' lang='lat' dir='ltr'>ad</span> 
     </span>
    </p>
   </div>
   <div class='ocr_carea' id='block_1_91' title="bbox 2188 3329 3804 3405">
    <p class='ocr_par' dir='ltr' id='par_1_91' title="bbox 2188 3329 3804 3405">
     <span class='ocr_line' id='line_1_91' title="bbox 2188 3329 3804 3405; baseline 0.004 -23"><span class='ocrx_word' id='word_1_642' title='bbox 2188 3343 2318 3384; x_wconf 90' lang='lat' dir='ltr'>suos</span> <span class='ocrx_word' id='word_1_643' title='bbox 2349 3329 2570 3384; x_wconf 89' lang='lat' dir='ltr'>rediret.</span> <span class='ocrx_word' id='word_1_644' title='bbox 2596 3331 2877 3401; x_wconf 88' lang='lat' dir='ltr'>Susceptis</span> <span class='ocrx_word' id='word_1_645' title='bbox 2903 3340 3088 3386; x_wconf 89' lang='lat' dir='ltr'>autem</span> <span class='ocrx_word' id='word_1_646' title='bbox 3119 3331 3302 3386; x_wconf 88' lang='lat' dir='ltr'>missis</span> <span class='ocrx_word' id='word_1_647' title='bbox 3330 3331 3500 3405; x_wconf 89' lang='lat' dir='ltr'>regis,</span> <span class='ocrx_word' id='word_1_648' title='bbox 3533 3333 3689 3388; x_wconf 90' lang='lat' dir='ltr'>misit</span> <span class='ocrx_word' id='word_1_649' title='bbox 3719 3335 3804 3390; x_wconf 90' lang='lat' dir='ltr'>lit-</span> 
     </span>
    </p>
   </div>
   <div class='ocr_carea' id='block_1_92' title="bbox 2184 3420 3807 3492">
    <p class='ocr_par' dir='ltr' id='par_1_92' title="bbox 2184 3420 3807 3492">
     <span class='ocr_line' id='line_1_92' title="bbox 2184 3420 3807 3492; baseline 0.004 -18"><span class='ocrx_word' id='word_1_650' title='bbox 2184 3427 2328 3474; x_wconf 89' lang='lat' dir='ltr'>teras</span> <span class='ocrx_word' id='word_1_651' title='bbox 2378 3420 2444 3475; x_wconf 91' lang='lat' dir='ltr'>ad</span> <span class='ocrx_word' id='word_1_652' title='bbox 2499 3421 2945 3484; x_wconf 86' lang='lat' dir='ltr'>Karlomannum,</span> <span class='ocrx_word' id='word_1_653' title='bbox 3008 3429 3068 3478; x_wconf 90' lang='lat' dir='ltr'>ut</span> <span class='ocrx_word' id='word_1_654' title='bbox 3105 3423 3322 3478; x_wconf 89' lang='lat' dir='ltr'>veniret</span> <span class='ocrx_word' id='word_1_655' title='bbox 3367 3423 3489 3492; x_wconf 90' lang='lat' dir='ltr'>ejus</span> <span class='ocrx_word' id='word_1_656' title='bbox 3516 3425 3586 3478; x_wconf 92' lang='lat' dir='ltr'>ad</span> <span class='ocrx_word' id='word_1_657' title='bbox 3632 3426 3807 3481; x_wconf 88' lang='lat' dir='ltr'>collo-</span> 
     </span>
    </p>
   </div>
   <div class='ocr_carea' id='block_1_93' title="bbox 2183 3511 3803 3584">
    <p class='ocr_par' dir='ltr' id='par_1_93' title="bbox 2183 3511 3803 3584">
     <span class='ocr_line' id='line_1_93' title="bbox 2183 3511 3803 3584; baseline 0.003 -17"><span class='ocrx_word' id='word_1_658' title='bbox 2183 3511 2394 3582; x_wconf 90' lang='lat' dir='ltr'>quium,</span> <span class='ocrx_word' id='word_1_659' title='bbox 2429 3512 2718 3568; x_wconf 90' lang='lat' dir='ltr'>auditurus</span> <span class='ocrx_word' id='word_1_660' title='bbox 2745 3513 2822 3567; x_wconf 93' lang='lat' dir='ltr'>ibi</span> <span class='ocrx_word' id='word_1_661' title='bbox 2856 3514 2990 3584; x_wconf 89' lang='lat' dir='ltr'>quid</span> <span class='ocrx_word' id='word_1_662' title='bbox 3023 3529 3116 3569; x_wconf 88' lang='lat' dir='ltr'>rex</span> <span class='ocrx_word' id='word_1_663' title='bbox 3147 3515 3470 3570; x_wconf 88' lang='lat' dir='ltr'>mandaret:</span> <span class='ocrx_word' id='word_1_664' title='bbox 3510 3516 3608 3570; x_wconf 88' lang='lat' dir='ltr'>ubi</span> <span class='ocrx_word' id='word_1_665' title='bbox 3640 3517 3803 3572; x_wconf 86' lang='lat' dir='ltr'>etiam</span> 
     </span>
    </p>
   </div>
   <div class='ocr_carea' id='block_1_94' title="bbox 2183 3602 3804 3678">
    <p class='ocr_par' dir='ltr' id='par_1_94' title="bbox 2183 3602 3804 3678">
     <span class='ocr_line' id='line_1_94' title="bbox 2183 3602 3804 3678; baseline 0.004 -21"><span class='ocrx_word' id='word_1_666' title='bbox 2183 3602 2376 3659; x_wconf 89' lang='lat' dir='ltr'>ﬁdeles</span> <span class='ocrx_word' id='word_1_667' title='bbox 2403 3605 2548 3677; x_wconf 83' lang='lat' dir='ltr'>regis</span> <span class='ocrx_word' id='word_1_668' title='bbox 2589 3605 2934 3671; x_wconf 88' lang='lat' dir='ltr'>convocavit,</span> <span class='ocrx_word' id='word_1_669' title='bbox 2978 3612 3038 3660; x_wconf 91' lang='lat' dir='ltr'>ut</span> <span class='ocrx_word' id='word_1_670' title='bbox 3066 3605 3147 3660; x_wconf 93' lang='lat' dir='ltr'>ibi</span> <span class='ocrx_word' id='word_1_671' title='bbox 3191 3607 3339 3678; x_wconf 89' lang='lat' dir='ltr'>quod</span> <span class='ocrx_word' id='word_1_672' title='bbox 3390 3622 3483 3661; x_wconf 85' lang='lat' dir='ltr'>rex</span> <span class='ocrx_word' id='word_1_673' title='bbox 3515 3609 3804 3664; x_wconf 88' lang='lat' dir='ltr'>mandaret</span> 
     </span>
    </p>
   </div>
   <div class='ocr_carea' id='block_1_95' title="bbox 2183 3692 3803 3769">
    <p class='ocr_par' dir='ltr' id='par_1_95' title="bbox 2183 3692 3803 3769">
     <span class='ocr_line' id='line_1_95' title="bbox 2183 3692 3803 3769; baseline 0.002 -22"><span class='ocrx_word' id='word_1_674' title='bbox 2183 3692 2254 3748; x_wconf 88' lang='lat' dir='ltr'>de</span> <span class='ocrx_word' id='word_1_675' title='bbox 2284 3709 2420 3763; x_wconf 88' lang='lat' dir='ltr'>pace</span> <span class='ocrx_word' id='word_1_676' title='bbox 2447 3693 2697 3748; x_wconf 87' lang='lat' dir='ltr'>stabilire</span> <span class='ocrx_word' id='word_1_677' title='bbox 2727 3701 2976 3764; x_wconf 90' lang='lat' dir='ltr'>possent,</span> <span class='ocrx_word' id='word_1_678' title='bbox 3009 3710 3284 3769; x_wconf 85' lang='lat' dir='ltr'>agereque</span> <span class='ocrx_word' id='word_1_679' title='bbox 3314 3703 3613 3750; x_wconf 88' lang='lat' dir='ltr'>certarent.</span> <span class='ocrx_word' id='word_1_680' title='bbox 3648 3697 3803 3762; x_wconf 88' lang='lat' dir='ltr'>Quod</span> 
     </span>
    </p>
   </div>
   <div class='ocr_carea' id='block_1_96' title="bbox 2183 3781 3799 3854">
    <p class='ocr_par' dir='ltr' id='par_1_96' title="bbox 2183 3781 3799 3854">
     <span class='ocr_line' id='line_1_96' title="bbox 2183 3781 3799 3854; baseline 0.001 -17"><span class='ocrx_word' id='word_1_681' title='bbox 2183 3789 2238 3838; x_wconf 91' lang='lat' dir='ltr'>et</span> <span class='ocrx_word' id='word_1_682' title='bbox 2266 3789 2397 3837; x_wconf 91' lang='lat' dir='ltr'>tunc</span> <span class='ocrx_word' id='word_1_683' title='bbox 2438 3782 2662 3854; x_wconf 88' lang='lat' dir='ltr'>quidem</span> <span class='ocrx_word' id='word_1_684' title='bbox 2694 3781 2897 3838; x_wconf 89' lang='lat' dir='ltr'>factum</span> <span class='ocrx_word' id='word_1_685' title='bbox 2923 3789 3024 3837; x_wconf 92' lang='lat' dir='ltr'>est.</span> <span class='ocrx_word' id='word_1_686' title='bbox 3070 3783 3175 3837; x_wconf 87' lang='lat' dir='ltr'>Sed</span> <span class='ocrx_word' id='word_1_687' title='bbox 3208 3799 3301 3837; x_wconf 86' lang='lat' dir='ltr'>rex</span> <span class='ocrx_word' id='word_1_688' title='bbox 3333 3784 3594 3839; x_wconf 90' lang='lat' dir='ltr'>eumdem</span> <span class='ocrx_word' id='word_1_689' title='bbox 3627 3785 3799 3840; x_wconf 90' lang='lat' dir='ltr'>ﬁlium</span> 
     </span>
    </p>
   </div>
   <div class='ocr_carea' id='block_1_97' title="bbox 2182 3874 3798 3948">
    <p class='ocr_par' dir='ltr' id='par_1_97' title="bbox 2182 3874 3798 3948">
     <span class='ocr_line' id='line_1_97' title="bbox 2182 3874 3798 3948; baseline 0.001 -18"><span class='ocrx_word' id='word_1_690' title='bbox 2182 3891 2340 3930; x_wconf 91' lang='lat' dir='ltr'>suum</span> <span class='ocrx_word' id='word_1_691' title='bbox 2371 3889 2494 3929; x_wconf 91' lang='lat' dir='ltr'>cum</span> <span class='ocrx_word' id='word_1_692' title='bbox 2524 3874 2642 3929; x_wconf 90' lang='lat' dir='ltr'>suis</span> <span class='ocrx_word' id='word_1_693' title='bbox 2685 3881 2878 3945; x_wconf 89' lang='lat' dir='ltr'>postea</span> <span class='ocrx_word' id='word_1_694' title='bbox 2917 3875 3382 3930; x_wconf 88' lang='lat' dir='ltr'>excommunicari</span> <span class='ocrx_word' id='word_1_695' title='bbox 3413 3875 3548 3932; x_wconf 82' lang='lat' dir='ltr'>fecit</span> <span class='ocrx_word' id='word_1_696' title='bbox 3576 3877 3646 3932; x_wconf 91' lang='lat' dir='ltr'>ab</span> <span class='ocrx_word' id='word_1_697' title='bbox 3676 3879 3798 3948; x_wconf 88' lang='lat' dir='ltr'>epi-</span> 
     </span>
    </p>
   </div>
   <div class='ocr_carea' id='block_1_98' title="bbox 2181 3962 3801 4035">
    <p class='ocr_par' dir='ltr' id='par_1_98' title="bbox 2181 3962 3801 4035">
     <span class='ocr_line' id='line_1_98' title="bbox 2181 3962 3801 4035; baseline 0.002 -17"><span class='ocrx_word' id='word_1_698' title='bbox 2181 3963 2364 4034; x_wconf 91' lang='lat' dir='ltr'>scopis</span> <span class='ocrx_word' id='word_1_699' title='bbox 2403 3963 2572 4018; x_wconf 90' lang='lat' dir='ltr'>totius</span> <span class='ocrx_word' id='word_1_700' title='bbox 2617 3963 2796 4035; x_wconf 90' lang='lat' dir='ltr'>regni,</span> <span class='ocrx_word' id='word_1_701' title='bbox 2825 3977 2926 4034; x_wconf 90' lang='lat' dir='ltr'>pro</span> <span class='ocrx_word' id='word_1_702' title='bbox 2972 3962 3132 4018; x_wconf 90' lang='lat' dir='ltr'>malis</span> <span class='ocrx_word' id='word_1_703' title='bbox 3162 3979 3285 4034; x_wconf 63' lang='lat' dir='ltr'>quae</span> <span class='ocrx_word' id='word_1_704' title='bbox 3331 3962 3654 4035; x_wconf 88' lang='lat' dir='ltr'>relinquere</span> <span class='ocrx_word' id='word_1_705' title='bbox 3701 3982 3801 4021; x_wconf 91' lang='lat' dir='ltr'>no-</span> 
     </span>
    </p>
   </div>
   <div class='ocr_carea' id='block_1_99' title="bbox 2181 4051 3796 4123">
    <p class='ocr_par' dir='ltr' id='par_1_99' title="bbox 2181 4051 3796 4123">
     <span class='ocr_line' id='line_1_99' title="bbox 2181 4051 3796 4123; baseline 0.001 -18"><span class='ocrx_word' id='word_1_706' title='bbox 2181 4051 2346 4114; x_wconf 87' lang='lat' dir='ltr'>lebat,</span> <span class='ocrx_word' id='word_1_707' title='bbox 2376 4051 2607 4121; x_wconf 87' lang='lat' dir='ltr'>iusuper</span> <span class='ocrx_word' id='word_1_708' title='bbox 2628 4058 2683 4106; x_wconf 88' lang='lat' dir='ltr'>et</span> <span class='ocrx_word' id='word_1_709' title='bbox 2703 4051 3166 4121; x_wconf 88' lang='lat' dir='ltr'>comprehensum</span> <span class='ocrx_word' id='word_1_710' title='bbox 3187 4051 3364 4106; x_wconf 91' lang='lat' dir='ltr'>oculis</span> <span class='ocrx_word' id='word_1_711' title='bbox 3385 4052 3596 4122; x_wconf 85' lang='lat' dir='ltr'>privari</span> <span class='ocrx_word' id='word_1_712' title='bbox 3611 4054 3796 4123; x_wconf 87' lang='lat' dir='ltr'>jussit.</span> 
     </span>
    </p>
   </div>
   <div class='ocr_carea' id='block_1_100' title="bbox 2180 4142 3796 4200">
    <p class='ocr_par' dir='ltr' id='par_1_100' title="bbox 2180 4142 3796 4200">
     <span class='ocr_line' id='line_1_100' title="bbox 2180 4142 3796 4200; baseline 0.001 -2"><span class='ocrx_word' id='word_1_713' title='bbox 2180 4144 2389 4198; x_wconf 90' lang='lat' dir='ltr'>Domno</span> <span class='ocrx_word' id='word_1_714' title='bbox 2416 4157 2547 4198; x_wconf 80' lang='lat' dir='ltr'>vero</span> <span class='ocrx_word' id='word_1_715' title='bbox 2577 4143 2868 4198; x_wconf 88' lang='lat' dir='ltr'>IIiucmaro</span> <span class='ocrx_word' id='word_1_716' title='bbox 2918 4158 3011 4198; x_wconf 88' lang='lat' dir='ltr'>rex</span> <span class='ocrx_word' id='word_1_717' title='bbox 3040 4142 3186 4198; x_wconf 88' lang='lat' dir='ltr'>idem</span> <span class='ocrx_word' id='word_1_718' title='bbox 3219 4158 3331 4198; x_wconf 88' lang='lat' dir='ltr'>non</span> <span class='ocrx_word' id='word_1_719' title='bbox 3361 4143 3545 4198; x_wconf 90' lang='lat' dir='ltr'>solum</span> <span class='ocrx_word' id='word_1_720' title='bbox 3592 4145 3662 4199; x_wconf 90' lang='lat' dir='ltr'>de</span> <span class='ocrx_word' id='word_1_721' title='bbox 3708 4161 3796 4200; x_wconf 86' lang='lat' dir='ltr'>re-</span> 
     </span>
    </p>
   </div>
   <div class='ocr_carea' id='block_1_101' title="bbox 2179 4231 3792 4303">
    <p class='ocr_par' dir='ltr' id='par_1_101' title="bbox 2179 4231 3792 4303">
     <span class='ocr_line' id='line_1_101' title="bbox 2179 4231 3792 4303; baseline 0.002 -17"><span class='ocrx_word' id='word_1_722' title='bbox 2179 4233 2284 4288; x_wconf 92' lang='lat' dir='ltr'>bus</span> <span class='ocrx_word' id='word_1_723' title='bbox 2312 4232 2722 4299; x_wconf 89' lang='lat' dir='ltr'>ecclesiasticis,</span> <span class='ocrx_word' id='word_1_724' title='bbox 2753 4231 2851 4286; x_wconf 90' lang='lat' dir='ltr'>sed</span> <span class='ocrx_word' id='word_1_725' title='bbox 2881 4240 2938 4286; x_wconf 93' lang='lat' dir='ltr'>et</span> <span class='ocrx_word' id='word_1_726' title='bbox 2974 4231 3045 4286; x_wconf 88' lang='lat' dir='ltr'>de</span> <span class='ocrx_word' id='word_1_727' title='bbox 3075 4233 3281 4303; x_wconf 90' lang='lat' dir='ltr'>populo</span> <span class='ocrx_word' id='word_1_728' title='bbox 3317 4233 3371 4286; x_wconf 92' lang='lat' dir='ltr'>in</span> <span class='ocrx_word' id='word_1_729' title='bbox 3403 4233 3624 4288; x_wconf 90' lang='lat' dir='ltr'>hostem</span> <span class='ocrx_word' id='word_1_730' title='bbox 3653 4251 3792 4291; x_wconf 89' lang='lat' dir='ltr'>con-</span> 
     </span>
    </p>
   </div>
   <div class='ocr_carea' id='block_1_102' title="bbox 2177 4324 3797 4396">
    <p class='ocr_par' dir='ltr' id='par_1_102' title="bbox 2177 4324 3797 4396">
     <span class='ocr_line' id='line_1_102' title="bbox 2177 4324 3797 4396; baseline -0.001 -16"><span class='ocrx_word' id='word_1_731' title='bbox 2177 4325 2444 4391; x_wconf 90' lang='lat' dir='ltr'>vocando,</span> <span class='ocrx_word' id='word_1_732' title='bbox 2474 4331 2535 4379; x_wconf 90' lang='lat' dir='ltr'>ut</span> <span class='ocrx_word' id='word_1_733' title='bbox 2563 4324 2685 4395; x_wconf 90' lang='lat' dir='ltr'>ipse</span> <span class='ocrx_word' id='word_1_734' title='bbox 2741 4324 2842 4379; x_wconf 92' lang='lat' dir='ltr'>hoc</span> <span class='ocrx_word' id='word_1_735' title='bbox 2871 4329 3080 4396; x_wconf 83' lang='lat' dir='ltr'>ageret,</span> <span class='ocrx_word' id='word_1_736' title='bbox 3137 4324 3400 4382; x_wconf 88' lang='lat' dir='ltr'>mandare</span> <span class='ocrx_word' id='word_1_737' title='bbox 3437 4324 3659 4381; x_wconf 88' lang='lat' dir='ltr'>solebat</span> <span class='ocrx_word' id='word_1_738' title='bbox 3693 4344 3707 4379; x_wconf 92' lang='lat'>:</span> <span class='ocrx_word' id='word_1_739' title='bbox 3749 4334 3797 4379; x_wconf 82' lang='lat' dir='ltr'>et</span> 
     </span>
    </p>
   </div>
   <div class='ocr_carea' id='block_1_103' title="bbox 2179 4415 3796 4491">
    <p class='ocr_par' dir='ltr' id='par_1_103' title="bbox 2179 4415 3796 4491">
     <span class='ocr_line' id='line_1_103' title="bbox 2179 4415 3796 4491; baseline 0.002 -20"><span class='ocrx_word' id='word_1_740' title='bbox 2179 4417 2300 4489; x_wconf 92' lang='lat' dir='ltr'>ipse</span> <span class='ocrx_word' id='word_1_741' title='bbox 2327 4424 2554 4487; x_wconf 90' lang='lat' dir='ltr'>accepto</span> <span class='ocrx_word' id='word_1_742' title='bbox 2585 4415 2733 4491; x_wconf 90' lang='lat' dir='ltr'>regis</span> <span class='ocrx_word' id='word_1_743' title='bbox 2765 4415 3022 4472; x_wconf 87' lang='lat' dir='ltr'>mandato</span> <span class='ocrx_word' id='word_1_744' title='bbox 3043 4424 3153 4472; x_wconf 85' lang='lat' dir='ltr'>tam</span> <span class='ocrx_word' id='word_1_745' title='bbox 3183 4416 3476 4488; x_wconf 87' lang='lat' dir='ltr'>episcOpos</span> <span class='ocrx_word' id='word_1_746' title='bbox 3506 4434 3674 4488; x_wconf 88' lang='lat' dir='ltr'>quam</span> <span class='ocrx_word' id='word_1_747' title='bbox 3706 4434 3796 4475; x_wconf 86' lang='lat' dir='ltr'>co-</span> 
     </span>
    </p>
   </div>
   <div class='ocr_carea' id='block_1_104' title="bbox 2179 4505 3036 4562">
    <p class='ocr_par' dir='ltr' id='par_1_104' title="bbox 2179 4505 3036 4562">
     <span class='ocr_line' id='line_1_104' title="bbox 2179 4505 3036 4562; baseline 0 -2"><span class='ocrx_word' id='word_1_748' title='bbox 2179 4507 2340 4562; x_wconf 89' lang='lat' dir='ltr'>mites</span> <span class='ocrx_word' id='word_1_749' title='bbox 2359 4521 2666 4562; x_wconf 89' lang='lat' dir='ltr'>convocare</span> <span class='ocrx_word' id='word_1_750' title='bbox 2693 4505 2890 4560; x_wconf 91' lang='lat' dir='ltr'>solitus</span> <span class='ocrx_word' id='word_1_751' title='bbox 2903 4512 3036 4560; x_wconf 88' lang='lat' dir='ltr'>erat.</span> 
     </span>
    </p>
   </div>
   <div class='ocr_carea' id='block_1_105' title="bbox 2248 4596 3794 4672">
    <p class='ocr_par' dir='ltr' id='par_1_105' title="bbox 2248 4596 3794 4672">
     <span class='ocr_line' id='line_1_105' title="bbox 2248 4596 3794 4672; baseline 0.002 -21"><span class='ocrx_word' id='word_1_752' title='bbox 2248 4599 2323 4653; x_wconf 88' lang='lat' dir='ltr'>De</span> <span class='ocrx_word' id='word_1_753' title='bbox 2365 4599 2469 4653; x_wconf 92' lang='lat' dir='ltr'>hoc</span> <span class='ocrx_word' id='word_1_754' title='bbox 2500 4613 2629 4672; x_wconf 90' lang='lat' dir='ltr'>rege</span> <span class='ocrx_word' id='word_1_755' title='bbox 2659 4597 2854 4653; x_wconf 82' lang='lat' dir='ltr'>Karolo</span> <span class='ocrx_word' id='word_1_756' title='bbox 2897 4597 2953 4650; x_wconf 89' lang='lat' dir='ltr'>in</span> <span class='ocrx_word' id='word_1_757' title='bbox 2994 4596 3208 4652; x_wconf 83' lang='lat' dir='ltr'>visione.</span> <span class='ocrx_word' id='word_1_758' title='bbox 3241 4596 3506 4652; x_wconf 89' lang='lat' dir='ltr'>Bernoldi</span> <span class='ocrx_word' id='word_1_759' title='bbox 3564 4599 3794 4655; x_wconf 82' lang='lat' dir='ltr'>redivivi</span> 
     </span>
    </p>
   </div>
   <div class='ocr_carea' id='block_1_106' title="bbox 2174 4688 3794 4762">
    <p class='ocr_par' dir='ltr' id='par_1_106' title="bbox 2174 4688 3794 4762">
     <span class='ocr_line' id='line_1_106' title="bbox 2174 4688 3794 4762; baseline 0.002 -19"><span class='ocrx_word' id='word_1_760' title='bbox 2174 4691 2265 4761; x_wconf 89' lang='lat' dir='ltr'>(de</span> <span class='ocrx_word' id='word_1_761' title='bbox 2309 4706 2419 4762; x_wconf 89' lang='lat' dir='ltr'>qua</span> <span class='ocrx_word' id='word_1_762' title='bbox 2473 4689 2733 4760; x_wconf 90' lang='lat' dir='ltr'>superius</span> <span class='ocrx_word' id='word_1_763' title='bbox 2785 4690 2850 4760; x_wconf 89' lang='lat' dir='ltr'>[c.</span> <span class='ocrx_word' id='word_1_764' title='bbox 2911 4690 2962 4760; x_wconf 90' lang='lat'>3]</span> <span class='ocrx_word' id='word_1_765' title='bbox 3019 4688 3204 4761; x_wconf 90' lang='lat' dir='ltr'>aliqua</span> <span class='ocrx_word' id='word_1_766' title='bbox 3255 4690 3369 4758; x_wconf 91' lang='lat' dir='ltr'>jam</span> <span class='ocrx_word' id='word_1_767' title='bbox 3427 4692 3794 4758; x_wconf 87' lang='lat' dir='ltr'>narravimus)</span> 
     </span>
    </p>
   </div>
   <div class='ocr_carea' id='block_1_107' title="bbox 2174 4778 3792 4850">
    <p class='ocr_par' dir='ltr' id='par_1_107' title="bbox 2174 4778 3792 4850">
     <span class='ocr_line' id='line_1_107' title="bbox 2174 4778 3792 4850; baseline 0.001 -15"><span class='ocrx_word' id='word_1_768' title='bbox 2174 4779 2303 4835; x_wconf 86' lang='lat' dir='ltr'>talia</span> <span class='ocrx_word' id='word_1_769' title='bbox 2333 4778 2646 4834; x_wconf 83' lang='lat' dir='ltr'>referuntur</span> <span class='ocrx_word' id='word_1_770' title='bbox 2682 4778 2819 4834; x_wconf 86' lang='lat' dir='ltr'>visa.</span> <span class='ocrx_word' id='word_1_771' title='bbox 2861 4778 3022 4834; x_wconf 85' lang='lat' dir='ltr'>Venit</span> <span class='ocrx_word' id='word_1_772' title='bbox 3053 4779 3108 4832; x_wconf 89' lang='lat' dir='ltr'>in</span> <span class='ocrx_word' id='word_1_773' title='bbox 3139 4779 3435 4850; x_wconf 89' lang='lat' dir='ltr'>quemdam</span> <span class='ocrx_word' id='word_1_774' title='bbox 3493 4781 3680 4837; x_wconf 92' lang='lat' dir='ltr'>locum</span> <span class='ocrx_word' id='word_1_775' title='bbox 3713 4789 3792 4836; x_wconf 82' lang='lat' dir='ltr'>te-</span> 
     </span>
    </p>
   </div>
   <div class='ocr_carea' id='block_1_108' title="bbox 2175 4867 3793 4940">
    <p class='ocr_par' dir='ltr' id='par_1_108' title="bbox 2175 4867 3793 4940">
     <span class='ocr_line' id='line_1_108' title="bbox 2175 4867 3793 4940; baseline 0.001 -17"><span class='ocrx_word' id='word_1_776' title='bbox 2175 4867 2494 4934; x_wconf 89' lang='lat' dir='ltr'>nebrosum,</span> <span class='ocrx_word' id='word_1_777' title='bbox 2525 4867 2595 4922; x_wconf 88' lang='lat' dir='ltr'>ad</span> <span class='ocrx_word' id='word_1_778' title='bbox 2634 4883 2796 4939; x_wconf 91' lang='lat' dir='ltr'>quem</span> <span class='ocrx_word' id='word_1_779' title='bbox 2829 4883 2894 4922; x_wconf 87' lang='lat' dir='ltr'>ex</span> <span class='ocrx_word' id='word_1_780' title='bbox 2932 4867 3039 4922; x_wconf 89' lang='lat' dir='ltr'>alia</span> <span class='ocrx_word' id='word_1_781' title='bbox 3069 4876 3220 4938; x_wconf 88' lang='lat' dir='ltr'>parte</span> <span class='ocrx_word' id='word_1_782' title='bbox 3262 4869 3354 4923; x_wconf 85' lang='lat' dir='ltr'>lux</span> <span class='ocrx_word' id='word_1_783' title='bbox 3395 4870 3793 4940; x_wconf 85' lang='lat' dir='ltr'>resplendebat</span> 
     </span>
    </p>
   </div>
   <div class='ocr_carea' id='block_1_109' title="bbox 2173 4959 3790 5031">
    <p class='ocr_par' dir='ltr' id='par_1_109' title="bbox 2173 4959 3790 5031">
     <span class='ocr_line' id='line_1_109' title="bbox 2173 4959 3790 5031; baseline 0.004 -17"><span class='ocrx_word' id='word_1_784' title='bbox 2173 4961 2244 5016; x_wconf 91' lang='lat' dir='ltr'>de</span> <span class='ocrx_word' id='word_1_785' title='bbox 2268 4959 2452 5016; x_wconf 90' lang='lat' dir='ltr'>vicino</span> <span class='ocrx_word' id='word_1_786' title='bbox 2491 4960 2615 5016; x_wconf 91' lang='lat' dir='ltr'>loco</span> <span class='ocrx_word' id='word_1_787' title='bbox 2648 4959 2784 5014; x_wconf 91' lang='lat' dir='ltr'>satis</span> <span class='ocrx_word' id='word_1_788' title='bbox 2811 4959 3176 5027; x_wconf 88' lang='lat' dir='ltr'>lucidissimo,</span> <span class='ocrx_word' id='word_1_789' title='bbox 3207 4971 3262 5015; x_wconf 93' lang='lat' dir='ltr'>et</span> <span class='ocrx_word' id='word_1_790' title='bbox 3291 4961 3671 5031; x_wconf 89' lang='lat' dir='ltr'>pulcherrime</span> <span class='ocrx_word' id='word_1_791' title='bbox 3696 4966 3790 5020; x_wconf 86' lang='lat' dir='ltr'>ﬂo-</span> 
     </span>
    </p>
   </div>
   <div class='ocr_carea' id='block_1_110' title="bbox 2175 5051 3786 5130">
    <p class='ocr_par' dir='ltr' id='par_1_110' title="bbox 2175 5051 3786 5130">
     <span class='ocr_line' id='line_1_110' title="bbox 2175 5051 3786 5130; baseline 0.001 -22"><span class='ocrx_word' id='word_1_792' title='bbox 2175 5053 2294 5109; x_wconf 92' lang='lat' dir='ltr'>rido</span> <span class='ocrx_word' id='word_1_793' title='bbox 2351 5068 2416 5108; x_wconf 92' lang='lat' dir='ltr'>ac</span> <span class='ocrx_word' id='word_1_794' title='bbox 2441 5051 2741 5119; x_wconf 85' lang='lat' dir='ltr'>odorifero,</span> <span class='ocrx_word' id='word_1_795' title='bbox 2803 5051 2996 5122; x_wconf 87' lang='lat' dir='ltr'>ibique</span> <span class='ocrx_word' id='word_1_796' title='bbox 3020 5052 3207 5120; x_wconf 88' lang='lat' dir='ltr'>jacere</span> <span class='ocrx_word' id='word_1_797' title='bbox 3261 5053 3402 5108; x_wconf 88' lang='lat' dir='ltr'>vidit</span> <span class='ocrx_word' id='word_1_798' title='bbox 3428 5055 3583 5111; x_wconf 89' lang='lat' dir='ltr'>hunc</span> <span class='ocrx_word' id='word_1_799' title='bbox 3610 5073 3786 5130; x_wconf 84' lang='lat' dir='ltr'>regem</span> 
     </span>
    </p>
   </div>
   <div class='ocr_carea' id='block_1_111' title="bbox 2174 5141 3782 5211">
    <p class='ocr_par' dir='ltr' id='par_1_111' title="bbox 2174 5141 3782 5211">
     <span class='ocr_line' id='line_1_111' title="bbox 2174 5141 3782 5211; baseline -0.001 -12"><span class='ocrx_word' id='word_1_800' title='bbox 2174 5143 2428 5198; x_wconf 83' lang='lat' dir='ltr'>Karolum</span> <span class='ocrx_word' id='word_1_801' title='bbox 2453 5141 2509 5195; x_wconf 91' lang='lat' dir='ltr'>in</span> <span class='ocrx_word' id='word_1_802' title='bbox 2536 5141 2653 5197; x_wconf 92' lang='lat' dir='ltr'>luto</span> <span class='ocrx_word' id='word_1_803' title='bbox 2683 5157 2749 5195; x_wconf 89' lang='lat' dir='ltr'>ex</span> <span class='ocrx_word' id='word_1_804' title='bbox 2775 5141 2931 5196; x_wconf 90' lang='lat' dir='ltr'>sanie</span> <span class='ocrx_word' id='word_1_805' title='bbox 2959 5141 3131 5211; x_wconf 90' lang='lat' dir='ltr'>ipsius</span> <span class='ocrx_word' id='word_1_806' title='bbox 3161 5141 3496 5211; x_wconf 89' lang='lat' dir='ltr'>putredinis,</span> <span class='ocrx_word' id='word_1_807' title='bbox 3533 5154 3588 5200; x_wconf 92' lang='lat' dir='ltr'>et</span> <span class='ocrx_word' id='word_1_808' title='bbox 3617 5163 3648 5200; x_wconf 90' lang='lat' dir='ltr'>a</span> <span class='ocrx_word' id='word_1_809' title='bbox 3667 5161 3782 5201; x_wconf 84' lang='lat' dir='ltr'>ver-</span> 
     </span>
    </p>
   </div>
   <div class='ocr_carea' id='block_1_112' title="bbox 2173 5232 3782 5307">
    <p class='ocr_par' dir='ltr' id='par_1_112' title="bbox 2173 5232 3782 5307">
     <span class='ocr_line' id='line_1_112' title="bbox 2173 5232 3782 5307; baseline 0.001 -17"><span class='ocrx_word' id='word_1_810' title='bbox 2173 5235 2357 5290; x_wconf 92' lang='lat' dir='ltr'>mibus</span> <span class='ocrx_word' id='word_1_811' title='bbox 2387 5233 2500 5300; x_wconf 92' lang='lat' dir='ltr'>edi,</span> <span class='ocrx_word' id='word_1_812' title='bbox 2543 5234 2639 5304; x_wconf 91' lang='lat' dir='ltr'>qui</span> <span class='ocrx_word' id='word_1_813' title='bbox 2663 5249 2881 5288; x_wconf 90' lang='lat' dir='ltr'>carnem</span> <span class='ocrx_word' id='word_1_814' title='bbox 2932 5232 3107 5304; x_wconf 89' lang='lat' dir='ltr'>ipsius</span> <span class='ocrx_word' id='word_1_815' title='bbox 3137 5248 3357 5288; x_wconf 91' lang='lat' dir='ltr'>omnem</span> <span class='ocrx_word' id='word_1_816' title='bbox 3383 5235 3500 5303; x_wconf 89' lang='lat' dir='ltr'>jam</span> <span class='ocrx_word' id='word_1_817' title='bbox 3534 5253 3674 5307; x_wconf 90' lang='lat' dir='ltr'>pene</span> <span class='ocrx_word' id='word_1_818' title='bbox 3698 5254 3782 5292; x_wconf 79' lang='lat' dir='ltr'>as-</span> 
     </span>
    </p>
   </div>
   <div class='ocr_carea' id='block_1_113' title="bbox 2172 5322 3781 5398">
    <p class='ocr_par' dir='ltr' id='par_1_113' title="bbox 2172 5322 3781 5398">
     <span class='ocr_line' id='line_1_113' title="bbox 2172 5322 3781 5398; baseline 0 -19"><span class='ocrx_word' id='word_1_819' title='bbox 2172 5329 2541 5396; x_wconf 87' lang='lat' dir='ltr'>sumpserant,</span> <span class='ocrx_word' id='word_1_820' title='bbox 2590 5329 2644 5376; x_wconf 91' lang='lat' dir='ltr'>et</span> <span class='ocrx_word' id='word_1_821' title='bbox 2699 5337 2810 5377; x_wconf 92' lang='lat' dir='ltr'>non</span> <span class='ocrx_word' id='word_1_822' title='bbox 2866 5322 3170 5393; x_wconf 89' lang='lat' dir='ltr'>apparebat</span> <span class='ocrx_word' id='word_1_823' title='bbox 3226 5323 3281 5376; x_wconf 90' lang='lat' dir='ltr'>in</span> <span class='ocrx_word' id='word_1_824' title='bbox 3337 5339 3575 5394; x_wconf 86' lang='lat' dir='ltr'>corpore</span> <span class='ocrx_word' id='word_1_825' title='bbox 3619 5326 3781 5398; x_wconf 87' lang='lat' dir='ltr'>ipsius</span> 
     </span>
    </p>
   </div>
   <div class='ocr_carea' id='block_1_114' title="bbox 2171 5414 3779 5484">
    <p class='ocr_par' dir='ltr' id='par_1_114' title="bbox 2171 5414 3779 5484">
     <span class='ocr_line' id='line_1_114' title="bbox 2171 5414 3779 5484; baseline 0.001 -14"><span class='ocrx_word' id='word_1_826' title='bbox 2171 5415 2344 5484; x_wconf 89' lang='lat' dir='ltr'>aliud,</span> <span class='ocrx_word' id='word_1_827' title='bbox 2391 5415 2498 5470; x_wconf 90' lang='lat' dir='ltr'>nisi</span> <span class='ocrx_word' id='word_1_828' title='bbox 2533 5414 2686 5470; x_wconf 86' lang='lat' dir='ltr'>nervi</span> <span class='ocrx_word' id='word_1_829' title='bbox 2720 5424 2776 5468; x_wconf 90' lang='lat' dir='ltr'>et</span> <span class='ocrx_word' id='word_1_830' title='bbox 2820 5429 2963 5470; x_wconf 90' lang='lat' dir='ltr'>ossa.</span> <span class='ocrx_word' id='word_1_831' title='bbox 3015 5415 3115 5479; x_wconf 93' lang='lat' dir='ltr'>Qui</span> <span class='ocrx_word' id='word_1_832' title='bbox 3169 5430 3372 5471; x_wconf 90' lang='lat' dir='ltr'>vocans</span> <span class='ocrx_word' id='word_1_833' title='bbox 3404 5416 3557 5473; x_wconf 89' lang='lat' dir='ltr'>hunc</span> <span class='ocrx_word' id='word_1_834' title='bbox 3597 5435 3659 5472; x_wconf 87' lang='lat' dir='ltr'>ex</span> <span class='ocrx_word' id='word_1_835' title='bbox 3688 5433 3779 5472; x_wconf 90' lang='lat' dir='ltr'>no-</span> 
     </span>
    </p>
   </div>
   <div class='ocr_carea' id='block_1_115' title="bbox 2170 5502 3776 5577">
    <p class='ocr_par' dir='ltr' id='par_1_115' title="bbox 2170 5502 3776 5577">
     <span class='ocr_line' id='line_1_115' title="bbox 2170 5502 3776 5577; baseline 0.002 -20"><span class='ocrx_word' id='word_1_836' title='bbox 2170 5504 2319 5558; x_wconf 91' lang='lat' dir='ltr'>mine</span> <span class='ocrx_word' id='word_1_837' title='bbox 2357 5502 2494 5558; x_wconf 90' lang='lat' dir='ltr'>dixit</span> <span class='ocrx_word' id='word_1_838' title='bbox 2524 5520 2536 5556; x_wconf 93' lang='lat'>:</span> <span class='ocrx_word' id='word_1_839' title='bbox 2591 5503 2765 5568; x_wconf 91' lang='lat' dir='ltr'>Quare</span> <span class='ocrx_word' id='word_1_840' title='bbox 2815 5518 2903 5558; x_wconf 90' lang='lat' dir='ltr'>me</span> <span class='ocrx_word' id='word_1_841' title='bbox 2933 5517 3044 5559; x_wconf 91' lang='lat' dir='ltr'>non</span> <span class='ocrx_word' id='word_1_842' title='bbox 3073 5503 3304 5573; x_wconf 88' lang='lat' dir='ltr'>adjuvas</span> <span class='ocrx_word' id='word_1_843' title='bbox 3333 5504 3360 5558; x_wconf 82' lang='lat'><strong><em>?</em></strong></span> <span class='ocrx_word' id='word_1_844' title='bbox 3418 5505 3519 5560; x_wconf 78' lang='lat' dir='ltr'>Cui</span> <span class='ocrx_word' id='word_1_845' title='bbox 3554 5523 3776 5577; x_wconf 88' lang='lat' dir='ltr'>respon-</span> 
     </span>
    </p>
   </div>
   <div class='ocr_carea' id='block_1_116' title="bbox 2171 5591 3778 5664">
    <p class='ocr_par' dir='ltr' id='par_1_116' title="bbox 2171 5591 3778 5664">
     <span class='ocr_line' id='line_1_116' title="bbox 2171 5591 3778 5664; baseline 0.003 -20"><span class='ocrx_word' id='word_1_846' title='bbox 2171 5591 2291 5646; x_wconf 89' lang='lat' dir='ltr'>dit:</span> <span class='ocrx_word' id='word_1_847' title='bbox 2341 5591 2593 5658; x_wconf 88' lang='lat' dir='ltr'>Domine,</span> <span class='ocrx_word' id='word_1_848' title='bbox 2651 5593 2930 5662; x_wconf 89' lang='lat' dir='ltr'>quomodo</span> <span class='ocrx_word' id='word_1_849' title='bbox 2969 5608 3066 5648; x_wconf 87' lang='lat' dir='ltr'>vos</span> <span class='ocrx_word' id='word_1_850' title='bbox 3104 5608 3326 5664; x_wconf 89' lang='lat' dir='ltr'>possum</span> <span class='ocrx_word' id='word_1_851' title='bbox 3383 5594 3693 5662; x_wconf 85' lang='lat' dir='ltr'>adjuvare?</span> <span class='ocrx_word' id='word_1_852' title='bbox 3728 5605 3778 5649; x_wconf 86' lang='lat' dir='ltr'>et</span> 
     </span>
    </p>
   </div>
   <div class='ocr_carea' id='block_1_117' title="bbox 2171 5681 3774 5758">
    <p class='ocr_par' dir='ltr' id='par_1_117' title="bbox 2171 5681 3774 5758">
     <span class='ocr_line' id='line_1_117' title="bbox 2171 5681 3774 5758; baseline 0.003 -23"><span class='ocrx_word' id='word_1_853' title='bbox 2171 5681 2265 5738; x_wconf 89' lang='lat' dir='ltr'>ille</span> <span class='ocrx_word' id='word_1_854' title='bbox 2294 5699 2307 5736; x_wconf 92' lang='lat'><strong>:</strong></span> <span class='ocrx_word' id='word_1_855' title='bbox 2340 5683 2579 5750; x_wconf 89' lang='lat' dir='ltr'>Prende,</span> <span class='ocrx_word' id='word_1_856' title='bbox 2610 5683 2706 5750; x_wconf 89' lang='lat' dir='ltr'>ait,</span> <span class='ocrx_word' id='word_1_857' title='bbox 2739 5684 2887 5740; x_wconf 89' lang='lat' dir='ltr'>illam</span> <span class='ocrx_word' id='word_1_858' title='bbox 2914 5691 3147 5756; x_wconf 86' lang='lat' dir='ltr'>petram,</span> <span class='ocrx_word' id='word_1_859' title='bbox 3175 5701 3301 5758; x_wconf 72' lang='lat' dir='ltr'>quae</span> <span class='ocrx_word' id='word_1_860' title='bbox 3331 5687 3484 5753; x_wconf 86' lang='lat' dir='ltr'>juxta</span> <span class='ocrx_word' id='word_1_861' title='bbox 3515 5697 3567 5745; x_wconf 88' lang='lat' dir='ltr'>te</span> <span class='ocrx_word' id='word_1_862' title='bbox 3597 5697 3697 5754; x_wconf 89' lang='lat' dir='ltr'>est,</span> <span class='ocrx_word' id='word_1_863' title='bbox 3725 5695 3774 5741; x_wconf 92' lang='lat' dir='ltr'>et</span> 
     </span>
    </p>
   </div>
  </div>
