3970 6218
180 291 293 347 193

829 291 1153 346 HISTORle
1194 292 1519 348 ECCLESl/E
1558 295 1884 351 REMENSIS
1927 297 2101 353 LIBRI
2144 298 2469 363 QUATUOR.
2512 331 2582 342 -—
2623 302 2745 357 LIB.
2793 306 2883 359 ΙΙΙ.

3410 306 3515 360 194

182 440 337 498 pone
386 423 537 477 illam
586 423 688 477 sub
737 424 919 494 capite
964 438 1107 479 meo.
1156 425 1271 489 Quo
1326 427 1491 491 facto,
1546 427 1682 484 dixit
1736 429 1805 482 ad
1823 435 1875 501 Α
1904 444 2102 486 vocare
2129 432 2374 503 gestiens
2408 451 2423 499 ;
2452 434 2604 500 item,
2637 434 2707 490 de
2736 436 3014 492 missatico
3036 438 3325 509 suo,quod
3357 455 3516 494 exse-

184 517 448 572 eumdem
482 514 666 569 :Vade
722 516 791 569 ad
851 515 1201 570 Hincmarum
1255 517 1601 588 episcOpum,
1634 526 1688 574 et
1716 519 1807 574 dic

178 609 235 663 ei
264 607 395 679 quia
426 606 577 660 illius
606 615 660 660 et
698 606 932 662 aliorum
980 606 1146 661 ﬁdem
1214 624 1457 664 meorum
1492 610 1638 664 bona
1668 626 1804 665 con-

178 698 312 751 silia
337 711 447 751 non
476 694 762 764 obaudivi,
794 695 922 751 ideo
974 696 1076 750 ista
1137 712 1259 767 quae
1313 698 1466 753 vides
1498 715 1595 769 pro
1625 700 1804 771 culpis

179 789 327 843 meis
346 787 616 853 sustineo,
661 795 716 841 et
746 786 835 841 dic
887 788 965 841 illi
1017 788 1147 859 quia
1176 805 1396 860 semper
1428 790 1481 844 in
1514 791 1607 847 illo
1654 792 1800 848 fidu-

178 880 327 935 ciam
370 879 562 946 habui,
590 887 650 934 ut
689 895 778 933 me
817 879 1067 949 adjuvet,
1123 888 1397 951 quatenus
1423 883 1490 937 de
1515 883 1616 938 ista
1639 900 1803 955 poena

180 972 292 1026 sim
326 972 621 1039 liberatus,
640 978 695 1026 et
715 987 816 1042 per
839 988 1038 1027 omnes
1059 974 1154 1044 qui
1180 974 1315 1029 mihi
1343 975 1565 1032 fuerunt
1587 977 1799 1041 ﬁdeles,

178 1080 250 1118 ex
282 1080 406 1119 mea
436 1071 589 1135 parte
619 1065 859 1134 postulet
888 1072 949 1120 ut
971 1082 1059 1120 me
1088 1066 1351 1133 adjuvent
1384 1087 1397 1131 ;
1432 1070 1561 1140 quia
1594 1070 1637 1123 si
1673 1070 1800 1123 inde

177 1158 467 1206 certamen
500 1152 821 1218 habuerint,
853 1155 965 1210 cito
1002 1155 1070 1209 de
1088 1155 1372 1224 istapcena
1395 1173 1489 1211 ero
1511 1158 1795 1212 liberatus.

176 1240 427 1314 Cumque
458 1242 853 1317 interrogasset
921 1260 1069 1309 eum,
1127 1246 1250 1316 quis
1305 1246 1456 1300 locus
1484 1255 1629 1300 esset
1654 1247 1800 1300 unde

172 1335 273 1390 illa
303 1336 394 1390 lux
434 1335 848 1405 resplendebat,
911 1337 1124 1390 audivit
1177 1346 1489 1391 sanctorum
1551 1354 1670 1392 esse
1703 1355 1798 1391 re-

176 1427 371 1498 quiem
407 1444 420 1492 ;
458 1436 800 1498 conatusque
851 1428 1080 1498 prOpius
1118 1429 1402 1493 accedere,
1436 1430 1570 1484 vidit
1597 1438 1800 1484 tantam

173 1519 508 1584 claritatem,
541 1520 825 1589 sensitque
885 1521 1231 1586 suavitatem,
1285 1529 1604 1592 tantumque
1636 1522 1803 1576 deco-

174 1623 297 1662 rem
323 1607 387 1677 [j,
417 1607 717 1676 dulcorem]
749 1615 1015 1677 quantum
1054 1609 1293 1662 humana
1325 1624 1433 1663 non
1469 1617 1648 1678 potest
1671 1610 1799 1663 edi-

172 1715 309 1753 cere
340 1700 548 1773 lingua.
584 1700 839 1771 Viditque
871 1700 1008 1754 inihi
1061 1702 1479 1756 multitudinem
1510 1702 1794 1757 hominum

174 1787 386 1842 diversi
417 1787 631 1842 ordinis
690 1787 742 1840 in
797 1787 937 1841 albis
993 1789 1240 1844 vestibus
1297 1790 1708 1853 collzetantium,
1744 1799 1797 1845 et

174 1876 432 1947 quaedam
466 1876 883 1942 sedilialucida,
921 1878 973 1930 in
1006 1879 1211 1948 quibus
1246 1894 1410 1933 nemo
1442 1879 1621 1933 adhuc
1637 1880 1800 1933 sede-

174 1965 274 2019 bat
296 1980 485 2018 eorum
514 1965 719 2035 quibus
750 1975 1056 2036 przeparata
1079 1977 1256 2021 erant.
1291 1968 1351 2021 Et
1384 1968 1437 2021 in
1472 1968 1565 2022 illo
1600 1968 1799 2022 itinere

181 2057 467 2127 ingressus
496 2067 578 2110 est
600 2057 889 2112 ecclesiam
946 2059 1262 2129 quamdam,
1298 2060 1352 2113 in
1398 2076 1505 2129 qua
1530 2059 1799 2128 reperisse

177 2149 359 2203 visum
382 2148 489 2202 sibi
523 2157 603 2204 est
662 2150 1011 2205 Hincmarum
1037 2151 1380 2221 episcopum,
1437 2162 1798 2219 praaparatum

179 2256 309 2295 cum
350 2240 568 2295 clericis
600 2243 873 2297 revestitis
896 2250 955 2297 ut
984 2242 1204 2296 missam
1239 2243 1550 2299 celebraret
1586 2263 1599 2309 ;
1635 2246 1801 2300 dixit-

180 2349 291 2405 que
325 2333 403 2387 illi
444 2333 546 2387 hoc
579 2330 727 2402 quod
777 2331 1003 2386 Karolus
1032 2332 1153 2399 ejus
1204 2333 1574 2389 mandaverat.
1611 2335 1799 2389 Statim

182 2440 470 2499 regressus
510 2424 576 2477 ad
621 2424 799 2478 locum
853 2424 945 2477 ubi
1000 2424 1256 2477 eumdem
1310 2440 1494 2497 regem
1521 2427 1798 2494 jacentem

181 2514 418 2577 viderat,
450 2513 663 2567 invenit
692 2529 816 2567 eum
851 2514 907 2566 in
943 2514 1061 2567 loco
1101 2512 1283 2568 lucido
1314 2530 1511 2568 sanum
1543 2532 1796 2587 corpore,

180 2612 236 2659 et
272 2606 526 2661 indutum
586 2607 753 2681 regiis
799 2607 1068 2673 vestibus,
1129 2607 1379 2678 dixitque
1440 2608 1514 2662 illi
1565 2627 1577 2663 :
1634 2610 1799 2665 Vides

182 2694 464 2766 quomodo
504 2712 592 2750 me
639 2696 848 2763 adjuvit
880 2704 1004 2750 tuus
1055 2696 1367 2751 missaticus
1416 2697 1443 2749 ?
1473 2704 1527 2751 et
1578 2707 1795 2754 caetera.

182 2784 353 2848 Quam
382 2784 653 2838 visionem
673 2784 911 2838 domnus
937 2784 1259 2839 Hincmarus
1290 2786 1397 2839 sibi
1440 2788 1665 2841 relatam
1701 2788 1801 2842 de-

179 2874 453 2940 scribens,
483 2882 537 2928 et
559 2890 657 2944 per
702 2874 819 2928 loca
857 2873 951 2928 ubi
1011 2889 1236 2929 necesse
1268 2875 1445 2929 visum
1484 2884 1567 2930 est
1629 2893 1802 2948 expo—

180 2982 342 3030 nens,
376 2967 442 3020 ad
476 2967 770 3021 multorum
814 2966 1063 3021 notitiam
1096 2966 1387 3037 pervenire
1420 2967 1570 3033 fecit,
1608 2976 1662 3022 et
1693 2977 1800 3023 tam

180 3070 284 3125 per
300 3070 361 3108 se
387 3071 553 3126 quam
586 3072 683 3125 per
744 3056 881 3110 alios
910 3056 1052 3128 regis
1081 3054 1263 3109 ﬁdelis
1293 3056 1397 3109 sibi
1424 3072 1643 3128 quoque
1660 3059 1797 3113 sub-

1905 528 2062 577 cutus
2083 530 2167 577 est
2196 525 2341 594 apud
2394 525 2706 581 Lotharium
2759 528 3167 599 imperatorem,
3200 538 3256 585 et
3282 531 3516 586 Ludovi-

1904 628 2027 667 cum
2071 615 2595 681 Transrhenensem,
2648 616 2844 673 fratres
2920 619 3095 690 ipsius
3152 620 3351 683 Karoli,
3414 636 3513 691 pro

1906 712 2064 775 pacto
2096 708 2245 776 pacis
2273 707 2416 762 inter
2448 709 2673 764 eosdem
2720 717 2829 764 tres
2856 710 3052 765 fratres
3083 713 3509 783 componendo;

1905 792 2031 848 item
2063 796 2223 850 aliam
2256 797 2544 867 epistolam
2586 799 2654 854 de
2683 798 2876 852 eadem
2909 816 2989 867 re,
3023 800 3078 853 in
3122 816 3230 871 qua
3258 802 3512 856 eumdem

1904 903 2089 959 regem
2121 889 2375 945 Karolum
2408 891 2682 957 instruxit,
2716 892 2953 963 qualiter
2982 909 3145 967 agere
3177 910 3305 967 erga
3320 896 3513 952 fratres

1903 995 2032 1036 suos
2044 982 2553 1055 deberetsimulque
2579 984 2649 1037 de
2672 986 2993 1056 reeeptione
3012 987 3095 1042 vel
3115 988 3410 1055 rejectione
3426 1004 3516 1044 eo-

1903 1084 2044 1131 rum,
2065 1070 2135 1125 de
2160 1070 2364 1141 quibus
2376 1072 2513 1126 ratio
2526 1072 2931 1137 ventilabatur;
2956 1074 3085 1129 item
3142 1076 3210 1131 de
3232 1093 3395 1131 causa
3416 1078 3514 1132 Lo-

1904 1160 2064 1214 tharii
2083 1161 2615 1230 imperatorisfratris
2630 1166 3067 1238 ipsius,qualiter
3081 1168 3515 1224 Romaehabeba—

1904 1258 2009 1313 tur,
2043 1260 2093 1305 et
2111 1254 2330 1323 quando
2345 1260 2607 1310 venturus
2620 1265 2763 1311 esset
2784 1257 2839 1311 in
2870 1258 3511 1328 istaspartes.lnstruens

1903 1339 2067 1393 etiam
2101 1341 2247 1395 hunc
2278 1359 2486 1415 regem,
2522 1345 2741 1415 qualem
2774 1362 2831 1400 se
2865 1355 2971 1401 tam
3005 1363 3186 1403 coram
3220 1349 3330 1404 Deo
3348 1366 3510 1421 quam

1903 1430 2069 1483 etiam
2123 1448 2305 1486 coram
2358 1436 2680 1491 hominibus
2733 1439 2997 1492 exhibere
3056 1440 3303 1494 deberet.
3360 1442 3513 1496 Unde

1904 1522 2149 1593 reginam
2179 1541 2400 1596 quoque
2450 1529 2734 1596 admonet,
2774 1540 2833 1585 ut
2881 1547 3062 1603 regem
3112 1534 3181 1586 ad
3226 1534 3511 1589 honestam

1902 1616 1957 1663 et
1989 1612 2100 1682 regi
2126 1628 2420 1685 congruam
2444 1617 2661 1671 studeat
2700 1620 2971 1673 exhortari
3007 1623 3513 1689 conversationem;

1905 1702 2056 1765 item,
2121 1704 2190 1757 de
2218 1705 2468 1759 militaris
2528 1709 2603 1761 rei
2661 1710 3045 1779 dispositione,
3105 1729 3203 1783 pro
3251 1715 3513 1769 solvenda

1904 1794 2247 1849 Belvacensis
2276 1796 2431 1850 urbis
2461 1798 2775 1867 obsidione,
2811 1803 2863 1857 in
2887 1821 2995 1874 qua
3023 1804 3314 1877 designare
3354 1823 3515 1862 cura-

1899 1881 1994 1941 vit,
2026 1882 2262 1952 qualiter
2309 1884 2607 1941 Ecclesiam
2665 1889 2769 1942 sibi
2839 1891 3187 1946 commissam
3232 1900 3508 1962 tractaret,

1901 1972 2301 2029 ecclesiasticas
2358 1976 2571 2032 scilicet
2620 1980 2868 2035 actiones
2927 1998 3024 2052 per
3053 1986 3510 2041 monasteriorum

1903 2063 2248 2131 praepositos,
2298 2070 2352 2117 et
2393 2066 2922 2139 areliipresbyteros,
2956 2086 3140 2126 curam
3174 2072 3425 2128 villarum
3449 2091 3512 2129 ac

1903 2149 2285 2220 dispositionis
2343 2154 2559 2221 domus,
2626 2157 3006 2231 regaliumque
3061 2163 3405 2218 servitiorum
3462 2172 3516 2219 et

1904 2242 2201 2311 hospitum,
2234 2246 2602 2317 querelasque
2659 2249 3013 2307 clamantium
3044 2254 3128 2309 vel
3153 2255 3516 2327 interpellan-

1904 2330 2061 2392 tium,
2090 2348 2187 2401 per
2214 2332 2569 2392 fidelissimos
2614 2337 2785 2394 laicos
2814 2359 2828 2406 ;
2858 2341 3010 2408 item,
3066 2343 3133 2398 de
3188 2344 3382 2401 itinere
3446 2350 3514 2403 ad

1902 2420 2245 2488 superiorem
2294 2422 2596 2490 Franciam,
2640 2428 2874 2498 qualiter
2903 2431 3252 2501 disponatur,
3286 2443 3339 2489 et
3378 2453 3521 2507 quo-

1902 2511 2064 2564 modo
2094 2528 2322 2584 regnum
2356 2516 2501 2569 istud
2533 2519 2842 2575 ordinatum
2878 2522 3183 2579 dimittatur
3214 2544 3228 2591 ;
3262 2527 3416 2597 item,
3450 2530 3518 2585 de

1901 2602 2111 2670 synodo
2134 2620 2295 2673 quam
2326 2607 2685 2678 praecipiebat
2738 2628 2831 2665 rex
2863 2618 3152 2670 convocari
3186 2617 3326 2673 infra
3353 2637 3518 2690 paro-

1901 2689 2077 2744 chiam
2108 2692 2454 2754 Remensem.
2520 2700 2820 2755 ostendens
2849 2703 3053 2773 quibus
3084 2720 3148 2759 ex
3177 2689 3362 2763 causis
3379 2726 3517 2764 con-

1902 2780 2081 2832 vocari
2114 2781 2316 2837 debeat
2339 2786 2601 2853 synodus,
2635 2795 2689 2843 et
2733 2790 2800 2845 de
2843 2791 2967 2845 aliis
2995 2793 3332 2864 quibusdam
3361 2800 3518 2853 utili—

1906 2868 2007 2923 bus
2033 2870 2198 2926 rebus
2231 2891 2243 2927 :
2270 2874 2398 2930 item
2431 2876 2501 2931 de
2531 2894 2697 2932 causa
2728 2879 3204 2938 Hilduiniabhatis
3227 2884 3468 2943 defuncti
3500 2909 3514 2955 ;

1904 2960 2056 3027 item,
2087 2963 2155 3017 de
2211 2982 2377 3022 causa
2436 2967 2661 3023 Gerardi
2720 2972 2977 3039 comitis;
3022 2974 3173 3042 item,
3229 2975 3298 3029 de
3353 2992 3517 3030 causa

1904 3052 2163 3109 Ludovici
2192 3058 2337 3130 regis
2390 3059 2695 3116 Germanize
2743 3062 2924 3118 fratris
2981 3066 3228 3132 ejusdem
3289 3066 3517 3133 Karoli;

174 3119 379 3214 jectos,
406 3119 511 3216 pro
538 3119 714 3217 ipsius
736 3119 1083 3203 absolutione
1105 3148 1323 3210 animae,
1352 3158 1408 3202 et
1436 3148 1796 3219 adipiscenda
1825 3119 1873 3188 Ο
1898 3140 2049 3204 item,
2085 3143 2153 3197 de
2185 3160 2350 3198 causa
2383 3146 2623 3202 Lotharii
2659 3151 2804 3222 regis
2863 3152 3052 3222 ltalize,
3076 3155 3297 3225 nepotis
3342 3156 3519 3227 ipsius

181 3240 399 3309 requie,
422 3239 508 3308 pie
540 3238 891 3311 fideliterque
925 3240 1219 3295 laboravit.

257 3327 408 3380 Idem
436 3343 564 3381 vero
591 3328 791 3397 praesul
823 3328 890 3382 de
938 3328 1129 3382 multis
1170 3329 1284 3403 regi
1336 3330 1668 3385 necessariis
1690 3346 1795 3385 saa-

180 3420 413 3490 pissime
440 3420 789 3492 suggerebat.
854 3422 1001 3475 Inter
1030 3436 1151 3491 quae
1211 3420 1406 3476 scribit
1435 3421 1503 3475 ad
1533 3438 1659 3476 eum
1695 3437 1792 3492 pro

180 3508 455 3563 electione
496 3510 844 3564 Belvacensis
900 3510 1169 3580 episcopi,
1199 3519 1323 3580 post
1360 3510 1574 3564 obitum
1609 3511 1797 3565 Hilde-

181 3601 374 3655 manni
406 3602 653 3672 pnesulis
676 3602 849 3672 ipsius
878 3602 1050 3656 urbis.
1086 3603 1144 3656 In
1186 3618 1295 3672 qua
1327 3603 1563 3673 epistola
1608 3617 1794 3675 regem

179 3690 427 3744 studeta
483 3689 791 3745 Simoniaca
849 3690 1045 3744 haeresi
1103 3706 1479 3762 compescere,
1541 3707 1798 3746 asserens

180 3778 293 3834 sibi
315 3780 491 3834 multo
538 3779 829 3834 amabilius
858 3795 977 3834 esse
1010 3780 1172 3834 istum
1201 3781 1579 3851 episcopatum
1596 3796 1797 3835 secun-

179 3874 313 3927 dum
348 3871 605 3927 saeculum
664 3871 959 3935 dimittere,
1019 3889 1182 3943 quam
1248 3873 1573 3943 episcopum
1607 3880 1798 3928 contra

178 3964 504 4020 canonicam
535 3963 937 4018 institutionem
957 3978 1068 4018 non
1114 3970 1220 4017 tam
1250 3963 1609 4029 benedicere,
1631 3980 1794 4034 quam

180 4061 390 4109 aeterna
420 4070 604 4109 secum
663 4054 1051 4109 maledictione
1097 4054 1431 4109 maledicere
1466 4073 1479 4119 ;
1515 4056 1667 4121 item,
1698 4071 1797 4125 pro

180 4144 346 4204 cella,
384 4144 471 4198 vel
508 4144 845 4199 monasterio
889 4143 1160 4209 Flaviaco,
1193 4144 1341 4214 quod
1368 4143 1513 4198 idem
1544 4160 1636 4198 rex
1665 4144 1793 4210 sibi,

182 4232 316 4287 dum
350 4232 407 4285 in
429 4232 605 4302 ipsius
635 4239 763 4287 ante
792 4232 1171 4302 episcopatum
1204 4240 1512 4287 moraretur
1546 4233 1794 4296 servitio,

182 4325 507 4388 donaverat,
552 4328 607 4376 et
627 4328 686 4376 ut
716 4322 774 4375 in
801 4321 909 4375 vita
939 4336 1037 4375 sua
1081 4320 1219 4374 illud
1251 4327 1487 4384 teneret,
1521 4330 1797 4392 przecepto

180 4414 624 4479 conﬁrmaverat,
672 4413 935 4485 quodque
960 4428 991 4466 a
1022 4413 1261 4483 quodam
1296 4412 1550 4468 invasere
1582 4413 1797 4468 destru-

1897 3227 2074 3283 Karoli
2106 3248 2118 3295 ;
2148 3233 2298 3296 item,
2334 3234 2400 3287 de
2431 3250 2597 3305 Opera
2648 3240 2851 3306 pontis,
2908 3258 3069 3310 quem
3105 3260 3194 3295 rex
3236 3260 3358 3297 cum
3396 3246 3516 3315 ipso

1896 3335 1958 3373 ac
1988 3322 2201 3375 caeteris
2232 3324 2513 3379 nonnullis
2540 3325 2803 3381 fidelibus
2834 3330 2949 3383 suis
2979 3332 3213 3387 faciebat
3248 3335 3315 3387 ad
3342 3334 3515 3390 Pistas

1900 3411 1955 3464 in
1983 3410 2270 3481 Sequana;
2306 3412 2456 3477 item,
2496 3414 2565 3467 de
2612 3430 2777 3471 causa
2828 3418 3098 3475 Hincmari
3132 3424 3349 3491 nepotis
3395 3425 3505 3491 sui,

1898 3501 2101 3557 montis
2134 3503 2380 3556 Lauduni
2442 3506 2713 3576 episcopi,
2772 3509 2960 3578 plures
3000 3513 3191 3565 scribit
3230 3512 3514 3583 epistolas,

1899 3606 1998 3661 pro
2022 3607 2131 3661 quo
2185 3592 2416 3646 multum
2477 3594 2623 3663 apud
2669 3597 2927 3650 eumdem
2982 3614 3163 3672 regem
3196 3601 3513 3671 laboravit;

1899 3682 2137 3749 item,de
2169 3682 2485 3738 infirmitate
2516 3702 2636 3751 sua,
2698 3693 2750 3740 et
2803 3687 2872 3741 de
2926 3690 3236 3763 peregrinis
3267 3693 3512 3762 quibus-

1899 3774 2022 3827 dam
2056 3775 2341 3830 monachis
2394 3777 2767 3847 suscipiendis
2799 3797 2812 3844 ;
2840 3780 2989 3846 item,
3041 3782 3109 3835 de
3144 3782 3308 3836 rebus
3338 3789 3513 3841 sancti

1900 3864 2133 3937 Remigii
2163 3866 2284 3920 sitis
2315 3866 2369 3919 in
2394 3867 2675 3937 provincia
2718 3867 3039 3935 Viennensi,
3102 3869 3188 3923 vel
3218 3873 3460 3941 Aquensi
3497 3893 3510 3940 ;

1901 3956 2049 4022 item,
2084 3958 2151 4010 de
2211 3957 2658 4013 ordinationibus
2706 3960 3067 4030 quorumdam
3128 3960 3513 4031 episcoporum

1899 4048 2352 4103 etnonnullarum
2387 4052 2784 4118 ecclesiarum;
2820 4055 2970 4117 item,
3024 4058 3091 4109 de
3126 4055 3518 4126 itinereipsius

1899 4140 2044 4214 regis
2069 4142 2135 4196 ad
2162 4144 2369 4197 Italiam
2420 4153 2542 4215 post
2590 4155 2819 4201 mortem
2854 4150 3071 4218 nepotis
3119 4149 3239 4215 ejus
3265 4149 3515 4219 impera-

1899 4230 2032 4283 toris
2089 4232 2372 4298 Ludovici,
2443 4236 2730 4304 quomodo
2791 4237 2893 4290 iter
2937 4237 3069 4290 illud
3127 4236 3403 4307 disponat,
3464 4249 3517 4294 et

1899 4322 2177 4391 quomodo
2234 4340 2461 4397 regnum
2519 4326 2662 4380 istud
2694 4326 3007 4381 ordinatum
3040 4328 3280 4381 dimittat
3313 4347 3325 4391 ;
3362 4330 3513 4397 item,

1899 4413 1967 4467 de
1990 4413 2390 4485 quaestionibus
2413 4416 2696 4483 cujusdam
2728 4418 3034 4473 Mancionis
3069 4438 3082 4484 ;
3117 4420 3267 4481 item,
3294 4421 3363 4475 de
3389 4422 3515 4477 villa

178 4512 329 4559 ctum
362 4509 713 4565 restruxerat,
745 4511 800 4556 et
838 4502 1188 4574 religionem,
1219 4508 1377 4571 prout
1434 4502 1625 4567 valuit,
1660 4502 1715 4555 in
1736 4487 1877 4557 coD
1903 4508 2223 4573 Novilliaco,
2258 4516 2312 4564 et
2338 4509 2506 4563 rebus
2536 4509 2603 4563 ad
2660 4510 2832 4581 ipsam
2868 4512 3273 4580 pertinentibus
3308 4532 3321 4578 ;
3354 4513 3509 4578 item,

180 4601 604 4660 restauraverat,
636 4594 782 4665 quod
830 4601 1022 4664 postea
1067 4610 1161 4647 rex
1198 4593 1342 4648 idem
1375 4594 1685 4649 conabatur
1714 4594 1802 4648 in-

174 4693 326 4761 juste
353 4707 383 4744 a
416 4689 541 4758 jure
597 4689 771 4760 ipsius
800 4688 1013 4743 auferre
1049 4707 1062 4754 ;
1106 4689 1256 4753 item,
1297 4704 1394 4758 pro
1435 4689 1673 4759 quodam
1708 4704 1799 4743 re-

182 4782 336 4857 fuga,
369 4782 461 4853 qui
483 4780 776 4853 quamdam
797 4780 1271 4836 sanctimonialem
1289 4779 1396 4834 sibi
1420 4781 1797 4851 cepulaverat,

181 4889 492 4949 suggerens
523 4874 663 4947 regi,
694 4879 753 4927 ut
781 4889 907 4927 eum
939 4872 1339 4943 comprehendi
1366 4871 1594 4938 faceret,
1632 4882 1799 4945 atque

180 4983 283 5023 sua
314 4968 465 5041 regia
493 4972 765 5037 potestate
795 4974 1079 5037 separaret
1127 4965 1196 5019 ab
1228 4966 1332 5020 hoc
1380 4966 1634 5033 crimine,
1669 4966 1799 5038 quia

183 5056 305 5127 ipse
327 5062 605 5126 stuprator
659 5054 960 5125 episcopali
983 5053 1196 5123 judicio
1234 5060 1490 5108 renuerat
1519 5054 1747 5109 obedire
1782 5073 1795 5120 ;

184 5150 337 5217 item,
394 5164 494 5220 pro
547 5163 709 5202 causa
738 5146 972 5201 Rothadi
1036 5147 1178 5217 [ms..
1210 5146 1490 5217 Rothardi]
1527 5147 1796 5217 episcOpi,

183 5254 350 5309 quem
373 5253 466 5291 rex
516 5236 585 5290 ad
628 5250 822 5289 causas
852 5250 979 5289 suas
1016 5242 1321 5301 vocaverat,
1374 5241 1428 5289 et
1475 5234 1798 5289 advocatum

182 5331 427 5404 dirigere
449 5333 807 5400 praeceperat,
844 5328 936 5399 qui
988 5329 1354 5398 responderet
1392 5334 1583 5382 contra
1613 5328 1798 5382 homi-

180 5438 311 5476 nem
345 5418 644 5492 quemdam
677 5416 851 5486 ipsius
897 5418 1131 5472 Rothadi
1162 5418 1231 5471 de
1285 5415 1560 5472 beneficio
1599 5416 1797 5486 ipsius,

180 5511 330 5565 unde
353 5510 503 5563 inter
532 5521 630 5561 eos
667 5521 831 5560 causa
879 5506 1216 5568 versabatur,
1274 5521 1372 5576 pro
1403 5520 1511 5575 qua
1538 5520 1597 5557 re
1627 5503 1801 5558 subti-

177 5600 304 5656 liter
330 5614 396 5654 ac
438 5595 743 5668 diligenter
795 5594 1048 5648 eumdem
1104 5609 1287 5666 regem
1329 5591 1702 5663 reprehendit,
1730 5593 1798 5647 ab

174 5690 279 5747 hac
310 5683 655 5747 intentione,
689 5681 1291 5739 sacrisauctoritatibus
1308 5680 1670 5752 interpositis,
1710 5696 1801 5735 re-

1903 4613 2001 4668 pro
2033 4596 2230 4652 litteris
2256 4598 2513 4652 Ludovici
2537 4598 2685 4669 regis
2714 4599 2895 4653 fratris
2923 4599 3101 4669 ipsius
3134 4601 3333 4667 Karoli,
3375 4619 3514 4673 quas

1903 4686 1977 4740 illi
2037 4702 2134 4758 pro
2183 4687 2416 4755 visione,
2484 4705 2593 4760 qua
2639 4696 2793 4759 pater
2838 4705 2970 4742 suus
3019 4690 3124 4743 sibi
3166 4690 3439 4761 apparuit,
3464 4700 3517 4746 et

1900 4775 2143 4838 miserat,
2171 4793 2401 4848 quarum
2440 4779 2720 4850 exemplar
2769 4778 3070 4832 transmisit
3091 4779 3271 4833 eidem
3297 4780 3513 4848 Karolo,

1900 4885 2021 4924 cum
2047 4874 2347 4942 exemplari
2383 4874 2653 4945 epistolre,
2707 4890 2869 4946 quam
2922 4889 3021 4944 pro
3054 4875 3155 4929 hac
3186 4891 3245 4929 re
3274 4875 3379 4946 ipsi
3401 4875 3511 4930 Lu-

1901 4958 2095 5013 dovico
2135 4959 2408 5015 direxerat
2469 4980 2482 5026 ;
2527 4962 2679 5028 item,
2746 4978 2845 5034 pro
2902 4978 3069 5018 causa
3112 4962 3354 5016 Waltarii
3412 4964 3513 5018 de-

1900 5046 2094 5113 functi,
2153 5050 2256 5102 viri
2307 5050 2618 5113 clarissimi,
2680 5061 2733 5106 et
2773 5052 2842 5106 de
2900 5050 3138 5124 imagine
3168 5052 3509 5119 Salvatoris;

1900 5141 2053 5206 item,
2088 5157 2187 5210 pro
2233 5157 2397 5195 causa
2456 5142 2929 5210 Laudunensium,
2991 5151 3043 5198 et
3091 5143 3399 5199 ordinando
3430 5143 3513 5198 eis

1903 5228 2164 5301 pontiﬁce
2213 5238 2339 5299 post
2364 5230 2732 5297 dejectionem
2793 5233 3065 5287 Hincmari
3094 5251 3108 5299 ;
3145 5234 3294 5299 item,
3324 5233 3393 5286 de
3416 5249 3511 5287 ea-

1902 5321 2027 5373 dem
2060 5334 2119 5373 re
2150 5335 2163 5383 ;
2190 5317 2341 5382 item,
2377 5318 2446 5371 de
2478 5320 2734 5389 passione
2766 5322 2938 5375 sancti
2972 5322 3216 5393 Dionysii
3248 5339 3277 5376 a
3303 5322 3513 5377 Metho-

1903 5413 1993 5467 dio
2027 5410 2636 5481 Constantinopolitano
2682 5412 2865 5465 Graece
2912 5412 3137 5480 dictata,
3189 5420 3240 5467 et
3270 5412 3338 5467 ab
3370 5414 3513 5469 Ana-

1901 5505 2089 5572 stasio,
2144 5504 2399 5559 Romanae
2451 5503 2599 5557 sedis
2648 5502 3076 5557 bibliothecario
3136 5503 3324 5559 Latine
3378 5522 3510 5561 eon-

1901 5592 2124 5663 scripta,
2157 5599 2211 5649 et
2241 5592 2309 5647 de
2330 5592 2439 5647 vita
2455 5592 2540 5647 vel
2567 5589 2781 5646 actibus
2808 5589 2955 5644 beati
2987 5592 3254 5658 Sanctini,
3287 5600 3342 5649 et
3375 5593 3508 5664 quid

1902 5679 1957 5735 in
1983 5681 2069 5736 his
2102 5680 2379 5738 invenerit
2435 5681 2504 5738 de
2557 5679 3078 5739 commemoratione
3107 5681 3159 5737 S.
3212 5682 3456 5754 Dionysii
3491 5698 3507 5749 ;
