3970 6218
1557 216 1922 277 FLODOARDI
1965 206 2268 266 CANONICI
2310 199 2638 259 REMENStS
3675 181 3700 230 1
3715 177 3798 232 96

441 256 550 312 195

437 396 684 465 item,de
726 388 871 446 villis
926 380 1098 437 sancti
1153 371 1385 440 Remigii
1440 370 1495 423 in

435 457 612 558 usque
667 481 734 535 ad
795 477 846 530 id
906 468 1170 540 temporis
1224 464 1333 518 sint
1385 457 1607 514 habitae.

437 533 657 647 quoque
689 567 856 623 rebus
899 562 1020 616 aliis
1051 557 1297 611 diversas
1354 549 1421 604 ad
1453 543 1708 601 eumdem
1741 537 1894 593 dedit
1928 533 2048 604 epi-

439 662 629 719 stolas.

1544 367 1777 437 Vosago,
1807 357 2045 431 qualiter
2069 357 2121 423 Α
2147 347 2472 421 petitionem
2494 341 2668 412 ipsius
2692 337 2858 411 regis,
2891 334 2962 388 de
2994 328 3326 404 quibusdam
3359 319 3799 396 quaestionibus

1661 417 1763 506 Ρῖο
1817 417 2047 502 diversis
2069 417 2121 423 κ
2147 417 2314 510 super
2343 435 2548 508 quibus
2596 430 2772 485 fuerat
2826 428 3204 496 interrogatus
3229 419 3298 474 ab
3341 417 3462 488 ipso
3503 427 3614 484 pro
3635 425 3802 481 quo-

2149 528 2273 581 dam
2306 506 2574 585 Fulcrico,
2597 517 2838 573 reddens
2868 514 2918 569 ei
2953 511 3222 566 rationem
3269 506 3520 579 dignam,
3551 516 3659 553 cur
3680 514 3796 551 ex-

2150 612 2639 676 communicaverit
2685 610 2887 680 ipsum,
2916 620 3082 676 quem
3127 600 3231 656 sub
3263 598 3500 654 obtentu
3531 590 3804 648 absolvit

2153 707 2379 781 agendae
2412 678 2757 775 pmnitentiie
2789 696 2973 759 ;item,
2998 705 3097 763 pro
3111 688 3346 744 tuitione
3363 701 3426 739 ac
3441 678 3801 737 defensione

2155 812 2337 853 rerum
2368 789 2656 848 Remensis
2701 783 2954 840 ecclesiae
3005 779 3060 833 in
3115 773 3415 847 Thoringia
3465 768 3802 835 conjacen-

2157 887 2293 942 tium
2326 883 2519 948 ;item,
2552 877 2622 932 de
2661 871 2990 946 pervasione
3038 865 3192 935 regni
3223 859 3473 925 fraterni,
3506 855 3715 929 dignis
3749 862 3807 905 et

2158 975 2412 1032 utillimis
2436 973 2486 1026 ei
2517 971 2622 1024 hoc
2652 963 2982 1020 dissuadens
3010 952 3515 1015 admonitionibus,
3543 964 3622 1002 ne
3649 945 3710 999 id
3734 944 3803 998 ad

2159 1084 2314 1124 suam
2354 1063 2706 1139 aggrediatur
2735 1053 3186 1112 damnationem;
3219 1047 3374 1110 item,
3403 1042 3574 1096 aliam
3606 1039 3682 1091 de
3699 1037 3807 1089 hac

2161 1160 2355 1216 eadem
2385 1175 2442 1212 re
2467 1170 2588 1210 cum
2622 1149 2840 1205 caeteris
2862 1144 3016 1219 regni
3032 1140 3197 1208 hujus
3225 1134 3506 1208 episcOpis
3528 1132 3608 1186 ad
3637 1145 3810 1185 eum-

2164 1254 2288 1307 dem
2339 1263 2525 1320 regem
2579 1241 2773 1299 scribit
2829 1235 3144 1308 epistolam,
3175 1226 3480 1302 episcopali
3519 1222 3807 1277 modera-

2160 1342 2307 1396 tione
2339 1337 2596 1392 refertam
2634 1351 2648 1397 ;
2682 1331 2834 1392 item,
2895 1323 3066 1380 semel
3096 1337 3161 1376 ac
3207 1315 3459 1374 secundo
3491 1313 3567 1368 ad
3604 1311 3803 1381 ipsum

451 1401 701 1433 °J“°“‘““
737 1401 1018 1426 ""r"""'-
1091 1401 1102 1413 ι
1689 1401 1695 1402 ,

451 1451 632 1522 cipiis,
686 1455 1001 1517 pr0poneus
1045 1436 1094 1489 ei
1147 1429 1398 1498 exempla
1431 1423 1899 1522 praedecessorum
1931 1426 2062 1511 suo:
2165 1449 2266 1505 per
2292 1447 2372 1496 se,
2403 1429 2472 1482 de
2500 1425 2590 1479 his
2619 1440 2740 1495 qua,
2798 1417 3159 1474 mandaverat
3217 1411 3285 1465 ab
3332 1423 3399 1462 eo
3431 1404 3556 1460 ﬁeri
3620 1402 3682 1455 in
3707 1401 3812 1454 δά,

1945 1519 2056 1522 "'“‘
2488 1518 2515 1522 ξ
2629 1515 2638 1522 -
2785 1519 2792 1522 λ
3012 1507 3021 1516 -
3104 1511 3116 1522 ι
3171 1499 3495 1522 λτ,,,,,,,ι,,,,
3559 1510 3674 1522 ,κΛῆ
3714 1492 3807 1522 ,ηις

453 1492 632 1522 mpm,
687 1492 924 1517 ,,.-,v--,-
1313 1492 1322 1498 _
1431 1492 1445 1496 _

453 1560 597 1606 ιίιπιν
620 1549 674 1593 οι
704 1539 988 1590 ίηδῐτυοηε
1035 1542 1160 1581 eum
1193 1538 1295 1593 Per
1348 1516 1587 1588 capitula
1618 1512 1688 1606 de
1712 1509 1872 1606 ‘justo
1906 1502 2060 1604 regni
2163 1533 2330 1578 ventu
2356 1535 2455 1574 suo
2487 1492 2693 1575 Remis,
2740 1519 2801 1566 ut
2840 1524 2949 1564 non
2979 1507 3122 1560 sicut
3162 1499 3527 1572 disponebat,
3559 1510 3677 1548 nec
3714 1492 3807 1546 tali

455 1583 597 1606 ......,
622 1583 674 1593 ν.
706 1583 935 1590 .-----_,,
976 1583 979 1584 ,
1197 1583 1208 1593 _
1417 1583 1430 1588 _

455 1632 747 1706 regimine,
779 1634 831 1680 et
853 1626 1061 1678 honore
1115 1621 1344 1706 sanam”
1369 1609 1462 1664 θθί
1486 1697 1498 1706 _
1523 1601 1796 1701 Εθθιθβίίθο
1826 1595 2066 1706 “fateri?
2098 1624 2143 1690 Β
2170 1610 2386 1666 veniret
2442 1615 2692 1677 tempore
2743 1599 2873 1670 quia
2910 1597 3276 1664 incongruum
3308 1595 3473 1643 esset.
3511 1594 3571 1638 et
3604 1583 3811 1636 anima?

1903 1703 1918 1706 ‘
2308 1697 2317 1706 '
2549 1701 2559 1706 -
2724 1705 2727 1706 ν
2770 1688 2923 1706 νει-μ-
2956 1683 3018 1706 --ι
3043 1679 3296 1706 “mutam
3315 1674 3558 1706 mmmam-
3581 1671 3659 1706 (In
3679 1683 3811 1706 nann

457 1671 747 1706 ιυδ.......ν,
781 1671 831 1680 ν-
855 1671 1053 1678 ,

457 1739 565 1795 (ιυο
596 1718 701 1774 Sibi
732 1732 795 1770 ac
825 1725 995 1785 Γυὲηο
1050 1701 1380 1795 necessariis
1426 1697 1590 1795 rebus
1615 1713 1629 1758 ;
1673 1692 1823 1754 item,
1857 1688 1924 1740 de
1947 1683 2069 1795 qlll'l-
2098 1671 2143 1690 υ
2173 1714 2284 1752 sum
2308 1697 2740 1765 inopportunum
2765 1688 2929 1752 ;item
2955 1683 3021 1737 ad
3041 1679 3298 1736 eumdem
3313 1674 3558 1746 qualiter
3581 1671 3660 1724 de
3678 1683 3813 1741 pace

1879 1788 2018 1795 “u'
2047 1787 2069 1795 ’“
2179 1791 2188 1795 ’
2350 1787 2360 1795 ⁵
2596 1791 2604 1795 Α
2672 1781 2692 1795 ¹“
2754 1788 2765 1795 -
2925 1775 3034 1795 -ε---
3071 1769 3320 1795 linat-mn
3355 1761 3705 1795 αιηικηςοηιιο
3737 1761 3813 1795 ι,-

1051 712 1258 770 CAPUT
1309 709 1442 764 XIX.

608 803 734 868 Qua:
764 793 1030 852 Ludovico
1055 787 1290 856 ejusdem
1305 779 1493 836 Karoli
1513 778 1622 846 ﬁlio
1648 770 1883 840 scripsit.

517 919 672 978 Item,
704 911 772 965 ad
806 905 1136 962 Ludovicum
1169 895 1389 966 (Ludo-v.
1452 889 1630 958 Balb.)
1664 898 1849 956 regem
1882 876 2053 978 filiuni

444 1006 606 1074 hujus
656 997 856 1060 Karoli,
914 1007 1078 1064 quem
1145 989 1374 1041 unxerat
1402 988 1457 1034 et
1493 975 1933 1032 consecraverat,
1987 963 2056 1017 de

1274 1073 1279 1074 ν
1397 1069 1407 1074 -
1617 1063 1628 1074 .
1715 1061 1744 1074 ..
1876 1053 2055 1074 Hm“-

447 1053 604 1074 π’·δ-ν
657 1053 689 1055 -ί
846 1053 853 1060 ν
933 1053 948 1064 .

444 1094 694 1162 conjecto
749 1079 1075 1140 Normannis
1138 1073 1366 1134 dando;
1397 1069 1548 1129 item,
1600 1063 1668 1116 de
1695 1053 2058 1128 disponendis

446 1147 603 1260 regni
657 1175 1008 1236 utilitatibus,
1062 1177 1116 1224 et
1189 1160 1540 1220 ordinatione
1599 1162 1762 1225 atque
1829 1147 2058 1204 consilio

448 1238 618 1348 paTris
663 1263 1008 1338 imperatoris
1089 1253 1422 1327 sequendo;
1479 1249 1632 1310 item,
1682 1250 1806 1313 post
1847 1238 2058 1293 obitum

451 1325 610 1348 r""”
745 1325 756 1338 ι
1174 1325 1185 1327 -

451 1362 701 1433 ejusdem
736 1349 1102 1426 imperatoris,
1136 1346 1204 1398 de
1256 1337 1581 1396 ordinandis
1622 1331 1775 1402 regni
1798 1326 1882 1383 sui
1908 1325 2057 1396 prin-

461 1771 690 1867 busdam
724 1771 1214 1876 praesuumptoribus
1238 1784 1605 1858 corrigendis,
1635 1787 1688 1835 et
1719 1771 2074 1847 temperanda

463 1913 695 1955 censura
725 1885 1103 1948 correctionis,
1126 1889 1180 1936 et
1203 1879 1327 1932 aliis
1354 1866 1842 1930 commoditatibus
1875 1881 1888 1928 ;
1925 1862 2074 1920 item,

466 2003 534 2042 ne
565 1982 848 2056 quippiam
915 1981 1103 2029 contra
1161 1965 1455 2023 canonicas
1513 1959 1799 2014 moliretur
1839 1949 2076 2023 regulas,

469 2095 569 2133 nec
591 2071 794 2131 alicubi
829 2070 932 2123 hoc
959 2065 1343 2136 episcoporum
1377 2053 1721 2127 praeciperet,
1747 2063 1817 2101 ne
1849 2051 2081 2098 senten-

469 2169 599 2224 tiam
626 2163 866 2218 divinam
918 2157 1221 2210 incurreret
1278 2165 1292 2212 ;
1354 2147 1510 2206 item,
1565 2137 1800 2211 qualiter
1829 2145 2082 2188 commo-

469 2258 650 2314 nuerit
679 2272 744 2310 cx
775 2254 1051 2323 pnecepto
1101 2241 1249 2316 regis
1305 2237 1480 2308 ipsius
1511 2234 1796 2304 Hugonem
1840 2220 2079 2279 Lotharii

471 2347 616 2420 regis
676 2309 872 2404 filium,
904 2309 1070 2404 super
1118 2309 1424 2383 malefactis
1473 2336 1593 2392 quae
1644 2316 1861 2391 agebat,
1912 2320 1965 2365 et
2014 2309 2083 2362 de

473 2437 788 2496 hominibus
842 2430 957 2484 suis
1023 2424 1090 2478 ad
1149 2435 1334 2492 regem
1382 2432 1504 2472 cum
1575 2409 1759 2466 hostili
1819 2407 2084 2477 apparatu

474 2493 797 2600 dirigendis.
854 2519 931 2572 Ad
991 2515 1135 2568 filios
1188 2522 1411 2580 quoque
1463 2502 1636 2574 ipsius
1692 2493 1936 2552 defuncti
1997 2505 2086 2544 re-

474 2622 559 2694 gis
582 2583 721 2688 ἵίΟ),
752 2609 1085 2667 Ludovicum
1116 2609 1171 2656 et
1198 2599 1646 2657 Karlomannum,
1681 2603 1780 2660 pro
1816 2583 2086 2639 electione

479 2672 599 2694 η-τκ
681 2672 720 2683 ι,

479 2706 747 2764 canonica
810 2697 1054 2754 ecclesiae
1146 2685 1478 2744 Tornacensi
1566 2681 1651 2736 vel
1734 2672 2088 2733 Noviomensi

481 2795 787 2856 obtinenda
864 2796 988 2861 post
1073 2783 1284 2839 obitum
1379 2772 1702 2849 Ragenelini
1793 2765 2089 2840 episcopi;

482 2894 632 2955 item,
664 2902 760 2959 pro
791 2859 911 2954 ipsa
937 2877 1203 2934 electione
1252 2873 1366 2941 jam
1421 2869 1584 2933 facta,
1646 2879 1810 2936 quam
1862 2859 2092 2932 indigne

2179 1791 2320 1843 inter
2350 1761 2529 1856 ipsum
2557 1791 2612 1836 et
2670 1781 2891 1834 fratrem
2918 1775 3038 1843 ejus
3071 1769 3325 1826 Karolum
3355 1761 3711 1820 stabilienda
3735 1761 3815 1812 la-

2178 1879 2432 1942 borabat,
2461 1873 2706 1929 referens
2735 1870 2786 1926 ei
2824 1866 3122 1942 gratiarum
3154 1861 3402 1917 actiones
3424 1869 3525 1926 pro
3555 1852 3701 1906 filiis
3725 1866 3815 1903 ec-

2180 1967 2364 2024 clesiae
2406 1960 2715 2025 Remensis,
2744 1957 2836 2030 qui
2860 1954 3109 2024 inipsius
3147 1951 3294 2004 bene
3321 1943 3815 2001 tractabanturre-

2181 2072 2290 2130 gno
2324 2074 2338 2120 ;
2372 2062 2566 2125 petens
2605 2057 2664 2104 ut
2718 2061 2912 2102 secure
2966 2043 3158 2097 liceret
3218 2037 3330 2090 illis
3369 2049 3518 2097 suas,
3554 2045 3708 2101 quas
3740 2027 3813 2079 ibi

2184 2115 2486 2207 habebant,
2518 2147 2707 2194 tenere
2740 2131 3134 2206 proprietates;
3168 2126 3297 2180 item
3323 2123 3391 2176 de
3408 2117 3645 2174 metallo
3664 2115 3812 2186 quod

2184 2233 2236 2288 ei
2270 2227 2571 2287 transmisit
2601 2225 2669 2279 ad
2702 2219 3014 2277 faciendum
3047 2215 3289 2288 signum,
3344 2207 3812 2278 subjungensque

2187 2325 2255 2380 de
2287 2338 2421 2394 pace
2455 2328 2619 2390 atque
2649 2313 2919 2370 charitate
2945 2305 3218 2364 servanda
3235 2300 3588 2356 etvoluntate
3620 2295 3716 2348 Dei
3740 2308 3815 2347 se-

2186 2391 2426 2488 quenda,
2448 2420 2509 2466 ut
2536 2409 2615 2463 illi
2644 2405 2888 2470 mandat,
2921 2396 3356 2456 admonitionem
3392 2391 3564 2455 ;item
3596 2401 3701 2457 pro
3731 2402 3814 2438 re-

2190 2480 2292 2562 bus
2322 2502 2569 2560 ecclesiae
2603 2495 2892 2554 Remensis
2923 2492 3070 2563 apud
3099 2485 3452 2558 Thoringiam
3483 2480 3611 2535 sitis
3646 2498 3660 2543 ;
3688 2480 3811 2532 item

2192 2599 2260 2653 de
2292 2594 2544 2666 reliquiis
2585 2596 2901 2646 sanctorum
2935 2581 3222 2638 Remensis
3277 2573 3556 2634 ecclesiae,
3577 2586 3722 2641 quas
3742 2566 3815 2621 illi

2192 2691 2333 2745 sicut
2361 2643 3039 2759 patierattransmittebat,
3081 2680 3138 2728 et
3187 2670 3256 2724 de
3275 2667 3420 2722 libro
3451 2665 3608 2728 vitai,
3646 2662 3816 2714 virtu-
3897 2643 3904 2650 ’

2194 2751 2422 2852 tumque
2449 2780 2502 2833 S.
2549 2773 2804 2845 Remigii,
2873 2771 3001 2824 item
3031 2767 3101 2820 de
3131 2763 3300 2818 rebus
3328 2760 3383 2814 S.
3423 2754 3668 2829 Remigii
3700 2751 3819 2806 sitis

2195 2877 2251 2930 in
2280 2870 2576 2945 Thoringia
2611 2886 2625 2934 ;
2661 2869 2811 2930 item,
2848 2863 2916 2916 de
2976 2854 3331 2930 passionibus
3372 2856 3726 2910 sanctorum,
3765 2851 3817 2896 et

483 2981 723 3036 tulerant
767 2972 835 3027 ab
893 2969 1014 3039 ipso
1045 2960 1463 3031 archiepiscopo
1518 2955 1688 3010 fuisse
1719 2949 2041 3022 dispositam
2077 2963 2091 3010 ;
2123 2941 2172 3009 C
2196 2974 2264 3028 de
2295 2969 2464 3026 rebus
2489 2941 2710 3022 Quorum
2735 2959 3045 3019 hominum,
3075 2968 3214 3024 quas
3243 2951 3302 3004 in
3334 2947 3486 3002 illius
3526 2958 3702 3017 regno
3731 2942 3824 2995 Μ-

482 3071 613 3123 item
671 3078 768 3134 pro
818 3058 1035 3120 eadem,
1081 3050 1386 3108 ostendens
1435 3044 1670 3117 qualiter
1717 3042 1772 3095 in
1821 3039 2092 3095 electione

491 3163 736 3232 ipsorum
786 3147 1157 3212 consenserit,
1210 3140 1432 3214 quando
1499 3135 1661 3192 electi
1690 3141 1817 3190 sunt
1845 3133 1912 3186 ad
1939 3129 2095 3204 regni

488 3250 862 3326 principatum
887 3251 939 3299 et
965 3257 1086 3313 qua:
1107 3237 1175 3292 ab
1198 3236 1278 3291 eis
1300 3247 1398 3304 pro
1414 3232 1518 3285 hac
1539 3228 1811 3283 electione
1839 3223 2098 3279 mandata

489 3311 802 3414 perceperit
831 3341 886 3390 et
910 3311 1072 3403 quale
1110 3329 1180 3382 sit
1229 3321 1597 3379 ministerium
1629 3317 1835 3392 regale,
1859 3323 1913 3370 et
1939 3311 2100 3384 quale

491 3400 830 3503 pontificale,
863 3400 1127 3492 etiqualis
1169 3413 1462 3487 eligendus
1520 3409 1604 3463 vel
1649 3401 1996 3462 ordinandus
2032 3400 2104 3454 sit

492 3493 807 3595 episcopus,
838 3525 892 3571 et
911 3513 1089 3586 qualis
1110 3507 1441 3580 velqualiter
1462 3519 1572 3559 non
1601 3500 1803 3556 debeat
1831 3493 2102 3560 ordinari,

493 3619 548 3668 et
573 3609 864 3681 utdivinas
883 3601 1240 3658 auctoritates
1270 3595 1559 3650 addiscere
1580 3596 1774 3646 curent
1806 3605 1819 3652 ;
1849 3587 2106 3655 item,pro

497 3703 692 3759 eadem
725 3715 802 3765 re,
843 3694 1014 3750 sacris
1044 3692 1428 3746 demonstrans
1482 3679 1903 3739 auctoritatibus
1943 3690 2108 3746 quam

497 3791 738 3868 graviter
792 3788 848 3840 in
908 3785 1077 3837 Deum
1137 3783 1452 3849 peccarent,
1479 3773 1574 3844 qui
1597 3768 2002 3826 ordinationem
2036 3764 2107 3818 il-

498 3857 603 3940 lam
629 3879 819 3937 tandiu
851 3873 1073 3930 differre
1093 3869 1357 3932 facerent,
1377 3873 1432 3920 et
1454 3865 1522 3919 de
1539 3861 1772 3931 objectis
1793 3860 1899 3913 sibi
1933 3857 2112 3912 aGos-

499 3989 634 4030 seno
679 3983 848 4039 super
878 3959 1138 4018 Ludovici
1194 3957 1339 4028 regis
1390 3953 1561 4026 patris
1619 3967 1810 4007 eorum
1862 3963 2112 4002 assensu.

503 4065 678 4128 Quare
701 4053 1023 4130 Ausgardim
1090 4065 1315 4108 uxorem
1373 4045 1644 4116 abjectam
1699 4055 1826 4095 eum
1867 4038 2115 4106 recipere

504 4171 616 4210 non
643 4129 909 4223 coegerit,
931 4154 986 4202 et
1006 4143 1312 4200 Adelaidim
1341 4139 1410 4194 ab
1446 4153 1512 4194 eo
1546 4132 1770 4190 retineri
1793 4147 1901 4186 non
1931 4129 2118 4200 prohi-

507 4242 713 4305 buerit,
746 4217 800 4294 et
830 4239 898 4291 de
930 4235 1127 4290 litteris
1153 4228 1409 4287 Ludovici
1444 4225 1592 4296 regis
1623 4223 1691 4278 ad
1723 4238 1849 4277 eum
1866 4235 1962 4291 pro
1983 4217 2119 4271 tilio-

2195 3063 2421 3128 bebant,
2463 3066 2523 3114 ut
2549 3058 2618 3112 de
2640 3055 2725 3109 his
2750 3051 2963 3107 nullum
3015 3041 3397 3118 praajudicium
3431 3036 3821 3094 sustinerent;

2199 3154 2332 3208 item
2361 3147 2556 3204 scribit
2587 3160 2710 3200 cum
2745 3138 2994 3212 Remigio
3038 3127 3414 3206 Lugdunensi,
3448 3123 3695 3180 Arduico
3725 3122 3826 3174 Ve-

2200 3238 2569 3303 sontionensi,
2625 3233 2828 3289 Erardo
2876 3223 3204 3290 Turonensi,
3246 3222 3438 3276 Adone
3494 3212 3823 3276 Viennensi,

2203 3333 2432 3406 Egilone
2490 3321 2759 3382 Sennensi
2811 3311 3247 3386 archiepiscOpis
3301 3307 3484 3363 eidem
3549 3301 3822 3358 Ludovico

2207 3396 2365 3499 Regi,
2401 3435 2500 3492 pro
2533 3413 2836 3484 Bertulpho
2890 3403 3210 3463 Treverensi
3267 3396 3714 3467 archiepiscOpo,
3740 3408 3823 3446 re-

2208 3479 2588 3586 prghensibile
2613 3520 2677 3559 ac
2706 3498 3080 3572 periculosum
3093 3493 3482 3546 demonstrans
3514 3499 3665 3544 esse,
3683 3479 3819 3552 quod

2209 3573 2388 3662 actum
2421 3601 2488 3656 ab
2523 3613 2588 3654 eo
2613 3597 2976 3664 compererat,
3011 3585 3081 3639 de
3137 3585 3239 3637 hac
3270 3574 3586 3651 [metrOpoli
3619 3573 3824 3628 scilicet

2211 3703 2267 3751 et
2295 3687 2618 3748 Treverensi
2644 3682 2900 3746 ecclesia,
2923 3688 2985 3733 ut
3011 3690 3132 3730 eam
3161 3669 3365 3734 invadi,
3391 3665 3635 3721 discindi
3661 3680 3725 3718 ac
3745 3663 3827 3715 de-

2214 3783 2465 3860 p0pulari
2496 3798 2528 3836 a
2558 3789 2852 3851 pervasore
2912 3768 3256 3843 permitteret
3278 3759 3522 3833 quodam
3564 3755 3826 3811 monacho

2214 3845 2464 3944 ejusdem
2494 3845 2740 3925 ecclesiae
2773 3859 3133 3922 :ostendens,
3174 3853 3305 3924 quia
3333 3850 3464 3904 licet
3495 3845 3706 3919 regulis
3734 3857 3824 3914 po-

2215 3937 2383 4020 testas
2440 3957 2732 4030 praasideat
2780 3953 3021 4006 humano
3061 3941 3250 4018 generi
3305 3937 3600 4012 dignitate,
3654 3947 3824 3986 rerum

2216 4024 2548 4129 praesulibus
2577 4056 2760 4103 tamen
2789 4041 3100 4097 divinarum
3131 4035 3333 4089 devote
3364 4029 3507 4084 colla
3537 4024 3825 4086 submittit,

2217 4154 2384 4215 atque
2442 4139 2510 4194 ab
2567 4137 2651 4192 eis
2705 4147 2900 4188 causas
2953 4142 3066 4183 sua;
3126 4121 3319 4179 salutis
3377 4115 3612 4188 expetit,
3671 4114 3826 4183 inque

2218 4233 2504 4292 sumendis
2541 4225 2863 4285 caalestibus
2907 4214 3286 4282 sacramentis,
3327 4211 3526 4280 eisque
3591 4213 3653 4261 ut
3682 4220 3826 4260 com-

505 4353 624 4392 mm
656 4347 882 4388 suorum
925 4325 1274 4399 Provecuone
1324 4320 1488 4386 datis,
1519 4325 1576 4372 θι
1599 4316 1669 4370 de
1728 4311 2002 4368 mandatis
2033 4309 2113 4363 is‘
2139 4307 2192 4375 Ι)
2216 4325 2356 4398 petit
2385 4315 2770 4391 disponendis,
2801 4311 2963 4368 subdi
2993 4323 3054 4363 se
3110 4305 3318 4360 debere
3376 4295 3668 4373 c0gnoscit
3708 4293 3826 4348 reli—

506 4435 686 4482 torum
721 4437 910 4495 regum
961 4417 1028 4471 ad
1056 4433 1117 4470 se
1148 4411 1397 4468 indebita
1428 4406 1609 4463 missis
1641 4423 1654 4471 ;
1695 4405 1846 4467 item,
1879 4400 1946 4455 ad
1967 4400 2115 4453 hunc

511 4485 844 4570 Ludovicu‘m
877 4508 1052 4563 solum
1082 4504 1152 4559 de
1203 4499 1436 4558 consilio
1476 4514 1506 4552 a
1534 4512 1595 4550 se
1626 4493 1821 4565 petito,
1849 4488 2012 4562 quale
2052 4485 2124 4540 sit

511 4603 644 4659 utile
676 4600 790 4674 regi
817 4594 1134 4659 consilium,
1167 4600 1222 4646 et
1267 4587 1507 4660 qualiter
1546 4583 1747 4638 debeat
1771 4594 1936 4654 agere
1960 4575 2120 4646 judi-

513 4692 658 4747 cium
689 4664 1055 4756 etwjustitiam,
1116 4687 1172 4734 et
1218 4677 1349 4749 quid
1384 4676 1500 4729 haec
1540 4671 1670 4726 boni
1704 4667 1992 4724 conferant
2022 4664 2124 4721 0b-

514 4785 748 4843 servata,
778 4775 983 4848 quidve
1015 4769 1144 4825 mali
1174 4765 1424 4838 neglecta
1456 4764 1698 4836 irrogare
1729 4760 1963 4823 soleant,
1991 4762 2126 4821 etc.;

515 4874 670 4938 item,
698 4870 766 4925 ad
797 4846 1016 4943 regem
1064 4862 1488 4918 Karlomannum
1538 4853 1945 4910 adolescentem
1977 4854 2032 4904 et
2059 4846 2128 4902 ad

515 4965 808 5037 episcopos
834 4956 1272 5015 admonitionem
1329 4952 1396 5006 de
1435 4944 1791 5019 disponendo
1823 4941 1991 5015 regali
2022 4939 2131 4995 mi-

521 5051 753 5108 nisterio
779 5066 881 5120 per
911 5045 1152 5117 capitula
1182 5061 1196 5109 ;
1229 5042 1361 5096 item
1408 5038 1572 5093 aliam
1599 5031 2035 5090 admonitionem
2065 5028 2132 5084 ad

529 5143 788 5203 eumdem
812 5157 1018 5216 regem,
1052 5137 1304 5194 similiter
1333 5150 1432 5206 per
1456 5130 1717 5203 capitula.

591 5331 665 5384 De
677 5329 747 5382 iis
764 5341 883 5396 quae
897 5323 1168 5380 Ludovico
1365 5246 1610 5387 zésdcm
1625 5311 1815 5369 Κανοιί
1829 5309 2066 5377 scripsit.

598 5431 872 5486 Ludovico
904 5427 1020 5501 regi
1048 5425 1372 5489 Germaniae,
1406 5420 1615 5494 praefati
1647 5417 1826 5472 Karoli
1860 5414 2005 5489 regis
2033 5427 2140 5467 no-

2222 4387 2404 4491 gionis
2433 4387 2648 4474 ordine,
2669 4406 2854 4478 potius
2883 4416 3046 4473 quam
3062 4409 3320 4469 praeesse.
3344 4393 3535 4462 Itaque
3569 4389 3714 4442 inter
3732 4387 3831 4439 haec

2224 4508 2443 4563 illorum
2467 4519 2528 4558 se
2560 4477 2804 4572 pendere
2810 4491 3043 4564 judicio,
3062 4503 3175 4544 non
3203 4486 3425 4541 illorum
3449 4480 3519 4536 ad
3533 4495 3692 4535 suam
3709 4477 3831 4532 velle

2224 4594 2402 4668 redigi
2428 4567 2770 4648 voluntatem
2838 4604 2863 4635 α
2897 4578 3161 4643 Proinde,
3214 4595 3242 4624 ι
3274 4571 3474 4644 inquit,
3507 4590 3531 4620 α
3569 4567 3711 4622 sicut
3737 4578 3832 4618 non

2228 4689 2348 4745 leve
2375 4683 2672 4740 discrimen
2724 4674 2999 4732 incumbit
3051 4665 3433 4741 pontificibus,
3494 4659 3723 4716 siluisse
3749 4670 3833 4727 pro

2230 4775 2532 4836 divinitatis
2556 4772 2706 4829 cultu
2755 4767 2904 4841 quod
2956 4761 3213 4835 congruit
3240 4779 3255 4814 :
3287 4758 3363 4812 ita
3393 4753 3562 4828 regiae
3596 4746 3832 4823 potestati

2236 4869 2402 4943 (quod
2433 4866 2597 4932 absit)
2627 4877 2742 4918 non
2762 4840 3044 4914 mediocre
3075 4851 3332 4924 peculum
3365 4852 3471 4911 est,
3501 4844 3549 4899 si
3593 4859 3717 4898 cum
3745 4840 3830 4893 de—

2231 4964 2361 5019 beat
2381 4973 2575 5032 parere
2601 4953 2821 5026 refugit,
2853 4949 3002 5021 quod
3051 4947 3103 5001 ei
3130 4960 3196 5000 ex
3240 4940 3431 4996 divina
3460 4952 3602 4992 voce
3633 4948 3836 4990 asacer-

2235 5026 2460 5111 dotib-us
2489 5047 2803 5105 nuntiatur:
2859 5038 3094 5099 Domino
3126 5036 3350 5091 dicente
3405 5031 3461 5084 in
3510 5026 3834 5099 Evangelia:

2235 5145 2341 5212 Qui
2364 5145 2441 5196 est
2465 5156 2533 5194 ea:
2559 5141 2685 5205 Deo,
2737 5135 2904 5189 verba
2963 5130 3058 5185 Dei
3087 5125 3247 5181 audit
3298 5123 3477 5192 (Joan.
3511 5119 3654 5186 vui).
3685 5115 3734 5170 Si
3757 5129 3838 5168 au-

2241 5245 2350 5291 tem
2370 5232 2529 5288 vobis
2564 5227 2768 5300 aliquis
2809 5225 2996 5281 minus
3024 5220 3260 5274 devotus
3288 5210 3589 5287 suggessit,
3625 5207 3764 5280 quod
3793 5205 3837 5258 in

2245 5326 2436 5381 eadem
2460 5318 2777 5391 metrOpoli,
2833 5317 2892 5371 in
2946 5314 3267 5379 contemptu
3319 5310 3529 5369 vestro,
3559 5300 3648 5354 vel
3677 5304 3839 5354 contra

2244 5411 2567 5466 ﬁdelitatem
2596 5387 2856 5472 vestram,
2906 5395 3395 5469 metrOpolitanum
3434 5387 3750 5462 pontificem
3767 5399 3840 5438 or-

598 5472 872 5486 κυυνυνν
905 5472 1020 5501 ’νυ-
1053 5472 1141 5481 νν-
1157 5472 1372 5489 ···-----ν›
1409 5472 1612 5494 ιν-τν-ᾐν
1921 5472 1954 5489 υ

526 5521 622 5574 stri
656 5517 831 5584 fratri,
873 5514 1125 5572 nonnulli
1154 5528 1378 5584 quoque
1409 5507 1700 5578 scripsisse
1751 5502 2046 5574 reperitur,
2075 5500 2144 5555 ad
2247 5499 2428 5554 dinari
2452 5498 2702 5563 fecimus,
2761 5492 2896 5567 quin
2953 5487 3137 5561 potius
3175 5495 3455 5540 consensu
3486 5472 3840 5533 unanimitatis

597 5619 710 5688 (10)
750 5618 893 5674 Obiit
925 5616 1134 5671 Ludov.
1170 5613 1321 5669 Bald.
1357 5611 1484 5675 870,
1519 5608 1610 5663 die
1635 5607 1702 5662 10
1730 5607 1858 5675 Apr.
