3970 6218
155 266 248 319 197

785 272 1109 330 HlSTORl/E
1150 278 1477 337 ECCLESl/E
1516 286 1843 345 REMENSIS
1886 292 2061 350 LIBRI
2105 298 2430 361 QUATUOR.
2472 336 2540 346 —
2583 307 2706 365 LIB.
2754 311 2844 366 Ill.

3385 325 3483 380 198

165 418 358 465 Ποδίΐὶῐέ
380 414 481 482 ipsi
513 417 817 474 secundum
875 439 1061 480 sacros
1088 442 1332 486 canones
1369 436 1744 496 ordinavimus

1873 440 2012 490 mus,
2038 434 2090 481 et
2129 429 2173 483 si
2228 447 2457 490 necesse
2514 436 2696 506 fuerit,
2729 445 3105 505 ostendemus.
3142 451 3483 524 Quapronter

163 504 307 574 quia,
341 511 399 558 ut
425 508 690 578 scriptum
720 522 838 569 est:
873 517 1020 573 Sicut
1074 521 1218 576 Deus
1248 525 1351 580 loci
1381 534 1632 601 angustia
1660 550 1769 591 non

160 596 502 662 continetur,
562 600 633 655 ita
686 605 914 660 verbum
1001 612 1121 679 ejus
1177 630 1284 670 non
1346 628 1429 674 est
1485 623 1766 697 alligatum

161 690 230 752 (ΙΙ
260 690 394 743 Tim.
429 692 488 759 ιι)
523 709 535 744 :
582 695 930 755 collaudante
982 702 1350 777 Redemptore
1388 726 1454 766 ac
1485 690 1767 774 Salvatore

159 782 338 829 nostro
369 777 535 847 ,‘quod
595 787 847 841 centurio
904 788 959 842 in
1009 792 1112 847 hoc
1144 810 1310 851 sensu
1375 800 1584 857 dixerat
1626 810 1767 862 :Dz'c

157 868 328 933 verbo,
361 874 412 923 et
439 874 726 929 sanabitur
742 894 878 947 puer
900 897 1045 937 meus
1071 887 1265 951 (Matth
1321 895 1430 957 vui)
1466 911 1479 957 ;
1515 895 1771 953 videlicet

156 955 297 1023 quod
352 957 441 1012 hic
492 960 721 1030 dixeris,
780 968 891 1023 illic
940 970 1053 1025 ﬁet.
1090 973 1188 1037 Qui
1222 976 1277 1029 in
1307 955 1595 1051 discipulis
1651 987 1767 1040 suis

156 1046 427 1119 hodieque
486 1054 667 1119 nobis,
730 1059 856 1116 licet
910 1064 1175 1138 indignis,
1210 1046 1765 1144 loquiturzsziiritus

146 1140 317 1203 patris
344 1145 513 1195 vestri
537 1144 779 1213 loquitur
820 1153 879 1205 in
940 1156 1085 1210 vobis
1122 1160 1334 1217 (Matth.
1359 1178 1427 1222 xi,
1463 1140 1762 1235 qui—replet

147 1223 329 1279 orbem
372 1236 639 1286 terrarum
664 1236 814 1306 (Sap.
844 1240 900 1309 1).
930 1242 1104 1298 Nolite
1124 1249 1376 1319 credere,
1422 1274 1757 1327 quiesumus,

147 1331 302 1384 prava
327 1322 606 1389 suadenti,
653 1329 782 1398 quia
834 1348 930 1400 pro
958 1344 1107 1390 certo
1155 1341 1365 1410 sciatis,
1404 1364 1510 1404 non
1545 1352 1598 1405 in
1628 1370 1759 1408 con-

146 1589 549 1655 perpendentes
588 1595 756 1664 (quod
808 1605 861 1651 et
890 1616 985 1654 vos
1024 1604 1223 1660 melius
1254 1611 1430 1683 scitis)
1465 1589 1673 1686 quanta
1702 1630 1755 1677 et

147 1689 239 1742 per
267 1686 475 1746 quanta
506 1687 753 1751 tempora
805 1686 920 1756 ipsa
948 1689 1192 1748 Ecclesia
1232 1698 1479 1759 desolata
1499 1716 1553 1761 et
1584 1708 1753 1765 desti-

623 1744 635 1751 .
825 1744 838 1756 ι
1038 1744 1041 1745 ⁷
1088 1744 1192 1748 ⁷“““”
1236 1744 1479 1759 “””’“’ν¹“⁶”¹’⁸
1499 1744 1553 1761 υ.
1584 1744 1753 1765 uua“-

148 1772 252 1819 tuta
277 1768 362 1833 sit,
402 1779 463 1823 et
489 1782 691 1842 quanta
711 1787 901 1835 contra
922 1784 1016 1838 Dei
1045 1787 1385 1847 voluntatem
1412 1811 1521 1851 non
1576 1802 1751 1857 solum
1782 1744 1833 1812 Β

144 1852 195 1904 in
226 1856 419 1911 eadem
446 1865 725 1931 parochia,
759 1870 854 1923 sed
887 1878 941 1925 et
972 1872 1027 1926 in
1080 1882 1188 1930 tota
1217 1881 1501 1948 provincia
1540 1888 1607 1941 ad
1632 1904 1751 1945 eam

143 1944 472 2011 pertinente,
498 1951 837 2013 increverint
860 1976 873 2012 :
894 1976 1018 2015 cum
1049 1964 1184 2019 nihil
1206 1972 1475 2027 canonice
1500 1977 1620 2031 sine
1638 1980 1753 2048 pri-

149 2038 282 2087 mate
309 2037 645 2112 sutfraganei
675 2046 924 2119 episc0pi
957 2067 1121 2125 agere
1178 2058 1415 2126 valeant,
1446 2063 1583 2117 nihil
1606 2037 1751 2136 quod

146 2124 208 2175 ad
240 2130 493 2198 pr0prias
522 2137 808 2203 parochias
857 2124 1113 2210 pertinet,
1149 2145 1283 2201 ibid.
1310 2124 1755 2213 commoditatem

146 2222 447 2292 regularem
478 2225 858 2297 invenientes,
892 2236 1157 2292 canonice
1187 2243 1506 2309 pontiﬁcem
1534 2250 1757 2305 ordina-

143 2308 327 2366 vimus.
348 2313 513 2377 Quod
536 2320 910 2375 etsecundum
934 2323 1149 2381 divinas
1172 2328 1323 2401 leges
1348 2348 1513 2408 agere
1528 2348 1755 2406 possent

142 2405 296 2468 atque
345 2403 626 2461 deberent
676 2409 848 2479 ipsius
898 2416 1221 2485 metropolis
1289 2403 1643 2498 suifraganei,
1708 2431 1757 2483 ei

144 2494 267 2546 tanti
299 2499 523 2552 numeri
558 2499 758 2569 forent,
807 2514 865 2559 ut
924 2523 1023 2577 per
1077 2527 1135 2565 se
1180 2494 1505 2587 regulariter
1534 2530 1759 2590 possent

145 2580 389 2639 ordinare
411 2588 759 2655 pontiﬁcem,
793 2609 887 2663 qui
934 2612 1043 2651 non
1072 2599 1253 2655 minus
1277 2605 1479 2674 quibus
1511 2625 1540 2662 a
1583 2611 1757 2666 tribus

149 2675 393 2740 praevalet
448 2681 776 2750 regulariter
833 2687 1097 2744 ordinari.
1136 2716 1160 2737 ι»
1192 2692 1550 2767 Prosequitur
1592 2703 1756 2757 etiam

145 2760 473 2831 depromens
504 2772 855 2828 auctoritates
893 2785 1205 2833 sanctorum
1259 2782 1499 2853 Patrum,
1549 2789 1751 2860 quibus

146 2849 254 2904 fulti
285 2855 386 2910 hoc
412 2869 666 2928 egerant.
692 2862 753 2915 Et
778 2863 1018 2920 subinde
1045 2886 1055 2920 :
1091 2869 1193 2923 «Et
1224 2872 1352 2941 quia
1382 2880 1455 2929 tot
1484 2849 1537 2929 in
1558 2849 1749 2933 eadem

146 2946 412 3012 provincia
441 2949 777 3025 suifraganei
812 2971 921 3010 non
954 2968 1111 3013 erant
1140 2962 1411 3035 episcopi,
1446 2975 1503 3021 ut
1544 2978 1750 3027 metro-

146 3032 435 3100 politanum
502 3039 827 3110 regulariter
883 3046 1143 3102 ordinare
1182 3032 1451 3122 valerent,
1485 3060 1747 3127 quoniam

144 3124 387 3183 Ecclesiae
427 3130 717 3185 Remensis
749 3140 801 3187 et
846 3134 1194 3194 Treverensis
1245 3147 1747 3214 comprovinciales
1772 3115 1821 3183 Ο

144 3225 294 3289 atque
320 3238 543 3277 sorores
574 3231 627 3277 et
659 3240 721 3277 ex
772 3229 1095 3284 auctoritate
1124 3240 1177 3286 et
1238 3251 1303 3288 ex
1360 3239 1587 3310 antiqua
1612 3258 1748 3296 con-

143 3314 425 3370 suetudine
459 3315 751 3383 habentur,
781 3334 845 3373 ea
861 3321 1178 3378 conditione
1208 3327 1370 3398 utqui
1396 3331 1745 3399 priorearum

142 3397 291 3454 fuerit
321 3404 619 3473 episcopus
666 3406 973 3475 ordinatus,
1009 3411 1158 3480 prior
1187 3397 1348 3469 etiam
1395 3416 1661 3474 habeatur
1692 3422 1745 3475 in

142 3493 363 3560 synodo,
395 3500 449 3547 et
480 3493 526 3546 si
581 3502 771 3550 mutuo
821 3498 1056 3555 consilio
1087 3508 1141 3554 et
1179 3504 1381 3559 auxilio
1438 3506 1744 3575 faveantur,

139 3588 292 3653 atque
318 3584 625 3641 fulciuntur
656 3606 669 3641 :
701 3588 1054 3645 Treverensis
1108 3596 1402 3663 provinciae
1436 3599 1685 3671 episcopi
1718 3618 1745 3655 a

139 3676 357 3742 primate
404 3680 705 3748 provinciae
759 3682 1054 3738 Remorum
1091 3687 1351 3742 solatium
1386 3706 1499 3745 sua:
1518 3693 1748 3748 ordina-

139 3765 316 3833 tionis,
352 3768 659 3823 secundum
712 3786 895 3824 sacras
947 3773 1165 3845 regulas
1197 3778 1559 3847 quaesierunt,
1607 3782 1747 3839 sicut

136 3860 299 3913 sancti
328 3860 704 3915 Sardacenses
735 3878 763 3915 c
783 3877 981 3918 mones
1012 3865 1190 3933 (Cone.
1224 3870 1387 3924 Sard.
1423 3887 1471 3925 c.
1505 3874 1560 3939 5,
1591 3875 1663 3928 αι.
1691 3876 1745 3946 6)

137 3949 337 4018 dicunt,
370 3953 585 4007 scilicet
613 3964 671 4007 ut
696 3953 740 4006 si
774 3955 1068 4028 contigerit
1106 3957 1161 4011 in
1204 3976 1314 4014 una
1343 3961 1653 4032 Provincia,
1690 3966 1744 4021 in

135 4055 235 4108 qua
260 4041 482 4111 plurimi
516 4041 737 4095 fuerunt
782 4043 1050 4113 episcopi,
1080 4061 1251 4101 unum
1287 4048 1425 4105 forte
1459 4067 1743 4110 remanere

135 4129 473 4200 episcOpum,
506 4137 558 4183 et
600 4130 788 4200 populi
819 4134 1199 4197 convenerint,
1224 4138 1520 4210 episc0pus
1548 4142 1744 4198 vicina:

135 4220 441 4284 provinciae,
474 4219 680 4276 debere
712 4222 866 4276 illum
894 4222 1049 4292 prius
1077 4227 1364 4281 conveniri
1391 4230 1741 4301 epiSCOpum,

133 4308 218 4377 qui
250 4310 302 4363 in
330 4310 527 4365 eadem
558 4312 841 4381 provincia
890 4321 1153 4382 moratur,
1188 4323 1241 4371 et
1268 4320 1561 4376 ostendere
1593 4324 1743 4393 quod

134 4403 313 4469 pepuli
348 4410 539 4473 petant
567 4404 674 4457 sibi
729 4412 1021 4473 rectorem,
1057 4416 1111 4461 et
1142 4409 1247 4463 hoc
1269 4409 1479 4477 justum
1512 4429 1659 4480 esse,
1686 4422 1742 4469 ut

1875 517 2047 586 ipsius
2074 521 2505 595 ordinationem,
2537 538 2591 585 et
2622 531 3037 605 dispositionem
3101 560 3277 601 rerum
3310 566 3373 603 ac
3403 552 3480 605 fa-

1870 611 2128 667 cultatum
2195 618 2714 688 ecclesiasticarum,
2781 629 2920 684 sicut
2986 637 3123 689 sacri
3190 641 3481 713 prieﬁgnnt

1868 716 2132 771 canones,
2154 705 2224 761 ita
2278 708 2652 780 defendimus,
2703 728 2757 771 et
2808 731 3075 792 perpetuo
3116 705 3478 788 defendemus

1872 789 2013 845 sicut
2062 800 2114 846 et
2143 795 2395 851 ordinem
2478 810 2722 858 nostrum
2760 809 2932 878 :quia
2987 812 3032 865 si
3086 814 3204 885 ipse
3254 835 3363 874 non
3397 830 3480 876 est

1871 881 2188 955 episc0pus,
2212 904 2314 943 nec
2341 905 2440 945 nos
2462 893 2733 951 debemus
2752 901 3022 957 nominari
3052 907 3319 979 episcOpi.
3342 914 3401 967 Et
3430 916 3474 969 si

1871 972 1997 1042 quis
2052 975 2286 1032 voluerit
2341 987 2531 1036 contra
2590 985 2995 1045 ordinationem
3065 996 3185 1063 ejus
3241 1000 3480 1059 sinistris

1870 1062 2150 1133 quidpiam
2180 1065 2555 1135 dicere,exeat
2579 1080 2631 1126 et
2661 1074 2806 1130 dicat
2840 1092 3241 1141 :verumtamen
3270 1107 3480 1148 memor

1864 1152 2273 1207 communionis
2301 1171 2435 1223 suae,
2470 1160 2599 1231 quia
2626 1170 2719 1216 aut
2750 1164 2866 1234 ipse
2908 1184 3017 1223 non
3048 1180 3476 1237 communicabit

1864 1237 2236 1296 ecclesiastico
2268 1252 2321 1297 et
2375 1247 2674 1319 cpisc0pali
2705 1254 2906 1319 ordini,
2932 1266 3024 1311 aut
3051 1275 3152 1314 nos
3184 1280 3294 1319 non
3325 1283 3473 1323 com-

1865 1326 2295 1398 municabimus,
2352 1335 2660 1393 ministerio
2717 1341 3040 1413 episcOpali.
3105 1349 3257 1407 Unde
3289 1358 3473 1411 verbis

1701 1448 1783 1501 in,
1865 1416 2006 1471 beati
2031 1419 2229 1475 Leonis
2263 1425 2410 1492 (Leo,
2463 1444 2547 1497 ep.
2581 1434 2723 1501 xxnv)
2772 1433 3139 1494 Theodosium
3169 1444 3471 1518 Augustum

1857 1510 2140 1577 quondam
2174 1512 2532 1584 alloqucntis,
2567 1536 2685 1583 vos,
2725 1520 3193 1585 Christianissime
3222 1542 3275 1588 et
3304 1553 3476 1593 vene-

1858 1595 2045 1651 rabilis
2061 1599 2334 1672 nobisque
2362 1605 2690 1661 charissime
2716 1627 2969 1679 rex,cum
2985 1624 3475 1683 consacerdotibus

1857 1688 2061 1741 nostris
2077 1689 2430 1761 alloquimur,
2453 1694 2747 1765 implentes
2771 1707 3133 1761 reverentiam
3162 1711 3475 1771 clementia:

1856 1786 2048 1833 vestra:
2080 1781 2279 1836 sinceri
2313 1787 2517 1840 amoris
2549 1788 2754 1855 ofﬁcio,
2789 1795 3191 1870 cupientesque
3234 1821 3329 1860 vos
3354 1810 3469 1877 pla-

1856 1884 1979 1925 cere
2011 1888 2111 1941 per
2142 1875 2327 1928 omnia
2361 1878 2492 1945 Deo,
2542 1882 2629 1933 cui
2688 1898 2784 1951 pro
2817 1885 2974 1940 vobis
3024 1906 3053 1942 a
3110 1892 3288 1961 nobis,
3320 1906 3372 1950 et
3401 1901 3468 1953 ab

1858 1960 2111 2017 Ecclesiis
2137 1964 2299 2020 nobis
2354 1970 2666 2025 commissis
2712 1976 3073 2047 supplicatur,
3106 1999 3175 2037 ne
3206 1993 3330 2041 ante
3362 1990 3466 2043 tri-

1857 2048 2022 2104 bunal
2050 2052 2265 2107 Domini
2298 2056 2375 2109 rei
2400 2056 2468 2111 de
2486 2058 2708 2115 silentio
2746 2063 3087 2135 judicemur,
3112 2071 3470 2135 obsecramus

1859 2158 2041 2197 coram
2070 2145 2235 2199 unius
2266 2148 2484 2203 deitatis
2516 2151 2871 2223 inseparabili
2913 2158 3190 2229 Trinitate,
3223 2184 3344 2237 quae
3377 2173 3468 2226 tali

1859 2231 1998 2285 facto
2026 2232 2266 2301 laéditur,
2299 2252 2422 2290 cum
2482 2239 2602 2309 ipsa
2650 2244 2817 2297 vestri
2849 2246 2920 2299 sit
2974 2256 3157 2305 custos
3186 2262 3239 2307 et
3282 2266 3475 2314 auctor

1859 2320 2034 2391 regni,
2064 2330 2117 2375 et
2145 2338 2324 2377 coram
2343 2328 2548 2380 sanctis
2579 2330 2792 2401 angelis
2818 2332 3037 2400 Christi,
3071 2346 3129 2392 ut
3159 2340 3212 2394 in
3245 2359 3310 2399 eo
3332 2353 3474 2402 statu

1860 2419 2022 2482 atque
2054 2414 2399 2471 immunitate
2461 2436 2560 2473 seu
2596 2421 2888 2497 privilegio
2927 2442 3049 2482 cum
3081 2446 3180 2487 suo
3214 2437 3476 2503 pontiﬁce

1860 2500 2247 2557 Treverensem
2298 2507 2593 2562 ecclesiam
2624 2526 2745 2565 esse
2787 2513 3030 2581 jubeatis
3061 2527 3224 2592 atque
3250 2540 3476 2581 conser-

1860 2594 2015 2659 vetis,
2061 2612 2169 2666 quo
2202 2599 2367 2652 vestri
2401 2602 2787 2673 progenitores
2812 2613 2975 2677 atque
3008 2612 3468 2685 praedecessores,

1859 2686 1955 2738 sed
1988 2694 2040 2739 et
2071 2687 2125 2740 in
2149 2704 2257 2758 quo
2272 2689 2439 2745 frater
2459 2708 2522 2746 ac
2574 2706 2938 2765 neposvester
2970 2701 3278 2773 Lotharius,
3314 2719 3469 2779 pater

1858 2773 2069 2829 scilicet
2094 2793 2157 2829 ac
2214 2777 2378 2841 ﬁlius,
2413 2783 2680 2837 canonica
2728 2799 3139 2857 conservarunt,
3195 2804 3469 2865 quatenus

1853 2873 1905 2919 et
1935 2882 2030 2922 vos
2056 2870 2311 2924 meritum
2342 2872 2473 2927 inde
2494 2876 2641 2945 apud
2671 2878 2863 2948 Deum,
2894 2889 2947 2936 et
2979 2884 3201 2941 beatum
3237 2900 3464 2960 aposto-

1852 2956 2025 3017 lorum
2057 2960 2363 3030 principem
2399 2962 2617 3018 Petrnm
2652 2966 2707 3019 in
2748 2969 2905 3037 cujus
2952 2972 3163 3029 honore
3229 2979 3467 3035 ecclesia

1852 3042 1969 3113 ipsa
1991 3053 2075 3099 est
2113 3056 2455 3115 consecrata,
2492 3052 2760 3121 habeatis,
2813 3066 2867 3110 et
2916 3074 3017 3113 nos
3046 3062 3284 3132 amplius
3314 3066 3471 3121 debi-

1850 3142 1996 3190 tores
2018 3137 2071 3191 in
2096 3140 2439 3196 orationibus
2468 3150 2521 3196 et
2575 3147 2789 3199 caeteris
2822 3148 3024 3205 debitis
3064 3154 3352 3227 obsequiis
3380 3176 3474 3214 ac-

1848 3224 2099 3293 quiratis.
2137 3228 2269 3291 Quia
2301 3229 2406 3281 nisi
2467 3247 2567 3299 pro
2600 3241 2782 3289 vestra
2834 3240 3146 3293 reverentia
3177 3243 3280 3297 hoc
3312 3246 3473 3299 diﬁ'e-

1850 3315 2181 3381 ramus,jam
2214 3316 2269 3368 in
2318 3334 2669 3386 pervasorcm
2708 3323 2881 3391 ipsius
2914 3328 3161 3381 ecclesia:
3196 3332 3465 3397 judicium

1848 3399 1901 3453 in
1934 3402 2093 3455 terris
2122 3410 2369 3457 exertum
2413 3406 2766 3475 haberemus,
2799 3412 2946 3480 quod
2979 3414 3083 3469 630
3132 3418 3377 3489 episc0pi
3414 3423 3466 3475 in

1850 3504 2053 3560 magna
2079 3490 2514 3547 Chalcedonensi
2537 3494 2747 3563 synodo
2770 3498 2840 3551 de
2866 3499 3181 3567 hujusmodi
3204 3506 3467 3563 decreve-

1852 3582 2183 3651 runt(Jua:ta
2223 3600 2346 3639 can.
2379 3586 2432 3651 7,
2484 3586 2596 3655 '18).
2650 3596 2704 3641 et
2734 3588 2803 3642 de
2831 3592 2970 3645 cwlo
3003 3611 3173 3664 super
3223 3615 3347 3652 eum
3383 3601 3466 3653 in-

1851 3680 2085 3738 tentant,
2111 3674 2242 3728 etin
2278 3675 2489 3744 judicio
2509 3676 2696 3733 divino
2744 3680 2811 3733 ad
2842 3689 3101 3738 mternam
3158 3688 3467 3746 damnatio-

1851 3776 1976 3814 nem
2016 3771 2261 3831 exerent,
2314 3763 2417 3817 nisi
2470 3763 2691 3838 dignam
2741 3768 3116 3837 poanitentiam
3175 3778 3398 3849 egerit;
3438 3801 3462 3830 u

1847 3857 1901 3904 et
1930 3859 2126 3905 caetera
2156 3851 2226 3905 de
2256 3853 2679 3909 auctoritatibus
2703 3872 2982 3913 sacrorum
3013 3877 3308 3918 canonum.
3336 3866 3465 3923 Post

1848 3953 1971 4008 qum
2002 3937 2391 4013 subjungitur:
2433 3962 2457 3992 ‹‹
2499 3942 2651 3997 Unde
2720 3953 2899 4001 vestra
2932 3949 3193 4021 religiosa
3215 3962 3269 4007 et
3302 3954 3465 4009 nobis

1847 4030 2170 4085 charissima
2196 4034 2499 4090 dominatio
2525 4036 2835 4093 certissime
2864 4041 3023 4107 sciat,
3054 4044 3185 4113 quia
3216 4048 3460 4115 quandiu

1848 4119 1949 4173 iste
2004 4120 2168 4175 frater
2228 4131 2415 4177 noster
2475 4124 2749 4180 Bertulfus
2780 4143 2810 4181 a
2843 4129 3005 4183 nobis
3059 4132 3111 4183 in
3143 4132 3463 4190 Treverensi

1848 4208 2090 4262 Ecclesia
2111 4210 2399 4266 ordinatus
2430 4212 2727 4283 episcopus
2756 4215 2811 4267 in
2843 4216 2943 4270 hoc
2970 4220 3185 4273 mortali
3230 4237 3463 4293 corpore

1844 4298 2060 4365 vixerit,
2093 4299 2232 4353 alter
2264 4302 2318 4354 in
2348 4302 2539 4355 eadem
2566 4304 2811 4359 Ecclesia
2849 4308 3137 4363 ordinatus
3168 4312 3464 4384 episcopus

1846 4403 1955 4442 non
1990 4389 2111 4455 erit,
2135 4390 2238 4443 nisi
2272 4392 2410 4446 forte
2439 4394 2579 4461 ipse,
2615 4396 2762 4464 quod
2816 4396 2980 4465 absit,
3039 4402 3211 4455 sacris
3255 4404 3463 4477 regulis

130 4496 180 4542 et
218 4490 321 4560 ipsi
360 4493 607 4560 veniam,
636 4501 689 4547 et
735 4510 859 4549 cum
910 4495 1028 4564 ipso
1094 4498 1357 4553 ordinem
1382 4478 1731 4572 episcopu'm
1757 4483 1807 4549 υ
1841 4478 2090 4572 obvians,
2127 4498 2226 4552 per
2273 4483 2496 4537 easdem
2538 4500 2724 4539 sacras
2785 4490 3003 4560 regulas
3033 4491 3362 4561 deponatur.
3400 4496 3462 4550 Et

127 4581 275 4643 Quod
306 4582 351 4635 si
391 4589 697 4636 conventus
714 4582 912 4637 litteris
935 4586 1186 4653 tacuerit,
1202 4594 1256 4640 et
1283 4587 1741 4660 dissimulaverit,

131 4671 376 4743 nihilque
408 4674 773 4744 rescripserit,
809 4675 1263 4731 satisfaciendum
1323 4696 1444 4734 esse
1493 4684 1737 4752 populis,

128 4766 181 4812 ut
206 4761 432 4815 veniant
460 4777 525 4815 ex
552 4762 732 4817 vicina
771 4764 1052 4832 provincia
1081 4766 1350 4835 episcOpi,
1394 4776 1448 4822 et
1477 4769 1741 4825 ordinent

126 4852 469 4923 episc0pum.
518 4853 589 4907 Ex
637 4856 840 4925 quibus
891 4857 991 4911 rite
1048 4858 1342 4930 colligitur,
1375 4860 1505 4931 quia
1535 4863 1579 4917 si
1612 4879 1741 4933 pro-

126 4937 301 4995 vincia
326 4941 684 4995 Treverensis
701 4958 811 4997 non
846 4944 955 4997 nisi
973 4961 1142 5000 unum
1167 4946 1251 4999 vel
1272 4946 1485 5003 nullum
1511 4950 1739 5007 haberet

126 5028 471 5098 episcopum,
514 5030 759 5101 episcOpi
816 5033 1102 5088 Remensis
1160 5037 1475 5105 provinciae,
1524 5042 1733 5109 petenti

127 5113 268 5171 clero
299 5124 353 5171 et
384 5119 591 5187 populo
621 5118 969 5176 Treverensis
1000 5122 1272 5185 Ecclesiae,
1324 5126 1554 5181 deberet
1582 5128 1732 5182 ordi—

128 5225 251 5265 nare
281 5212 631 5282 episcopum.
662 5212 757 5267 Cui
791 5215 1049 5271 Ecclesia:
1093 5232 1311 5286 omnes,
1363 5234 1597 5289 quorum
1631 5238 1735 5277 no-

126 5302 270 5355 mina
296 5301 619 5373 praescripta
646 5303 701 5356 in
719 5308 897 5376 capite
930 5308 1090 5378 hujus
1120 5309 1367 5378 epistola:
1401 5310 1532 5383 legit
1560 5312 1735 5384 gloria

126 5396 320 5456 vestra,
353 5390 606 5444 unanimi
628 5400 752 5447 voto
779 5401 943 5465 atque
973 5410 1247 5450 consensu
1281 5398 1500 5452 fratrem
1522 5407 1577 5454 et
1608 5416 1737 5455 con-

124 5484 463 5538 sacerdotem
524 5490 764 5538 nostrum
822 5488 1118 5542 Bertnlfum
1154 5530 1168 5553 ,
1225 5497 1285 5544 ut
1340 5492 1731 5561 pramisimus,

127 5576 451 5646 regulariter
516 5574 830 5644 pontiﬁcem
880 5579 1432 5649 ordinavimus,sicut
1463 5598 1527 5637 ex
1561 5586 1734 5641 sacris

122 5664 322 5736 regulis
337 5671 394 5720 et
418 5662 788 5721 ordinationis
843 5670 964 5737 ejus
1010 5668 1180 5741 gestis
1208 5669 1500 5726 ostendere
1534 5687 1731 5742 possu-

1846 4570 2019 4625 isdem
2051 4582 2418 4644 praesumptor
2461 4583 2516 4629 et
2545 4583 2795 4646 apostata
2854 4582 3159 4636 monachus
3183 4584 3358 4639 Walto
3391 4586 3460 4640 de

1844 4665 2178 4719 monasterio
2234 4665 2586 4721 Treverensis
2666 4670 2940 4739 parochia:
2992 4688 3296 4745 nunquam,
3346 4676 3457 4747 jam

1835 4752 2046 4821 judicio
2075 4754 2307 4826 Spiritus
2337 4759 2510 4814 sancti
2541 4775 2709 4829 super
2752 4778 2878 4815 eum
2902 4764 3134 4832 prolato,
3164 4766 3218 4820 in
3250 4768 3456 4823 Treve-

1842 4843 1989 4897 rensi
2019 4844 2276 4914 Ecclesia;
2309 4864 2477 4918 quam
2509 4848 2862 4904 exitiabiliter
2892 4855 3179 4921 usurpavit
3210 4864 3263 4909 et
3294 4857 3455 4924 laesit,

1840 4939 2042 5008 poterit
2081 4956 2206 4996 esse
2235 4943 2551 5013 cpisCOpus.
2583 4945 2644 4999 Et
2674 4945 2744 5012 si,
2778 4955 2837 5001 ut
2868 4946 3128 5015 diximus,
3156 4965 3255 5019 pro
3277 4962 3456 5007 vestra

1839 5034 2149 5086 reverentia
2163 5035 2267 5089 hoc
2285 5050 2394 5089 non
2417 5035 2787 5104 diﬁ‘erremus,
2819 5055 2929 5094 non
2942 5039 3116 5094 solum
3146 5057 3244 5111 per
3268 5058 3455 5098 sacros

1836 5134 2079 5173 canones
2109 5120 2552 5187 decerneremus,
2592 5132 2651 5179 ut
2681 5142 2963 5198 nunquam
2997 5136 3050 5183 et
3088 5144 3355 5199 nusquam
3381 5132 3449 5184 ad

1835 5210 2038 5282 gradus
2059 5212 2463 5268 ecclesiasticos
2511 5227 2870 5284 priesumeret
2926 5221 3210 5287 accedere,
3259 5236 3447 5275 verum

1836 5296 1940 5351 sub
1970 5299 2319 5353 anathemate
2347 5316 2472 5354 eum
2504 5313 2796 5371 ponentes,
2823 5308 3029 5361 retrudi
3062 5308 3116 5361 in
3151 5308 3445 5381 ergastulo,

1836 5384 2141 5438 secundum
2199 5402 2381 5441 sacras
2424 5390 2663 5462 regulas,
2715 5392 3179 5449 decerneremus:
3215 5405 3268 5450 et
3316 5397 3449 5451 siin

1834 5474 2181 5529 contumacia
2238 5492 2337 5530 sua
2389 5478 2711 5548 perstiterit,
2743 5481 2864 5535 sine
2917 5482 3028 5537 ulla
3061 5484 3450 5539 retractatione

1836 5563 2014 5620 modis
2070 5566 2332 5622 omnibus
2382 5568 2770 5628 decernemus.
2810 5573 2851 5625 Α
2880 5574 3120 5643 prinfatis
3151 5582 3334 5631 autem
3370 5576 3449 5630 in-

1834 5657 2230 5716 tentationibus
2244 5676 2526 5719 sacrorum
2548 5678 2821 5720 canonum
2840 5680 2939 5723 vos
2959 5667 3263 5725 immunem
3280 5677 3447 5739 atque
