3970 6218
475 274 576 328 199

1591 276 1954 331 FLODOARDI
1996 275 2296 331 CANONICI
2347 275 2682 331 REMENSIS

3697 281 3810 337 200

469 414 737 461 exsortem
767 422 798 460 a
824 407 1074 475 Domino,
1125 425 1222 479 per
1247 427 1411 482 quem
1441 428 1605 487 reges
1632 423 1862 486 regnant
1891 415 2073 483 (Prov.
2100 417 2152 483 Α
2177 426 2302 464 eum
2336 411 2574 466 retinere
2622 411 2842 478 fatetur,
2907 411 3171 467 intimans
3225 413 3374 482 quod
3405 419 3638 468 sanctus
3670 412 3808 468 Clo-

470 497 603 564 vin),
632 504 687 549 et
715 512 776 550 ex
803 512 913 566 quo
943 505 998 551 et
1046 514 1145 568 per
1187 516 1351 570 quem
1405 502 1692 557 exordium
1725 519 1880 558 sacer
1909 506 2078 575 coepit

471 587 839 656 episcopatus,
875 587 991 642 ﬁeri
1033 590 1158 644 totis
1198 591 1418 647 nisibus
1445 609 1763 659 exoramus,
1799 595 1946 649 illius
1969 596 2082 651 cle-

471 675 728 729 mentiam
759 676 1142 746 deprecantes,
1176 687 1234 733 ut
1262 680 1354 735 det
1383 682 1540 736 vobis
1570 684 1708 738 velle
1737 690 1792 738 et
1817 683 2080 754 perﬁcere

472 783 571 838 pro
593 769 741 824 bona
786 770 1073 826 voluntate
1101 789 1224 844 quae
1277 774 1537 845 praecepit
1564 775 1790 845 (Philip,
1823 776 1882 846 ιι)
1909 794 1920 829 :
1946 793 2084 848 qua-

471 868 638 915 tenus
663 862 986 916 mereamini
1041 865 1325 935 percipere
1374 872 1581 920 aeterna
1629 867 1850 942 gaudia,
1878 884 2000 939 qua:
2021 884 2080 923 se

471 952 830 1026 diligentibus
854 956 1203 1025 repromittit.
1234 977 1263 1006 υ
1300 959 1430 1012 ltem
1466 959 1807 1028 respondens
1835 960 1901 1013 ad
1935 959 2081 1013 litte-

470 1059 574 1110 ras,
598 1061 738 1114 quas
769 1045 1044 1101 idem'rex
1104 1048 1155 1103 ei
1219 1050 1620 1116 transmiserat,
1651 1065 1852 1124 rogans
1880 1060 1941 1106 ut
1973 1058 2080 1105 tam

469 1147 567 1200 per
613 1149 675 1186 se
721 1150 883 1203 quam
937 1151 1306 1209 quoscunque
1333 1146 1571 1209 poterat,
1596 1140 1875 1195 orationes
1896 1146 2084 1212 ageret

468 1237 568 1292 pro
590 1222 840 1292 genitore
874 1225 1047 1294 ipsius
1095 1227 1259 1299 regis,
1316 1228 1410 1298 qui
1462 1236 1794 1299 apparuerat
1833 1229 1882 1282 ei
1915 1229 1967 1282 in
2001 1229 2084 1282 vi-

467 1315 644 1377 sione,
701 1314 999 1370 obsecrans
1057 1325 1117 1372 ut
1186 1320 1366 1389 poenis
1421 1321 1660 1390 eriperet
1703 1337 1828 1375 eum
1879 1319 2083 1391 quibus

469 1406 840 1461 detinebatur.
873 1408 1027 1463 Unde
1077 1419 1132 1464 et
1188 1412 1319 1465 satis
1362 1412 1553 1466 utilem
1587 1413 1652 1467 ad
1685 1430 1810 1468 eum
1834 1413 2087 1469 rescribit

469 1500 760 1570 epistolam
793 1501 862 1556 de
889 1501 1053 1556 modo
1086 1509 1139 1556 et
1181 1503 1445 1573 qualitate
1467 1505 1758 1571 orationis,
1790 1506 2086 1561 auctorita-

470 1592 619 1646 tibus
649 1593 887 1664 plenam.
923 1595 1056 1648 ltem
1087 1610 1184 1664 pro
1207 1595 1374 1650 rebus
1403 1597 1576 1652 sancti
1611 1598 1842 1671 Remigii
1875 1597 1997 1651 sitis
2025 1598 2079 1651 in

468 1681 702 1756 Vosago,
733 1683 911 1737 etalia
936 1684 1110 1754 plura.
1134 1683 1211 1737 Ad
1236 1683 1407 1739 filium
1437 1701 1660 1757 quoque
1687 1687 1884 1757 ipsius,
1913 1686 2083 1757 aequi-

2181 501 2412 557 doaldus
2441 504 2690 558 eamdem
2722 511 2910 558 sancto
2942 503 3192 576 Remigio
3225 503 3465 565 dederit.
3494 505 3812 560 admonens

2183 606 2251 644 ne
2277 591 2382 647 hoc
2397 591 2526 646 inde
2547 601 2756 664 ageret,
2775 592 2924 646 unde
2948 590 3471 647 condemnationem
3492 593 3698 648 animae
3712 609 3809 647 ac-

2183 683 2444 755 quireret.
2481 685 2613 738 ltem
2648 700 2748 754 pro
2787 684 3060 738 electione
3090 683 3339 754 episcopi
3378 684 3633 738 ecclesia:
3659 700 3805 739 con-

2183 771 2430 827 cedenda
2489 771 2887 827 Cameracensi.
2949 774 3084 827 ltem
3150 773 3220 827 de
3299 772 3541 828 utilitate
3603 773 3808 827 animae

2185 863 2639 938 regioqueipsius
2670 865 2900 931 honore,
2943 864 2999 917 in
3029 881 3139 935 qua
3170 872 3592 930 commemorat,
3627 865 3807 936 quali-

2185 962 2267 1009 ter
2295 964 2452 1025 pater
2477 955 2654 1025 ipsius
2711 956 3001 1011 Lotharius
3058 958 3336 1032 Augustus
3383 959 3436 1012 ei
3473 974 3535 1012 se
3601 958 3808 1028 ipsum,

2183 1062 2450 1119 suamque
2475 1049 2957 1103 commendaverat
2987 1049 3248 1103 animam.

2804 1155 3016 1210 CAPUT
3045 1156 3173 1210 XXI.

2256 1227 2330 1280 De
2350 1226 2432 1280 his
2449 1243 2568 1296 qua:
2581 1227 2911 1297 quibusdam
2936 1228 3357 1298 archiepiscopis
3377 1229 3458 1284 vel
3468 1230 3738 1298 episcopis

2858 1301 3080 1369 scripsit
3107 1339 3120 1353 .

2257 1410 2492 1465 Diversis
2521 1412 2686 1466 etiam
2707 1420 2815 1467 tam
2842 1412 3125 1484 episc0pis
3170 1429 3333 1485 quam
3367 1413 3810 1485 archiepiscopis

2187 1502 2510 1558 multimoda
2564 1503 2797 1559 utillima
2826 1505 2982 1559 dedit
3010 1506 3233 1576 scripta.
3269 1506 3420 1562 Hecti
3476 1507 3805 1562 trevirorum

2183 1592 2601 1663 archiepiscopo
2658 1593 2849 1648 scribit
2887 1595 3257 1650 ordinationis
3295 1612 3409 1650 sure
3472 1596 3804 1666 primordia,

2183 1682 2421 1738 offerens
2451 1700 2511 1739 se
2540 1685 2752 1740 socium
2801 1693 2856 1740 et
2885 1686 3274 1742 obsecutorem
3327 1686 3382 1740 in
3405 1687 3807 1743 ecclesiasticis

469 1786 662 1826 vocum
692 1773 833 1840 ejus,
859 1772 1052 1826 scribit
1083 1788 1182 1842 pro
1233 1773 1360 1827 villa
1392 1774 1722 1842 Deduciaco,
1758 1773 2082 1849 signiﬁcans
2109 1787 2160 1854 Β
2184 1775 2422 1847 negotiis
2454 1775 2626 1845 ipsius
2653 1777 2967 1846 paternitati
3002 1779 3170 1842 ;item
3194 1779 3264 1833 de
3290 1779 3483 1833 eadem
3509 1794 3590 1844 re,
3614 1788 3808 1850 petens

469 1865 704 1936 qualiter
725 1870 946 1918 sanctus
966 1863 1299 1919 Clodoaldus
1327 1881 1448 1919 eam
1482 1866 1536 1922 S.
1565 1867 1816 1940 Remigio
1838 1867 2076 1930 dederit.

471 1962 525 2010 et
552 1955 831 2026 quomodo
880 1956 1108 2011 Karolus
1168 1956 1384 2028 Pippini
1445 1958 1591 2033 regis
1647 1957 1794 2013 ﬁlius
1826 1959 2077 2014 eamdem

467 2049 648 2103 villam
679 2050 824 2120 apud
854 2050 1131 2121 Tilpinum
1171 2052 1649 2123 archiepiscopum
1689 2053 1993 2108 obtinuerit
2023 2052 2079 2106 in

471 2143 827 2212 praestariam,
857 2159 921 2196 ea
968 2143 1308 2210 conditione,
1375 2152 1434 2198 ut
1499 2145 1738 2216 capellas
1799 2147 1868 2200 ad
1901 2145 2078 2216 ipsam

471 2233 809 2310 pertinentes
838 2249 960 2288 cum
989 2234 1152 2288 nonis
1183 2241 1236 2288 et
1269 2234 1500 2289 decimis
1546 2235 1845 2306 episcopus
1879 2237 2078 2291 Remo-

469 2339 587 2377 rum
627 2324 914 2388 retineret,
955 2331 1009 2378 et
1039 2340 1128 2378 rex
1192 2325 1483 2380 duodecim
1530 2325 1698 2380 libras
1751 2326 1964 2401 argenti
2026 2327 2082 2380 in

469 2412 836 2466 luminaribus
888 2411 1137 2466 ecclesia:
1191 2413 1366 2478 daret,
1409 2421 1463 2468 et
1491 2415 1639 2485 quod
1678 2415 1823 2469 hunc
1853 2431 2078 2470 censum

468 2510 575 2558 tam
609 2503 725 2574 ipse
751 2520 866 2568 rex,
891 2519 1052 2574 quam
1079 2519 1429 2559 successores
1459 2505 1580 2573 ejus
1607 2506 1992 2575 persolverint,
2025 2515 2080 2560 et

469 2597 618 2667 quod
647 2597 764 2666 ipse
785 2611 1005 2666 quoque
1034 2612 1066 2649 a
1086 2603 1239 2665 patre
1299 2596 1446 2651 illius
1469 2598 1726 2652 eumdem
1755 2613 1980 2652 censum
2009 2598 2080 2653 de

469 2682 694 2754 praefata
723 2683 854 2738 villa
907 2684 1196 2754 receperit.
1230 2685 1337 2739 Sed
1402 2694 1456 2740 et
1510 2687 1580 2741 de
1621 2687 1751 2741 villa
1779 2687 2077 2753 Noviliaca,

467 2775 746 2846 quomodo
777 2776 1190 2831 aKarlomanno
1212 2777 1337 2831 data
1358 2776 1538 2832 fuerat
1575 2785 1766 2834 sancto
1807 2779 2079 2853 Remigio,

469 2876 523 2921 et
553 2867 685 2937 quid
713 2875 903 2938 postea
933 2868 1002 2922 de
1033 2868 1152 2938 ipsa
1168 2867 1334 2923 fuerit
1353 2876 1554 2925 actum.
1573 2870 1702 2925 Item
1729 2870 1796 2924 ad
1821 2872 2075 2927 eumdem

464 2956 534 3009 de
567 2955 798 3010 consilio
855 2955 1165 3011 divinarum
1219 2957 1622 3028 Scripturarum
1672 2958 1973 3029 quaerendo
2024 2966 2079 3013 et

467 3047 834 3113 observando,
863 3054 916 3102 et
943 3048 1012 3102 de
1043 3048 1377 3104 consiliariis
1423 3049 1869 3118 inconsideratis,
1911 3057 2076 3105 caete-

469 3143 658 3214 risque
689 3141 856 3197 rebus
887 3142 1125 3213 qualiter
1146 3143 1293 3197 istud
1324 3159 1558 3216 regnum
1589 3142 1918 3212 habebatur,
1942 3151 2082 3199 etne

467 3231 603 3287 illud
636 3231 898 3286 invadere
931 3238 1308 3302 praesumeret.
1347 3233 1476 3286 Item
1521 3247 1619 3302 pro
1658 3231 1921 3286 salvanda
1948 3231 2085 3286 civi-

467 3325 578 3374 tate
611 3319 888 3386 Remensi,
918 3329 973 3374 et
1019 3320 1296 3390 parcendo
1367 3321 1536 3376 sacris
1567 3321 1723 3388 locis,
1755 3321 1803 3375 si
1848 3320 2082 3375 veniret.

469 3409 603 3464 item
625 3408 862 3480 qualiter
881 3409 1099 3483 egerint
1121 3410 1370 3481 episcOpi
1393 3425 1521 3483 erga
1549 3409 1885 3465 Ludovicum
1910 3408 2083 3464 ﬁlium

467 3499 668 3568 Karoli,
701 3499 924 3570 quando
954 3515 1081 3553 eum
1111 3514 1298 3570 regem
1339 3497 2084 3571 consecraverunt,quiaiste

463 3590 624 3646 aliter
653 3591 922 3645 audierat.
949 3593 1084 3646 Item
1124 3591 1194 3646 de
1225 3590 1443 3645 duabus
1481 3590 1750 3646 uxoribus
1774 3590 1946 3661 ipsius
1976 3590 2083 3645 Lu-

464 3680 642 3736 dovici
674 3679 774 3733 filii
793 3679 1252 3751 Karoli,qualiter
1273 3687 1456 3734 actum
1485 3677 1670 3743 fuerit,
1699 3688 1754 3733 et
1785 3685 2009 3734 caetera.

534 3771 736 3827 Scribit
755 3779 809 3826 et
837 3771 1074 3842 Pippino
1100 3770 1216 3844 regi
1248 3770 1592 3842 Aquitanica,
1655 3786 1752 3840 pro
1800 3770 1968 3825 rebus
1989 3785 2084 3826 ec-

466 3860 649 3916 clesiae
679 3876 792 3916 suae
824 3860 881 3914 in
903 3859 1061 3933 pagis
1089 3859 1376 3924 Arvenico,
1411 3857 1700 3913 Lemovico
1732 3867 1787 3913 et
1808 3858 2081 3915 Pictavico

465 3952 609 4019 sitis,
645 3967 744 4024 pro
775 3950 982 4023 quibus
1003 3951 1169 4006 etiam
1202 3950 1411 4005 litteras
1432 3949 1612 4006 Karoli
1647 3949 1794 4022 regis
1822 3950 1890 4004 ad
1924 3966 2083 4005 eum-

467 4043 592 4098 dem
619 4043 913 4115 Pippinum
931 4042 1076 4098 mitti
1091 4042 1490 4114 obtinuit,quas
1511 4043 1947 4116 resFrigidoloni
1967 4043 2085 4098 viro

466 4135 665 4192 illustri
695 4135 954 4191 tutandas
983 4135 1272 4191 commisit.
1317 4135 1512 4192 Karolo
1571 4151 1792 4208 quoque
1826 4135 2085 4191 Ludovici

466 4230 886 4284 transremensis
937 4227 1073 4297 ﬁlio,
1129 4228 1449 4284 collaudans
1493 4227 1621 4284 fidei
1654 4228 2076 4303 benignitatem,

2181 1878 2241 1917 se
2270 1863 2338 1917 ab
2371 1879 2437 1917 eo
2470 1864 2692 1930 instrui,
2723 1873 2778 1919 et
2808 1881 2908 1936 pro
2926 1864 3037 1921 ﬁlio
3056 1866 3270 1933 haberi,
3291 1867 3616 1942 significans
3639 1868 3804 1922 etiam

2183 1951 2251 2005 de
2283 1951 2481 2006 itinere
2510 1967 2628 2016 suo,
2658 1968 2768 2023 quo
2799 1969 2856 2008 se
2917 1954 3142 2009 Romam
3195 1963 3385 2025 petere
3417 1955 3759 2026 diSponebat
3791 1975 3806 2021 ;

2185 2042 2313 2097 item
2348 2043 2416 2097 de
2457 2043 2756 2111 Gondrico,
2790 2060 2951 2116 quem
2993 2046 3564 2101 excommunicaverat
3613 2047 3736 2113 ille,
3757 2057 3807 2101 et

2182 2137 2250 2192 de
2271 2136 2517 2191 Fulcrico
2571 2153 2604 2190 a
2658 2153 2717 2192 se
2771 2137 3266 2198 excommunicato,
3301 2137 3396 2209 qui
3437 2138 3718 2210 refugium
3754 2139 3804 2192 in

2183 2228 2507 2283 Treverensi
2539 2228 2744 2283 habere
2798 2229 3092 2284 videbatur
3119 2229 3462 2299 episcopatu.
3489 2229 3806 2284 Guntbaldo

2184 2318 2373 2386 (Gunt.
2408 2319 2684 2389 Rothom.)
2741 2318 3160 2389 archiepiSCOpo
3185 2318 3379 2373 scribit
3409 2334 3510 2388 pro
3561 2320 3803 2390 quodam

2185 2406 2528 2477 presbytero,
2554 2407 2624 2462 de
2643 2407 2771 2475 jure
2801 2407 3179 2463 ecclesiastico
3210 2408 3596 2463 conservando
3631 2426 3646 2474 ;
3677 2409 3803 2464 item

2182 2513 2280 2568 pro
2300 2499 2385 2553 his
2409 2514 2530 2569 quae
2550 2498 2606 2552 in
2638 2499 2852 2570 synodo
2877 2507 3032 2574 gesta
3062 2499 3282 2554 fuerant
3305 2517 3318 2564 ;
3339 2499 3530 2554 Amolo
3580 2499 3804 2574 Lugdu-

2183 2587 2360 2653 nensi,
2390 2588 2458 2642 de
2489 2588 2691 2659 placito
2723 2589 2869 2659 quod
2916 2589 3185 2644 habuerat
3211 2604 3334 2644 cum
3371 2605 3501 2662 rege
3537 2589 3804 2662 regnique

2183 2676 2540 2747 primoribus,
2570 2677 2638 2731 de
2666 2674 2980 2732 Judaaorum
3036 2678 3092 2731 in
3125 2678 3228 2732 hoc
3259 2693 3428 2749 regno
3459 2685 3605 2732 statu
3640 2679 3802 2741 ;item

2183 2768 2253 2821 de
2283 2770 2494 2838 synodo
2533 2783 2565 2822 a
2592 2767 2769 2822 tribus
2831 2768 3058 2843 regibus
3110 2768 3385 2832 condicta,
3440 2769 3589 2823 etde
3622 2769 3804 2824 Ebone

2182 2874 2514 2930 praecessore
2546 2859 2816 2930 ipsius,et
2841 2860 2967 2914 aliis
2997 2859 3367 2926 nonnullis,in
3394 2875 3504 2931 qua
3526 2875 3654 2914 eum
3679 2859 3808 2914 cha-

2181 2949 2456 3004 rissimum
2470 2957 2524 3003 et
2537 2948 2855 3004 unanimem
2873 2948 2980 3002 sibi
2997 2955 3210 3019 patrem
3222 2964 3282 3003 se
3296 2948 3502 3002 habere
3514 2947 3804 3022 significat;

2183 3039 2315 3093 item
2347 3038 2416 3092 de
2446 3037 2705 3093 Lothario
2737 3053 2890 3112 rege,
2912 3045 2968 3093 et
3010 3037 3132 3092 aliis
3162 3038 3495 3110 quibusdam
3539 3038 3731 3103 rebus,
3752 3038 3803 3091 in

2185 3144 2295 3199 qua
2323 3143 2384 3182 se
2405 3127 2578 3182 ﬁlium
2637 3126 2954 3182 dilectionis
3007 3127 3182 3198 ipsius
3237 3126 3480 3199 appellat
3533 3127 3712 3197 ;item
3740 3128 3805 3181 de

2187 3222 2526 3278 Gothescalci
2562 3223 2664 3277 rita
2680 3222 2767 3277 vel
2791 3223 3232 3291 conversatione,
3261 3223 3686 3294 praedicatione,
3715 3223 3808 3276 de-

2187 3317 2584 3388 prehensione,
2628 3324 2792 3389 atque
2833 3318 3322 3380 condemnatione,
3379 3317 3460 3372 rei
3519 3318 3807 3372 veritatem

2185 3425 2472 3482 exponens
2507 3427 2520 3475 ;
2553 3409 2804 3464 Hrabano
2834 3409 3130 3482 Moguntiaa
3173 3410 3418 3481 praesuli,
3448 3425 3618 3480 super
3655 3410 3805 3478 ejus-

2185 3502 2312 3556 dem
2339 3501 2684 3557 Gothescalci
2738 3503 2926 3572 (quem
2983 3501 3129 3556 idem
3192 3500 3437 3572 pontifex
3478 3517 3510 3556 a
3553 3501 3810 3572 parochia

2186 3610 2287 3649 sua
2325 3593 2396 3649 ob
2428 3595 2699 3648 haeresum
2732 3593 2969 3657 semina,
2997 3609 3120 3665 qua:
3151 3593 3472 3665 spargebat,
3505 3593 3805 3664 repulsum,

2184 3683 2252 3737 ad
2293 3683 2550 3737 eumdem
2604 3698 2730 3737 cum
2789 3682 3124 3754 quibusdam
3184 3681 3555 3753 complicibus
3607 3682 3726 3736 suis
3753 3682 3806 3752 [ἡ

2185 3773 2377 3845 ipsius]
2412 3774 2704 3844 direxerat}
2736 3774 3096 3845 susceptione
3126 3774 3213 3829 vel
3249 3772 3606 3828 discussione
3641 3773 3804 3836 ;item

2184 3863 2252 3918 de
2285 3864 2385 3919 hac
2410 3865 2603 3918 eadem
2635 3877 2716 3930 re,
2767 3869 2823 3917 et
2852 3862 2986 3934 quid
3049 3867 3174 3934 post
3204 3863 3618 3933 susceptionem
3640 3865 3809 3934 ipsius

2185 3956 2255 4009 de
2281 3955 2477 4012 eodem
2526 3955 2725 4029 egerit,
2783 3953 3076 4026 qualemve
3116 3953 3391 4008 invenerit
3425 3953 3602 4024 ipsius
3653 3970 3807 4009 vesa-

2187 4048 2358 4114 niam,
2385 4046 2673 4101 consilium
2705 4046 2775 4101 ab
2807 4061 2876 4102 eo
2908 4044 3456 4116 rationabilius,quid
3480 4045 3591 4099 sibi
3613 4045 3808 4100 adver-

2187 4151 2281 4190 sus
2305 4150 2431 4190 eum
2464 4135 2739 4208 agendum
2770 4135 2862 4202 sit,
2886 4143 3154 4205 expetens
3186 4152 3200 4199 ;
3227 4134 3355 4188 item
3385 4133 3457 4188 de
3483 4134 3743 4190 doctrina
3760 4141 3808 4188 et

2188 4227 2383 4284 haeresi
2412 4227 2682 4296 ejusdem,
2703 4235 2758 4283 et
2787 4227 2923 4299 quid
2954 4227 3011 4281 in
3042 4243 3169 4281 eum
3192 4226 3405 4292 fecerit,
3439 4234 3737 4299 postquam
3759 4228 3806 4281 in

465 4333 629 4390 quam
656 4317 1019 4373 conservabat
1074 4334 1204 4393 erga
1262 4317 1403 4373 filios
1434 4316 1644 4373 sobrini
1701 4317 1786 4372 sui
1818 4316 2081 4372 Ludovici
2183 4319 2395 4390 synodo
2431 4319 2724 4375 haereticus
2782 4318 3175 4390 comprobatus
3222 4317 3421 4380 fuerat.
3457 4335 3566 4374 nec
3611 4317 3807 4392 corrigi

465 4409 892 4465 Karlomannum
928 4411 1069 4474 (Car.
1091 4410 1300 4481 Crass,)
1332 4415 1386 4464 et
1418 4409 2158 4504 Ludovicum,obsecransD
2183 4410 2596 4482 potuit,etquid
2622 4411 2948 4481 ipsecontra
2969 4410 3277 4466 doctrinam
3291 4411 3414 4478 ejus
3446 4410 3810 4465 sentiatdam-

465 4518 591 4556 eum
619 4518 718 4574 pro
752 4502 1010 4558 Ecclesia
1039 4503 1133 4557 Dei
1165 4503 1376 4558 honore
1405 4518 1468 4557 ac
1497 4501 1652 4577 regni
1687 4502 1852 4571 hujus
1872 4501 2141 4557 statuet'
2183 4503 2578 4575 nationemque
2609 4503 2804 4574 ipsius,
2838 4518 3033 4574 quaeve
3058 4510 3248 4558 contra
3271 4501 3530 4556 eumdem
3566 4502 3808 4573 scripse-

463 4593 810 4662 defensione,
838 4602 1002 4666 atque
1021 4592 1333 4665 utpraefatis
1361 4594 1549 4664 pueris
1578 4593 1746 4665 regiis
1767 4593 2079 4649 constitue-
2183 4593 2272 4660 rit,
2301 4591 2431 4647 huic
2461 4589 2810 4646 discutienda
2831 4590 3056 4657 direxit,
3088 4605 3347 4661 quaerens
3377 4591 3547 4644 etiam
3577 4589 3809 4662 qualiter

467 4695 548 4741 ret
586 4688 908 4758 prudentes,
937 4688 1227 4758 justosque
1250 4685 1603 4762 paedagogos,
1645 4685 1739 4757 qui
1779 4701 1876 4742 eos
1910 4686 2082 4741 doee-
2182 4683 2253 4738 de
2305 4680 2580 4737 Trinitatis
2634 4679 2744 4735 ﬁde
2803 4697 2866 4736 ac
2899 4679 3389 4752 praedestinatione
3452 4679 3805 4736 diversorum

465 4784 589 4832 rent
623 4777 718 4831 Dei
743 4777 979 4832 famulos
1007 4777 1302 4841 honorare,
1343 4783 1399 4829 et
1420 4772 1678 4829 mandata
1711 4773 1806 4828 Dei
1838 4789 2078 4841 servare,

463 4869 795 4941 semetipsos
860 4885 1072 4942 regere,
1107 4868 1379 4943 regnique
1433 4866 1812 4940 gubernacula
1840 4866 1945 4921 rite
1978 4875 2088 4922 tra-

462 4963 632 5013 ctare.
666 4959 806 5013 Item
828 4974 926 5030 pro
957 4974 1123 5014 causa
1153 4955 1426 5032 Sigeberti
1460 4953 1638 5010 ﬁdelis
1664 4955 1768 5010 sui.
1804 4955 1937 5010 Item
1974 4955 2083 5010 Lo-

463 5048 644 5104 thario
673 5049 810 5122 regi,
842 5047 956 5106 ﬁlio
1010 5047 1361 5120 imperatoris
1390 5046 1650 5112 Lotharii,
1683 5061 1782 5117 pro
1813 5045 1942 5101 villa
1982 5045 2088 5102 De-

462 5137 714 5203 duciaco,
761 5154 923 5209 quam
974 5148 1131 5209 pater
1171 5136 1292 5207 ejus
1317 5136 1636 5192 reddiderat
1689 5134 1941 5190 ecclesia:
1982 5134 2087 5189 Re-

461 5226 666 5292 mensi,
699 5243 770 5282 ne.
800 5243 888 5283 res
916 5227 986 5282 ad
1018 5227 1193 5298 ipsam
1217 5225 1564 5298 pertinentes
1581 5221 1863 5295 aliquibus
1893 5237 2084 5294 perso-

461 5318 570 5384 nis,
631 5317 776 5374 sicut
826 5336 949 5375 eum
1013 5320 1195 5376 facere
1254 5319 1518 5375 audiebat
1573 5317 1628 5370 in
1686 5315 2081 5387 proprietatem

459 5409 708 5480 periculo
745 5427 846 5468 suo
877 5413 1140 5480 traderet,
1173 5411 1260 5468 vel
1275 5409 1698 5479 colonosipsius
1724 5407 1868 5464 villw
1899 5407 2085 5463 absol-

461 5509 638 5568 veret,
672 5502 718 5555 si
741 5503 875 5573 quid
907 5511 1092 5560 autem
1132 5504 1243 5559 tale
1271 5519 1303 5558 a
1333 5519 1392 5557 se
1416 5502 1619 5556 factum
1643 5498 1861 5566 fuisset,
1885 5514 2082 5553 emen-

461 5589 594 5644 dare
623 5600 858 5647 curaret.
890 5594 1022 5648 Item
1063 5607 1166 5662 pro
1220 5590 1471 5660 ejusdem
1500 5587 1643 5642 villae
1678 5588 1821 5642 male
1855 5593 2082 5642 tractata

462 5681 846 5753 dispositione,
880 5691 935 5738 et
989 5698 1181 5749 censu,
1241 5697 1408 5752 quem
1438 5693 1565 5734 cum
1593 5677 1841 5744 periculo
1880 5678 2080 5734 animae

2187 4772 2404 4827 Patrum
2425 4770 2537 4824 sint
2557 4769 2929 4844 intelligenda;
2952 4768 3324 4824 sententiaezin
3351 4783 3463 4838 qua
3476 4768 3721 4839 epistola
3735 4783 3808 4822 as-

2187 4859 2322 4916 serit
2343 4860 2496 4914 hunc
2525 4858 2750 4913 beatum
2793 4857 3072 4912 Hrbanum
3097 4855 3277 4912 solum
3313 4861 3444 4910 tunc
3458 4857 3809 4927 temporisde

2188 4950 2530 5022 discipulatu
2556 4948 2708 5004 beati
2749 4947 2964 5003 Alcuini
3007 4945 3260 5001 relictum
3293 4963 3307 5011 ;
3341 4943 3701 5000 Landramno
3727 4960 3809 4998 ar-

2186 5043 2568 5114 chiepiscopo,
2600 5041 2670 5096 de
2699 5039 3115 5111 consilio,quod
3128 5037 3198 5092 ab
3225 5053 3292 5092 eo
3326 5035 3569 5107 petierat
3585 5053 3688 5108 pro
3704 5051 3812 5091 mo-

2188 5133 2428 5190 nasterio
2451 5131 2779 5203 puellarum,
2801 5129 2950 5200 quod
2986 5145 3078 5183 rex
3094 5126 3213 5182 dari
3230 5125 3602 5197 praecipiebat
3628 5126 3811 5181 incon-

2182 5222 2430 5278 venienti
2456 5235 2726 5292 persona},
2749 5218 2885 5290 quid
2917 5214 3167 5272 indesibi
3197 5213 3812 5289 foretagendum,utili-

2183 5325 2269 5372 ter
2303 5315 2632 5377 admonens,
2665 5317 2724 5366 ut
2754 5309 3044 5365 ministerii
3075 5307 3185 5363 sibi
3213 5306 3499 5363 commissi
3531 5307 3806 5362 sollicitu—

2183 5409 2371 5463 dinem
2403 5403 2709 5462 ferventius
2729 5409 2886 5477 gerat
2914 5419 2928 5468 ;
2963 5399 3308 5474 Teutgaudio
3356 5398 3714 5464 Treverensi,
3744 5395 3808 5450 de

2183 5497 2420 5568 primatu
2437 5509 2602 5566 quem
2631 5491 2835 5548 deferri
2857 5491 2924 5545 ab
2941 5505 3008 5545 eo
3025 5488 3232 5544 debere
3246 5487 3552 5558 scripserat
3582 5487 3679 5542 ille
3696 5484 3807 5540 sedi

2180 5588 2544 5654 Trevirorum,
2577 5585 2870 5642 insinuans
2920 5581 2975 5637 id
3006 5581 3186 5637 eidem
3219 5578 3339 5636 sedi
3371 5595 3402 5634 a
3435 5579 3578 5634 sede
3606 5579 3805 5635 Remo—

2181 5695 2302 5736 rum
2326 5695 2614 5749 nunquam
2645 5677 2817 5733 fuisse
2847 5674 3113 5741 delatum,
3146 5679 3280 5738 etc.,
3305 5672 3437 5727 item
3469 5670 3726 5728 secundo
3751 5682 3807 5722 ac
