3970 6218
135 280 250 337 201

810 279 1135 334 HISTORIA?
1173 279 1502 335 ECCLESL’E
1540 281 1865 338 REMENSIS
1905 282 2079 337 LIBRI
2122 284 2445 348 QUATUOR.
2474 315 2540 323 —
2582 285 2708 344 LIB.
2734 286 2801 339 Ill

3373 288 3481 344 202

143 420 320 475 tertio
352 418 423 473 de
463 432 626 473 causa
656 416 884 473 Fulcrici
937 419 1430 483 excommunicati;
1483 418 1611 473 item
1670 434 1769 491 pro
1798 425 1851 492 Α
1872 420 2175 490 sequenda,
2206 419 2573 490 depromens;
2605 421 2673 476 de
2706 420 2981 475 Hincmari
3014 436 3232 493 quoque
3262 422 3482 479 Laudu-

147 512 328 568 rebus
373 510 629 566 Ecclesia:
668 511 1020 566 Treverensis
1059 512 1113 565 in
1148 512 1436 583 Aquitania
1479 513 1620 579 sitis,
1670 528 1771 584 pro

145 602 361 672 quibus
400 600 545 655 idem
586 600 823 655 domnus
873 600 1195 655 Hincmarus
1236 602 1366 655 satis
1407 607 1592 674 egerat
1629 603 1772 672 apud

146 692 459 748 Arnoldum
499 692 791 763 quemdam
834 692 1224 763 Aquitannum,
1266 692 1359 763 qui
1398 707 1491 747 eas
1531 692 1772 757 tenebat,

150 793 215 839 ut
247 786 400 856 ipsas
431 784 683 839 Ecclesiae
712 785 1035 838 Treverensi
1081 784 1407 850 restitueret,
1450 785 1595 855 quod
1624 792 1676 839 et
1716 800 1774 839 se

152 879 471 933 obtinuisse
503 876 776 951 signiﬁcat
828 876 1094 932 Amalrico
1126 878 1330 947 (Amat.
1386 880 1608 948 Turon.)
1650 879 1772 933 reli-

152 968 340 1041 gioso,
365 965 801 1035 archiepiscopo,
834 967 1177 1036 compatiens
1210 965 1657 1021 tribulationibus
1686 968 1770 1037 ip-

153 1060 295 1122 sius,
348 1066 401 1113 et
445 1056 737 1113 consolans
795 1058 1133 1127 patientiam.
1194 1064 1354 1128 atque
1415 1058 1771 1131 congaudens

153 1150 439 1205 sanctitati
467 1150 606 1217 ejus,
636 1165 797 1220 quem
823 1148 1127 1202 cliariorem
1153 1148 1297 1201 inter
1317 1148 1513 1202 charos
1535 1164 1593 1202 se
1621 1148 1771 1203 dele-

154 1244 314 1315 gisse
363 1241 655 1315 signiﬁcat,
689 1242 913 1297 mittens
950 1240 1001 1295 ei
1040 1240 1289 1311 quaedam
1323 1241 1562 1311 pretiosa
1600 1256 1771 1295 orna-

155 1341 374 1398 menta,
407 1330 647 1387 casulam
682 1330 891 1385 scilicet
920 1328 1311 1400 diaprasinam,
1344 1346 1506 1400 quam
1540 1329 1779 1384 habebat

159 1422 409 1486 unicam,
431 1427 484 1475 et
505 1421 610 1474 alia
640 1418 970 1474 munuscula
1002 1434 1124 1473 cum
1146 1417 1338 1473 solidis
1368 1424 1606 1472 centum.
1644 1419 1774 1472 ltem

158 1509 360 1565 scribit
390 1510 570 1565 eidem
609 1524 708 1579 pro
741 1508 906 1562 rebus
936 1508 1227 1561 Remensis
1254 1506 1507 1561 Ecclesiae
1539 1508 1592 1560 in
1624 1507 1779 1578 Aqui-

159 1601 316 1654 tania
346 1599 484 1660 sitis,
519 1613 655 1669 quas
694 1605 748 1651 et
780 1612 870 1650 rex
905 1596 1115 1650 restitui
1141 1594 1320 1664 jubet,
1374 1610 1622 1666 quasque
1659 1605 1773 1649 tra—

159 1694 398 1749 ctandas
458 1693 637 1748 eidem
719 1692 989 1747 Amalrico
1064 1690 1392 1746 ﬁducialiter
1465 1693 1771 1747 committit.

1874 511 2062 565 uensis
2104 510 2453 581 depositione
2491 512 2578 567 vel
2618 513 2989 579 restitutione,
3038 513 3277 585 qualiter
3306 526 3484 571 actum

1873 602 1944 657 sit
1984 602 2362 657 manifestans.
2411 603 2486 657 De
2533 603 2638 658 hoc
2695 604 2858 658 etiam
2920 604 3067 658 unde
3122 603 3487 661 calumniatus

1875 691 2052 748 fuerat
2105 709 2135 747 a
2176 694 2506 764 quibusdam
2544 694 2690 764 apud
2748 696 3004 749 eumdem
3063 712 3280 767 papam,
3330 696 3486 769 quasi

1876 783 2087 838 diceret
2136 799 2246 839 non
2285 784 2461 854 ipsum
2514 784 2739 853 majoris
2778 785 3064 859 dignitatis
3117 802 3236 841 esse
3292 805 3487 859 papam

1877 891 2039 946 quam
2063 884 2208 931 esset
2240 877 2358 947 ipse
2394 895 2407 943 ;
2463 878 2531 930 de
2564 878 2912 933 ordinatione
2945 895 3167 950 quoque
3202 878 3487 934 Hedenulﬁ

1874 964 1929 1017 in
1986 964 2164 1019 locum
2208 964 2479 1019 Hincmari
2531 965 2585 1018 in
2641 967 2963 1037 episcollatu
3024 967 3396 1036 Laudunensi,
3436 977 3490 1023 et

1873 1050 2291 1106 conﬁrmatione
2348 1068 2503 1122 papa}
2564 1052 2737 1123 ipsius
2779 1054 3184 1119 ordinationis;
3247 1057 3375 1110 item
3422 1057 3491 1111 de

1876 1138 2261 1205 Karlomanno,
2314 1147 2367 1193 et
2397 1140 2520 1194 aliis
2583 1141 2913 1211 quibusdam
2949 1143 3137 1212 rebus,
3177 1143 3243 1197 de
3290 1146 3493 1215 quibus

1878 1244 2003 1284 eum
2036 1231 2237 1285 veritas
2266 1231 2637 1286 excusabilem
2673 1232 2935 1287 reddidit.
2973 1233 3311 1297 Quibusdam
3349 1252 3492 1307 quo-

1878 1338 1985 1393 que
2035 1322 2519 1392 calumniantibus,
2576 1324 2703 1379 licet
2759 1324 3095 1395 respondere
3149 1335 3353 1396 posset,
3408 1344 3496 1381 as-

1877 1414 2011 1469 serit
2066 1432 2123 1469 se
2190 1414 2456 1479 noluisse,
2515 1431 2583 1469 ne
2640 1416 2905 1471 conviciis
2968 1416 3219 1472 convicia
3268 1418 3493 1472 videre-

1879 1514 1968 1559 tur
2046 1505 2351 1560 reddidisse
2424 1506 2567 1577 [ms.,
2626 1507 2758 1561 vitia
2819 1507 3103 1562 videretur
3168 1508 3495 1578 addidisse],

1876 1596 2172 1669 gloriosius
2235 1613 2357 1652 esse
2420 1597 2629 1652 ducens
2704 1598 2927 1653 eosdem
3002 1599 3235 1655 tacendo
3308 1599 3496 1671 fugere

1881 1704 2044 1758 quam
2108 1690 2494 1759 respondendo
2569 1706 2853 1760 superare,
2925 1706 2994 1744 ne
3052 1706 3204 1745 suam
3264 1690 3493 1763 gloriam

163 1786 480 1844 Rothlando
512 1786 948 1856 archiepiscopo,
990 1801 1089 1856 pro
1123 1785 1288 1839 rebus
1342 1786 1517 1840 sancti
1551 1785 1781 1858 Remigii
1811 1740 2150 1847 Bqumsisse
2217 1784 2517 1847 putaretur.
2594 1778 2823 1849 Scripsit
2888 1779 3052 1833 etiam
3113 1740 3363 1851 qumdlam
3427 1781 3496 1835 ad

163 1878 587 1947 conjacentibus
636 1877 691 1931 in
728 1877 1031 1948 provincia,
1092 1885 1145 1930 et
1192 1893 1290 1947 pro
1330 1877 1605 1948 quondam
1646 1892 1777 1947 pre-

162 1974 393 2044 sbytero
424 1973 481 2026 in
512 1972 723 2043 synodo
752 1970 1245 2033 excommunicato,
1280 1978 1335 2025 et
1364 1971 1533 2026 altero
1580 1971 1635 2024 in
1663 1970 1781 2026 loco

166 2070 345 2140 ipsius
376 2069 647 2124 ordinato.
692 2067 928 2123 Rodulfo
961 2067 1316 2141 Biturigensi,
1351 2074 1448 2137 pro
1480 2066 1643 2120 rebus
1674 2067 1781 2120 Re-

163 2159 378 2214 mensis
407 2157 664 2213 Ecclesiae
722 2158 775 2211 in
807 2173 946 2231 pago
978 2157 1267 2211 Lemovico
1310 2155 1727 2224 conjacentibus
1760 2175 1775 2222 ;

164 2250 296 2305 item
374 2264 470 2319 pro
533 2248 863 2320 quibusdam
923 2247 1450 2309 excommunicatis;
1518 2246 1778 2301 Guntario

165 2343 506 2409 Coloniensi,
534 2349 592 2396 ut
620 2342 924 2398 intercedat
953 2341 1099 2412 apud
1126 2342 1439 2396 Lotharium
1484 2358 1692 2417 regem,
1726 2349 1779 2397 et

161 2446 380 2509 satagat
409 2452 511 2509 pro
541 2437 810 2494 electione
831 2437 1096 2494 canonica
1120 2436 1529 2493 Cameracensis
1551 2437 1773 2508 episco-

162 2530 221 2601 pi
253 2536 377 2600 post
422 2529 706 2585 decessum
759 2530 1080 2585 Theoderici
1140 2530 1439 2583 venerandi
1482 2529 1775 2599 praesulis;

164 2624 298 2678 item
326 2622 593 2687 secundo,
614 2622 700 2677 vel
726 2622 889 2679 tertio
921 2638 1021 2693 pro
1052 2623 1151 2677 hac
1172 2623 1364 2677 eadem
1397 2638 1474 2688 re,
1496 2611 1777 2677 afﬁrmans

166 2728 280 2767 non
326 2712 430 2767 nisi
466 2711 790 2785 regulariter
820 2713 876 2766 in
933 2711 1131 2767 diebus
1160 2712 1273 2766 suis
1317 2713 1426 2767 illic
1455 2713 1773 2782 episcopum

167 2804 541 2860 ordinandum
572 2802 852 2858 Luitberto
888 2804 949 2875 [ε.
976 2805 1051 2873 j,,
1093 2804 1284 2875 Luidb]
1319 2805 1653 2879 Maguutino,
1681 2820 1782 2875 pro

170 2897 341 2953 rebus
394 2898 568 2952 sancti
648 2897 879 2970 Remigii
958 2897 1075 2952 sitis
1142 2898 1195 2952 iu
1251 2898 1460 2971 Vosego
1514 2897 1783 2968 [Vosge],

168 2986 492 3064 signiﬁcans
515 2987 751 3058 qualiter
774 2988 994 3059 quidam
1026 2988 1237 3044 Gibero
1263 3004 1361 3059 pro
1392 3005 1576 3043 earum
1602 3005 1780 3043 rerum

172 3082 498 3155 pervasione
529 3097 748 3137 sensum
777 3084 1103 3153 perdiderit,
1122 3089 1291 3153 etper
1317 3083 1589 3158 integrum
1620 3098 1780 3137 men-

167 3192 290 3232 sem
317 3176 440 3230 sine
474 3174 880 3229 intermissione
910 3180 1154 3238 vexatus,
1188 3189 1310 3228 cum
1331 3173 1520 3228 dolore
1547 3179 1600 3227 et
1631 3172 1782 3243 peri-

168 3272 297 3327 culo
325 3270 562 3325 maximo
584 3270 749 3324 vitam
799 3268 1005 3323 ﬁnierit
1030 3286 1043 3331 ;
1070 3268 1195 3323 item
1226 3284 1323 3338 pro
1346 3267 1581 3321 tuitione
1603 3282 1783 3320 rerum

170 3365 635 3438 praescriptarum,
685 3370 738 3417 et
777 3378 965 3418 earum
1013 3362 1233 3417 familiae
1292 3360 1638 3424 defensione,
1695 3360 1784 3413 vel

170 3458 572 3535 gubernatione
599 3472 750 3526 saepe
772 3454 964 3511 scribit
988 3473 1001 3519 ;
1032 3457 1159 3509 item
1191 3454 1259 3509 de
1291 3452 1663 3508 collocutione
1686 3467 1785 3505 sua

171 3567 337 3623 quam
372 3548 562 3603 habuit
598 3546 743 3618 apud
779 3546 972 3601 Trecas
994 3561 1115 3600 cum
1140 3546 1350 3600 Joanne
1377 3558 1538 3614 papa,
1572 3548 1626 3596 et
1651 3542 1783 3612 quid

170 3646 308 3702 boni
356 3660 479 3699 cum
530 3658 596 3697 eo
651 3642 865 3696 locutus
911 3640 1071 3695 fuerit
1102 3639 1170 3694 de
1210 3639 1350 3709 ipso,
1405 3637 1700 3692 exhortans
1729 3642 1787 3690 ut

171 3738 389 3793 litteras
413 3743 468 3790 et
522 3733 748 3788 missum
798 3747 955 3803 papae
1014 3730 1254 3804 benigne
1296 3727 1582 3799 suscipiat,
1617 3734 1672 3781 et
1718 3726 1785 3780 ad

174 3845 306 3887 eum
336 3826 525 3882 venire
556 3824 772 3880 studeat
801 3842 815 3889 ;
849 3825 979 3879 item
1007 3824 1076 3878 de
1117 3822 1354 3894 quodam
1384 3828 1788 3893 transgressore

172 3918 525 3992 presbytero.
572 3914 774 3971 Scribit
817 3916 963 3970 idem
1018 3913 1353 3969 venerabilis
1382 3911 1706 3965 Hincmarus
1735 3915 1790 3963 et

174 4010 245 4064 ad
300 4006 614 4063 Letharium
657 4005 822 4061 italiae
861 4020 1068 4076 regem.
1096 4004 1191 4075 qui
1238 4018 1321 4069 se,
1378 4000 1570 4055 relicta
1620 4012 1789 4053 uxore

174 4098 424 4172 propria,
457 4098 676 4153 cuidam
694 4095 911 4152 feminae
942 4096 1319 4166 copulaverat,
1354 4094 1491 4148 dans
1525 4090 1575 4145 ei
1609 4088 1791 4145 consi-

174 4192 335 4257 lium,
368 4197 423 4245 et
472 4188 797 4253 admonens,
829 4194 890 4242 ut
921 4203 1041 4241 eam
1072 4204 1103 4242 a
1150 4185 1444 4257 praesentia
1472 4198 1571 4237 sua
1609 4179 1791 4237 omni-

174 4281 283 4336 bus
314 4285 641 4343 removeret,
673 4276 994 4349 signiﬁcans
1013 4292 1073 4332 se
1102 4276 1288 4331 domui
1313 4272 1534 4329 Adriani
1566 4271 1789 4341 (4dria-

174 4376 238 4428 πὶ
266 4374 336 4438 Il)
367 4387 524 4442 papa:
560 4371 771 4426 litteras
809 4371 905 4437 (est
941 4386 1022 4439 ep.
1083 4369 1172 4438 l3)
1220 4377 1275 4423 et
1329 4366 1584 4422 mandata
1627 4376 1795 4433 super

175 4466 284 4519 hac
314 4480 370 4519 re
392 4463 725 4533 suscepisse,
754 4470 809 4516 et
830 4470 890 4516 ut
912 4460 1059 4515 idem
1081 4476 1174 4514 rex
1214 4460 1270 4513 in
1298 4460 1401 4513 hac
1426 4472 1590 4513 causa
1619 4453 1794 4524 ipsius

179 4573 337 4629 pasz
376 4562 653 4627 praecepta
696 4562 1004 4617 conservet,
1044 4567 1340 4627 suggerere
1390 4556 1588 4611 curat;
1631 4546 1783 4610 item,

174 4649 341 4703 aliam
367 4646 654 4718 epistolam
678 4646 744 4700 de
772 4643 1093 4701 hominibus
1108 4658 1298 4712 pacem
1326 4638 1571 4710 recipere
1595 4634 1789 4690 nolen-

173 4742 350 4807 tibus,
400 4740 535 4811 quid
575 4737 706 4792 inde
750 4736 869 4792 ﬁeri
908 4735 1129 4803 debeat,
1170 4734 1490 4790 collaudans
1530 4728 1677 4801 quod
1721 4726 1790 4779 de

174 4832 515 4904 quibusdam
565 4830 767 4886 talibus
822 4831 1007 4903 regale
1052 4831 1161 4899 jam
1207 4825 1573 4883 ministerium
1628 4837 1789 4876 exer-

175 4918 374 4977 cuerit.
408 4918 700 4989 Scripsitet
732 4918 1148 4993 Apologeticum
1178 4923 1369 4972 contra
1398 4913 1794 4969 obtrectatores

178 5028 333 5077 suos,
364 5011 456 5085 qui
490 5009 972 5067 calumniabantur
1024 5026 1148 5065 eum
1203 5006 1435 5063 diversis
1496 5002 1793 5060 detractio-

180 5122 315 5161 num
347 5102 809 5175 appetitionibus,
868 5101 1078 5159 scilicet
1108 5100 1255 5174 apud
1285 5114 1483 5171 papam
1525 5097 1793 5151 Joannem

180 5198 359 5269 (Joan.
410 5194 575 5263 VIII),
619 5196 766 5267 quod
806 5193 977 5251 nollet
1006 5193 1382 5250 auctoritatem
1416 5188 1663 5258 recipere
1693 5186 1795 5241 de-

178 5292 459 5343 cretorum
481 5283 808 5357 pontiﬁcum
830 5284 979 5341 sedis
996 5284 1274 5347 Romanae,
1299 5280 1367 5336 ad
1389 5294 1511 5350 quae
1530 5276 1674 5347 [γεεί.
1693 5290 1796 5343 pro

180 5377 373 5448 atque]
407 5382 463 5432 et
503 5382 637 5430 tunc
681 5374 736 5427 in
769 5374 980 5444 synodo
1019 5370 1339 5427 Trecassina
1373 5370 1509 5435 (syn.
1556 5366 1794 5418 Trecass.

177 5485 268 5525 an.
322 5468 467 5534 378),
510 5475 565 5523 et
613 5473 805 5537 postea
858 5465 912 5519 in
956 5466 1064 5520 hoc
1097 5458 1455 5534 Apologetico
1496 5452 1800 5526 respondit,

178 5556 442 5612 refellens
484 5555 586 5611 hos
623 5554 1027 5610 conviciatores
1079 5566 1232 5615 suos,
1286 5555 1342 5603 et
1392 5562 1451 5601 se
1507 5538 1803 5598 decretalia

180 5644 506 5715 pontiﬁcum
547 5642 919 5697 Romanorum
978 5657 1010 5695 a
1039 5637 1243 5695 sanctis
1290 5631 1543 5691 conciliis
1584 5633 1805 5695 recepta

180 5741 234 5789 et
267 5732 578 5806 approbata
613 5728 861 5798 recipere
902 5736 956 5783 et
984 5727 1140 5799 sequi
1173 5725 1431 5783 discrete,
1482 5722 1646 5787 prout
1674 5720 1805 5768 sunt

482 5838 793 5900 PATROL.
849 5832 1181 5897 CXXXV.

1883 1869 2179 1923 Adrianum
2226 1887 2443 1941 papam.
2481 1870 2575 1941 qui
2627 1870 2905 1925 Romanus
2946 1872 3191 1941 pontifex
3235 1872 3497 1926 nonnulla

1883 1960 1933 2013 ei
1996 1960 2232 2034 dirigere
2288 1978 2349 2015 se
2412 1961 2615 2031 scripta
2677 1970 3092 2016 commemorat.
3170 1961 3262 2015 Cui
3331 1961 3495 2015 etiam

1884 2051 2105 2107 mittens
2152 2053 2439 2123 epistolam
2493 2069 2647 2107 suam
2698 2070 2798 2123 per
2854 2054 3144 2108 Actardum
3183 2053 3498 2108 Nanneten-

1879 2159 1994 2197 sem
2027 2143 2348 2215 episcopum
2380 2145 2641 2199 laudibus
2680 2144 2924 2215 plenam,
2955 2144 3250 2218 delegavit,
3286 2152 3345 2198 ut
3376 2144 3497 2213 ejus

1878 2234 1997 2289 vice
2051 2235 2107 2289 in
2164 2235 2281 2289 istis
2335 2235 2591 2306 partibus
2644 2252 2811 2305 super
2864 2236 3103 2290 Lotharii
3150 2250 3313 2290 causa
3368 2235 3496 2289 fun-

1878 2332 2121 2399 geretur,
2173 2332 2447 2397 quatenus
2505 2326 2653 2398 quod
2713 2325 2841 2380 inde
2898 2325 3149 2381 Nicolaus
3197 2341 3343 2397 papa
3387 2325 3492 2379 de-

1878 2420 2123 2468 creverat
2176 2423 2506 2469 servaretur.
2566 2407 2870 2486 Respondit
2917 2414 3081 2469 etiam
3133 2412 3201 2467 ad
3252 2414 3492 2485 capitula

1877 2504 2149 2574 quaedam,
2183 2506 2337 2579 regni
2371 2506 2702 2560 Francorum
2735 2505 3015 2576 epjscopis
3044 2521 3073 2559 a
3110 2505 3321 2559 Joanne
3355 2522 3495 2576 papa

1878 2596 2197 2649 transmissa
2228 2596 2295 2650 de
2329 2596 2635 2670 privilegiis
2665 2595 2814 2650 sedis
2844 2611 2944 2666 per
2974 2596 3005 2651 7
3043 2595 3303 2665 capitula,
3346 2611 3492 2667 quo-

1878 2684 2023 2737 niam
2076 2684 2220 2738 idem
2256 2701 2398 2755 papa
2429 2684 2583 2739 nisus
2610 2683 2787 2738 fuerat
2824 2684 3147 2759 Ansegisum
3194 2685 3494 2740 Senenscm

1881 2772 2202 2843 episcOpum
2291 2773 2580 2843 primatem
2662 2773 2999 2828 constituere
3099 2774 3299 2843 (epist.
3382 2775 3493 2839 13,

1882 2860 2167 2932 Adriani),
2201 2869 2261 2915 ut
2281 2861 2585 2932 apostolica
2607 2860 2726 2915 vice
2750 2876 2848 2931 per
2872 2860 3070 2915 Gallias
3098 2869 3151 2915 et
3178 2861 3499 2916 Germanias

1884 2949 2161 3007 frueretur
2184 2952 2269 3024 [f.,
2296 2951 2654 3025 fungeretur].
2680 2951 2776 3006 Cui
2798 2952 3018 3007 conatui
3044 2953 3381 3007 venerabilis
3408 2953 3498 3007 hic

1885 3045 2084 3112 praesul
2114 3044 2440 3099 Hincmarus
2470 3042 2769 3099 efﬁcaciter
2799 3044 3033 3099 obstitit.
3067 3044 3297 3115 Scripsit
3328 3044 3496 3099 deni-

1812 3106 1862 3175 C
1882 3148 1988 3203 que
2019 3132 2087 3186 ad
2118 3132 2365 3187 diversos
2394 3132 2686 3202 episcopos
2717 3131 2864 3185 idem
2906 3131 3143 3186 domnus
3175 3133 3500 3187 Hincmarus

1886 3226 2167 3296 plurima;
2214 3226 2462 3298 Remigio
2509 3226 2909 3295 archiprmsuli,
2962 3239 3061 3294 pro
3103 3224 3269 3276 rebus
3322 3223 3496 3277 sancti

1888 3315 2122 3389 Remigii
2154 3314 2210 3367 in
2242 3314 2527 3383 provincia
2574 3312 2851 3383 Cisalpina
2880 3309 3318 3382 conjacentibus,
3360 3325 3500 3381 quas

1888 3402 2035 3456 idem
2076 3402 2445 3465 committens,
2495 3400 2633 3469 petit
2668 3408 2728 3453 ut
2767 3400 2987 3453 easdem
3042 3399 3098 3451 in
3130 3413 3228 3453 sua
3263 3396 3499 3452 tuitione

1884 3492 2150 3563 suscipiat
2184 3510 2196 3557 ;
2233 3492 2380 3555 item,
2413 3506 2512 3561 pro
2556 3489 2907 3544 ordinatione
2941 3491 3090 3543 Isaac
3130 3488 3501 3561 Lingonensis

1886 3584 2131 3657 episcOpi
2160 3602 2173 3649 ;
2218 3583 2346 3637 item
2381 3582 2449 3636 de
2479 3580 2874 3635 constitutione
2922 3580 3037 3649 [ms
3074 3578 3497 3649 consuetudine]

1886 3677 2146 3750 synodica
2178 3683 2404 3747 propter
2433 3672 2929 3729 ecclesiasticarum
2963 3686 3144 3725 rerum
3177 3685 3501 3740 pervaseres

1890 3770 2054 3842 [Rem.
2089 3766 2381 3838 Lugdun],
2413 3776 2467 3821 et
2497 3765 2642 3831 alia;
2675 3763 2827 3827 item,
2861 3762 2930 3817 de
2962 3777 3126 3816 causa
3155 3759 3367 3831 praefati
3398 3760 3502 3815 Lo-

1888 3861 2047 3917 tharii
2079 3860 2248 3935 regis,
2279 3866 2335 3915 et
2382 3859 2450 3914 de
2477 3856 2758 3928 praedictis
2803 3854 2971 3911 rebus
3000 3853 3183 3907 eidem
3234 3851 3501 3906 nonnulla

1887 3956 2089 4025 scripta
2144 3952 2378 4018 direxit;
2416 3952 2570 4018 item,
2636 3948 2703 4004 ad
2758 3948 3013 4003 eumdem
3066 3943 3397 4018 Remigium,
3448 3950 3503 3998 et

1888 4052 2116 4102 caeteros
2146 4043 2459 4115 episcopos,
2491 4040 2679 4097 domui
2721 4055 2877 4110 papae
2909 4036 3114 4093 Nicolai
3154 4033 3499 4099 auctoritate,

1889 4138 1943 4193 in
1994 4136 2263 4208 synodum
2324 4134 2469 4206 apud
2528 4131 2879 4188 Suessionem
2930 4130 3121 4185 venire
3164 4128 3367 4196 jussos,
3402 4140 3501 4195 pro

1890 4244 2054 4282 causa
2082 4224 2301 4281 Vulsadi
2350 4230 2404 4277 et
2435 4222 2768 4296 collegarum
2810 4218 2949 4286 ejus.
2984 4216 3158 4273 Adoni
3204 4215 3502 4269 Viennensi

1892 4315 2307 4386 archiepiscopo
2334 4310 2527 4365 scribit
2556 4310 2700 4363 inter
2729 4315 2946 4369 caetera,
2972 4323 3072 4377 pro
3103 4304 3335 4376 epistola
3354 4302 3504 4357 beati

1894 4406 2032 4461 Aviti
2063 4404 2131 4459 ad
2162 4409 2411 4459 sanctum
2442 4398 2752 4471 Remigium
2795 4395 3019 4466 scripta,
3065 4411 3226 4466 quam
3278 4390 3501 4463 quidam

1810 4521 1869 4590 D
1897 4494 2176 4549 Rotfridus
2230 4489 2535 4545 monachus
2588 4486 2639 4541 ei
2685 4485 2897 4540 dixerat
2940 4501 3000 4539 se
3055 4482 3199 4555 apud
3246 4479 3502 4536 eumdem

1898 4587 2140 4642 Adonem
2171 4583 2390 4655 legisse.
2425 4580 2529 4634 Sed
2574 4586 2629 4633 et
2676 4578 2723 4632 si
2758 4594 2865 4649 qua
2909 4582 3178 4647 praeterea
3214 4574 3282 4627 de
3316 4579 3505 4626 sancto

1894 4674 2146 4748 Remigio
2164 4672 2415 4744 reperire
2438 4668 2665 4734 valeret,
2690 4667 2740 4722 ei
2773 4681 3143 4737 superaurum
3168 4671 3223 4718 et
3249 4660 3506 4731 tepazion

1894 4766 2065 4838 (Psal.
2114 4780 2297 4833 cxvm,
2357 4763 2479 4833 127)
2534 4760 2775 4833 pretiosa
2835 4767 2890 4813 et
2942 4756 3199 4812 amabilia
3242 4752 3505 4807 mitteret.

1896 4859 2137 4915 Herardo
2179 4854 2577 4912 Turonensium
2609 4851 2861 4917 antistiti,
2905 4850 2974 4905 de
3014 4847 3348 4920 quibusdam
3378 4859 3508 4916 apo-

1896 4950 2051 5004 statis
2082 4948 2149 5002 ad
2196 4945 2490 5001 Ecclesiam
2522 4940 2908 5007 redeuntibus,
2943 4939 2993 4994 ei
3034 4937 3155 4993 aliis
3186 4938 3508 5008 paenitenti-

1895 5041 2003 5095 bus
2028 5036 2416 5107 suscipiendis.
2446 5037 2580 5089 ltem
2611 5033 2680 5088 de
2710 5032 2834 5087 aliis
2865 5029 3194 5103 quibusdam
3226 5027 3417 5094 rebus,
3448 5034 3510 5082 ut

1897 5129 2074 5184 amico
2131 5124 2483 5191 charissimo,
2534 5124 2628 5194 qui
2670 5121 2861 5177 eadem
2921 5118 3140 5191 praesuli
3192 5124 3381 5173 nostro
3439 5115 3508 5171 ad

1898 5224 2078 5293 ipsum
2110 5219 2341 5275 veniens
2391 5216 2633 5271 fraterna
2680 5230 2739 5269 se
2788 5213 3085 5268 dilectione
3138 5208 3509 5275 commiserat,

1899 5322 2096 5387 petens
2125 5318 2185 5366 ut
2226 5309 2548 5379 ubicunque
2578 5315 2769 5378 posset
2800 5306 2967 5380 regiae
3016 5300 3380 5359 dominationi
3412 5315 3512 5371 pro

1904 5400 2144 5458 Ecclesia
2172 5399 2321 5453 illius
2341 5404 2683 5471 suggereret.
2712 5395 2873 5451 Obitu
2903 5408 3126 5466 quoque
3156 5406 3255 5447 suo
3290 5389 3515 5461 pr0pin-

1904 5498 2131 5565 quante,
2183 5490 2391 5546 litteras
2444 5488 2511 5543 ad
2558 5502 2684 5543 eum
2738 5486 2859 5556 ipse
2918 5481 3165 5549 dictavit,
3216 5486 3271 5536 et
3314 5478 3363 5535 ei
3422 5477 3515 5550 qui

1906 5583 2110 5638 domno
2137 5580 2425 5636 Hincmaro
2456 5577 2525 5631 de
2579 5574 2735 5635 obitu
2786 5572 2935 5627 illius
2987 5571 3337 5627 nuntiaturus
3379 5573 3519 5632 erat,

1907 5674 2129 5731 easdem
2179 5674 2390 5729 litteras
2425 5669 2533 5742 ipsi
2564 5667 2896 5725 deferendas
2917 5663 3092 5721 dedit.
3139 5661 3249 5719 Sed
3280 5668 3337 5716 et
3363 5656 3519 5714 missi

3193 5806 3230 5864 7
