3970 6218
473 301 582 356 203

1582 299 1949 355 FLODOARDI
1990 299 2293 356 CANONICI
2338 299 2681 356 REMENSIS.

3694 306 3788 361 eos

473 439 811 494 Turonensis
840 437 1095 493 Ecclesia
1149 437 1250 492 hac
1281 436 1483 492 ﬁducia
1521 435 1664 503 fulti,
1703 446 1826 507 post
1869 435 2082 492 obitum
2109 445 2156 509 Α
2183 437 2330 493 dono
2377 437 2538 506 data,
2591 437 2695 493 sita
2727 437 2783 492 in
2823 438 3078 494 Remensi
3103 438 3407 511 |parochia,
3453 453 3580 511 qua
3615 439 3789 496 Turris

475 533 639 600 hujus
668 531 752 586 sui
803 528 1226 600 archiepiscopi,
1269 529 1336 583 ad
1367 529 1622 583 eumdem
1655 528 1917 583 domnum
1951 529 2086 582 Hin-

473 639 715 676 cmarum
736 631 1024 677 venerunt.
1051 620 1191 675 Cleri
1213 637 1437 692 quoque
1467 636 1530 674 ac
1550 620 1730 691 plebis
1756 620 2080 691 petitionem

470 713 538 766 ad
571 713 749 783 ipsum
781 712 1116 783 deferentes,
1141 719 1199 766 ut
1220 712 1424 785 regiam
1455 711 1838 766 celsitudinem
1870 727 1970 781 pro
2002 711 2082 765 eis

472 809 882 878 deprecaretur,
943 815 1214 880 quatenus
1260 807 1588 862 electionem
1621 805 1944 862 canonicam
1990 821 2081 859 rex

472 902 645 973 ipsius
672 903 1018 958 concederet.
1055 902 1207 968 Quod
1238 911 1292 957 et
1323 902 1468 957 idem
1503 901 1749 973 pontifex
1776 899 2078 973 promptis-

467 996 606 1052 sime
637 999 866 1073 peregit.
921 998 1185 1053 lntimans
1233 999 1397 1054 etiam
1426 999 1542 1070 regi
1576 998 1644 1053 de
1698 997 1936 1069 quodam
1968 997 2082 1052 cle-

469 1091 605 1158 rico,
660 1093 842 1164 quise
897 1092 1203 1168 ingerebat,
1239 1109 1348 1149 non
1404 1092 1746 1164 recipiendo,
1803 1091 2078 1166 significat

2185 540 2427 598 vocatur,
2475 531 2747 597 rescribit,
2796 531 2966 604 petita
3019 533 3331 589 concedens
3361 549 3426 588 ea
3473 533 3785 590 conditione

2184 631 2241 678 ut
2289 625 2515 696 antiqua
2544 627 2686 681 villa
2720 626 2896 697 ipsius
2924 626 3178 694 ecclesia,
3207 628 3293 683 vel
3325 627 3620 700 presbyter
3648 629 3785 698 ejus-

2186 717 2310 770 dem
2339 716 2548 770 nullum
2584 717 2857 792 privilegii
2889 718 2972 773 sui
3013 728 3239 790 propter
3266 720 3370 775 hoc
3400 719 3783 775 detrimentum

2186 809 2447 879 pariatur.
2506 810 2672 866 Leoni
2729 812 3012 882 episcopo,
3073 823 3127 868 et
3171 813 3386 869 custodi
3440 814 3784 870 bibliotheca

2184 899 2439 954 Romana
2501 899 2755 956 Ecclesia
2812 902 3023 958 litteras
3085 904 3251 958 mittit
3308 919 3407 974 pro
3437 904 3785 976 susceptione

2183 990 2473 1063 legationis
2521 1008 2655 1050 sua.
2698 999 2757 1046 ut
2801 993 3050 1049 obtineat
3093 995 3240 1066 apud
3287 1013 3486 1067 papam
3529 997 3784 1062 Leonem,

2179 1093 2449 1154 quatenus
2485 1086 2603 1155 ejus
2633 1087 2954 1157 petitionem
2998 1087 3238 1164 benigne
3277 1092 3563 1160 suscipiat,
3599 1099 3654 1146 et
3693 1108 3783 1162 pa~

467 1181 615 1250 quod
647 1181 892 1251 episcopi
928 1182 1174 1250 ejusdem
1208 1182 1527 1254 provinciae,
1569 1181 1749 1237 clerus
1782 1195 2001 1252 quoque
2032 1186 2087 1233 et
2188 1179 2341 1227 terne
2390 1173 2657 1229 rescribat
2685 1175 2863 1230 eidem
2907 1175 2974 1231 de
3009 1177 3095 1231 his
3138 1193 3261 1248 qua
3291 1178 3348 1232 in
3379 1179 3582 1234 litteris
3610 1179 3679 1234 ab
3726 1195 3785 1234 eo

468 1272 625 1340 plebs
656 1272 832 1344 ipsius
862 1273 1139 1342 Ecclesia,
1165 1274 1379 1329 invitati
1411 1273 1736 1329 auctoritate
1768 1270 2080 1342 apostolica

465 1360 636 1430 sedis,
667 1361 959 1416 Actardum
991 1361 1097 1416 sibi
1147 1363 1316 1417 velint
1355 1363 1548 1418 donari
1591 1361 1941 1434 episcopum,
1987 1360 2081 1431 qui

466 1456 521 1509 in
552 1456 744 1510 eadem
771 1457 1003 1512 ecclesia
1041 1458 1371 1528 baptizatus,
1423 1458 1660 1512 nutritus
1707 1464 1762 1512 et
1791 1455 2078 1511 ordinatus

464 1547 660 1614 fuerat,
709 1549 838 1604 licet
866 1550 986 1605 alia
1043 1551 1246 1606 civitati
1280 1551 1438 1606 datus
1481 1550 1794 1621 episcopus,
1832 1549 1928 1604 sed
1981 1563 2078 1617 pa-

458 1653 727 1711 ganorum
777 1638 1129 1694 infestatione
1187 1640 1472 1710 depulsus,
1529 1648 1583 1694 et
1616 1638 1782 1709 pallio
1839 1639 2074 1692 lucrata

2184 1263 2365 1318 missis
2390 1265 2832 1320 continebantur.
2863 1266 3124 1341 Gregorio
3155 1284 3377 1339 quoque
3404 1269 3657 1338 ejusdem
3689 1269 3786 1323 llo-

2184 1371 2358 1410 mana
2402 1356 2656 1412 Ecclesia
2687 1359 3084 1413 nomenclatori
3117 1368 3171 1414 et
3204 1359 3567 1430 apocrisiario
3600 1368 3786 1431 petens

2183 1453 2241 1500 ut
2293 1446 2436 1501 inter
2471 1446 2663 1502 fideles
2691 1448 2898 1503 amicos
2937 1464 3066 1503 suos
3096 1464 3222 1503 eum
3273 1458 3466 1506 tenere
3511 1450 3784 1521 dignetur.

2178 1537 2309 1591 Item
2343 1539 2627 1608 postulans
2667 1545 2725 1592 ut
2770 1539 2974 1594 domno
3025 1539 3327 1610 apostolico
3373 1541 3784 1615 suggestionem

2174 1640 2329 1678 suam
2359 1626 2755 1696 acceptabilem
2789 1625 2909 1681 fieri
2936 1634 3106 1698 petat,
3149 1626 3562 1682 benedictionis
3592 1629 3642 1684 ei
3677 1646 3788 1684 mu-

460 1729 592 1783 sede
623 1731 922 1800 apostolica
953 1731 1276 1798 honoratus,
1310 1741 1367 1786 ut
1393 1732 1555 1786 etiam
1597 1731 1642 1785 si
1677 1730 1831 1786 locus
1857 1729 1926 1783 de
1959 1743 2062 1782 me-

2177 1717 2405 1770 nuscula
2435 1717 2693 1790 dirigens.
2753 1717 3010 1773 Formoso
3041 1717 3190 1772 sedis
3225 1718 3472 1786 ejusdem
3524 1721 3786 1794 religioso

2178 1805 2431 1830 ,ηηζηΑιι-ιη
2460 1807 2564 1830 Ill\
2611 1807 2922 1830 --l|..--.l___
2946 1809 3056 1830 ..ἒ---
3100 1824 3254 1830 ..η-,μ
3291 1809 3534 1830 -__.I!-__.
3590 1811 3755 1830 _A__.2

461 1820 656 1890 tropoli
689 1821 992 1885 adveniret,
1022 1819 1099 1874 ibi
1124 1820 1562 1875 incardinaretur
1589 1821 1861 1886 (ADRIAN.,
1898 1833 1980 1888 ep.
2009 1816 2067 1870 11

459 1917 507 1965 et
545 1913 653 1981 12).
693 1913 900 1983 Datque
949 1913 1175 1984 insuper
1204 1913 1319 1985 regi
1352 1911 1666 1978 consilium,
1726 1911 1859 1982 quid
1901 1911 2071 1980 clero,

459 2000 592 2071 quid
623 2000 776 2056 laicis
806 2017 969 2075 agere
993 2001 1062 2055 sit
1093 2001 1311 2056 interim
1343 2000 1796 2072 pracipiendum,
1831 2001 1964 2072 quid
2001 2003 2069 2058 de

461 2089 626 2144 rebus
654 2109 792 2163 quas
821 2109 884 2147 ex
933 2091 1202 2147 beneficio
1230 2092 1378 2166 regis
1416 2091 1657 2146 habebat
1695 2091 1907 2158 fecerit,
1942 2091 2072 2146 inti—

459 2200 634 2251 mans,
667 2185 761 2257 qui
791 2202 855 2239 ex
887 2185 991 2251 his,
1025 2202 1161 2256 quas
1195 2184 1494 2256 reliquerat
1540 2184 1656 2258 regi
1689 2184 1926 2255 placeat,
1974 2199 2066 2238 re-

456 2276 702 2348 quirens.
751 2277 824 2330 De
855 2275 1187 2346 quibusdam
1220 2290 1440 2346 quoque
1478 2275 1638 2329 libris
1676 2276 1849 2331 sancti
1883 2277 2071 2349 Augu-

454 2365 606 2431 stini,
655 2380 796 2436 quos
841 2364 945 2418 sibi
992 2363 1060 2417 ab
1111 2363 1307 2418 eodem
1354 2363 1557 2418 remitti
1603 2364 1854 2434 petierat.
1908 2372 1962 2419 et
1999 2363 2068 2418 de

454 2452 865 2524 objectionibus
884 2452 1214 2519 Gracorum,
1242 2467 1410 2522 super
1425 2451 1629 2522 quibus
1647 2451 1902 2507 Nicolaus
1929 2468 2069 2523 papa

456 2547 637 2601 eidem
665 2545 1018 2599 mandaverat
1047 2554 1100 2599 et
1144 2544 1251 2598 alia
1283 2543 1554 2615 quadam.
1608 2543 1852 2600 Bertulfo
1882 2545 2069 2599 Trevi-

456 2636 600 2690 rensi
633 2633 1070 2704 archiepiscopo,
1105 2633 1388 2687 instruens
1420 2648 1546 2686 eum
1575 2631 1643 2686 de
1677 2632 1983 2687 ordinanda
2014 2639 2068 2688 et

453 2725 813 2799 gubernanda
854 2724 1080 2779 diacesi
1121 2723 1204 2778 vel
1264 2723 1524 2794 parochia
1566 2739 1686 2788 sua,
1729 2734 1833 2779 etc.
1881 2725 1920 2778 Α
1956 2739 2066 2796 quo

452 2813 620 2869 etiam
669 2820 893 2886 rogatus
924 2811 1305 2866 Wiliebertum
1346 2810 1799 2866 Catalauneusem
1847 2812 2067 2883 episco-

453 2922 582 2976 pum
630 2904 778 2959 misit
807 2904 874 2958 ad
915 2903 1320 2959 ordinationem
1357 2903 1581 2958 Arnoldi
1631 2903 1900 2959 Tullensis
1943 2905 2058 2975 epi-

450 2995 627 3066 sc0pi,
661 2993 792 3065 quia
828 2993 1022 3048 eodem
1053 2991 1296 3048 Bertulfo
1327 2991 1644 3047 infirmitate
1665 2992 1913 3061 detento,
1945 3009 2058 3047 nu-

452 3100 637 3140 merus
667 3084 1052 3156 episcoporum
1099 3100 1128 3137 a
1167 3083 1338 3138 sacris
1374 3083 1682 3139 canonibus
1709 3082 1965 3155 prafixus
2005 3084 2061 3138 in

451 3177 800 3233 ordinatione
831 3176 1081 3247 prasulis
1110 3176 1159 3231 ei
1189 3192 1297 3232 nou
1341 3177 1550 3232 aderat.
1586 3178 1644 3231 In
1703 3177 1869 3245 hujus
1899 3178 2061 3233 etiam

450 3268 672 3325 Bertulfi
705 3269 1053 3325 ordinatione
1078 3270 1190 3338 jam
1223 3270 1438 3340 pridem
1460 3270 1714 3338 jussione
1757 3270 1933 3326 Karoli
1968 3287 2062 3326 re-

449 3359 534 3432 gis
559 3359 905 3413 Hincmarum
938 3357 1260 3428 episcopum
1302 3357 1741 3421 Laudunensem,
1777 3357 2061 3414 Hodonem

447 3452 859 3517 Belvacensem,
897 3460 953 3506 et
980 3451 1286 3506 Iohannem
1319 3450 1768 3506 Cameracensem
1798 3450 2059 3506 transmi-

446 3547 616 3608 Serat,
639 3541 707 3595 ad
733 3539 1056 3610 petitionem
1083 3538 1336 3594 Adventii
1367 3547 1420 3593 et
1439 3537 1645 3592 Arnulfi
1674 3539 2060 3609 episcoporum

446 3629 694 3698 ejusdem
743 3629 1084 3684 Trevirensis
1141 3628 1467 3693 diaceseos,
1529 3627 1805 3698 quomodo
1852 3628 1907 3681 id
1957 3627 2062 3681 rite

444 3717 693 3783 deberet,
713 3733 808 3773 eos
835 3717 1099 3772 canonica
1115 3715 1525 3786 apostolicaque
1547 3713 1852 3768 informans
1877 3720 2064 3769 aucto-

446 3807 625 3870 ritate,
661 3815 719 3861 ut
751 3805 969 3861 asacris
1001 3805 1224 3878 regulis,
1258 3804 1408 3858 nulla
1435 3809 1528 3858 aut
1561 3802 1922 3877 negligentia,
1967 3809 2061 3857 aut

444 3897 893 3969 prasumptione,
925 3897 977 3950 in
1022 3895 1206 3966 aliquo
1252 3894 1620 3948 discederent.
1663 3893 1864 3948 Scribit
1891 3892 2056 3946 etiam

444 3992 670 4063 prafato
719 3990 960 4048 Bertulfo
999 4007 1098 4062 pro
1134 3990 1463 4062 quibusdam
1510 3989 1738 4060 capellis
1772 3988 1840 4043 ad
1871 3987 2055 4042 villam

442 4083 838 4139 Duodeciacam
895 4081 1320 4154 pertinentibus,
1374 4096 1509 4152 quas
1544 4080 1767 4152 quidam
1800 4095 1866 4133 ex
1889 4093 2053 4148 paro-

441 4175 566 4228 chia
602 4174 911 4230 Trevirensi
944 4172 1246 4246 usurpabat
1294 4187 1392 4244 per
1429 4171 1726 4226 factionem
1768 4170 2054 4238 cujusdam

441 4264 776 4336 presbyteri,
810 4265 1058 4337 petitque
1097 4263 1204 4319 sibi
1237 4264 1304 4318 de
1345 4263 1430 4317 his
1445 4262 1716 4332 justitiam
1744 4259 1884 4315 fieri.
1923 4262 2056 4315 item

440 4370 542 4425 pro
573 4357 772 4412 litteris
795 4373 933 4428 quas
961 4355 1236 4411 Ludovico
1263 4353 1378 4427 regi
1409 4351 1845 4408 Transrhenensi
1876 4350 2063 4405 mitte.

2175 1805 2435 1877 episcopo
2459 1807 2589 1877 (11),
2606 1807 2924 1862 collaudans
2941 1809 3258 1879 ejus,quam
3289 1809 3559 1876 audierat,
3585 1811 3786 1865 sancti-

2173 1895 2300 1950 tatis
2329 1905 2383 1951 et
2411 1898 2658 1952 scientia
2687 1897 2936 1963 formam,
2966 1914 3330 1970 quaerensque
3362 1898 3539 1969 ipsius
3587 1901 3786 1955 habere

2175 1992 2624 2062 familiaritatem,
2678 2003 2732 2049 et
2775 2002 2834 2049 ut
2891 1995 3010 2065 ipse
3061 2011 3158 2066 pro
3208 2011 3267 2049 se
3297 1995 3560 2068 dignetur
3611 2012 3786 2064 orare,

2172 2086 2348 2141 vicem
2373 2087 2779 2157 reprehendere
2804 2087 3109 2157 spondens,
3133 2095 3186 2142 et
3210 2088 3459 2158 quadam
3483 2088 3532 2142 ei
3559 2105 3788 2145 munera

2172 2177 2416 2242 mittens,
2459 2186 2517 2232 ut
2545 2178 2630 2232 sui
2683 2178 3003 2232 memoriam
3049 2179 3105 2231 in
3151 2178 3502 2233 orationibus
3564 2181 3782 2236 habeat.

2173 2269 2304 2321 Item
2338 2273 2626 2338 postquam
2659 2266 2868 2322 litteras
2893 2283 3023 2322 suas
3052 2267 3197 2322 idem
3227 2268 3520 2324 Formosus
3550 2271 3605 2324 ei
3625 2271 3785 2326 remi-

2171 2365 2336 2425 serat,
2382 2358 2435 2411 in
2470 2359 2671 2428 quibus
2710 2358 2778 2412 de
2809 2358 3074 2414 charitate
3115 2375 3243 2432 erga
3275 2375 3402 2414 eum
3433 2360 3784 2435 significave-

2171 2458 2272 2517 rat,
2307 2450 2521 2505 intimat
2552 2451 2681 2521 quia
2710 2466 2964 2523 magnam
2995 2451 3052 2505 in
3084 2451 3206 2522 ipso
3238 2451 3468 2507 haberet
3499 2451 3780 2509 fiduciam.

2173 2541 2304 2595 Item
2335 2540 2638 2595 Gauderico
2669 2541 2931 2612 episcopo
2973 2541 3209 2612 prafata
3254 2541 3530 2607 Ecclesia,
3569 2553 3628 2598 ut
3657 2561 3778 2599 eum

2170 2631 2222 2685 in
2255 2647 2368 2687 sua
2398 2631 2714 2688 dilectionis
2756 2633 3021 2704 suscipiat
3060 2635 3353 2706 gremium,
3387 2642 3443 2688 et
3490 2636 3778 2692 Dominum

2167 2731 2495 2794 sanctosque
2542 2725 2822 2793 apostolos
2869 2739 2969 2794 pro
3029 2739 3094 2778 eo
3149 2723 3408 2798 dignetur
3458 2724 3777 2796 implorare.

2163 2814 2360 2869 Joanni
2408 2815 2646 2886 prafata
2677 2815 2827 2870 sedis
2856 2815 3121 2886 episcopo
3152 2815 3344 2869 eadem
3393 2833 3538 2886 pene
3567 2819 3778 2884 scribit,

2165 2912 2221 2958 et
2245 2920 2488 2960 canones
2517 2905 2729 2960 Martini
2761 2920 2936 2977 papa,
2970 2904 3325 2979 Evangelium
3355 2921 3582 2977 quoque
3613 2908 3783 2964 Naza-

2163 3016 2421 3056 renorum
2453 3001 2561 3055 sibi
2592 3001 2657 3055 ad
2683 3000 3164 3055 transcribendum
3193 3000 3336 3054 mitti
3368 3008 3587 3071 petens,
3624 3019 3782 3074 qua-

2091 3126 2141 3195 c
2165 3093 2289 3148 dam
2319 3095 2483 3149 etiam
2514 3095 2676 3150 xenia
2700 3093 2780 3147 illi
2806 3093 3144 3148 transmittit.
3178 3091 3410 3148 Vulfado
3443 3093 3782 3170 Biturigensi

2164 3187 2605 3257 archiepiscOpo,
2632 3186 2702 3240 de
2732 3185 2820 3239 his
2845 3184 2936 3256 qui
2970 3184 3277 3239 inconsulte
3307 3199 3506 3240 uxores
3532 3202 3667 3242 suas
3690 3189 3779 3243 in-

2164 3276 2462 3343 terficiunt,
2482 3276 2814 3332 sententiam
2834 3275 3065 3343 Paulini,
3095 3291 3258 3347 quam
3283 3275 3392 3330 sibi
3423 3276 3570 3330 mitti
3602 3280 3785 3348 petie-

2167 3371 2268 3432 rat,
2297 3364 2568 3420 scribens.
2599 3364 2705 3418 Sed
2728 3372 2784 3418 et
2813 3364 2883 3418 de
2911 3363 3034 3417 aliis
3065 3363 3248 3418 rebus.
3288 3363 3535 3419 Frotario
3567 3366 3785 3423 Burde-

2163 3456 2396 3531 galensi,
2427 3456 2520 3527 qui
2548 3455 2656 3510 sibi
2679 3455 2844 3511 talem
2876 3455 3086 3510 dixerat
3110 3471 3328 3510 versum
3360 3473 3374 3510 :

2287 3549 2473 3600 Remus
2495 3565 2680 3614 equum
2704 3550 2864 3608 nobis,
2893 3550 3086 3600 mulum
3107 3549 3384 3613 Burdegala
3410 3551 3575 3601 vobis.

2166 3633 2329 3687 talem
2357 3641 2483 3703 post
2512 3632 2756 3686 remisit:

2291 3728 2474 3777 Remus
2499 3739 2682 3789 equum
2705 3725 2857 3781 misit,
2883 3725 3075 3774 mulum
3105 3725 3379 3789 Burdegala
3399 3726 3620 3777 nullum.

2167 3818 2227 3872 Et
2257 3816 2362 3871 alia
2417 3815 2667 3887 quadam
2712 3813 2782 3868 ad
2817 3814 3073 3869 eumdem
3131 3814 3386 3884 scripsit;
3432 3832 3534 3886 pro
3579 3833 3786 3874 mona-

2162 3905 2314 3961 sterii
2353 3919 2576 3976 quoque
2603 3911 2805 3957 sancta
2836 3902 3190 3976 Radegundis
3221 3903 3456 3977 regulari
3498 3904 3785 3963 electione

2161 3995 2476 4060 abbatissa,
2495 4004 2599 4049 etc.
2625 4011 2639 4058 ;
2666 3994 2820 4060 item,
2843 3993 2910 4046 de
2932 3992 3288 4048 ordinatione
3311 3993 3544 4050 Fulcrici
3573 4015 3588 4062 ;
3621 3997 3783 4065 item,

2160 4090 2436 4146 Weniloni
2460 4086 2906 4161 Rothomagensi,
2940 4086 3008 4141 de
3026 4088 3296 4158 operariis
3319 4097 3580 4158 etopera,
3615 4109 3788 4164 quam

2156 4187 2394 4243 faciebat
2435 4185 2503 4240 ad
2543 4183 2717 4238 Pistas
2747 4184 2804 4236 in
2837 4183 3135 4254 Sequana;
3193 4184 3324 4238 item
3374 4184 3443 4240 de
3469 4202 3642 4242 causa
3681 4189 3788 4244 Ro-

2165 4279 2315 4336 thadi
2354 4284 2410 4332 et
2459 4275 2665 4330 Odonis
2703 4274 3112 4345 episc0porum.
3173 4275 3410 4350 Drogoni
3444 4276 3784 4336 Metensium

2166 4369 2407 4443 prasuli,
2431 4366 2782 4439 imperatoris
2807 4366 3065 4421 Ludovici
3090 4365 3264 4434 fratri,
3286 4383 3384 4438 pro
3407 4367 3789 4429 familiaritate

438 4448 554 4515 bat,
589 4457 648 4504 ut
695 4463 788 4503 eas
818 4447 933 4521 regi
965 4455 1129 4519 atque
1157 4446 1361 4520 regina
1411 4444 1582 4520 relegi
1605 4443 1790 4510 faciat,
1822 4451 1877 4497 et
1929 4457 2052 4514 qua

2165 4459 2339 4532 ipsius
2367 4456 2764 4528 adipiscenda:
2795 4455 2924 4509 item
2965 4454 3209 4510 referens
3235 4457 3286 4510 ei
3327 4459 3631 4530 gratiarum
3687 4481 3787 4519 ac-

437 4545 583 4617 apud
606 4560 702 4600 eos
724 4545 854 4599 inde
874 4544 1327 4600 audieritlitteris
1347 4543 1456 4598 sibi
1486 4541 1789 4597 remandet.
1821 4539 2053 4594 Litteras

437 4643 605 4697 etiam
636 4657 774 4712 quas
797 4641 1004 4697 Arnoni
1034 4640 1297 4711 episcopo
1353 4639 1754 4704 transmiserat,
1787 4636 1895 4691 sibi
1941 4635 2052 4704 legi

439 4732 622 4800 faciat,
664 4741 718 4788 et
746 4748 933 4806 regem
963 4738 1130 4802 atque
1172 4729 1440 4802 reginam,
1473 4730 1570 4785 sed
1601 4739 1656 4785 et
1686 4729 1953 4801 populum
1984 4727 2052 4782 de

440 4829 659 4884 illorum
689 4829 864 4884 salute
895 4836 950 4884 et
980 4843 1116 4899 pace
1155 4835 1356 4882 sancta
1391 4826 1484 4880 Dei
1516 4825 1776 4880 Ecclesia
1806 4839 2051 4881 commo-

439 4931 582 4980 neat.
617 4923 816 4979 Joanni
844 4923 1298 4999 Rothomogensi,
1330 4922 1675 4994 respondens
1711 4921 1780 4976 ad
1812 4921 2054 4977 interro-

435 5021 714 5096 gationem
751 5023 927 5094 ipsius
970 5021 1040 5076 de
1070 5019 1310 5092 quodam
1354 5020 1576 5085 clerico,
1622 5017 1717 5089 qui
1756 5018 1822 5072 ad
1858 5017 2049 5073 Eccle-

434 5112 571 5167 siam
619 5113 912 5184 quamdam
971 5119 1258 5182 promotus
1304 5109 1623 5183 regendam,
1673 5107 1917 5163 ordinari
1948 5123 2049 5178 per

433 5212 650 5260 atatem
678 5205 778 5260 rite
825 5219 936 5260 non
967 5211 1203 5274 poterat.
1261 5203 1564 5258 Rothstano
1604 5198 1891 5267 Arlatensi,
1949 5200 2043 5271 qui

433 5296 484 5349 ei
519 5295 587 5351 de
628 5309 741 5350 sua
768 5292 1017 5351 ecclesia
1047 5292 1336 5350 vexatione
1365 5292 1683 5364 scripserat,
1727 5297 1782 5345 et
1808 5291 1876 5346 de
1907 5307 2046 5362 qua-

432 5386 556 5440 dam
593 5385 797 5440 femina
825 5385 1058 5456 potenti,
1105 5401 1228 5456 qua
1251 5401 1339 5441 res
1367 5382 1668 5454 usurpabat
1697 5382 2038 5436 ecclesiasti-

431 5493 541 5543 cas,
583 5477 719 5548 quid
748 5477 798 5531 ei
843 5493 1012 5547 super
1040 5476 1126 5530 his
1166 5477 1238 5532 sit
1283 5477 1560 5550 agendum
1593 5472 1866 5528 rescribit.
1897 5474 2040 5528 Ade-

427 5564 577 5620 loldo
628 5564 932 5621 Turonensi
972 5565 1185 5634 petenti
1240 5574 1300 5619 ut
1355 5563 1464 5619 sibi
1511 5562 1707 5616 liceret
1739 5563 2037 5618 oratorium

426 5657 701 5713 adifieare
743 5674 807 5712 ac
850 5672 1172 5711 consecrare
1204 5659 1259 5711 in
1290 5658 1418 5713 villa
1461 5670 1575 5709 sua
1605 5652 1856 5708 ecclesia
1884 5655 2036 5727 regio

497 5767 608 5833 (lt)
653 5766 746 5818 Hic
773 5772 966 5832 postea
993 5763 1093 5816 fuit
1123 5763 1278 5817 Rom.
1313 5762 1583 5832 pontifex.

2157 4557 2337 4616 tiones
2358 4567 2457 4624 pro
2499 4548 2872 4606 sollicitudine
2903 4565 3067 4620 quam
3101 4550 3304 4606 habere
3335 4553 3635 4611 videbatur
3678 4559 3789 4615 Re-

2155 4645 2364 4701 mensis
2411 4641 2689 4707 Ecclesia,
2744 4647 2942 4710 petens
2991 4640 3156 4694 etiam
3198 4642 3267 4696 de
3317 4645 3560 4714 quodam
3610 4648 3789 4706 fratre

2153 4737 2318 4805 hujus
2346 4733 2598 4788 ecclesia
2637 4730 2914 4799 ministro,
2944 4739 3004 4786 ut
3047 4731 3121 4786 ita
3159 4733 3436 4789 frueretur
3461 4736 3788 4812 obsequiis,

2153 4836 2426 4900 quatenus
2475 4827 2708 4883 ecclesia
2733 4826 2837 4882 ista
2889 4828 3218 4882 necessariis
3243 4829 3423 4900 ipsius
3472 4843 3671 4901 posset
3705 4837 3785 4891 uti

2153 4923 2383 4991 solatiis,
2417 4931 2472 4979 et
2490 4924 2597 4979 alia
2622 4924 2893 4996 quadam.
2929 4924 3177 4980 Rothado
3212 4926 3569 4997 Suessonico,
3605 4948 3782 5004 quem

2153 5031 2299 5086 sape
2316 5015 2382 5070 ad
2399 5015 2671 5085 synodum
2693 5017 2884 5072 venire
2905 5014 3252 5071 difi‘erentem
3274 5018 3362 5074 vel
3385 5021 3779 5094 negligentem

2145 5105 2398 5173 vocabat,
2428 5105 2622 5161 scribit
2669 5105 2740 5161 de
2778 5106 3112 5177 quibusdam
3147 5107 3458 5164 criminatis
3488 5114 3779 5182 paroebia

2144 5197 2486 5254 Suessonica
2531 5198 2804 5270 personis,
2837 5200 2924 5256 vel
2957 5199 3277 5272 purgandis,
3298 5201 3386 5254 vel
3416 5204 3778 5271 poenitentia

2144 5293 2469 5368 subigendis
2501 5311 2516 5360 ;
2546 5293 2698 5361 item,
2733 5309 2830 5365 pro
2851 5294 3176 5350 ordinandis
3201 5295 3538 5366 quibusdam
3577 5299 3776 5355 Eccle-

2139 5389 2342 5442 siarum
2377 5389 2670 5454 ministris;
2700 5389 2854 5455 item,
2875 5404 2976 5460 pro
3004 5389 3328 5459 recipiendo
3351 5396 3406 5444 et
3429 5391 3774 5449 adducenda

2139 5477 2206 5530 ad
2226 5477 2496 5544 judicium
2523 5478 2914 5544 Gothescalco;
2942 5494 3108 5550 quem
3135 5477 3374 5533 domnus
3405 5479 3676 5537 Rabanus
3700 5483 3774 5538 ad

2140 5566 2422 5622 dioecesim
2455 5569 2781 5624 Remensem
2813 5568 3098 5624 remiserat
3133 5586 3145 5622 :
3193 5569 3287 5639 qui
3320 5568 3611 5640 profectus
3639 5572 3771 5628 fue-

2140 5666 2219 5710 rat
2248 5673 2314 5711 ex
2363 5661 2626 5729 parochia
2672 5661 3023 5728 Sucssonica,
3067 5660 3281 5716 scilicet
3312 5661 3619 5720 Orbacensi
3652 5681 3775 5720 mo-
