3970 6218
234 397 349 454 205

886 411 1211 470 HISTORIA?
1248 419 1585 480 ECCLESUE
1625 429 1952 491 REMENSIS
1993 438 2166 497 LIBRI
2207 446 2531 511 QUATUOR.
2557 482 2630 497 —
2668 456 2772 511 LIB
2836 460 2926 512 Ill.

3459 475 3567 531 206

234 547 476 602 nasterio
506 566 520 614 ;
551 551 700 619 item,
770 573 868 627 pro
917 562 1266 621 ordinatione
1327 575 1643 629 monasterii
1676 581 1847 635 sancti
1876 567 1922 632 A
1954 570 2007 617 et
2036 565 2106 621 de
2128 570 2372 627 moribus
2397 589 2461 630 ac
2490 578 2753 649 superbia
2812 581 3003 652 iPSiUS:
3058 593 3111 641 εἴ
3163 590 3243 644 δίο
3292 592 3346 645 in
3406 611 3563 653 (δαείη

229 633 497 703 Medardi,
530 646 584 694 et
615 644 953 703 restituenda
987 650 1038 704 in
1058 667 1124 707 eo
1158 656 1346 727 regula
1379 676 1392 723 ;
1423 660 1574 729 item,
1610 680 1708 733 pro
1737 633 1849 738 qui-

228 722 465 779 busdam
520 733 805 786 monachis
836 750 901 788 ex
958 743 1287 798 monasterio
1328 747 1689 807 Altvillarensi

226 809 464 881 dilapsis
496 832 510 878 ;
545 816 694 886 item,
730 837 827 891 pro
858 822 1127 894 Godoldo,

223 912 288 951 se
316 902 708 961 communione
760 909 989 978 privari,
1024 930 1123 984 pro
1163 934 1273 988 quo
1304 921 1466 977 etiam
1495 927 1656 983 tertio
1696 929 1844 986 litte-

220 1002 313 1041 ras
340 990 408 1043 ad
437 1007 563 1046 eum
594 994 826 1063 direxit;
857 999 1009 1069 item,
1062 1020 1160 1073 pro
1188 1007 1519 1077 quibusdam
1552 1017 1841 1089 presbyte-

217 1074 316 1140 ris,
351 1079 447 1148 qui
476 1081 845 1142 clamaverant
865 1088 920 1141 in
953 1093 1165 1160 synodo
1189 1095 1391 1167 injusto
1417 1116 1474 1155 se
1496 1103 1564 1156 ab
1584 1120 1651 1159 eo
1666 1108 1841 1162 eccle-

216 1164 317 1217 size
347 1166 512 1221 rebus
559 1171 823 1241 privatos,
858 1185 913 1230 et
954 1179 1082 1248 quia
1141 1164 1595 1243 irrationabiliter
1641 1195 1836 1263 synodi

214 1257 483 1313 mandata
504 1266 843 1332 tractaverat,
866 1268 970 1322 nisi
990 1285 1049 1323 se
1081 1274 1401 1345 corrigeret,
1433 1282 1715 1338 canonicae
1748 1286 1836 1340 ul-

212 1346 390 1402 tionis
415 1349 631 1424 delegat
649 1354 1177 1429 interminationem;
1199 1366 1329 1420 item
1352 1384 1453 1438 pro
1483 1372 1833 1432 ordinatione

212 1438 517 1508 Hincmari,
558 1453 681 1514 post
711 1447 925 1504 obitum
966 1452 1587 1517 ParduliLaudunensis
1618 1466 1834 1535 episco-

210 1530 301 1598 pi;
340 1532 494 1601 item,
528 1553 627 1605 pro
672 1540 939 1597 Adeloldo
976 1546 1297 1618 presbytero
1322 1551 1477 1618 juxta
1499 1530 1828 1614 sententiam

206 1625 408 1693 synodi
470 1630 832 1700 restituendo,
892 1653 992 1707 pro
1052 1654 1162 1709 quo
1228 1642 1439 1699 litteras
1491 1648 1541 1701 ei
1585 1650 1826 1719 miserat,

207 1725 350 1779 quas
380 1712 469 1767 ille
490 1717 714 1784 penitus
765 1725 1199 1794 contemnebat;
1242 1730 1371 1785 item
1406 1749 1503 1803 pro
1553 1740 1829 1795 mandatis

205 1802 355 1874 regis
394 1804 654 1862 Ludovici
711 1818 766 1864 et
802 1810 1059 1871 firmitate
1089 1818 1158 1872 ab
1191 1836 1258 1875 eo
1290 1802 1543 1893 quaesita,
1579 1844 1700 1899 quae
1738 1848 1829 1887 sa-

205 1894 462 1951 cerdotio
513 1915 621 1954 non
681 1907 1020 1979 congruebat
1052 1928 1065 1975 ;
1100 1912 1230 1967 item
1263 1932 1362 1986 pro
1424 1921 1626 1977 clerico
1658 1940 1823 1995 quem

204 1985 451 2041 mitteret
479 1990 847 2050 ordinandum
872 2000 937 2053 ad
963 2004 1263 2075 regendum
1297 2010 1583 2066 ecclesiam
1619 1985 1823 2071 in.villa

200 2075 367 2132 Turre
407 2079 568 2134 sitam
604 2100 619 2149 ;
651 2085 802 2151 item,
850 2107 950 2159 pro
1011 2096 1294 2162 parochia,
1357 2101 1424 2155 de
1454 2120 1560 2173 qua
1588 2114 1818 2162 conten-

205 2168 352 2224 tione
382 2172 653 2245 agebatur
676 2178 819 2233 inter
838 2197 962 2236 eum
1006 2192 1059 2238 ct
1089 2186 1384 2257 Erpuinum
1427 2168 1818 2263 sylvanecten-

196 2271 309 2310 sem
351 2258 681 2331 episcopum
716 2267 910 2334 ;item,
978 2272 1125 2327 idem
1169 2291 1292 2330 cum
1347 2280 1468 2335 aliis
1528 2283 1814 2342 Remensis

191 2347 500 2405 diceeeseos
529 2354 826 2427 episcopis,
856 2361 926 2416 de
965 2362 1270 2421 Graecorum
1300 2370 1807 2445 adinventionibus,

191 2458 325 2512 quas
352 2453 556 2499 contra
597 2446 890 2502 canonicas
919 2458 1159 2508 statuere
1185 2457 1533 2515 conabantur
1566 2466 1785 2538 regulas

193 2535 289 2591 Pro
315 2537 527 2608 quibus
575 2545 685 2593 tam
723 2540 791 2594 ad
846 2541 1048 2612 ipsum,
1082 2562 1244 2616 quam
1277 2550 1344 2603 ad
1373 2560 1603 2609 caeteros
1635 2535 1805 2625 hujus

191 2628 341 2697 regni
363 2628 821 2701 archiepiscopos
852 2632 1089 2689 domnus
1114 2637 1384 2695 Adrianus
1421 2659 1564 2713 papa
1594 2645 1805 2702 litteras

190 2716 439 2773 dederat.
476 2719 706 2791 Insuper
734 2730 788 2777 et
841 2723 947 2778 alia
1002 2742 1382 2796 saepenumero
1429 2749 1526 2803 pro
1574 2735 1805 2793 diversis

188 2811 425 2880 negotiis
456 2811 525 2865 ad
551 2827 676 2865 eum
706 2813 907 2884 scripta
937 2816 1160 2873 direxit.
1210 2822 1479 2877 lmmonni
1514 2825 1802 2883 Novioma-

184 2901 648 2973 gensiepiscOpo,
708 2920 805 2974 pro
861 2908 1072 2976 synodo
1134 2914 1579 2982 comprovinciali
1613 2934 1801 2994 arege

188 2988 410 3047 Parisiis
451 2993 507 3063 [i,
560 2992 815 3063 Parisius]
861 2996 1137 3066 condicta,
1194 3010 1250 3053 et
1309 3018 1406 3071 pro
1450 3003 1799 3063 ordinatione

184 3080 483 3138 lrminfridi
549 3090 671 3154 post
725 3084 1012 3141 decessum
1057 3089 1402 3147 Hildemanni
1450 3096 1798 3155 Belvacensis

181 3170 422 3242 episc0pi
460 3171 651 3237 ;item,
684 3187 784 3242 pro
812 3174 1163 3231 ordinatione
1184 3178 1401 3235 Parduli
1436 3192 1559 3252 post
1578 3186 1789 3243 obitum

1956 658 2187 729 Domini,
2218 666 2301 719 vel
2335 666 2387 720 in
2418 669 2622 726 Pascha
2650 673 2850 729 debeat
2892 677 3041 733 illum
3074 682 3364 741 admittere
3388 689 3456 743 ad
3470 707 3563 745 au—

1724 754 1850 830 fuga
1950 752 2213 811 diendum
2247 774 2460 816 sacrum
2493 764 2758 833 ofﬁcium,
2794 771 2879 824 vel
2907 774 3284 845 accipiendam
3312 798 3559 839 commu-

1171 831 1263 901 qui
1296 834 1568 892 clamabat
1601 840 1847 899 indebite
1948 844 2192 915 nionem,
2224 854 2427 923 etquid
2463 857 2570 911 sibi
2592 831 2845 916 videatur
2868 864 2936 917 de
2989 831 3264 925 sententia
3299 872 3561 931 Ezechie-

1947 938 2010 993 lis
2041 944 2322 1013 prOphetze
2349 964 2457 1018 qua
2488 950 2689 1007 dicitur
2718 972 2729 1007 :
2762 958 2825 1010 In
2855 975 3175 1031 quacunque
3230 968 3319 1021 die
3356 971 3559 1025 cecide-

1940 1031 2015 1083 rit
2035 1032 2241 1099 justus,
2271 1051 2447 1092 omnes
2470 1041 2705 1109 justitice
2725 1046 2841 1113 ejus
2868 1051 2925 1101 in
2955 1051 3220 1108 oblivione
3245 1059 3553 1115 tradentur:

1938 1127 1988 1176 et
2010 1140 2329 1196 quacunque
2357 1131 2444 1184 dic
2466 1141 2712 1200 peccator
2740 1155 3021 1197 conversus
3051 1147 3221 1211 fuerit
3247 1165 3423 1207 omnes
3444 1157 3549 1211 ἱηί·

1937 1216 2168 1281 quitates
2189 1219 2305 1286 ejus
2338 1224 2627 1279 tradentur
2645 1229 2902 1284 oblivioni
2930 1234 3138 1301 (Ezech.
3169 1245 3343 1306 xvm).
3373 1244 3479 1299 Sed
3502 1254 3555 1300 et

1937 1304 2005 1358 de
2035 1311 2433 1367 consuetudine
2455 1330 2627 1370 ecenaa
2652 1318 2863 1374 Domini
2897 1324 3263 1383 celebrandae.
3303 1333 3433 1387 ltem
3451 1352 3547 1404 pro

1936 1396 2186 1452 ecclesiis
2203 1400 2351 1455 sedis
2381 1402 2667 1461 Remensis
2696 1410 2752 1463 in
2785 1411 2959 1481 ipsius
2987 1416 3215 1473 ditecesi
3246 1422 3383 1489 sitis,
3417 1442 3553 1495 quas

1935 1484 2027 1540 ille
2093 1489 2253 1544 aliter
2308 1495 2572 1551 tractabat
2631 1516 2795 1569 quam
2851 1504 3153 1577 episcopali
3222 1484 3543 1570 conveniret

1931 1578 2196 1647 aequitati,
2231 1589 2287 1635 ut
2308 1583 2375 1638 de
2410 1586 2492 1641 his
2520 1594 2572 1642 et
2608 1590 2675 1644 de
2707 1592 2831 1646 aliis
2884 1612 3006 1666 quae
3030 1599 3145 1668 ipse
3167 1603 3432 1660 audiebat
3469 1608 3548 1661 si-

1930 1668 2040 1721 mul
2075 1669 2454 1742 loquerentur,
2516 1682 2813 1737 exhortans
2872 1694 2929 1740 ut
2984 1689 3307 1747 alterutrum
3358 1712 3416 1750 se
3452 1698 3539 1752 in-

1928 1765 2226 1827 struerent,
2278 1773 2331 1818 et
2389 1767 2619 1825 Domino
2674 1782 2864 1829 mutuo
2909 1783 3379 1843 commendarent.
3445 1789 3544 1843 Pro

1854 1872 1901 1939 Β
1931 1863 2039 1917 qua
2069 1865 2126 1903 re
2154 1850 2355 1908 librum
2389 1872 2608 1928 quoque
2662 1862 2949 1933 scripsisse
2984 1873 3275 1940 reperitur.
3312 1876 3543 1934 Pardulo

1932 1939 2284 1999 Laudunensi
2318 1947 2579 2019 episcopo
2608 1955 2801 2010 scribit
2826 1975 2925 2027 pro
2946 1939 3173 2018 transitu
3196 1967 3383 2024 domni
3406 1972 3542 2029 Ebo-

1924 2034 2012 2088 nis
2041 2042 2406 2095 antecesseris
2438 2045 2544 2111 sui,
2604 2054 2661 2102 ut
2719 2050 2795 2104 illi
2828 2056 3185 2114 sacerdotalis
3217 2060 3535 2138 benignitas

1922 2128 2101 2198 plenis
2131 2135 2397 2191 charitate
2428 2141 2570 2194 votis
2600 2142 2798 2202 debeat
2852 2151 3121 2208 exhiberi.
3168 2157 3298 2212 Item
3345 2128 3414 2215 die
3444 2179 3536 2217 re-

1917 2219 2305 2277 conciliatione
2332 2224 2596 2283 Luidonis
2637 2231 3075 2306 inconvenienti,
3118 2245 3265 2313 quod
3293 2262 3401 2301 non
3431 2266 3533 2319 po-

1917 2310 2082 2363 tuerit
2108 2311 2173 2363 ad
2198 2328 2317 2367 eam
2343 2320 2715 2389 peragendam
2748 2310 3183 2398 adulationibus,
3222 2336 3306 2390 vel
3331 2310 3531 2409 exp-ro-

1913 2396 2261 2456 brationibus
2289 2404 2572 2461 hominum
2608 2411 2990 2483 insipientium
3024 2420 3239 2478 deflecti
3280 2444 3290 2479 :
3332 2444 3529 2485 corro-

1901 3145 1953 3191 te
1983 3146 2038 3193 et
2066 3142 2450 3201 humiliatione
2482 3149 2715 3208 Rothadi
2747 3158 3083 3230 Suessonici,
3136 3175 3189 3221 et
3215 3168 3283 3223 de
3324 3175 3509 3228 consi-

218 3230 228 3267 :
362 3230 374 3242 ·
402 3259 417 3270 .
464 3230 473 3235 '
640 3230 648 3237 '
688 3230 699 3242 '
819 3261 829 3271 .
945 3263 955 3273 .
1152 3230 1155 3231 '
1192 3230 1789 3286 “““”””.“.τ’”””“.“ἷ“
1822 3230 1965 3299 Clio
1994 3236 2141 3304 quod
2174 3238 2224 3291 ei
2265 3240 2514 3310 dederat,
2563 3255 2624 3301 ut
2670 3248 2807 3305 illud
2864 3254 2920 3309 in
2960 3273 3027 3313 eo
3074 3264 3416 3333 corroboret,
3452 3280 3507 3325 et

218 3274 456 3314 imeonis
486 3259 862 3316 Laudunensns
892 3281 908 3327 ;
941 3270 1095 3329 item,
1121 3282 1219 3333 pro
1240 3270 1538 3326 consultoet
1586 3275 1788 3330 auxxho
1923 3324 1935 3333 .
2024 3325 2036 3333 .
2295 3331 2305 3333 _

181 3256 456 3314 Simeonis
486 3259 862 3316 Laudunensis
892 3281 908 3327 ,-
941 3263 1095 3329 item,
1121 3282 1219 3336 pro
1240 3270 1538 3326 consilioet
1586 3274 1788 3330 auxilio
1822 3256 1965 3376 bu!”
1994 3256 2141 3378 (ἰξοῦ
2174 3256 2224 3291 ω
2265 3256 2514 3383 Zeaerm’
2563 3256 2624 3389 Et
2670 3256 2807 3305 “Ind
2864 3272 2920 3398 ’ἲ
2960 3273 3027 3313 eo
3074 3264 3416 3382 corfqboret’
3452 3280 3501 3325 et

181 3348 353 3407 dando
388 3352 737 3408 Theoderico
768 3353 1145 3411 Cameracensi
1180 3361 1419 3428 praesuli,
1452 3379 1620 3431 super
1649 3381 1786 3431 quo-
2063 3342 2558 3431 seql19n.um.,pl:u
2604 3346 2763 3394 emer
2820 3360 2883 3397 ex
2908 3357 3140 3405 mrtem"
3173 3396 3185 3416 ‘
3220 3363 3347 3411 item
3404 3379 3501 3431 pro

180 3348 353 3407 dando
388 3352 737 3408 Theoderico
768 3353 1145 3411 Cameracensi
1180 3361 1419 3428 praesuli,
1452 3379 1620 3434 super
1649 3381 1786 3436 quo-
1889 3348 2763 3436 fugem“
2820 3348 3140 3405 “nomen”.
3173 3372 3185 3416 ³
3220 3363 3289 3410 ηρ

177 3439 294 3496 dam
326 3442 716 3511 inobediente,
738 3444 831 3516 qui
857 3446 1026 3500 Deum
1049 3463 1158 3504 non
1174 3449 1420 3517 timebat,
1451 3461 1505 3508 et
1530 3456 1788 3511 ecclesia—

175 3533 361 3589 sticum
434 3534 797 3590 ministerium
858 3553 967 3592 non
1027 3541 1430 3611 reverebatur;
1492 3546 1643 3612 item,
1686 3564 1784 3617 pro

172 3622 400 3691 quodam
437 3623 781 3694 presbytero,
826 3626 914 3681 cui
944 3626 1120 3699 legem
1171 3631 1494 3687 canonicam
1549 3638 1779 3693 concedi

175 3723 389 3781 monet;
430 3715 585 3783 item,
618 3732 718 3787 pro
760 3718 995 3789 quadarn
1051 3719 1276 3782 femina.
1312 3740 1473 3795 quam
1527 3727 1779 3785 indebite

176 3804 414 3872 queritur
433 3807 944 3863 excommunicasse
966 3826 980 3874 ;
1003 3809 1129 3865 item
1162 3826 1261 3881 pro
1277 3812 1553 3886 colloquio
1566 3816 1778 3887 episco-

176 3894 277 3960 pali
310 3895 589 3952 habendo.
650 3897 890 3968 Erpuino
942 3900 1365 3971 Silvaneetensi,
1405 3922 1504 3975 pro
1530 3909 1770 3978 quodam

176 3978 385 4039 homine
405 4002 574 4057 quem
630 3985 1076 4043 irrationabiliter
1118 3991 1187 4045 ab
1218 4007 1285 4047 eo
1325 3998 1773 4053 excommunica-

169 4071 274 4120 tum
304 4077 362 4125 ut
391 4079 756 4143 compererat,
788 4073 999 4141 intima,
1033 4079 1306 4134 mandans
1331 4088 1390 4135 ut
1422 4082 1641 4139 obviam
1664 4086 1770 4141 sibi

169 4155 360 4221 veniat,
395 4166 450 4213 et
480 4159 616 4230 quid
672 4160 802 4215 inde
864 4163 1069 4218 rectius
1124 4166 1196 4220 sit
1233 4170 1531 4241 agendum,
1582 4188 1769 4230 secum

169 4248 484 4311 pertractet;
530 4246 680 4309 item,
704 4264 805 4319 pro
831 4251 1069 4321 quodam
1094 4255 1416 4327 presbytero
1478 4261 1644 4317 rebus
1687 4279 1774 4319 ec-

168 4327 482 4389 clesiasticis
536 4335 788 4391 indebite
846 4339 1152 4408 frustrato;
1208 4344 1358 4413 item,
1402 4364 1501 4418 pro
1532 4351 1768 4421 quodam

167 4418 379 4490 clerico,
412 4426 510 4497 qui
540 4442 598 4481 se
620 4429 1000 4498 przejudicium
1048 4433 1117 4487 ab
1150 4450 1216 4491 eo
1239 4437 1350 4506 pati
1388 4440 1718 4498 clamaverat
1752 4461 1766 4509 ;

169 4502 313 4573 item,
349 4527 449 4580 pro
467 4514 742 4569 mandatis
762 4516 983 4573 Adriani
1016 4536 1172 4592 papae
1196 4502 1265 4578 de
1304 4534 1606 4595 praenotata
1631 4502 1765 4600 pre;

1888 3428 2041 3478 auro,
2075 3417 2219 3485 quod
2243 3419 2292 3471 ei
2349 3420 2623 3491 mittebat,
2684 3446 2783 3498 per
2820 3448 2943 3489 eum
2977 3442 3181 3513 regina:
3214 3417 3501 3511 offerendo

1887 3506 1954 3559 ad
1985 3512 2427 3579 componendum
2459 3520 2737 3586 quoddam
2769 3526 2863 3580 Dei
2892 3528 3499 3600 Genitricisornamen-

1886 3605 1999 3652 tum
2035 3616 2049 3664 ;
2075 3600 2201 3655 item
2234 3603 2304 3657 de
2334 3609 2601 3676 opusculo
2629 3612 3167 3681 FerculiSalomonis
3193 3646 3221 3683 a
3251 3649 3308 3687 se
3342 3650 3496 3692 com-

1881 3687 2082 3755 posito,
2113 3691 2258 3759 quod
2290 3692 2342 3746 ei
2392 3694 2621 3769 legerat,
2665 3704 2907 3775 rogitans
2946 3712 3078 3781 quid
3109 3716 3215 3770 sibi
3246 3687 3495 3780 videatur

1879 3778 1949 3833 de
1980 3779 2074 3836 illo
2107 3783 2202 3854 (De
2221 3786 2314 3840 hoc
2340 3803 2529 3858 supra,
2546 3808 2665 3863 cap.
2702 3797 2805 3867 15).
2834 3778 2978 3857 Ιιθηί
2998 3823 3097 3876 pro
3113 3808 3353 3869 Ecclesia
3373 3778 3488 3873 Mor-ﬁ

1878 3867 1984 3923 riui
2005 3880 2232 3928 vacante
2270 3886 2511 3948 pastore,
2566 3890 2625 3937 ut
2675 3884 2805 3941 inde
2837 3905 2961 3945 cum
3022 3912 3153 3969 rege
3200 3900 3479 3976 loquatur,

1873 3958 2129 4027 qualiter,
2160 3961 2283 4033 ipsa
2310 3965 2507 4024 electio
2534 3970 2636 4027 rite
2669 3988 2982 4053 peragatur,
3016 3958 3195 4057 ettpro
3236 3958 3479 4053 libris—Si

1870 4048 2233 4107 Ambrosiide
2274 4054 2381 4111 fide
2424 4059 2529 4114 sibi
2583 4048 2888 4125 mittendis.
2927 4048 3238 4136 lrminfrido
3295 4048 3483 4141 Belva;

1870 4140 2042 4202 censi,
2077 4158 2176 4211 pro
2209 4145 2480 4201 electione
2528 4157 2761 4220 pastoris
2794 4159 3048 4220 Ecclesia:
3070 4168 3477 4245 Ambianensis,

1871 4232 2136 4287 canonice
2174 4240 2555 4306 consecrandi,
2596 4256 2723 4313 post
2770 4250 2983 4307 obitum
3010 4256 3299 4330 Ragenarii
3342 4283 3482 4336 prte-

1870 4324 2048 4392 sulis;
2091 4325 2242 4393 item,
2312 4348 2411 4401 pro
2458 4335 2821 4407 gubernanda
2877 4324 3183 4416 prudenter
3224 4324 3478 4419 Ecclesiae

1872 4417 2019 4484 navi,
2050 4434 2172 4489 quae
2204 4419 2261 4473 in
2283 4421 2387 4476 hoc
2421 4426 2749 4503 naufragoso
2808 4441 2993 4494 saaculi
3028 4447 3164 4500 mari
3215 4448 3359 4505 inter
3388 4454 3477 4508 in-

1871 4511 2070 4567 testina
2108 4516 2532 4574 concutiebatur
2574 4523 2740 4582 bella.
2790 4530 2965 4588 Eboni
3009 4539 3271 4613 episcopo
3295 4549 3476 4604 cccle-

3043 4593 3057 4608 ι
3114 4593 3266 4613 ηπ--
3298 4593 3443 4604 πων

164 4593 378 4666 sbytero
409 4620 423 4668 ς
455 4604 606 4669 item,
637 4622 734 4675 pro
783 4611 1042 4667 mandato
1073 4614 1220 4687 regis
1252 4593 1572 4689 regulariter
1598 4638 1760 4677 exse-
1781 4594 1842 4664 D
1865 4605 1971 4701 sine
2002 4607 2292 4701 Rem‘ensis
2321 4616 2565 4684 alumno,
2596 4637 2695 4690 pro
2760 4629 2999 4696 quodam
3042 4634 3207 4693 fratre
3251 4642 3319 4695 ab
3370 4645 3473 4701 hac

163 4688 395 4751 quendo.
429 4691 579 4762 Lupo
600 4693 1004 4765 Catalaunensi,
1034 4716 1133 4770 pro
1161 4688 1374 4773 synodo
1406 4707 1758 4778 celebranda;

163 4772 309 4844 item,
332 4796 431 4849 pro
462 4784 721 4854 quodam,
763 4788 857 4859 qui
885 4790 1014 4847 dolo
1057 4772 1326 4865 deceptus
1356 4796 1550 4867 fuerat,
1581 4809 1639 4856 ut
1669 4802 1759 4857 in-

1861 4697 2095 4753 ecclesia
2124 4699 2251 4776 fuga
2282 4703 2455 4776 lapso,
2490 4716 2545 4762 et
2573 4713 2720 4780 apud
2755 4715 2932 4786 ipsum
2980 4738 3381 4801 commorante,
3412 4744 3471 4791 ut

1860 4791 2187 4859 quantocius
2212 4793 2366 4850 illum
2419 4799 2673 4874 diligenti
2727 4823 2857 4863 cura
2900 4815 3182 4874 remittere
3204 4791 3466 4891 studeat;

162 4859 356 4921 fantem
390 4873 672 4942 preprium
704 4877 773 4930 ad
829 4859 1278 4938 catechizandum
1316 4859 1574 4955 teneret;
1604 4890 1755 4961 item,

161 4958 287 5026 quid
318 4963 386 5017 de
408 4965 510 5022 hac
540 4984 597 5023 re
651 4973 895 5042 synodus
921 4976 1243 5033 decreverit.
1281 4980 1376 5036 Cui
1406 4984 1569 5040 etiam
1596 4958 1755 5043 testi;

159 5056 395 5114 monium
424 5060 585 5120 bonae
613 5066 737 5121 vitae
768 5071 1024 5138 perhibet
1053 5074 1109 5128 in
1152 5075 1405 5146 epistola,
1434 5096 1596 5152 quam
1620 5087 1756 5141 scri-

158 5148 259 5214 psit
284 5161 407 5221 post
434 5157 645 5215 obitum
670 5162 842 5233 ipsius
881 5166 947 5221 ad
974 5184 1160 5244 regem
1186 5148 1562 5247 Karolum-pro
1585 5178 1756 5251 impe-

160 5244 341 5301 tranda
396 5251 668 5310 electione
724 5260 958 5333 regulari
1034 5263 1293 5321 Ecclesiae
1345 5244 1751 5332 Catalaunensi.

158 5327 447 5398 Prudentio
480 5345 799 5404 Trecassino
829 5353 1098 5423 scribens,
1140 5359 1403 5427 quaeritur
1445 5379 1615 5433 quare
1644 5368 1750 5422 sibi

159 5429 498 5485 praesentiam
529 5450 683 5489 suam
735 5438 1041 5508 subtrahat,
1078 5443 1396 5514 significans
1443 5429 1503 5503 se
1558 5451 1628 5504 ab
1685 5470 1751 5510 eo

158 5511 438 5570 consilium
485 5535 731 5590 quwrere
777 5525 917 5580 velle
957 5528 1026 5582 de
1048 5511 1189 5583 sta—tu
1242 5540 1297 5586 et
1341 5539 1752 5606 compressione

159 5593 504 5676 Gothescalci,
541 5613 807 5670 intimans
830 5620 977 5689 quod
1027 5621 1096 5675 de
1123 5622 1243 5692 ipso
1288 5593 1753 5700 actum.veljudi-

157 5694 324 5746 catum
354 5695 531 5756 fuerat
554 5703 611 5757 in
654 5707 890 5774 synodo,
941 5725 1051 5781 quo
1080 5726 1204 5766 eum
1234 5716 1504 5775 reclusum
1530 5723 1753 5782 tenebat

151 5775 373 5855 judicio,
402 5797 455 5845 et
476 5797 601 5864 quia
622 5796 813 5852 multis
838 5802 1017 5857 modis
1031 5820 1157 5859 eum
1176 5811 1420 5865 converti
1439 5820 1526 5867 ten
1537 5818 1750 5882 taverit,

1859 4880 1988 4935 item
2013 4899 2111 4953 pro
2134 4886 2484 4945 ordinatione
2513 4893 2662 4951 Isaac
2692 4897 2745 4952 in
2761 4901 3080 4975 episcopatu
3112 4910 3465 4985 Lingonensi,

1860 4978 1918 5026 ut
1943 4974 2264 5031 exhortetur
2286 4978 2593 5055 Remigium
2619 4974 3095 5067 archiepiscopum
3115 5003 3179 5055 ad
3210 4974 3463 5064 eamdem

1854 5064 2262 5122 ordinationem
2345 5079 2739 5149 peragendam.
2804 5084 3143 5148 Theodorico
3212 5096 3465 5156 Camera-

1855 5152 2030 5218 censi,
2065 5170 2163 5223 pro
2188 5159 2427 5227 quodam
2476 5163 2716 5224 Hectone
2768 5172 3005 5231 Lotharii
3030 5183 3176 5256 regis
3204 5152 3461 5259 vassallo,

3090 5238 3123 5256 υ
3246 5238 3461 5259 ”""""7

1855 5238 1942 5294 cui
1982 5245 2260 5297 communi
2320 5262 2593 5307 consensu
2650 5261 3033 5326 pcenitentiam
3086 5269 3461 5345 injunxerant,

1855 5326 1947 5397 qui
1972 5344 2029 5381 se
2056 5329 2370 5388 absolutum
2408 5354 2438 5391 a
2478 5342 2704 5409 praafato
2748 5348 3087 5410 Theoderico
3119 5326 3465 5422 fuisset—fate:

1852 5419 2035 5487 batur,
2064 5427 2118 5475 et
2145 5438 2241 5491 pro
2261 5428 2498 5495 quodam
2523 5435 2870 5507 presbytero,
2926 5461 3087 5514 quem
3113 5449 3255 5507 idem
3278 5419 3462 5514 Theo-

1854 5506 2076 5562 dericus
2114 5517 2706 5589 excommunicaverat,
2739 5543 2836 5615 prp
2869 5547 2977 5601 quo
3012 5552 3153 5608 papa
3188 5541 3466 5604 Romanus

1855 5598 2059 5654 domno
2102 5601 2389 5662 Hincmaro
2422 5608 2630 5668 litteras
2683 5598 2915 5689 miserit,
2945 5598 3098 5696 quas.
3130 5630 3252 5702 ipse
3282 5638 3465 5695 eidem

1853 5690 2193 5753 Theoderico
2242 5699 2513 5759 mittebat.
2572 5707 2706 5763 Item
2750 5728 2850 5783 pro
2925 5690 3167 5789 praefati.

1862 5778 2007 5849 [ms.,
2067 5786 2332 5863 liettonis]
2387 5778 2792 5869 absolutione}
2839 5778 2969 5862 item
3012 5828 3113 5882 pro
3161 5818 3330 5876 rebus
3362 5823 3469 5878 Re-

1858 5871 2068 5926 mensis
2096 5875 2372 5947 Ecclesiae,
2402 5901 2541 5955 quas
2566 5889 2671 5945 sibi
2716 5908 2816 5961 per
2845 5900 3182 5964 priestariam
3212 5904 3472 5963 Theode-
