3970 6218
434 445 537 499 207

1542 426 1909 485 FLODOARDI
1950 422 2254 480 CANONICI
2295 427 2621 482 REMENSIS

3643 430 3736 486 208

437 571 584 625 ricus
612 567 908 637 episcopus
931 562 1174 635 delegari
1203 558 1638 632 petebat;item,
1670 570 1771 626 pro
1810 551 2028 608 ordina-
2066 556 2112 619 Λ
2141 561 2247 607 tem
2303 571 2458 610 suam
2513 561 2868 626 respuentem
2921 569 3104 611 coram
3158 555 3346 611 multis
3399 556 3732 614 sustinuerit.

438 659 588 712 tione
612 653 860 709 llunfridi
891 653 946 706 in
978 652 1298 721 episcopatu
1325 647 1556 712 Morini;
1591 646 1719 701 item
1751 659 1848 714 pro
1893 641 2044 696 ordi-

436 747 662 801 natione
694 741 963 797 Ercamrai
996 750 1118 811 post
1163 739 1448 792 decessum
1484 735 1617 804 Lupi
1651 730 2048 787 Catalamensis

439 839 687 912 episcopi
727 856 740 902 ;
766 837 917 899 item,
951 834 1267 889 deadventu
1287 826 2040 892 Ludovici'l‘ransrhenensis,

439 930 568 1003 quia
583 927 767 982 Remis
796 924 1031 988 venerit,
1065 931 1120 977 et
1145 921 1276 992 quid
1307 919 1502 993 egerit,
1531 918 1732 990 quidve
1758 916 1864 970 sibi
1905 930 2045 984 prae-

438 1021 686 1093 ceperit;
721 1020 870 1083 item,
931 1031 1029 1087 pro
1091 1013 1378 1077 Balduino,
1428 1011 1524 1083 qui
1577 1010 1799 1064 viduam
1851 1006 2041 1062 Judith

440 1115 607 1170 tiliam
634 1112 782 1187 regis
809 1108 988 1164 Karoli
1019 1106 1231 1162 furatus
1270 1105 1468 1170 fuerat,
1495 1109 1557 1158 ut
1596 1101 1735 1156 sciat
1757 1115 1882 1154 eum
1914 1114 1946 1153 a
1976 1114 2043 1187 se

437 1203 541 1259 sub
564 1185 913 1256 anathemate
956 1196 1219 1268 positum,
1268 1202 1324 1249 et
1344 1193 1399 1246 id
1431 1208 1528 1263 per
1569 1206 1725 1244 suam
1756 1185 2049 1243 denuntiet

439 1291 752 1364 parochiam
807 1307 820 1354 ;
869 1288 1022 1352 item,
1072 1300 1173 1355 pro
1239 1283 1478 1355 quodam
1510 1322 1524 1348 ,
1603 1279 1696 1351 qui
1752 1276 2046 1364 quamdam

441 1363 704 1436 feminam
747 1379 805 1432 in
835 1374 1210 1432 concubinatu
1267 1370 1520 1441 accipere
1548 1382 1843 1439 persuasus
1869 1363 2047 1419 fuerat

441 1489 472 1526 a
525 1480 679 1542 patre
742 1468 920 1540 ipsius
976 1465 1191 1538 puellae.
1248 1462 1510 1538 Ifolcuino
1564 1457 1887 1522 Morinensi,
1944 1469 2046 1526 pro

441 1563 680 1634 quodam
726 1559 1050 1631 presbytero
1096 1555 1272 1627 ipsius
1309 1553 1586 1618 ordinato,
1655 1549 1746 1622 qui
1778 1546 2050 1603 clamabat

444 1651 700 1720 injuriam
724 1664 784 1703 se
803 1648 914 1718 pati
948 1647 1016 1701 ab
1051 1646 1293 1700 Immone
1322 1641 1576 1713 pmsule,
1608 1640 1854 1711 petitque
1885 1637 2048 1691 simul

2149 645 2492 718 Corripitque
2515 663 2661 713 eum,
2690 647 2820 718 quia
2851 661 3132 717 nunquam
3163 662 3222 700 se
3262 661 3656 718 recognoscere
3673 648 3735 702 de

2147 735 2332 806 aliqua
2355 737 2535 806 culpa,
2569 737 2666 790 sed
2721 753 2941 807 semper
2969 753 3026 791 se
3073 736 3371 791 defendere
3401 735 3647 806 parabat,
3677 737 3736 790 de

2148 829 2339 884 habitu
2362 846 2602 901 quoque,
2625 832 2860 894 incessu,
2886 831 3019 896 risu,
3047 830 3396 899 juramentis,
3439 829 3736 900 impatienti

2146 920 2444 985 locutione,
2480 923 2559 976 ira
2589 921 2879 993 praecipiti,
2923 927 2978 977 et
3006 922 3131 976 aliis
3168 921 3357 976 multis
3385 938 3399 986 ;
3434 920 3588 988 item,
3619 921 3738 992 quia

2147 1021 2336 1067 contra
2391 1022 2702 1068 sanctarum
2793 1015 3196 1085 Scripturarum
3253 1015 3526 1070 tramitem
3591 1027 3742 1068 causa

2146 1121 2257 1159 suae
2284 1105 2496 1172 injuria:
2527 1107 2583 1160 in
2623 1106 2896 1177 parochite
2935 1123 3046 1162 suae
3098 1107 3507 1180 gubernatione
3563 1119 3741 1159 exces-

2147 1207 2310 1264 serat,
2344 1207 2403 1254 ut
2432 1201 2551 1256 haec
2611 1201 2890 1275 corrigere
2949 1202 3186 1263 studeat,
3243 1201 3554 1256 admonens
3620 1215 3736 1253 eum

2147 1290 2364 1360 qualem
2395 1305 2455 1344 se
2484 1290 2687 1348 debeat
2713 1291 2980 1347 exhibere
3006 1292 3192 1347 verbis
3211 1291 3455 1362 Apostoli
3477 1291 3547 1345 ad
3567 1290 3740 1344 Timo-

2147 1384 2334 1437 theum
2362 1401 2374 1437 :
2405 1384 2560 1451 item,
2618 1386 2686 1441 de
2735 1386 2973 1458 quodam
3039 1386 3350 1458 sacrilegio,
3382 1395 3438 1442 et
3473 1402 3505 1440 a
3529 1402 3591 1440 se
3618 1400 3744 1456 pro-

2148 1474 2455 1529 sceleribus
2484 1474 2979 1542 excommunicato,
3037 1475 3185 1547 quod
3240 1474 3318 1528 illi
3376 1490 3466 1530 res
3493 1473 3748 1529 ecclesia-

2150 1566 2312 1619 sticas
2340 1565 2408 1618 ad
2435 1565 2609 1634 turpis
2660 1565 2794 1620 lucri
2845 1565 3129 1634 praemium
3184 1564 3441 1631 dederit;
3475 1565 3628 1632 item,
3656 1581 3748 1636 pro

2153 1659 2380 1716 Hadulfo
2410 1661 2647 1731 quodam
2677 1660 2851 1732 ipsius
2899 1661 3101 1717 clerico
3157 1669 3376 1733 petens,
3408 1677 3575 1732 quem
3610 1659 3744 1714 idem

443 1739 705 1812 reliquias
733 1735 1114 1792 sanctorumin
1137 1732 1434 1788 Morinensi
1467 1729 1728 1829 parochia
1758 1727 2046 1834 quiescent
2077 1768 2124 1834 Β
2151 1727 2474 1808 “immanis
2534 1727 3104 1808 excorhmunicaverat
3142 1727 3174 1814 ς’
3200 1727 3370 1816 item"
3412 1727 3483 1804 de
3523 1748 3750 1819 epistola

445 1831 580 1884 tium
611 1828 717 1882 sibi
746 1827 908 1891 mitti,
955 1825 1084 1896 quia
1139 1823 1194 1877 in
1226 1820 1641 1877 consecratione
1670 1818 1918 1872 ecclesiae
1952 1817 2044 1870 Dei

444 1918 740 1972 Genitricis
768 1917 937 1971 altare
957 1916 1024 1970 ab
1051 1915 1172 1984 ipso
1206 1911 1470 1967 Folcuino
1501 1907 1967 1971 consecrandum,
1996 1913 2052 1959 et

446 2027 511 2065 ex
539 2009 714 2080 ipsius
752 2007 1024 2080 parochize
1067 2005 1318 2076 reliquiis
1358 2002 1738 2058 honorandum
1775 2013 2052 2071 praepara-

447 2102 558 2156 bat.
627 2098 903 2152 Rainnero
948 2094 1210 2165 episcopo
1264 2107 1365 2163 pro
1405 2089 1644 2162 quodam
1704 2086 2049 2159 presbytero,

447 2205 612 2261 quem
643 2187 820 2242 Notho
865 2184 1316 2255 archiepiscopus
1345 2181 1699 2246 Arelatensis,
1745 2181 1796 2233 ei
1853 2176 2052 2232 litteris

447 2279 784 2334 indicaverat
812 2275 1089 2344 abjectum
1118 2273 1404 2339 canonice,
1437 2281 1491 2327 et
1513 2269 2048 2327 excommunicatum

445 2386 476 2424 a
506 2368 740 2439 synodo,
773 2366 945 2420 altero
998 2363 1316 2435 presbytero
1345 2361 1400 2415 in
1430 2361 1549 2430 ejus
1574 2361 1698 2416 loco
1729 2359 2050 2415 constituto.

445 2458 580 2532 Agio
602 2459 766 2529 (Agin
797 2457 1004 2526 Aurel.)
1035 2455 1297 2526 episcopo
1338 2469 1436 2523 pro
1469 2451 1636 2506 rebus
1660 2449 1914 2505 Ecclesiae
1946 2447 2055 2501 Re-

445 2548 651 2602 mensis
682 2548 739 2600 in
773 2545 1064 2618 Aquitania
1085 2541 1523 2612 conjacentibus.
1565 2540 1780 2595 Abboni
1811 2539 2055 2593 Antisio-

445 2639 694 2705 dorensi,
743 2653 842 2708 pro
874 2635 1169 2691 Heriboldo
1222 2633 1455 2704 praesule
1485 2632 1768 2693 defuncto,
1803 2630 1896 2701 qui
1931 2629 2051 2683 cui-

445 2730 570 2784 dam
610 2729 762 2783 fratri
805 2743 1096 2799 apparens,
1158 2725 1447 2781 admonuit
1491 2725 1558 2780 de
1589 2726 1961 2796 eleemosyna,
1999 2731 2052 2778 et

445 2821 812 2886 orationibus,
844 2828 1007 2892 atque
1054 2817 1433 2874 oblationibus
1483 2833 1581 2888 pro
1611 2835 1671 2871 se
1722 2817 2046 2873 ofierendis.

443 2911 628 2966 lEneze
657 2909 1011 2975 Parisiorum,
1043 2923 1142 2979 pro
1175 2907 1424 2962 Rothado
1447 2907 1818 2970 Suessionico,
1842 2907 1911 2960 de
1942 2922 2052 2977 quo

445 3000 697 3072 quaedam
739 2997 1185 3054 inconvenientia
1235 2996 1380 3066 apud
1435 3011 1619 3070 regem
1647 2995 1906 3050 ventilata
1935 2993 2051 3050 fue-

449 3096 589 3155 rant,
610 3096 664 3143 et
694 3105 788 3143 rex
836 3088 1091 3142 eumdem
1141 3085 1366 3140 lEneam
1397 3101 1519 3140 cum
1575 3084 1820 3139 Immone
1850 3083 2053 3140 Novio-

2153 1863 2306 1918 papaa
2332 1847 2552 1902 Adriani
2594 1847 2662 1901 ad
2708 1845 2976 1917 quosdam
3009 1845 3306 1915 episcOpos
3345 1859 3445 1914 per
3467 1859 3594 1897 eum
3624 1841 3752 1896 diri-

2150 1941 2328 2012 genda
2356 1957 2370 2005 ;
2397 1941 2548 2004 item,
2583 1955 2682 2011 pro
2700 1940 3070 2010 dispositione
3086 1937 3451 2010 quarumdam
3483 1937 3753 2008 parochiaa

2152 2047 2264 2086 suae
2292 2031 2778 2086 ecclesiasticarum
2809 2047 3016 2089 rerum.
3066 2039 3127 2085 ut
3156 2029 3286 2084 inde
3305 2027 3392 2083 vel
3426 2028 3495 2082 ad
3527 2028 3752 2098 provin-

2155 2124 2346 2178 cialem
2380 2130 2696 2195 expectaret
2727 2123 3039 2195 synodum;
3074 2123 3223 2189 item,
3256 2139 3353 2194 pro
3381 2124 3758 2178 excommuni-

2154 2212 2368 2267 catione
2391 2212 2758 2274 Karlomanni,
2805 2211 2955 2267 unde
2976 2211 3205 2267 obedire
3231 2211 3336 2280 ipsi
3361 2210 3604 2276 nolebat,
3636 2227 3756 2266 eum

2154 2318 2301 2373 saepe
2327 2317 2705 2367 commonens,
2737 2306 2796 2354 ut
2825 2299 3230 2354 contumaciam
3287 2313 3402 2354 sum
3432 2299 3636 2354 mentis
3665 2303 3759 2356 de-

2157 2400 2406 2466 poneret,
2437 2401 2492 2446 et
2542 2392 2608 2446 ad
2676 2391 3092 2446 obaudiendum
3141 2389 3272 2457 sibi,
3303 2404 3403 2444 ceu
3433 2389 3548 2456 jam
3579 2401 3756 2442 coram

2156 2482 2344 2537 multis
2371 2480 2606 2536 testibus
2633 2479 2918 2551 professus
2932 2477 3182 2534 fueratin
3203 2477 3416 2550 synodo
3443 2484 3614 2548 atque
3632 2474 3760 2530 sub-

2155 2574 2469 2644 scripserat,
2528 2587 2588 2625 se
2645 2571 2980 2635 inclinaret;
3023 2570 3176 2636 item,
3236 2584 3336 2640 pro
3376 2567 3664 2623 Berthario
3698 2568 3756 2638 [j.

2155 2662 2466 2732 Berchario]
2489 2661 2744 2722 diacono,
2777 2677 2942 2731 quem
2971 2659 3412 2731 metrOpolitanaa
3447 2659 3546 2730 [ms
3563 2669 3762 2714 metro-

2154 2751 2401 2822 politani]
2445 2758 2610 2821 atque
2641 2749 3124 2820 comprovincialis
3145 2748 3343 2819 synodi
3366 2748 3643 2817 judicium
3667 2765 3765 2819 ap-

2153 2840 2450 2910 pellantem
2504 2839 2755 2894 indebite
2810 2839 2914 2894 sub
2967 2839 3218 2894 custodia
3267 2839 3576 2894 detinebat.
3612 2839 3762 2894 Unde

2153 2947 2412 3002 promens
2432 2930 2484 2985 ei
2514 2931 2663 3002 quod
2711 2931 2788 2985 ita
2835 2931 2891 2985 in
2936 2946 3064 2986 eum
3094 2947 3258 3004 agere
3313 2946 3425 2987 non
3457 2930 3763 2998 debuisset,

2154 3020 2416 3090 praecepit
2445 3020 2522 3074 illi
2553 3019 2877 3076 auctoritate
2915 3035 3192 3076 sacrorum
3233 3035 3510 3076 canonum
3543 3028 3600 3076 et
3649 3035 3765 3085 sua,

2154 3118 2215 3166 ut
2245 3112 2499 3166 eumdem
2531 3111 2848 3177 diaconum,
2888 3111 2972 3167 vel
3003 3113 3050 3166 si
3080 3113 3173 3183 qui
3203 3111 3440 3167 fuissent
3471 3113 3564 3166 alii
3605 3113 3769 3168 cleri-

446 3180 694 3276 φθὲθῖξεί
817 3179 936 3234 ἶ)ωο
973 3177 1318 3276 djscgtiéndé
1365 3174 1659 3276 dirige?“
1694 3175 1965 3276 Αιτξδξξίξδο
1989 3175 2052 3246 [μί’
2079 3177 2128 3246 C
2154 3217 2340 3257 corum
2366 3201 2635 3270 judicium
2655 3174 2903 3276 regulare
2934 3174 3338 3272 proclamantes
3374 3201 3444 3256 ab
3505 3203 3630 3272 ipso
3661 3204 3765 3258 (ιε-

445 3270 735 3342 Almerico]
769 3271 1056 3326 Cumensis
1087 3270 1343 3325 Ecclesiae
1375 3269 1617 3340 praasuli,
1651 3283 1751 3339 pro
1773 3267 2053 3340 Egilberto

447 3366 682 3420 diacono
724 3363 1044 3420 monasterii
1083 3362 1259 3417 sancti
1293 3362 1528 3437 Remigii
1563 3362 1854 3428 monacho,
1889 3377 2052 3432 quem

446 3456 628 3510 eidem
648 3454 912 3525 episcopo
945 3453 1000 3506 id
1031 3451 1238 3523 petenti
1263 3451 1330 3505 ad
1359 3450 1750 3517 ordinandum,
1782 3456 1837 3504 et
1861 3465 2054 3522 regen-

444 3545 576 3600 dum
598 3543 908 3599 committit.

1047 3629 1256 3686 CAPUT
1283 3629 1444 3684 XXII.

446 3745 576 3811 Quae
602 3747 964 3799 instrumenta
1011 3746 1152 3807 vita},
1184 3742 1266 3794 vel
1316 3741 1723 3806 reda-rgutiones
1763 3741 2052 3794 Hincmaro

929 3815 1110 3880 nepoti
1135 3827 1230 3866 suo
1259 3813 1538 3879 scripserit

519 3923 809 3977 Hincmaro
839 3919 1027 3990 nepoti
1068 3934 1168 3973 suo
1185 3917 1534 3971 Laudunensi
1561 3916 1846 3988 episcopo,
1879 3915 1934 3969 in
1965 3929 2055 3970 or-

445 4012 746 4069 dinationis
771 4009 944 4080 ipsius
1003 4008 1181 4074 initio,
1240 4007 1517 4061 instruens
1541 4015 1597 4060 et
1622 4006 1864 4061 edocens
1902 4021 2052 4073 eum,

445 4105 682 4178 qualiter
730 4103 886 4171 juxta
931 4099 1253 4154 canonicam
1303 4097 1685 4152 auctoritatem
1721 4139 1735 4163 ,
1791 4097 2054 4152 commis-

445 4217 560 4254 sam
589 4197 695 4252 sibi
725 4203 956 4251 tractare
998 4195 1227 4248 deberet
1297 4191 1633 4254 Ecclesiam;
1668 4191 1823 4258 item,
1863 4192 2056 4245 admo-

447 4304 604 4352 nens,
661 4295 720 4340 ut
774 4283 1061 4355 provideat
1120 4298 1188 4336 ne
1243 4280 1686 4352 conspirationes
1755 4281 1899 4335 inter
1942 4279 2048 4334 sibi

443 4379 727 4447 subjectos
749 4376 996 4430 adoleret
1031 4391 1043 4427 :
1094 4373 1189 4427 sed
1223 4381 1278 4426 et
1307 4373 1350 4426 si
1408 4381 1608 4427 exortae
1641 4372 1894 4439 fuissent,
1927 4385 2051 4426 mox

445 4470 674 4524 rationis
749 4465 1129 4522 moderatione
1203 4464 1641 4528 succiderentur,
1695 4471 1786 4519 aut
1832 4463 1938 4517 sibi
2006 4462 2051 4516 si

2158 3293 2312 3357 tenti,
2344 3292 2412 3345 ad
2450 3306 2607 3345 suum
2639 3307 2702 3346 ac
2732 3297 3057 3346 caaterorum
3082 3291 3471 3361 episcoporum
3492 3291 3765 3358 judicium

2155 3384 2326 3438 libere
2349 3382 2538 3437 venire
2587 3381 2950 3452 permitteret,
3019 3391 3074 3437 et
3118 3382 3237 3453 ipse
3257 3381 3440 3437 eidem
3467 3397 3525 3436 se
3553 3382 3769 3450 judicio

2155 3477 2532 3543 praesentaret.
2569 3471 2702 3524 Item
2731 3484 3043 3525 convocans
3073 3485 3200 3524 eum
3228 3469 3296 3524 ad
3317 3469 3623 3539 synodum,
3675 3470 3768 3524 ubi

2152 3559 2374 3613 Adriani
2403 3574 2558 3629 papae
2609 3557 2868 3613 mandata
2916 3558 3202 3614 tractanda
3257 3566 3434 3613 erant.
3468 3559 3682 3614 Scribit
3705 3560 3772 3613 ad

2154 3667 2281 3706 eum
2312 3658 2581 3720 praeterea
2610 3649 2781 3704 multa
2813 3667 2828 3714 ;
2861 3649 3158 3704 novissime
3217 3648 3516 3704 voluminis
3546 3651 3774 3716 seriem,

2157 3753 2530 3793 rememorans
2577 3737 2631 3790 in
2663 3753 2752 3803 eo,
2791 3737 2861 3792 ad
2894 3737 3095 3793 mentis
3132 3737 3252 3806 ejus
3279 3738 3473 3794 oculos
3504 3754 3778 3795 revocans

2154 3830 2554 3902 qualiterillum
2582 3829 2890 3899 orphanum
2949 3829 3096 3884 dulci
3149 3828 3450 3884 dilectione
3502 3830 3614 3886 sub
3639 3831 3775 3886 reli-

2153 3923 2318 3996 gione
2350 3922 2627 3989 nutrierit,
2652 3922 2850 3977 litteris
2865 3922 3151 3986 erudierit,
3186 3938 3286 3993 per
3300 3923 3554 3998 singulos
3569 3925 3782 3998 gradus

2157 4012 2558 4068 ecclesiasticos
2569 4027 2744 4082 usque
2757 4012 2824 4066 ad
2844 4013 3196 4083 episcopatus
3207 4013 3422 4083 apicem
3438 4015 3780 4084 provexerit.

2233 4128 2248 4150 -
2297 4102 2676 4173 Nunc,inquit,
2706 4102 3121 4158 retribuendum
3145 4103 3281 4159 mihi
3297 4104 3443 4158 mala
3467 4120 3570 4175 pro
3593 4105 3784 4169 bonis,

2157 4201 2212 4248 et
2249 4194 2377 4248 odio
2411 4210 2499 4249 me
2525 4193 2823 4248 habentem
2861 4194 3220 4268 gratis(Psal.
3255 4195 3463 4266 χχχιιι),
3509 4197 3784 4267 quoniam

2158 4297 2268 4336 non
2321 4281 2477 4336 faveo
2505 4281 2614 4336 tuis
2682 4280 3036 4337 infructuosis
3079 4283 3368 4353 operibus,
3418 4284 3681 4354 quandiu
3736 4292 3788 4339 te

2155 4373 2349 4444 patiar,
2383 4372 2572 4427 multis
2612 4387 2644 4426 a
2673 4378 2726 4426 te
2761 4370 2997 4427 afﬂictus
3018 4373 3238 4442 injuriis
3264 4374 3293 4427 ‘P
3317 4377 3494 4444 (Joan.
3538 4377 3660 4446 xv.)
3695 4376 3788 4429 Et-

2153 4463 2297 4517 enim
2329 4461 2397 4517 ab
2429 4463 2545 4532 ipsa
2575 4460 2666 4514 die
2714 4460 3078 4516 ordinationis
3105 4468 3213 4516 tute
3255 4471 3364 4517 tam
3388 4465 3582 4521 verbis
3609 4484 3786 4538 quam

444 4575 670 4616 necesse
729 4558 870 4612 foret
917 4557 1033 4609 haec
1087 4554 1343 4609 intimare
1397 4564 1633 4621 curaret,
1711 4563 1765 4609 et
1828 4554 2050 4625 quando
2077 4539 2132 4607 D
2155 4555 2394 4626 scriptis,
2420 4563 2475 4610 et
2513 4555 2568 4608 in
2597 4554 2867 4628 ordinatis
2893 4554 3106 4609 actibus
3135 4572 3199 4611 ac
3236 4558 3482 4613 motibus
3513 4561 3632 4616 tuis
3674 4561 3789 4616 fre-

441 4652 714 4721 synodum
757 4648 957 4703 debeat
1001 4647 1280 4701 celebrare
1359 4645 1458 4700 Pro
1517 4661 1624 4717 quo
1682 4645 1841 4700 valde
1904 4643 2058 4698 labo-

445 4743 601 4808 ravit,
634 4741 914 4810 multaque
939 4737 1016 4791 illi
1038 4737 1254 4803 scribit,
1285 4736 1702 4806 reprehendens
1727 4751 1876 4799 eum,
1902 4743 2060 4790 etca-

442 4832 652 4905 stigans
682 4830 751 4884 de
774 4828 992 4882 levitate
1014 4843 1228 4881 morum
1259 4835 1314 4880 et
1341 4835 1558 4881 actuum
1585 4841 1840 4892 suorum,
1867 4825 2059 4880 admo-

445 4938 695 4994 nensque
725 4929 783 4975 ut
811 4921 877 4973 ad
908 4935 1003 4974 cor
1032 4935 1192 4972 suum
1226 4918 1435 4983 redeat,
1463 4926 1517 4973 et
1537 4919 1706 4974 Deum
1728 4926 1838 4973 tota
1864 4919 2050 4973 inten-

445 5013 592 5068 tione
620 5011 830 5083 precari
857 5010 1170 5075 studeat,ut
1192 5024 1318 5063 eum
1342 5007 1623 5078 respiciat,
1652 5015 1712 5063 ut
1735 5007 2045 5081 intelligere

440 5106 545 5160 sibi
578 5112 742 5176 atque
783 5103 1060 5175 corrigere
1083 5101 1496 5174 perversitatem
1523 5118 1676 5156 suam
1699 5102 1888 5170 donet,
1917 5103 2046 5174 quia

438 5197 699 5252 videlicet
729 5196 894 5250 nimis
924 5193 1030 5247 sibi
1054 5194 1278 5264 sapiens
1305 5209 1424 5247 esse
1453 5193 1768 5260 videbatur,
1797 5200 1850 5248 et
1877 5195 2048 5264 perti-

441 5303 543 5341 nax
577 5287 629 5339 in
663 5282 1136 5347 contentionibus,
1169 5283 1526 5357 etquialeges
1558 5282 1958 5338 ecclesiasticas
1978 5283 2046 5338 ad

439 5394 552 5433 sua:
580 5377 879 5433 voluntatis
909 5375 1272 5430 intentionem
1297 5375 1518 5430 flectere
1547 5376 1909 5443 nitebatur,et
1932 5394 2047 5432 me-

439 5468 544 5523 lius
600 5486 694 5524 eas
749 5485 809 5523 se
866 5467 1089 5538 putabat
1175 5467 1507 5541 intelligere,
1565 5485 1727 5540 quam
1795 5469 2045 5525 seniores

438 5565 586 5613 natu.
621 5557 723 5611 Pro
754 5571 863 5626 quo
893 5556 947 5608 in
971 5561 1178 5609 tantum
1210 5555 1501 5622 laboravit,
1537 5558 1777 5612 utetiam
1807 5558 2044 5613 senioris

435 5647 518 5700 sui
550 5646 697 5721 regis
723 5643 1088 5700 offensionem
1122 5642 1421 5698 incurrisse
1444 5659 1501 5697 se
1529 5645 1709 5710 dicat;
1746 5645 2042 5706 illumvero

436 5734 744 5805 impudenti
800 5734 1004 5798 fronte,
1067 5742 1359 5802 erectaque
1400 5735 1634 5798 cervice,
1675 5737 2042 5793 trementibus

437 5821 620 5888 labiis,
652 5829 708 5876 et
737 5820 1093 5876 inﬂammatis
1117 5819 1305 5874 verbis
1331 5821 1657 5890 petitionem
1677 5832 1730 5880 et
1759 5823 2041 5881 humilita-

2160 4645 2460 4714 quentibus
2487 4644 2627 4699 adeo
2669 4659 2790 4698 sum
2821 4653 3098 4718 gravatus,
3139 4645 3579 4706 lacerationibus
3605 4661 3788 4724 atque

2159 4739 2599 4806 contusionibus,
2631 4747 2692 4794 ut
2713 4740 2909 4794 tzedeat
2945 4755 3034 4795 me
3053 4741 3176 4796 vitae
3204 4758 3362 4807 mete,
3396 4745 3534 4815 quia
3566 4747 3652 4802 sic
3686 4763 3792 4818 pro

2161 4835 2270 4890 loci
2295 4834 2402 4888 mei
2426 4832 2608 4888 officio
2635 4841 2742 4888 tuae
2763 4833 3077 4890 insolentia;
3097 4851 3218 4890 sum
3239 4853 3547 4907 connexus,
3577 4850 3648 4898 ut
3670 4859 3789 4897 non

2151 4928 2328 4984 solum
2345 4931 2471 4998 post
2495 4926 2726 4997 primam
2745 4936 2800 4982 et
2831 4929 3131 4983 secundam
3164 4933 3600 5001 correctionem,
3615 4936 3789 5004 juxta

2149 5017 2468 5088 Apostolum
2534 5018 2667 5087 (Tit.
2736 5019 2838 5086 ιιι),
2895 5033 3086 5072 verum
3135 5034 3237 5076 nec
3303 5030 3429 5093 post
3501 5023 3789 5095 plurimas

2150 5107 2423 5179 privatim,
2453 5115 2509 5162 et
2533 5123 2717 5163 coram
2738 5109 3130 5165 communibus
3148 5110 3518 5170 familiaribus
3540 5117 3783 5182 nostris,

2149 5200 2246 5254 sed
2268 5207 2322 5254 et
2341 5215 2522 5255 coram
2573 5215 2724 5274 rege,
2766 5207 2824 5255 et
2875 5201 3155 5272 episcOpis
3213 5219 3278 5258 ac
3305 5205 3569 5274 plurimis
3627 5208 3788 5273 aliis,

2147 5289 2332 5344 verbis
2359 5298 2413 5345 et
2437 5289 2654 5360 scriptis
2679 5291 3150 5347 commonitiones
3170 5299 3226 5348 te
3246 5296 3461 5350 valeam
3492 5298 3786 5355 devitarc.

2147 5382 2210 5437 Et
2240 5382 2367 5438 licet
2404 5388 2679 5453 exoptem,
2738 5389 2800 5438 ut
2856 5383 3122 5439 darentur
3183 5387 3320 5441 mihi
3365 5404 3569 5458 pennae
3630 5393 3787 5447 sicut

2145 5475 2432 5543 columbae,
2492 5485 2546 5531 et
2576 5476 2872 5544 avolarem,
2935 5493 2999 5532 ac
3028 5480 3436 5550 requiescerem
3457 5500 3490 5538 a
3518 5493 3573 5540 te
3602 5487 3784 5542 elon-

2144 5575 2302 5638 gatus
2329 5569 2385 5621 in
2416 5569 2655 5640 aliquam
2673 5569 3030 5625 solitudinem
3053 5574 3198 5641 (Psal
3213 5575 3356 5645 xav),
3381 5591 3496 5632 non
3530 5593 3779 5648 possum

2144 5669 2419 5724 quoquam
2451 5655 2712 5731 effugere,
2742 5663 2801 5712 ut
2829 5665 2926 5712 aut
2950 5665 3043 5714 tua
3073 5661 3379 5730 pertinacia
3409 5666 3786 5722 contumacis

2142 5748 2470 5817 praesentiae,
2515 5759 2611 5805 aut
2663 5750 2955 5806 missorum
3016 5761 3234 5810 tuorum
3281 5756 3649 5830 duriloquiis,
3679 5768 3784 5816 aut

2139 5835 2535 5904 scripturarum
2592 5847 2808 5895 tuarum
2863 5841 3322 5914 derogationibus
3359 5854 3416 5901 et
3463 5847 3789 5905 inutilibus
