3970 6218
310 240 419 295 209

955 232 1283 289 HISTORIA?
1324 231 1655 287 ECCLESIAE
1695 228 2019 284 REMENSIS
2059 227 2235 282 LIBRI
2275 226 2605 291 QUATUOR.
2637 259 2706 268 —
2738 228 2861 282 LIB.
2906 229 2997 281 ΙΙΙ.

3535 228 3642 286 210

315 373 534 439 naeniis,
568 374 699 445 quin
741 372 924 443 potius
952 369 1253 442 tragoediis,
1295 375 1385 421 aut
1414 367 1615 422 talibus
1652 381 1772 436 qua:
1821 378 1930 419 non
1955 372 2005 434 Α
2033 362 2260 429 tionem,
2317 378 2420 417 nec
2449 362 2615 416 etiam
2673 362 2880 417 humile
2910 376 3237 432 responsum
3282 361 3418 416 mihi
3448 378 3510 417 ac
3538 378 3637 419 co-

313 465 656 520 conveniunt
674 463 957 535 episcopo,
988 462 1055 515 de
1078 469 1131 515 te
1159 458 1532 513 auditionibus
1554 471 1663 511 non
1690 455 1921 526 afﬂigar,

240 540 244 543 Ὺ
312 566 368 611 et
387 556 501 625 jam
533 557 753 611 tandem
802 554 985 625 putavi
1016 560 1067 607 te
1106 552 1295 625 pigere
1326 550 1455 604 talia
1483 548 1705 619 exsequi
1735 588 1748 613 ,
1799 562 1921 601 cum

312 664 442 703 ecce
472 664 619 702 nunc
652 648 836 701 ldibus
873 643 1193 700 Novembris
1219 648 1425 714 quartae.
1457 640 1773 696 indictionis
1798 653 1925 708 pro-

312 740 633 794 lixissimam
692 739 944 803 rotulam,
986 735 1288 790 mendaciis
1327 743 1381 788 et
1420 731 1927 789 irrationalitatibus

313 846 378 884 ac
409 828 760 899 improperiis
789 834 979 883 contra
1016 826 1301 880 veritatem
1341 832 1395 879 et
1433 824 1808 878 auctoritatem
1841 836 1928 875 re-

314 922 517 991 pletam
549 920 683 973 mihi
714 918 928 973 misisti.
963 918 1024 971 Et
1051 917 1220 971 miror
1248 932 1345 970 cur
1374 916 1451 969 sic
1482 915 1703 970 exfrons
1734 914 1925 981 factus,

313 1022 375 1068 ut
423 1013 489 1067 de
518 1011 707 1065 Judzea
755 1011 1019 1065 Dominus
1059 1008 1326 1079 queritur,
1384 1008 1563 1061 nescis
1602 1007 1928 1059 erubescere

315 1106 440 1175 (Jer.
468 1122 517 1159 vr
535 1109 583 1158 et
604 1104 739 1171 vni),
763 1110 817 1156 et
836 1102 936 1156 tibi
960 1115 1069 1155 non
1086 1107 1177 1154 est
1192 1115 1396 1154 nausea
1414 1099 1539 1153 talia
1552 1106 1605 1153 et
1626 1106 1770 1152 tanta
1786 1098 1926 1151 scri-

312 1198 484 1262 bere,
537 1197 641 1250 nisi
690 1196 950 1268 quoniam
1008 1191 1336 1248 utilitatibus
1388 1207 1499 1246 non
1545 1206 1604 1245 es
1651 1191 1925 1255 intentus,

314 1306 499 1360 neque
517 1290 571 1342 in
600 1288 924 1343 necessariis
946 1291 1347 1355 occupatus:et
1377 1292 1435 1337 ut
1454 1283 1521 1337 de
1552 1283 1673 1336 aliis
1696 1292 1923 1337 taceam.

311 1396 434 1452 quze
490 1381 533 1435 si
564 1396 627 1434 ex
676 1380 870 1434 ordine
897 1379 1122 1433 voluero
1175 1376 1462 1446 replicare,
1496 1385 1657 1429 antea
1707 1373 1927 1428 deﬁciet

312 1470 403 1522 lux
437 1468 654 1534 diurna,
703 1484 863 1539 quam
912 1464 1145 1538 legenda
1192 1464 1391 1518 exinde
1429 1462 1648 1517 deﬁciat
1703 1463 1922 1535 pagina,

313 1557 590 1627 replicabo
613 1557 709 1611 tibi
741 1556 945 1626 aliqua,
967 1570 1087 1625 quae
1119 1568 1228 1607 non
1256 1554 1411 1607 valeo
1438 1569 1541 1608 nec
1571 1552 1927 1607 debeosilen-

311 1647 387 1701 tio
422 1648 723 1717 praeterire.
774 1647 1035 1701 Videlicet
1091 1647 1217 1718 quia
1274 1645 1452 1698 statim
1485 1651 1543 1698 ut
1589 1661 1616 1697 a
1678 1651 1916 1714 paterna:

311 1737 444 1790 nido
476 1736 818 1791 educationis
849 1734 1023 1789 factus
1052 1736 1344 1805 episcopus
1373 1734 1621 1799 evolasti,
1654 1742 1707 1789 et
1744 1752 1831 1789 me
1863 1742 1917 1789 et

309 1840 409 1879 eos
438 1824 531 1894 qui
564 1832 617 1879 te
648 1823 960 1877 nutrierunt
990 1823 1301 1889 deseruisti,
1333 1830 1386 1877 et
1415 1824 1703 1878 saeculares
1734 1824 1925 1879 amici-

309 1917 414 1971 tias
466 1926 629 1987 atque
670 1915 1068 1969 familiaritates
1121 1915 1386 1985 quaesisti,
1435 1922 1489 1969 et
1520 1917 1823 1987 acquisisti,
1874 1926 1925 1973 et

303 2010 385 2063 sic
412 2010 647 2063 subinde
678 2009 815 2064 alios
843 2019 899 2064 et
929 2010 1066 2063 alios
1095 2010 1359 2063 deserens
1391 2018 1445 2064 et
1472 2009 1783 2079 acquirens,
1812 2026 1923 2066 non

302 2102 484 2155 solum
509 2102 579 2155 de
600 2102 973 2170 comparibus,
995 2101 1091 2155 sed
1114 2101 1274 2155 etiam
1299 2109 1354 2155 et
1383 2102 1450 2155 de
1474 2102 1573 2155 tibi
1594 2102 1920 2167 commissis,

300 2194 369 2246 ad
406 2194 507 2247 hoc
546 2193 838 2257 emersisti,
872 2200 928 2246 ut
978 2202 1170 2247 contra
1200 2209 1381 2247 sacras
1432 2193 1804 2248 Antiochenas
1830 2210 1922 2247 re-

300 2284 458 2354 gulas
490 2284 874 2353 praecipientes
914 2290 973 2337 ut
1000 2292 1200 2354 praeter
1236 2300 1325 2338 me
1355 2300 1518 2357 agere
1550 2285 1686 2337 nihil
1717 2285 1921 2339 debeas

301 2370 521 2440 (concil.
548 2372 794 2425 Antioch.
831 2389 870 2434 ι,
901 2388 1021 2441 cap.
1052 2373 1129 2439 9),
1158 2373 1465 2426 secundum
1506 2373 1789 2443 antiquam
1819 2374 1921 2427 Pa—

303 2459 480 2512 tribus
507 2460 709 2513 nostris
760 2460 1004 2534 regulam
1035 2459 1409 2525 constitutam,
1444 2459 1553 2513 nisi
1592 2476 1656 2512 ea
1689 2468 1920 2527 tantum,

304 2567 428 2621 quae
456 2551 524 2605 ad
563 2558 707 2605 tuam
753 2552 1065 2623 parochiam
1096 2552 1396 2621 pertinent,
1434 2554 1922 2625 possessionesque

303 2641 587 2710 subiectas
639 2641 759 2695 sine
786 2655 929 2706 mea,
962 2640 1048 2695 vel
1096 2640 1549 2710 coepiscoporum
1610 2650 1918 2697 nostrorum

304 2733 649 2788 conscientia
680 2732 1215 2787 administrationem
1246 2733 1299 2785 in
1329 2733 1532 2802 palatio
1562 2734 1749 2788 domui
1780 2736 1923 2805 regis

304 2824 634 2889 obtinueris,
688 2840 851 2895 quam
892 2822 1425 2877 administrationem
1456 2822 1555 2877 tibi
1604 2839 1785 2877 coram
1817 2839 1918 2877 eo-

303 2914 430 2967 dem
477 2914 680 2967 domno
725 2928 852 2985 rege
903 2920 960 2965 et
988 2910 1109 2964 aliis
1162 2910 1254 2980 qui
1302 2909 1601 2965 adfuerunt
1643 2927 1708 2965 ex
1753 2911 1921 2965 sacris

306 3002 513 3075 regulis
539 3001 825 3067 interdixi,
848 3000 1231 3071 ctaliquandiu
1255 3001 1323 3054 ab
1344 3000 1538 3054 eadem
1570 2999 1921 3053 administra-

307 3091 459 3146 tione
491 3091 737 3146 cessasti.
786 3091 980 3146 Postea
1011 3098 1192 3145 autem
1235 3106 1333 3160 per
1357 3098 1593 3155 exteras,
1623 3089 1677 3142 id
1703 3098 1785 3143 est
1814 3104 1919 3143 sa:-

304 3182 522 3235 culares
553 3186 852 3250 potestates
881 3188 1070 3235 contra
1109 3179 1465 3234 Sardicenses
1495 3193 1737 3232 canones
1774 3179 1908 3247 (con-

304 3274 377 3327 cil
440 3274 606 3328 Sard.
641 3290 758 3327 can.
804 3273 893 3343 15)
939 3273 1189 3327 eamdem
1220 3272 1753 3327 administrationem
1794 3286 1915 3326 cum

305 3364 526 3419 abbatia
570 3366 624 3418 in
658 3365 815 3420 tertia
848 3365 1131 3435 provincia
1160 3364 1302 3419 ultra
1332 3365 1657 3419 Remensem
1693 3362 1917 3433 provin-

305 3454 446 3509 ciam
478 3453 595 3508 sine
627 3470 748 3507 mea
798 3454 1137 3509 conscientia
1165 3454 1472 3510 obtinuisti.
1504 3453 1581 3506 Ad
1623 3468 1785 3524 quam
1818 3452 1917 3504 ab-

305 3540 508 3594 batiam
536 3541 656 3594 sine
688 3558 809 3597 mea
840 3542 1063 3597 licentia
1092 3544 1312 3614 quoties
1344 3542 1444 3597 tibi
1472 3542 1694 3612 placuit,
1729 3555 1917 3610 perre-

303 3628 452 3695 xisti,
495 3638 551 3682 et
580 3630 823 3699 quandiu
860 3631 959 3685 tibi
1003 3632 1208 3701 placuit
1237 3631 1443 3685 ibidem
1486 3630 1635 3684 fuisti
1668 3630 1919 3684 immora-

304 3726 413 3784 tus,
467 3726 658 3773 contra
711 3720 898 3774 Hilarii
951 3736 1107 3791 papae
1152 3721 1372 3775 decreta
1412 3720 1644 3775 dicentis
1690 3719 1916 3789 (limam,

302 3813 462 3879 epist.
497 3811 547 3879 8)
579 3828 590 3863 :
625 3810 765 3865 illud
788 3828 899 3867 non
930 3814 1210 3883 potuimus
1225 3813 1504 3883 praeterire
1536 3813 1682 3884 quod
1711 3812 1918 3867 sollici-

302 3903 499 3957 tudine
525 3902 878 3977 diligentiore
928 3906 1233 3960 curandum
1265 3914 1368 3973 est,
1420 3923 1491 3961 ne
1540 3915 1738 3976 praeter
1794 3921 1912 3958 me-

302 3993 761 4062 tropolitanorum
809 4010 1032 4049 suorum
1085 3996 1299 4050 litteras
1342 3997 1513 4067 aliqui
1570 3996 1814 4066 episcopi
1850 3997 1917 4050 ad

302 4084 607 4154 quamlibet
634 4088 970 4156 provinciam
997 4089 1237 4143 audeant
1267 4089 1562 4160 proficisci,
1586 4091 1733 4160 quod
1756 4090 1917 4145 etiam

302 4176 361 4229 in
394 4176 543 4229 omni
573 4193 777 4250 genere
824 4178 994 4235 ofﬁcii
1026 4182 1297 4237 clericalis
1326 4198 1425 4252 per
1472 4182 1717 4256 singulas
1757 4184 1925 4238 debet

302 4270 567 4327 ecclesias
596 4272 881 4329 custodiri.
1411 4299 1431 4322 ο

2031 449 2310 521 episcopis
2325 451 2534 506 nostris
2550 449 2865 505 exhibuisti.
2890 450 3017 505 Post
3032 449 3150 505 haec
3165 465 3316 507 more
3342 459 3445 506 ture
3467 450 3640 506 insta-

2024 542 2255 597 bilitatis
2308 558 2370 597 ac
2406 543 2786 598 inconstantiae
2840 550 3030 597 contra
3060 541 3322 596 domuum
3364 558 3549 615 regem
3581 542 3638 597 in

2028 642 2241 689 tantum
2273 641 2326 689 te
2356 635 2475 689 sine
2523 636 2732 690 ratione
2766 634 3164 690 contumaciter
3214 634 3458 701 erexisti,
3491 642 3550 689 ut
3585 642 3639 690 et

2027 726 2561 781 administrationem
2595 726 2912 797 palatiuam,
2943 733 2998 780 et
3027 727 3202 796 ipsam
3234 726 3507 780 abbatiam
3540 726 3635 780 tibi

2029 816 2292 884 auferret,
2323 826 2376 871 et
2402 833 2433 871 a
2463 825 2515 871 te
2556 823 2912 889 exaggeratus
2944 816 3163 871 duriora
3203 815 3507 888 ingerenda
3539 814 3637 869 tibi

2032 919 2388 980 proponeret.
2422 909 2573 963 Unde
2625 915 2680 961 et
2721 908 2961 978 scriptis,
2994 914 3049 962 et
3102 908 3283 962 verbis
3309 922 3407 978 pro
3433 916 3484 960 te
3525 917 3636 960 sat—

2031 1016 2199 1074 agens
2229 1000 2380 1055 illum
2436 999 2535 1054 tibi
2567 998 2932 1053 reconciliavi.
2994 1000 3237 1069 Indeque
3269 999 3411 1055 sicut
3458 998 3637 1053 sciunt

2030 1094 2277 1166 plurimi,
2312 1100 2501 1147 contra
2533 1092 2684 1145 illum
2717 1098 2769 1145 te
2798 1092 2991 1145 iterum
3025 1092 3265 1157 erexisti,
3298 1099 3351 1145 et
3380 1092 3638 1145 mandata

2029 1198 2147 1247 sua,
2182 1188 2241 1235 ut
2270 1180 2337 1234 ad
2369 1196 2494 1234 eum
2527 1180 2764 1241 venires,
2799 1188 3179 1244 contemnens,
3211 1180 3351 1234 adeo
3382 1180 3536 1234 illum
3566 1179 3635 1234 ad

2030 1274 2367 1329 iracundiam
2394 1273 2722 1343 provocasti,
2742 1273 2881 1326 sicut
2910 1272 3173 1326 omnesin
3192 1272 3307 1326 istis
3320 1272 3638 1345 regionibus

2030 1366 2230 1431 sciunt,
2259 1372 2319 1418 ut
2344 1371 2566 1418 coactus
2594 1371 2645 1417 te
2678 1378 2774 1432 per
2803 1362 2997 1416 ﬁdeles
3024 1380 3153 1416 suos
3182 1362 3320 1417 sicut
3357 1361 3635 1416 inﬁdelem

2026 1462 2332 1528 appeteret.
2364 1456 2439 1510 Tu
2477 1461 2662 1509 autem
2702 1463 2826 1510 ante
2866 1455 3165 1508 inauditam
3196 1454 3638 1509 excommunica-

2028 1554 2233 1607 tionem
2290 1550 2344 1603 in
2375 1563 2549 1612 meos,
2583 1554 2637 1601 et
2676 1548 2969 1602 multorum
3002 1546 3540 1616 archiepisc0porum
3584 1551 3638 1599 et

2027 1644 2408 1713 episcoporum
2450 1639 2833 1708 parochianos,
2888 1637 2984 1691 sed
3025 1646 3077 1691 et
3120 1637 3175 1690 in
3216 1637 3394 1706 ipsum
3449 1653 3632 1710 regem

2027 1737 2147 1792 sine
2177 1751 2299 1789 mea
2329 1730 2667 1789 conscientia
2698 1738 2886 1785 contra
2916 1746 3099 1785 sacras
3121 1729 3336 1802 regulas
3357 1729 3632 1798 jaculasti.

2028 1830 2182 1885 Unde
2220 1828 2422 1881 multos
2459 1824 2861 1887 scandalizasti,
2893 1832 2946 1876 et
2985 1822 3279 1875 maximum
3320 1822 3638 1878 scandalum

2028 1936 2138 1975 non
2169 1918 2347 1974 solum
2396 1914 2674 1979 Ecclesize,
2712 1914 2807 1967 sed
2840 1920 2894 1967 et
2925 1913 3039 1985 regi
3086 1929 3149 1967 ac
3183 1927 3351 1983 regno
3384 1911 3635 1973 intulisti,

2027 2029 2149 2068 cum
2173 2013 2258 2065 lex
2282 2007 2609 2080 prohibebat
2637 2014 2697 2061 ut
2718 2022 2818 2076 per
2837 2005 3071 2060 alienam
3097 2021 3331 2059 messem
3366 2003 3640 2058 transiens

2026 2108 2220 2162 falcem
2244 2121 2354 2160 non
2372 2103 2576 2167 mittas,
2606 2102 2703 2156 sed
2733 2117 2898 2155 manu
2927 2101 3105 2170 spicas
3132 2106 3385 2153 conteras
3411 2107 3465 2153 et
3484 2114 3641 2152 man-

2024 2200 2193 2254 duces
2215 2198 2564 2267 (Deut.xxm,
2597 2193 2705 2259 25}.
2728 2193 2963 2257 Falcem,
2998 2191 3173 2262 inquit
3202 2191 3394 2244 beatus
3432 2190 3639 2263 Grego-

2025 2294 2156 2359 rius,
2185 2291 2378 2360 judicii
2397 2290 2614 2344 mittere
2637 2304 2745 2343 non
2770 2293 2925 2359 potes
2953 2288 3007 2341 in
3031 2303 3094 2341 ea
3122 2295 3308 2360 segete
3325 2286 3491 2355 (Guar.
3522 2327 3535 2352 ,
3564 2287 3638 2339 ad

2023 2390 2344 2454 interrogat.
2374 2384 2654 2451 Augustin
2672 2398 2812 2451 resp.
2838 2382 2915 2450 9),
2940 2382 3069 2452 quia
3092 2381 3248 2435 alteri
3274 2380 3490 2435 videtur
3514 2397 3635 2435 esse

2024 2483 2335 2546 commissa,
2384 2481 2480 2534 sed
2522 2496 2620 2550 per
2658 2478 2912 2534 effectum
2964 2478 3095 2532 boni
3127 2477 3310 2547 operis
3363 2476 3635 2530 frumenta

2025 2573 2305 2629 Dominica
2330 2572 2587 2627 vitiorum
2618 2586 2841 2624 suorum
2871 2568 3044 2639 paleis
3074 2567 3341 2637 exspolia,
3371 2576 3424 2621 et
3452 2567 3507 2621 in
3536 2567 3638 2620 Ec-

2023 2666 2203 2719 clesia).
2232 2679 2433 2733 corpus
2462 2662 2741 2717 monendo
2771 2669 2825 2716 et
2855 2660 3264 2731 persuadendo,
3296 2658 3449 2730 quasi
3479 2674 3637 2713 man-

2024 2762 2227 2828 dando,
2259 2766 2537 2816 converte.

2097 2880 2121 2909 α
2164 2859 2291 2912 Post
2336 2872 2499 2928 quam
2557 2851 3067 2925 praesumptionem,
3122 2849 3387 2905 adhibitis
3415 2865 3630 2905 mecum

2021 2954 2390 3011 confratribus
2420 2950 2643 3013 nostris,
2688 2956 2739 3003 te
2768 2954 2821 3001 et
2851 2963 2974 3001 cum
3005 2961 3072 3001 eo
3118 2944 3399 3013 paciﬁcavi
3434 2951 3488 2998 et
3516 2945 3637 3014 epi—

1941 3054 1989 3119 (ᾖ
2017 3050 2218 3120 sc0pis,
2252 3063 2485 3119 quorum
2528 3044 2896 3115 parochianos
2936 3041 3445 3105 excommunicasti,
3491 3047 3550 3095 ut
3578 3041 3633 3095 in

2020 3150 2071 3194 te
2129 3137 2378 3208 synodali
2432 3132 2708 3189 sententia
2753 3147 2863 3185 non
2922 3132 3295 3196 inveherent,
3354 3130 3633 3200 persuasi;

2017 3229 2113 3283 sed
2154 3235 2208 3281 et
2238 3226 2460 3280 eosdem
2501 3239 2532 3275 a
2568 3229 2621 3276 te
2652 3221 3172 3285 excommunicatos,
3214 3220 3342 3275 licet
3372 3236 3479 3273 non
3513 3219 3633 3273 sine

2018 3316 2228 3379 labore,
2257 3310 2686 3366 adminiculante
2709 3315 2891 3362 tamen
2922 3307 3126 3360 domno
3159 3322 3310 3380 rege,
3343 3306 3630 3360 adversum

2018 3416 2070 3459 te
2100 3402 2494 3473 conquiescere
2546 3396 2672 3452 feci.
2707 3398 2812 3451 Sed
2846 3404 2901 3450 tu
2940 3397 3151 3450 addens
3202 3397 3387 3466 pejora
3440 3397 3632 3465 priori-

2019 3495 2141 3561 bus,
2160 3494 2239 3547 sic
2260 3492 2522 3546 domuum
2556 3504 2762 3561 regem,
2792 3488 2933 3541 sicut
2958 3487 3093 3541 mihi
3112 3488 3333 3557 longum
3366 3495 3449 3541 est
3471 3503 3635 3541 enar-

2021 3602 2161 3651 rare,
2193 3590 2246 3638 et
2291 3581 2446 3635 multi
2488 3582 2687 3647 sciunt,
2747 3581 2943 3634 iterum
2981 3579 3343 3650 exaggerasti,
3375 3588 3433 3633 ut
3469 3596 3634 3636 causa

2023 3686 2128 3734 tua:
2186 3676 2578 3750 castigationis,
2610 3682 2685 3742 te,
2737 3674 2856 3727 sine
2895 3688 3017 3726 mea
3072 3672 3373 3735 voluntate,
3405 3672 3636 3743 sineque

2019 3790 2144 3829 meo
2201 3786 2515 3837 consensu,
2610 3766 3011 3840 aliquantulum
3084 3767 3320 3822 detineri
3392 3768 3629 3835 iuberet.

2019 3866 2093 3920 Tu
2120 3878 2250 3919 vero
2287 3877 2449 3917 causa
2491 3866 2596 3914 tute
2652 3858 2888 3926 injuria,
2922 3873 3009 3912 me
3066 3858 3400 3923 inconsulto,
3433 3867 3487 3913 et
3511 3860 3633 3915 sine

2020 3971 2292 4014 consensu
2340 3954 2793 4024 coepiscoporum
2837 3953 3123 4008 Remensis
3152 3953 3448 4024 provinciae
3491 3953 3635 4010 sicut

2022 4050 2213 4121 petitio
2258 4065 2287 4101 a
2319 4046 2531 4103 clericis
2585 4045 2962 4100 Lauduneusis
3003 4044 3257 4099 Ecclesia:
3310 4044 3442 4097 mihi
3496 4061 3630 4115 por-

2028 4151 2172 4199 recta
2212 4144 2569 4203 demonstrat,
2609 4140 2959 4209 presbyteros
2999 4149 3053 4193 et
3099 4138 3504 4194 comministros
3534 4156 3631 4196 ec-

2025 4236 2205 4291 clesia:
2236 4250 2298 4287 ac
2336 4232 2609 4304 parochia:
2650 4231 2745 4286 tibi
2784 4231 3087 4285 commissae
3127 4232 3634 4301 excommunicasti,

2026 4334 2084 4381 ut
2134 4340 2295 4379 nemo
2324 4324 2378 4377 in
2424 4323 2615 4376 eadem
2657 4322 2917 4391 parochia
2947 4323 3234 4377 missarum
3284 4321 3464 4379 officia
3490 4324 3638 4379 cele-

379 4428 403 4451 «ε
448 4405 510 4459 Et
539 4406 619 4460 sic
656 4414 816 4460 antea
875 4408 1120 4463 Zosimus
1148 4411 1375 4479 (Zosm.,
1415 4416 1573 4483 epist.
1606 4416 1640 4468 5
1684 4420 1733 4468 et
1761 4416 1832 4481 9),
1865 4422 1919 4469 et
1946 4418 1997 4483 D
2027 4417 2228 4479 braret,
2281 4413 2558 4467 neminem
2595 4411 2966 4480 parvulorum,
3009 4413 3173 4467 etiam
3215 4414 3268 4469 in
3310 4414 3500 4469 mortis
3544 4431 3637 4469 ur-

302 4504 498 4566 postea
532 4506 755 4553 sanctus
785 4499 1079 4573 Gregorius
1120 4503 1403 4574 (Gumoa,
1445 4507 1617 4572 libuv,
1650 4512 1802 4577 epist.
1836 4510 1926 4579 51)

302 4587 685 4644 decreverunt.
742 4590 1037 4661 Propterea
1092 4610 1316 4666 quoque
1358 4596 1529 4649 semel
1578 4614 1640 4651 ac
1684 4598 1926 4654 secundo

304 4681 510 4735 litteris
537 4683 819 4738 canonicis
851 4696 1109 4741 evocatus
1140 4688 1208 4741 ad
1240 4688 1644 4743 ordinationem
1676 4690 1924 4762 episcopi

305 4770 362 4822 in
408 4769 649 4825 Ecclesia
683 4774 1059 4829 Cameracensi
1120 4776 1413 4847 provinciae
1454 4784 1652 4831 nostrae
1707 4788 1925 4848 pastore

308 4861 588 4929 destituta,
617 4865 763 4919 unde
808 4867 1105 4936 apostolica
1134 4868 1295 4921 sedes
1336 4884 1423 4921 me
1452 4877 1781 4941 suggerente
1814 4886 1922 4925 non

312 4952 530 5006 modice
563 4953 848 5023 laboravit,
882 4973 985 5011 nec
1012 4959 1129 5028 ipse
1160 4959 1381 5026 venisti,
1416 4976 1517 5013 nec
1550 4976 1647 5029 pro
1680 4968 1729 5014 te
1780 4960 1925 5015 vica-

313 5040 448 5093 riam
483 5057 799 5110 personam,
852 5046 936 5098 vel
979 5045 1186 5101 litteras
1237 5047 1315 5100 tui
1346 5063 1667 5113 consensus,
1722 5056 1782 5102 ut
1838 5065 1927 5103 re-

306 5128 452 5199 gula:
482 5145 649 5184 sacrae
684 5132 1032 5202 praecipiunt,
1060 5134 1128 5187 ad
1160 5150 1246 5187 me
1277 5134 1542 5189 direxisti.
1576 5136 1726 5190 Unde
1758 5136 1918 5207 Sym-

311 5221 538 5275 machus
568 5238 710 5292 papa
740 5224 806 5277 ad
841 5225 1073 5280 Ennium
1106 5243 1170 5281 ex
1219 5228 1387 5282 sacris
1421 5229 1625 5303 regulis
1676 5230 1922 5300 promul-

307 5314 459 5386 gavit
500 5314 679 5384 (Svat.,
725 5332 807 5386 ep.
857 5318 945 5383 11,
994 5320 1070 5371 ad
1108 5322 1447 5388 Cmsarium),
1500 5331 1555 5374 ut
1600 5322 1643 5373 si
1694 5323 1929 5392 quilibet

310 5401 608 5473 episcopus
652 5406 1077 5474 metropolitano
1133 5408 1554 5475 pontiﬁcijuxta
1608 5411 1924 5463 canonicam

314 5492 698 5549 deﬁnitionem
744 5506 968 5551 vocatus
999 5498 1379 5567 obtemperare
1426 5501 1683 5567 noluerit,
1720 5503 1931 5557 noverit

317 5586 718 5641 sucridendum
735 5603 814 5653 se,
839 5589 986 5659 quod
1010 5588 1412 5657 non'optamus,
1428 5591 1798 5647 ecclesiastica
1820 5594 1933 5647 dis-

319 5676 543 5747 ciplina.
579 5676 688 5731 Sed
710 5682 767 5729 et.
792 5675 919 5731 hinc
948 5693 978 5730 a
1011 5694 1096 5732 me
1114 5686 1438 5745 conventus,
1458 5682 1662 5736 nullam
1691 5683 1935 5738 satisfac-

2028 4506 2207 4583 gentis
2238 4503 2482 4575 periculo
2531 4502 2906 4568 constitutum,
2955 4503 3275 4573 baptizaret,
3322 4506 3533 4561 nullum
3566 4508 3635 4562 ad

2029 4597 2407 4669 pmnitentiam
2439 4594 2747 4666 quisquam,
2784 4609 2885 4648 nec
2925 4594 3085 4649 etiam
3115 4596 3341 4651 obeunti
3390 4614 3637 4655 commu-

2028 4692 2194 4746 nione
2222 4691 2417 4745 viatica
2446 4688 2689 4743 muneris
2718 4689 3069 4753 subveniret;
3127 4692 3261 4744 nulli
3292 4692 3553 4749 defuncto
3580 4696 3633 4750 in

2025 4782 2349 4852 sepeliendo
2374 4778 2729 4834 humanitatis
2757 4778 3082 4849 obsequium
3114 4781 3425 4848 exhiberet;
3459 4783 3637 4840 donec

2028 4885 2190 4931 auttu
2212 4877 2328 4946 ipse
2352 4877 2419 4929 ad
2448 4891 2543 4930 eos
2569 4875 2806 4940 venires,
2838 4884 2929 4928 aut
2959 4891 2990 4927 a
3017 4875 3149 4929 sede
3180 4879 3477 4946 apostolica
3510 4880 3635 4935 inde

2029 4968 2348 5023 relationem
2380 4968 2706 5037 reciperent.
2766 4966 2918 5029 Quod
2945 4966 3195 5032 audiens,
3230 4968 3422 5036 fateor,
3471 4971 3640 5026 vehe-

2028 5069 2242 5117 menter
2281 5062 2556 5126 exhorrui,
2601 5069 2655 5115 et
2700 5062 2930 5131 proinde
2963 5062 3029 5116 ad
3086 5070 3155 5129 te,
3220 5081 3245 5114 ις
3274 5064 3639 5134 etr0politana

2028 5152 2422 5214 sollicitudine,
2456 5153 2665 5207 litteras
2695 5153 2840 5219 misi,
2872 5170 3106 5208 monens
3137 5160 3190 5209 et
3220 5154 3445 5209 hortans
3477 5163 3548 5222 te,
3582 5165 3642 5211 ut

2030 5257 2137 5303 tam
2184 5247 2515 5302 exitiabilem
2567 5249 3193 5303 excommunicationem
3242 5258 3295 5304 et
3345 5250 3642 5320 impietatis

2030 5338 2438 5411 colligationem
2486 5340 2539 5391 in
2572 5346 2721 5391 tuum
2772 5348 2825 5393 et
2866 5342 3159 5394 multorum
3219 5342 3521 5412 periculum
3557 5346 3642 5398 in—

2032 5436 2319 5491 tentatam,
2351 5429 2681 5497 quantocius
2722 5427 2984 5482 solveres.
3019 5429 3122 5481 Sed
3157 5438 3210 5483 et
3254 5431 3321 5483 ad
3362 5432 3645 5487 ministros

2034 5519 2414 5574 Lauduneusis
2461 5519 2737 5586 Ecclesiae,
2790 5519 2988 5575 timens
3053 5522 3291 5578 immane
3348 5525 3643 5581 multorum

2034 5613 2283 5679 exitium,
2350 5613 2684 5669 certissimas
2722 5622 2777 5667 et
2834 5612 3238 5688 irrefragabiles
3294 5618 3646 5676 deﬁnitiones

2037 5710 2368 5784 evangelicze
2395 5708 2658 5777 veritatis,
2685 5715 2739 5764 et
2757 5711 3070 5780 apostolicae
3088 5715 3449 5780 auctoritatis,
3478 5724 3644 5783 atque
