  <div class='ocr_page' id='page_1' title='image "/cluster/home/n/w/nwhite01/storage/ocr_20150623/134-135/uva.x000829784/687.png"; bbox 0 0 3970 6218; ppageno 0'>
   <div class='ocr_carea' id='block_1_1' title="bbox 396 236 495 289">
    <p class='ocr_par' dir='ltr' id='par_1_1' title="bbox 396 236 495 289">
     <span class='ocr_line' id='line_1_1' title="bbox 396 236 495 289; baseline 0 -1"><span class='ocrx_word' id='word_1_1' title='bbox 396 236 495 289; x_wconf 75' lang='grc'>211</span> 
     </span>
    </p>
   </div>
   <div class='ocr_carea' id='block_1_2' title="bbox 1524 234 2603 290">
    <p class='ocr_par' dir='ltr' id='par_1_2' title="bbox 1524 234 2603 290">
     <span class='ocr_line' id='line_1_2' title="bbox 1524 234 2603 290; baseline 0.002 -2"><span class='ocrx_word' id='word_1_2' title='bbox 1524 234 1893 290; x_wconf 83' lang='lat' dir='ltr'>FLODOARDI</span> <span class='ocrx_word' id='word_1_3' title='bbox 1931 235 2237 290; x_wconf 79' lang='lat' dir='ltr'>CANONICI</span> <span class='ocrx_word' id='word_1_4' title='bbox 2276 234 2603 290; x_wconf 82' lang='lat' dir='ltr'>REMENSIS</span> 
     </span>
    </p>
   </div>
   <div class='ocr_carea' id='block_1_3' title="bbox 3623 244 3730 297">
    <p class='ocr_par' dir='ltr' id='par_1_3' title="bbox 3623 244 3730 297">
     <span class='ocr_line' id='line_1_3' title="bbox 3623 244 3730 297; baseline 0 -1"><span class='ocrx_word' id='word_1_5' title='bbox 3623 244 3730 297; x_wconf 73' lang='grc'>212</span> 
     </span>
    </p>
   </div>
   <div class='ocr_carea' id='block_1_4' title="bbox 395 360 3727 438">
    <p class='ocr_par' dir='ltr' id='par_1_4' title="bbox 395 360 3727 438">
     <span class='ocr_line' id='line_1_4' title="bbox 395 360 3727 438; baseline 0.002 -20"><span class='ocrx_word' id='word_1_6' title='bbox 395 377 675 418; x_wconf 90' lang='lat' dir='ltr'>sacrorum</span> <span class='ocrx_word' id='word_1_7' title='bbox 701 375 977 414; x_wconf 87' lang='lat' dir='ltr'>canonum</span> <span class='ocrx_word' id='word_1_8' title='bbox 1004 367 1060 414; x_wconf 88' lang='lat' dir='ltr'>et</span> <span class='ocrx_word' id='word_1_9' title='bbox 1097 360 1412 430; x_wconf 63' lang='lat' dir='ltr'>apostolicae</span> <span class='ocrx_word' id='word_1_10' title='bbox 1450 361 1600 416; x_wconf 86' lang='lat' dir='ltr'><strong>sedis</strong></span> <span class='ocrx_word' id='word_1_11' title='bbox 1629 361 1828 430; x_wconf 88' lang='lat' dir='ltr'>direxi,</span> <span class='ocrx_word' id='word_1_12' title='bbox 1873 380 2012 435; x_wconf 90' lang='lat' dir='ltr'>qua-</span> <span class='ocrx_word' id='word_1_13' title='bbox 2036 369 2085 436; x_wconf 84' lang='grc' dir='ltr'><strong>Α</strong></span> <span class='ocrx_word' id='word_1_14' title='bbox 2109 369 2164 418; x_wconf 90' lang='lat' dir='ltr'>et</span> <span class='ocrx_word' id='word_1_15' title='bbox 2187 371 2239 418; x_wconf 91' lang='lat' dir='ltr'>te</span> <span class='ocrx_word' id='word_1_16' title='bbox 2268 363 2437 419; x_wconf 86' lang='lat' dir='ltr'>sacris</span> <span class='ocrx_word' id='word_1_17' title='bbox 2465 362 2674 438; x_wconf 87' lang='lat' dir='ltr'>regulis</span> <span class='ocrx_word' id='word_1_18' title='bbox 2702 363 2967 431; x_wconf 86' lang='lat' dir='ltr'>subdens,</span> <span class='ocrx_word' id='word_1_19' title='bbox 3002 380 3193 436; x_wconf 88' lang='lat' dir='ltr'>pacem</span> <span class='ocrx_word' id='word_1_20' title='bbox 3221 371 3278 420; x_wconf 90' lang='lat' dir='ltr'>et</span> <span class='ocrx_word' id='word_1_21' title='bbox 3301 367 3727 425; x_wconf 76' lang='lat' dir='ltr'>sanctimoniam</span> 
     </span>
    </p>
   </div>
   <div class='ocr_carea' id='block_1_5' title="bbox 397 447 2011 521">
    <p class='ocr_par' dir='ltr' id='par_1_5' title="bbox 397 447 2011 521">
     <span class='ocr_line' id='line_1_5' title="bbox 397 447 2011 521; baseline 0.001 -14"><span class='ocrx_word' id='word_1_22' title='bbox 397 462 554 508; x_wconf 90' lang='lat' dir='ltr'>tenus</span> <span class='ocrx_word' id='word_1_23' title='bbox 580 449 885 505; x_wconf 91' lang='lat' dir='ltr'>secundum</span> <span class='ocrx_word' id='word_1_24' title='bbox 925 448 1148 503; x_wconf 91' lang='lat' dir='ltr'>easdem</span> <span class='ocrx_word' id='word_1_25' title='bbox 1181 447 1560 516; x_wconf 87' lang='lat' dir='ltr'>definitiones,</span> <span class='ocrx_word' id='word_1_26' title='bbox 1587 465 1711 521; x_wconf 76' lang='lat' dir='ltr'>quae</span> <span class='ocrx_word' id='word_1_27' title='bbox 1753 452 1810 506; x_wconf 90' lang='lat' dir='ltr'>in</span> <span class='ocrx_word' id='word_1_28' title='bbox 1860 453 2011 508; x_wconf 91' lang='lat' dir='ltr'>nullo</span> 
     </span>
    </p>
   </div>
   <div class='ocr_carea' id='block_1_6' title="bbox 396 539 2012 616">
    <p class='ocr_par' dir='ltr' id='par_1_6' title="bbox 396 539 2012 616">
     <span class='ocr_line' id='line_1_6' title="bbox 396 539 2012 616; baseline 0 -19"><span class='ocrx_word' id='word_1_29' title='bbox 396 541 630 597; x_wconf 85' lang='lat' dir='ltr'>convelli</span> <span class='ocrx_word' id='word_1_30' title='bbox 660 547 910 610; x_wconf 90' lang='lat' dir='ltr'>possunt,</span> <span class='ocrx_word' id='word_1_31' title='bbox 942 556 1008 593; x_wconf 88' lang='lat' dir='ltr'>ex</span> <span class='ocrx_word' id='word_1_32' title='bbox 1047 539 1241 594; x_wconf 91' lang='lat' dir='ltr'>eadem</span> <span class='ocrx_word' id='word_1_33' title='bbox 1275 541 1587 610; x_wconf 90' lang='lat' dir='ltr'>periculosa</span> <span class='ocrx_word' id='word_1_34' title='bbox 1618 547 1673 595; x_wconf 94' lang='lat' dir='ltr'>et</span> <span class='ocrx_word' id='word_1_35' title='bbox 1727 541 2012 616; x_wconf 84' lang='lat' dir='ltr'>irregulari</span> 
     </span>
    </p>
   </div>
   <div class='ocr_carea' id='block_1_7' title="bbox 397 634 2012 709">
    <p class='ocr_par' dir='ltr' id='par_1_7' title="bbox 397 634 2012 709">
     <span class='ocr_line' id='line_1_7' title="bbox 397 634 2012 709; baseline 0.001 -18"><span class='ocrx_word' id='word_1_36' title='bbox 397 634 968 692; x_wconf 87' lang='lat' dir='ltr'>excommunicatione</span> <span class='ocrx_word' id='word_1_37' title='bbox 998 643 1226 707; x_wconf 76' lang='lat' dir='ltr'>agerent</span> <span class='ocrx_word' id='word_1_38' title='bbox 1279 642 1334 689; x_wconf 91' lang='lat' dir='ltr'>et</span> <span class='ocrx_word' id='word_1_39' title='bbox 1376 635 1479 705; x_wconf 92' lang='lat' dir='ltr'>ipsi</span> <span class='ocrx_word' id='word_1_40' title='bbox 1536 638 1690 692; x_wconf 87' lang='lat' dir='ltr'>satis.</span> <span class='ocrx_word' id='word_1_41' title='bbox 1723 638 1829 693; x_wconf 89' lang='lat' dir='ltr'>Sed</span> <span class='ocrx_word' id='word_1_42' title='bbox 1884 639 2012 709; x_wconf 87' lang='lat' dir='ltr'>quia</span> 
     </span>
    </p>
   </div>
   <div class='ocr_carea' id='block_1_8' title="bbox 399 727 2012 794">
    <p class='ocr_par' dir='ltr' id='par_1_8' title="bbox 399 727 2012 794">
     <span class='ocr_line' id='line_1_8' title="bbox 399 727 2012 794; baseline 0 -9"><span class='ocrx_word' id='word_1_43' title='bbox 399 748 533 786; x_wconf 79' lang='lat' dir='ltr'>meae</span> <span class='ocrx_word' id='word_1_44' title='bbox 589 727 954 784; x_wconf 75' lang='lat' dir='ltr'>admonitioni</span> <span class='ocrx_word' id='word_1_45' title='bbox 993 727 1225 782; x_wconf 85' lang='lat' dir='ltr'>obedire</span> <span class='ocrx_word' id='word_1_46' title='bbox 1267 743 1376 783; x_wconf 93' lang='lat' dir='ltr'>non</span> <span class='ocrx_word' id='word_1_47' title='bbox 1405 729 1646 794; x_wconf 89' lang='lat' dir='ltr'>voluisti,</span> <span class='ocrx_word' id='word_1_48' title='bbox 1688 731 1812 784; x_wconf 88' lang='lat' dir='ltr'>misi</span> <span class='ocrx_word' id='word_1_49' title='bbox 1843 730 1910 783; x_wconf 86' lang='lat' dir='ltr'>ad</span> <span class='ocrx_word' id='word_1_50' title='bbox 1961 741 2012 786; x_wconf 88' lang='lat' dir='ltr'>te</span> 
     </span>
    </p>
   </div>
   <div class='ocr_carea' id='block_1_9' title="bbox 400 821 2011 887">
    <p class='ocr_par' dir='ltr' id='par_1_9' title="bbox 400 821 2011 887">
     <span class='ocr_line' id='line_1_9' title="bbox 400 821 2011 887; baseline -0.001 -8"><span class='ocrx_word' id='word_1_51' title='bbox 400 826 591 879; x_wconf 91' lang='lat' dir='ltr'>iterum</span> <span class='ocrx_word' id='word_1_52' title='bbox 615 821 814 877; x_wconf 83' lang='lat' dir='ltr'>exinde</span> <span class='ocrx_word' id='word_1_53' title='bbox 837 822 1064 887; x_wconf 77' lang='lat' dir='ltr'>litteras,</span> <span class='ocrx_word' id='word_1_54' title='bbox 1089 821 1187 875; x_wconf 92' lang='lat' dir='ltr'>sed</span> <span class='ocrx_word' id='word_1_55' title='bbox 1217 829 1272 876; x_wconf 90' lang='lat' dir='ltr'>et</span> <span class='ocrx_word' id='word_1_56' title='bbox 1302 822 1370 875; x_wconf 87' lang='lat' dir='ltr'>ad</span> <span class='ocrx_word' id='word_1_57' title='bbox 1400 822 1628 878; x_wconf 89' lang='lat' dir='ltr'>clericos</span> <span class='ocrx_word' id='word_1_58' title='bbox 1679 824 2011 878; x_wconf 87' lang='lat' dir='ltr'>Laudunen-</span> 
     </span>
    </p>
   </div>
   <div class='ocr_carea' id='block_1_10' title="bbox 396 917 2011 990">
    <p class='ocr_par' dir='ltr' id='par_1_10' title="bbox 396 917 2011 990">
     <span class='ocr_line' id='line_1_10' title="bbox 396 917 2011 990; baseline -0.001 -16"><span class='ocrx_word' id='word_1_59' title='bbox 396 921 470 974; x_wconf 89' lang='lat' dir='ltr'>sis</span> <span class='ocrx_word' id='word_1_60' title='bbox 499 919 794 990; x_wconf 66' lang='lat' dir='ltr'>parochize,</span> <span class='ocrx_word' id='word_1_61' title='bbox 825 926 881 972; x_wconf 87' lang='lat' dir='ltr'>et</span> <span class='ocrx_word' id='word_1_62' title='bbox 910 934 1012 972; x_wconf 91' lang='lat' dir='ltr'>nec</span> <span class='ocrx_word' id='word_1_63' title='bbox 1049 917 1128 972; x_wconf 91' lang='lat' dir='ltr'>sic</span> <span class='ocrx_word' id='word_1_64' title='bbox 1158 924 1211 971; x_wconf 93' lang='lat' dir='ltr'>te</span> <span class='ocrx_word' id='word_1_65' title='bbox 1258 917 1328 970; x_wconf 91' lang='lat' dir='ltr'>ad</span> <span class='ocrx_word' id='word_1_66' title='bbox 1375 917 1748 972; x_wconf 90' lang='lat' dir='ltr'>obediendum</span> <span class='ocrx_word' id='word_1_67' title='bbox 1780 919 2011 973; x_wconf 85' lang='lat' dir='ltr'>invitare</span> 
     </span>
    </p>
   </div>
   <div class='ocr_carea' id='block_1_11' title="bbox 399 1006 2014 1080">
    <p class='ocr_par' dir='ltr' id='par_1_11' title="bbox 399 1006 2014 1080">
     <span class='ocr_line' id='line_1_11' title="bbox 399 1006 2014 1080; baseline 0 -18"><span class='ocrx_word' id='word_1_68' title='bbox 399 1008 678 1080; x_wconf 66' lang='lat' dir='ltr'>praevalui.</span> <span class='ocrx_word' id='word_1_69' title='bbox 716 1007 849 1062; x_wconf 85' lang='lat' dir='ltr'>Post</span> <span class='ocrx_word' id='word_1_70' title='bbox 877 1007 1014 1072; x_wconf 65' lang='lat' dir='ltr'>hmc,</span> <span class='ocrx_word' id='word_1_71' title='bbox 1049 1017 1304 1077; x_wconf 66' lang='lat' dir='ltr'>quaerens</span> <span class='ocrx_word' id='word_1_72' title='bbox 1333 1006 1781 1074; x_wconf 90' lang='lat' dir='ltr'>adinventiones,</span> <span class='ocrx_word' id='word_1_73' title='bbox 1814 1015 1873 1062; x_wconf 92' lang='lat' dir='ltr'>ut</span> <span class='ocrx_word' id='word_1_74' title='bbox 1905 1017 1956 1062; x_wconf 94' lang='lat' dir='ltr'>te</span> <span class='ocrx_word' id='word_1_75' title='bbox 1985 1025 2014 1062; x_wconf 92' lang='lat' dir='ltr'>a</span> 
     </span>
    </p>
   </div>
   <div class='ocr_carea' id='block_1_12' title="bbox 399 1097 2013 1169">
    <p class='ocr_par' dir='ltr' id='par_1_12' title="bbox 399 1097 2013 1169">
     <span class='ocr_line' id='line_1_12' title="bbox 399 1097 2013 1169; baseline 0 -16"><span class='ocrx_word' id='word_1_76' title='bbox 399 1098 822 1169; x_wconf 90' lang='lat' dir='ltr'>metropolitana</span> <span class='ocrx_word' id='word_1_77' title='bbox 841 1097 1190 1165; x_wconf 86' lang='lat' dir='ltr'>subjectione</span> <span class='ocrx_word' id='word_1_78' title='bbox 1215 1112 1404 1167; x_wconf 88' lang='lat' dir='ltr'>posses</span> <span class='ocrx_word' id='word_1_79' title='bbox 1426 1113 1652 1164; x_wconf 89' lang='lat' dir='ltr'>exuere,</span> <span class='ocrx_word' id='word_1_80' title='bbox 1679 1099 1927 1153; x_wconf 91' lang='lat' dir='ltr'>libellum</span> <span class='ocrx_word' id='word_1_81' title='bbox 1945 1100 2013 1153; x_wconf 93' lang='lat' dir='ltr'>de</span> 
     </span>
    </p>
   </div>
   <div class='ocr_carea' id='block_1_13' title="bbox 395 1186 2015 1261">
    <p class='ocr_par' dir='ltr' id='par_1_13' title="bbox 395 1186 2015 1261">
     <span class='ocr_line' id='line_1_13' title="bbox 395 1186 2015 1261; baseline -0.001 -16"><span class='ocrx_word' id='word_1_82' title='bbox 395 1191 746 1261; x_wconf 91' lang='lat' dir='ltr'>antiquorum</span> <span class='ocrx_word' id='word_1_83' title='bbox 781 1188 997 1241; x_wconf 89' lang='lat' dir='ltr'>Patrum</span> <span class='ocrx_word' id='word_1_84' title='bbox 1037 1186 1256 1257; x_wconf 86' lang='lat' dir='ltr'>scriptis</span> <span class='ocrx_word' id='word_1_85' title='bbox 1293 1194 1419 1241; x_wconf 90' lang='lat' dir='ltr'>ante</span> <span class='ocrx_word' id='word_1_86' title='bbox 1450 1203 1636 1242; x_wconf 92' lang='lat' dir='ltr'>sacros</span> <span class='ocrx_word' id='word_1_87' title='bbox 1667 1187 1896 1244; x_wconf 72' lang='lat' dir='ltr'>Nicamze</span> <span class='ocrx_word' id='word_1_88' title='bbox 1925 1206 2015 1259; x_wconf 88' lang='lat' dir='ltr'>sy-</span> 
     </span>
    </p>
   </div>
   <div class='ocr_carea' id='block_1_14' title="bbox 399 1283 2016 1350">
    <p class='ocr_par' dir='ltr' id='par_1_14' title="bbox 399 1283 2016 1350">
     <span class='ocr_line' id='line_1_14' title="bbox 399 1283 2016 1350; baseline -0.001 -10"><span class='ocrx_word' id='word_1_89' title='bbox 399 1285 550 1350; x_wconf 90' lang='lat' dir='ltr'>nodi,</span> <span class='ocrx_word' id='word_1_90' title='bbox 605 1292 658 1338; x_wconf 90' lang='lat' dir='ltr'>et</span> <span class='ocrx_word' id='word_1_91' title='bbox 695 1283 930 1338; x_wconf 88' lang='lat' dir='ltr'>aliorum</span> <span class='ocrx_word' id='word_1_92' title='bbox 976 1290 1290 1337; x_wconf 91' lang='lat' dir='ltr'>sanctorum</span> <span class='ocrx_word' id='word_1_93' title='bbox 1353 1298 1596 1337; x_wconf 87' lang='lat' dir='ltr'>canones</span> <span class='ocrx_word' id='word_1_94' title='bbox 1637 1283 1800 1338; x_wconf 90' lang='lat' dir='ltr'>editis</span> <span class='ocrx_word' id='word_1_95' title='bbox 1848 1285 2016 1339; x_wconf 90' lang='lat' dir='ltr'>colle-</span> 
     </span>
    </p>
   </div>
   <div class='ocr_carea' id='block_1_15' title="bbox 397 1375 2017 1452">
    <p class='ocr_par' dir='ltr' id='par_1_15' title="bbox 397 1375 2017 1452">
     <span class='ocr_line' id='line_1_15' title="bbox 397 1375 2017 1452; baseline 0.001 -21"><span class='ocrx_word' id='word_1_96' title='bbox 397 1379 544 1452; x_wconf 88' lang='lat' dir='ltr'>gisti,</span> <span class='ocrx_word' id='word_1_97' title='bbox 575 1377 630 1430; x_wconf 92' lang='lat' dir='ltr'>in</span> <span class='ocrx_word' id='word_1_98' title='bbox 662 1377 864 1448; x_wconf 86' lang='lat' dir='ltr'>quibus</span> <span class='ocrx_word' id='word_1_99' title='bbox 894 1375 1200 1430; x_wconf 86' lang='lat' dir='ltr'>sententias</span> <span class='ocrx_word' id='word_1_100' title='bbox 1231 1376 1378 1430; x_wconf 92' lang='lat' dir='ltr'>inter</span> <span class='ocrx_word' id='word_1_101' title='bbox 1404 1392 1465 1430; x_wconf 91' lang='lat' dir='ltr'>se</span> <span class='ocrx_word' id='word_1_102' title='bbox 1495 1376 1765 1442; x_wconf 90' lang='lat' dir='ltr'>dissonas,</span> <span class='ocrx_word' id='word_1_103' title='bbox 1800 1386 1854 1432; x_wconf 91' lang='lat' dir='ltr'>et</span> <span class='ocrx_word' id='word_1_104' title='bbox 1882 1394 2017 1432; x_wconf 90' lang='lat' dir='ltr'>con-</span> 
     </span>
    </p>
   </div>
   <div class='ocr_carea' id='block_1_16' title="bbox 399 1469 2018 1542">
    <p class='ocr_par' dir='ltr' id='par_1_16' title="bbox 399 1469 2018 1542">
     <span class='ocr_line' id='line_1_16' title="bbox 399 1469 2018 1542; baseline 0 -16"><span class='ocrx_word' id='word_1_105' title='bbox 399 1480 477 1527; x_wconf 88' lang='lat' dir='ltr'>tra</span> <span class='ocrx_word' id='word_1_106' title='bbox 508 1471 884 1542; x_wconf 89' lang='lat' dir='ltr'>evangelicam</span> <span class='ocrx_word' id='word_1_107' title='bbox 918 1477 972 1524; x_wconf 91' lang='lat' dir='ltr'>et</span> <span class='ocrx_word' id='word_1_108' title='bbox 1005 1469 1384 1540; x_wconf 87' lang='lat' dir='ltr'>apostolicam,</span> <span class='ocrx_word' id='word_1_109' title='bbox 1417 1479 1580 1540; x_wconf 91' lang='lat' dir='ltr'>atque</span> <span class='ocrx_word' id='word_1_110' title='bbox 1611 1471 1930 1526; x_wconf 87' lang='lat' dir='ltr'>canonicam</span> <span class='ocrx_word' id='word_1_111' title='bbox 1964 1480 2018 1526; x_wconf 93' lang='lat' dir='ltr'>et</span> 
     </span>
    </p>
   </div>
   <div class='ocr_carea' id='block_1_17' title="bbox 398 1559 2014 1632">
    <p class='ocr_par' dir='ltr' id='par_1_17' title="bbox 398 1559 2014 1632">
     <span class='ocr_line' id='line_1_17' title="bbox 398 1559 2014 1632; baseline -0.002 -15"><span class='ocrx_word' id='word_1_112' title='bbox 398 1562 711 1632; x_wconf 66' lang='lat' dir='ltr'>apostolicae</span> <span class='ocrx_word' id='word_1_113' title='bbox 749 1560 898 1615; x_wconf 89' lang='lat' dir='ltr'>sedis</span> <span class='ocrx_word' id='word_1_114' title='bbox 927 1559 1305 1614; x_wconf 87' lang='lat' dir='ltr'>auctoritatem</span> <span class='ocrx_word' id='word_1_115' title='bbox 1340 1559 1708 1625; x_wconf 89' lang='lat' dir='ltr'>immiscuisti,</span> <span class='ocrx_word' id='word_1_116' title='bbox 1752 1568 1806 1614; x_wconf 92' lang='lat' dir='ltr'>et</span> <span class='ocrx_word' id='word_1_117' title='bbox 1833 1561 2014 1614; x_wconf 91' lang='lat' dir='ltr'>eidem</span> 
     </span>
    </p>
   </div>
   <div class='ocr_carea' id='block_1_18' title="bbox 399 1654 2095 1749">
    <p class='ocr_par' dir='ltr' id='par_1_18' title="bbox 399 1654 2095 1749">
     <span class='ocr_line' id='line_1_18' title="bbox 399 1654 2095 1749; baseline -0.001 -39"><span class='ocrx_word' id='word_1_118' title='bbox 399 1657 588 1711; x_wconf 87' lang='lat' dir='ltr'>libello</span> <span class='ocrx_word' id='word_1_119' title='bbox 609 1657 731 1710; x_wconf 89' lang='lat' dir='ltr'>sine</span> <span class='ocrx_word' id='word_1_120' title='bbox 752 1655 1160 1725; x_wconf 88' lang='lat' dir='ltr'>metropolitani</span> <span class='ocrx_word' id='word_1_121' title='bbox 1181 1663 1235 1708; x_wconf 91' lang='lat' dir='ltr'>et</span> <span class='ocrx_word' id='word_1_122' title='bbox 1251 1654 1706 1724; x_wconf 88' lang='lat' dir='ltr'>coepiscoporum</span> <span class='ocrx_word' id='word_1_123' title='bbox 1725 1655 2016 1710; x_wconf 84' lang='lat' dir='ltr'>Remensis</span> <span class='ocrx_word' id='word_1_124' title='bbox 2047 1683 2095 1749; x_wconf 78' lang='grc' dir='ltr'>Β</span> 
     </span>
    </p>
   </div>
   <div class='ocr_carea' id='block_1_19' title="bbox 401 1743 2019 1816">
    <p class='ocr_par' dir='ltr' id='par_1_19' title="bbox 401 1743 2019 1816">
     <span class='ocr_line' id='line_1_19' title="bbox 401 1743 2019 1816; baseline 0 -18"><span class='ocrx_word' id='word_1_125' title='bbox 401 1745 700 1816; x_wconf 73' lang='lat' dir='ltr'>provincize</span> <span class='ocrx_word' id='word_1_126' title='bbox 745 1743 1088 1798; x_wconf 86' lang='lat' dir='ltr'>conscientia</span> <span class='ocrx_word' id='word_1_127' title='bbox 1117 1759 1180 1797; x_wconf 90' lang='lat' dir='ltr'>ac</span> <span class='ocrx_word' id='word_1_128' title='bbox 1215 1758 1488 1796; x_wconf 89' lang='lat' dir='ltr'>consensu</span> <span class='ocrx_word' id='word_1_129' title='bbox 1519 1743 1916 1813; x_wconf 89' lang='lat' dir='ltr'>subscripsisti,</span> <span class='ocrx_word' id='word_1_130' title='bbox 1965 1751 2019 1798; x_wconf 89' lang='lat' dir='ltr'>et</span> 
     </span>
    </p>
   </div>
   <div class='ocr_carea' id='block_1_20' title="bbox 399 1831 2019 1901">
    <p class='ocr_par' dir='ltr' id='par_1_20' title="bbox 399 1831 2019 1901">
     <span class='ocr_line' id='line_1_20' title="bbox 399 1831 2019 1901; baseline -0.001 -14"><span class='ocrx_word' id='word_1_131' title='bbox 399 1850 428 1887; x_wconf 90' lang='lat' dir='ltr'>a</span> <span class='ocrx_word' id='word_1_132' title='bbox 475 1832 690 1887; x_wconf 88' lang='lat' dir='ltr'>clericis</span> <span class='ocrx_word' id='word_1_133' title='bbox 735 1831 984 1886; x_wconf 67' lang='lat' dir='ltr'>ecclesiae</span> <span class='ocrx_word' id='word_1_134' title='bbox 1047 1838 1174 1896; x_wconf 63' lang='lat' dir='ltr'>tuae,</span> <span class='ocrx_word' id='word_1_135' title='bbox 1227 1845 1443 1885; x_wconf 91' lang='lat' dir='ltr'>necnon</span> <span class='ocrx_word' id='word_1_136' title='bbox 1492 1838 1547 1884; x_wconf 86' lang='lat' dir='ltr'>et.</span> <span class='ocrx_word' id='word_1_137' title='bbox 1589 1847 1619 1884; x_wconf 91' lang='lat' dir='ltr'>a</span> <span class='ocrx_word' id='word_1_138' title='bbox 1666 1831 2019 1901; x_wconf 88' lang='lat' dir='ltr'>parochianis</span> 
     </span>
    </p>
   </div>
   <div class='ocr_carea' id='block_1_21' title="bbox 399 1924 2016 1997">
    <p class='ocr_par' dir='ltr' id='par_1_21' title="bbox 399 1924 2016 1997">
     <span class='ocr_line' id='line_1_21' title="bbox 399 1924 2016 1997; baseline 0 -17"><span class='ocrx_word' id='word_1_139' title='bbox 399 1926 736 1997; x_wconf 86' lang='lat' dir='ltr'>presbyteris</span> <span class='ocrx_word' id='word_1_140' title='bbox 762 1925 1033 1980; x_wconf 91' lang='lat' dir='ltr'>subscribi</span> <span class='ocrx_word' id='word_1_141' title='bbox 1077 1924 1275 1980; x_wconf 85' lang='lat' dir='ltr'>fecisti.</span> <span class='ocrx_word' id='word_1_142' title='bbox 1309 1924 1503 1980; x_wconf 88' lang='lat' dir='ltr'>volens</span> <span class='ocrx_word' id='word_1_143' title='bbox 1533 1933 1585 1979; x_wconf 90' lang='lat' dir='ltr'>te</span> <span class='ocrx_word' id='word_1_144' title='bbox 1611 1941 1640 1979; x_wconf 88' lang='lat' dir='ltr'>a</span> <span class='ocrx_word' id='word_1_145' title='bbox 1670 1926 2016 1994; x_wconf 90' lang='lat' dir='ltr'>subjectione</span> 
     </span>
    </p>
   </div>
   <div class='ocr_carea' id='block_1_22' title="bbox 399 2017 2014 2089">
    <p class='ocr_par' dir='ltr' id='par_1_22' title="bbox 399 2017 2014 2089">
     <span class='ocr_line' id='line_1_22' title="bbox 399 2017 2014 2089; baseline -0.001 -17"><span class='ocrx_word' id='word_1_146' title='bbox 399 2027 504 2072; x_wconf 74' lang='lat' dir='ltr'>tuae</span> <span class='ocrx_word' id='word_1_147' title='bbox 563 2017 884 2087; x_wconf 85' lang='lat' dir='ltr'>metropolis</span> <span class='ocrx_word' id='word_1_148' title='bbox 940 2024 1164 2071; x_wconf 89' lang='lat' dir='ltr'>exutum</span> <span class='ocrx_word' id='word_1_149' title='bbox 1219 2023 1521 2082; x_wconf 87' lang='lat' dir='ltr'>ostentare,</span> <span class='ocrx_word' id='word_1_150' title='bbox 1563 2024 1618 2071; x_wconf 92' lang='lat' dir='ltr'>et</span> <span class='ocrx_word' id='word_1_151' title='bbox 1663 2017 2014 2089; x_wconf 79' lang='lat' dir='ltr'>privilegium</span> 
     </span>
    </p>
   </div>
   <div class='ocr_carea' id='block_1_23' title="bbox 398 2106 2015 2178">
    <p class='ocr_par' dir='ltr' id='par_1_23' title="bbox 398 2106 2015 2178">
     <span class='ocr_line' id='line_1_23' title="bbox 398 2106 2015 2178; baseline -0.001 -17"><span class='ocrx_word' id='word_1_152' title='bbox 398 2107 835 2178; x_wconf 70' lang='lat' dir='ltr'>metropolitanze</span> <span class='ocrx_word' id='word_1_153' title='bbox 884 2107 1035 2161; x_wconf 90' lang='lat' dir='ltr'>sedis</span> <span class='ocrx_word' id='word_1_154' title='bbox 1076 2107 1386 2172; x_wconf 91' lang='lat' dir='ltr'>annullare,</span> <span class='ocrx_word' id='word_1_155' title='bbox 1432 2106 1588 2177; x_wconf 89' lang='lat' dir='ltr'>quasi</span> <span class='ocrx_word' id='word_1_156' title='bbox 1631 2122 1741 2162; x_wconf 92' lang='lat' dir='ltr'>non</span> <span class='ocrx_word' id='word_1_157' title='bbox 1799 2123 2015 2177; x_wconf 92' lang='lat' dir='ltr'>possem</span> 
     </span>
    </p>
   </div>
   <div class='ocr_carea' id='block_1_24' title="bbox 400 2198 2015 2270">
    <p class='ocr_par' dir='ltr' id='par_1_24' title="bbox 400 2198 2015 2270">
     <span class='ocr_line' id='line_1_24' title="bbox 400 2198 2015 2270; baseline 0.001 -18"><span class='ocrx_word' id='word_1_158' title='bbox 400 2198 696 2269; x_wconf 90' lang='lat' dir='ltr'>impietatis</span> <span class='ocrx_word' id='word_1_159' title='bbox 749 2206 854 2252; x_wconf 61' lang='lat' dir='ltr'>tuae</span> <span class='ocrx_word' id='word_1_160' title='bbox 907 2198 1292 2270; x_wconf 85' lang='lat' dir='ltr'>colligationes</span> <span class='ocrx_word' id='word_1_161' title='bbox 1350 2198 1617 2252; x_wconf 91' lang='lat' dir='ltr'>canonica</span> <span class='ocrx_word' id='word_1_162' title='bbox 1674 2199 2015 2260; x_wconf 75' lang='lat' dir='ltr'>auctoritate,</span> 
     </span>
    </p>
   </div>
   <div class='ocr_carea' id='block_1_25' title="bbox 399 2288 2019 2359">
    <p class='ocr_par' dir='ltr' id='par_1_25' title="bbox 399 2288 2019 2359">
     <span class='ocr_line' id='line_1_25' title="bbox 399 2288 2019 2359; baseline 0.001 -18"><span class='ocrx_word' id='word_1_163' title='bbox 399 2288 521 2342; x_wconf 89' lang='lat' dir='ltr'>sine</span> <span class='ocrx_word' id='word_1_164' title='bbox 553 2297 646 2344; x_wconf 92' lang='lat' dir='ltr'>tuo</span> <span class='ocrx_word' id='word_1_165' title='bbox 675 2303 972 2353; x_wconf 90' lang='lat' dir='ltr'>consensu,</span> <span class='ocrx_word' id='word_1_166' title='bbox 1005 2304 1068 2343; x_wconf 88' lang='lat' dir='ltr'>ac</span> <span class='ocrx_word' id='word_1_167' title='bbox 1098 2289 1218 2342; x_wconf 90' lang='lat' dir='ltr'>sine</span> <span class='ocrx_word' id='word_1_168' title='bbox 1249 2289 1501 2358; x_wconf 86' lang='lat' dir='ltr'>synodali</span> <span class='ocrx_word' id='word_1_169' title='bbox 1534 2295 1808 2344; x_wconf 91' lang='lat' dir='ltr'>conventu</span> <span class='ocrx_word' id='word_1_170' title='bbox 1841 2289 1896 2343; x_wconf 93' lang='lat' dir='ltr'>in</span> <span class='ocrx_word' id='word_1_171' title='bbox 1928 2305 2019 2359; x_wconf 89' lang='lat' dir='ltr'>pa-</span> 
     </span>
    </p>
   </div>
   <div class='ocr_carea' id='block_1_26' title="bbox 401 2379 2016 2447">
    <p class='ocr_par' dir='ltr' id='par_1_26' title="bbox 401 2379 2016 2447">
     <span class='ocr_line' id='line_1_26' title="bbox 401 2379 2016 2447; baseline 0.001 -14"><span class='ocrx_word' id='word_1_172' title='bbox 401 2381 588 2435; x_wconf 90' lang='lat' dir='ltr'>rochia</span> <span class='ocrx_word' id='word_1_173' title='bbox 630 2389 722 2434; x_wconf 92' lang='lat' dir='ltr'>tua</span> <span class='ocrx_word' id='word_1_174' title='bbox 751 2380 1079 2447; x_wconf 87' lang='lat' dir='ltr'>dissolvere,</span> <span class='ocrx_word' id='word_1_175' title='bbox 1113 2396 1236 2434; x_wconf 93' lang='lat' dir='ltr'>cum</span> <span class='ocrx_word' id='word_1_176' title='bbox 1287 2380 1357 2434; x_wconf 91' lang='lat' dir='ltr'>de</span> <span class='ocrx_word' id='word_1_177' title='bbox 1399 2380 1564 2434; x_wconf 90' lang='lat' dir='ltr'>certis</span> <span class='ocrx_word' id='word_1_178' title='bbox 1615 2389 1671 2434; x_wconf 92' lang='lat' dir='ltr'>et</span> <span class='ocrx_word' id='word_1_179' title='bbox 1710 2379 2016 2434; x_wconf 88' lang='lat' dir='ltr'>manifestis</span> 
     </span>
    </p>
   </div>
   <div class='ocr_carea' id='block_1_27' title="bbox 401 2474 2014 2546">
    <p class='ocr_par' dir='ltr' id='par_1_27' title="bbox 401 2474 2014 2546">
     <span class='ocr_line' id='line_1_27' title="bbox 401 2474 2014 2546; baseline -0.001 -17"><span class='ocrx_word' id='word_1_180' title='bbox 401 2477 602 2542; x_wconf 90' lang='lat' dir='ltr'>causis,</span> <span class='ocrx_word' id='word_1_181' title='bbox 636 2491 757 2546; x_wconf 68' lang='lat' dir='ltr'>quae</span> <span class='ocrx_word' id='word_1_182' title='bbox 791 2476 846 2529; x_wconf 90' lang='lat' dir='ltr'>in</span> <span class='ocrx_word' id='word_1_183' title='bbox 879 2475 1029 2530; x_wconf 91' lang='lat' dir='ltr'>nullo</span> <span class='ocrx_word' id='word_1_184' title='bbox 1084 2475 1249 2530; x_wconf 92' lang='lat' dir='ltr'>nobis</span> <span class='ocrx_word' id='word_1_185' title='bbox 1278 2483 1408 2530; x_wconf 91' lang='lat' dir='ltr'>sunt</span> <span class='ocrx_word' id='word_1_186' title='bbox 1432 2474 1605 2529; x_wconf 89' lang='lat' dir='ltr'>dubia</span> <span class='ocrx_word' id='word_1_187' title='bbox 1635 2476 1722 2530; x_wconf 88' lang='lat' dir='ltr'>vel</span> <span class='ocrx_word' id='word_1_188' title='bbox 1759 2477 2014 2541; x_wconf 90' lang='lat' dir='ltr'>obscura,</span> 
     </span>
    </p>
   </div>
   <div class='ocr_carea' id='block_1_28' title="bbox 401 2561 2017 2644">
    <p class='ocr_par' dir='ltr' id='par_1_28' title="bbox 401 2561 2017 2644">
     <span class='ocr_line' id='line_1_28' title="bbox 401 2561 2017 2644; baseline 0 -25"><span class='ocrx_word' id='word_1_189' title='bbox 401 2572 455 2619; x_wconf 91' lang='lat' dir='ltr'>et</span> <span class='ocrx_word' id='word_1_190' title='bbox 481 2564 550 2618; x_wconf 86' lang='lat' dir='ltr'>de</span> <span class='ocrx_word' id='word_1_191' title='bbox 579 2564 780 2635; x_wconf 90' lang='lat' dir='ltr'>quibus</span> <span class='ocrx_word' id='word_1_192' title='bbox 810 2561 1056 2618; x_wconf 82' lang='lat' dir='ltr'>ﬁnitivas</span> <span class='ocrx_word' id='word_1_193' title='bbox 1085 2564 1412 2644; x_wconf 74' lang='lat' dir='ltr'>sententias,</span> <span class='ocrx_word' id='word_1_194' title='bbox 1445 2581 1569 2634; x_wconf 67' lang='lat' dir='ltr'>quae</span> <span class='ocrx_word' id='word_1_195' title='bbox 1606 2565 1754 2619; x_wconf 90' lang='lat' dir='ltr'>nulla</span> <span class='ocrx_word' id='word_1_196' title='bbox 1788 2572 2017 2635; x_wconf 91' lang='lat' dir='ltr'>possunt</span> 
     </span>
    </p>
   </div>
   <div class='ocr_carea' id='block_1_29' title="bbox 402 2644 2010 2726">
    <p class='ocr_par' dir='ltr' id='par_1_29' title="bbox 402 2644 2010 2726">
     <span class='ocr_line' id='line_1_29' title="bbox 402 2644 2010 2726; baseline 0.001 -19"><span class='ocrx_word' id='word_1_197' title='bbox 402 2654 612 2709; x_wconf 89' lang='lat' dir='ltr'>ratione</span> <span class='ocrx_word' id='word_1_198' title='bbox 643 2644 902 2720; x_wconf 74' lang='lat' dir='ltr'>convelli,</span> <span class='ocrx_word' id='word_1_199' title='bbox 934 2669 966 2707; x_wconf 90' lang='lat' dir='ltr'>a</span> <span class='ocrx_word' id='word_1_200' title='bbox 996 2654 1203 2708; x_wconf 90' lang='lat' dir='ltr'>sanctis</span> <span class='ocrx_word' id='word_1_201' title='bbox 1232 2653 1484 2708; x_wconf 88' lang='lat' dir='ltr'>Patribns</span> <span class='ocrx_word' id='word_1_202' title='bbox 1515 2655 1885 2726; x_wconf 80' lang='lat' dir='ltr'>promulgatas</span> <span class='ocrx_word' id='word_1_203' title='bbox 1916 2655 2010 2708; x_wconf 90' lang='lat' dir='ltr'>ha-</span> 
     </span>
    </p>
   </div>
   <div class='ocr_carea' id='block_1_30' title="bbox 400 2749 2014 2820">
    <p class='ocr_par' dir='ltr' id='par_1_30' title="bbox 400 2749 2014 2820">
     <span class='ocr_line' id='line_1_30' title="bbox 400 2749 2014 2820; baseline 0.002 -18"><span class='ocrx_word' id='word_1_204' title='bbox 400 2751 617 2816; x_wconf 89' lang='lat' dir='ltr'>bemus,</span> <span class='ocrx_word' id='word_1_205' title='bbox 649 2749 913 2820; x_wconf 89' lang='lat' dir='ltr'>synodale</span> <span class='ocrx_word' id='word_1_206' title='bbox 953 2750 1284 2816; x_wconf 90' lang='lat' dir='ltr'>consultum,</span> <span class='ocrx_word' id='word_1_207' title='bbox 1319 2749 1404 2804; x_wconf 83' lang='lat' dir='ltr'>vel</span> <span class='ocrx_word' id='word_1_208' title='bbox 1432 2749 1888 2820; x_wconf 86' lang='lat' dir='ltr'>coepiscoporum</span> <span class='ocrx_word' id='word_1_209' title='bbox 1913 2765 2014 2806; x_wconf 89' lang='lat' dir='ltr'>no-</span> 
     </span>
    </p>
   </div>
   <div class='ocr_carea' id='block_1_31' title="bbox 398 2844 2016 2914">
    <p class='ocr_par' dir='ltr' id='par_1_31' title="bbox 398 2844 2016 2914">
     <span class='ocr_line' id='line_1_31' title="bbox 398 2844 2016 2914; baseline -0.001 -14"><span class='ocrx_word' id='word_1_210' title='bbox 398 2855 523 2900; x_wconf 68' lang='lat' dir='ltr'>strae</span> <span class='ocrx_word' id='word_1_211' title='bbox 570 2844 867 2914; x_wconf 85' lang='lat' dir='ltr'>provinciae</span> <span class='ocrx_word' id='word_1_212' title='bbox 898 2844 1214 2909; x_wconf 90' lang='lat' dir='ltr'>consilium,</span> <span class='ocrx_word' id='word_1_213' title='bbox 1268 2844 1353 2898; x_wconf 88' lang='lat' dir='ltr'>vel</span> <span class='ocrx_word' id='word_1_214' title='bbox 1387 2859 1718 2898; x_wconf 92' lang='lat' dir='ltr'>consensum</span> <span class='ocrx_word' id='word_1_215' title='bbox 1760 2859 1869 2899; x_wconf 88' lang='lat' dir='ltr'>non</span> <span class='ocrx_word' id='word_1_216' title='bbox 1917 2845 2016 2898; x_wconf 91' lang='lat' dir='ltr'>de-</span> 
     </span>
    </p>
   </div>
   <div class='ocr_carea' id='block_1_32' title="bbox 396 2936 2016 3009">
    <p class='ocr_par' dir='ltr' id='par_1_32' title="bbox 396 2936 2016 3009">
     <span class='ocr_line' id='line_1_32' title="bbox 396 2936 2016 3009; baseline 0 -17"><span class='ocrx_word' id='word_1_217' title='bbox 396 2940 554 2994; x_wconf 92' lang='lat' dir='ltr'>beam</span> <span class='ocrx_word' id='word_1_218' title='bbox 588 2944 923 3008; x_wconf 88' lang='lat' dir='ltr'>exspectare,</span> <span class='ocrx_word' id='word_1_219' title='bbox 973 2944 1028 2991; x_wconf 88' lang='lat' dir='ltr'>et</span> <span class='ocrx_word' id='word_1_220' title='bbox 1072 2953 1102 2991; x_wconf 92' lang='lat' dir='ltr'>a</span> <span class='ocrx_word' id='word_1_221' title='bbox 1149 2936 1353 3009; x_wconf 89' lang='lat' dir='ltr'>regulis</span> <span class='ocrx_word' id='word_1_222' title='bbox 1396 2937 1737 3007; x_wconf 71' lang='lat' dir='ltr'>praestitutis,</span> <span class='ocrx_word' id='word_1_223' title='bbox 1781 2947 1840 2992; x_wconf 92' lang='lat' dir='ltr'>ut</span> <span class='ocrx_word' id='word_1_224' title='bbox 1886 2955 2016 2992; x_wconf 91' lang='lat' dir='ltr'>san-</span> 
     </span>
    </p>
   </div>
   <div class='ocr_carea' id='block_1_33' title="bbox 2113 450 3730 526">
    <p class='ocr_par' dir='ltr' id='par_1_33' title="bbox 2113 450 3730 526">
     <span class='ocr_line' id='line_1_33' title="bbox 2113 450 3730 526; baseline 0.003 -20"><span class='ocrx_word' id='word_1_225' title='bbox 2113 450 2418 506; x_wconf 90' lang='lat' dir='ltr'>secundum</span> <span class='ocrx_word' id='word_1_226' title='bbox 2451 451 2771 521; x_wconf 90' lang='lat' dir='ltr'>Apostolum</span> <span class='ocrx_word' id='word_1_227' title='bbox 2812 452 2969 523; x_wconf 88' lang='lat' dir='ltr'>sequi</span> <span class='ocrx_word' id='word_1_228' title='bbox 2998 452 3251 507; x_wconf 88' lang='lat' dir='ltr'>studeres</span> <span class='ocrx_word' id='word_1_229' title='bbox 3280 453 3466 522; x_wconf 84' lang='lat' dir='ltr'>(Hebr.</span> <span class='ocrx_word' id='word_1_230' title='bbox 3501 456 3622 526; x_wconf 85' lang='lat' dir='ltr'>xu).</span> <span class='ocrx_word' id='word_1_231' title='bbox 3655 457 3730 511; x_wconf 87' lang='lat' dir='ltr'>Tu</span> 
     </span>
    </p>
   </div>
   <div class='ocr_carea' id='block_1_34' title="bbox 2114 541 3730 602">
    <p class='ocr_par' dir='ltr' id='par_1_34' title="bbox 2114 541 3730 602">
     <span class='ocr_line' id='line_1_34' title="bbox 2114 541 3730 602; baseline 0.004 -6"><span class='ocrx_word' id='word_1_232' title='bbox 2114 548 2293 596; x_wconf 88' lang='lat' dir='ltr'>autem</span> <span class='ocrx_word' id='word_1_233' title='bbox 2327 541 2537 596; x_wconf 91' lang='lat' dir='ltr'>nullam</span> <span class='ocrx_word' id='word_1_234' title='bbox 2577 541 2708 596; x_wconf 90' lang='lat' dir='ltr'>inde</span> <span class='ocrx_word' id='word_1_235' title='bbox 2735 557 2870 597; x_wconf 67' lang='lat' dir='ltr'>mea:</span> <span class='ocrx_word' id='word_1_236' title='bbox 2900 542 3265 598; x_wconf 90' lang='lat' dir='ltr'>admonitioni</span> <span class='ocrx_word' id='word_1_237' title='bbox 3294 545 3730 602; x_wconf 85' lang='lat' dir='ltr'>satisfactionem</span> 
     </span>
    </p>
   </div>
   <div class='ocr_carea' id='block_1_35' title="bbox 2111 633 3734 705">
    <p class='ocr_par' dir='ltr' id='par_1_35' title="bbox 2111 633 3734 705">
     <span class='ocr_line' id='line_1_35' title="bbox 2111 633 3734 705; baseline 0.004 -17"><span class='ocrx_word' id='word_1_238' title='bbox 2111 633 2430 700; x_wconf 90' lang='lat' dir='ltr'>exhibuisti,</span> <span class='ocrx_word' id='word_1_239' title='bbox 2452 635 2584 704; x_wconf 90' lang='lat' dir='ltr'>quin</span> <span class='ocrx_word' id='word_1_240' title='bbox 2610 634 2790 704; x_wconf 90' lang='lat' dir='ltr'>potius</span> <span class='ocrx_word' id='word_1_241' title='bbox 2819 635 3051 689; x_wconf 91' lang='lat' dir='ltr'>rotulam</span> <span class='ocrx_word' id='word_1_242' title='bbox 3084 635 3509 705; x_wconf 86' lang='lat' dir='ltr'>prolixissimam</span> <span class='ocrx_word' id='word_1_243' title='bbox 3541 646 3734 695; x_wconf 88' lang='lat' dir='ltr'>contra</span> 
     </span>
    </p>
   </div>
   <div class='ocr_carea' id='block_1_36' title="bbox 2112 725 3733 792">
    <p class='ocr_par' dir='ltr' id='par_1_36' title="bbox 2112 725 3733 792">
     <span class='ocr_line' id='line_1_36' title="bbox 2112 725 3733 792; baseline 0.004 -13"><span class='ocrx_word' id='word_1_244' title='bbox 2112 725 2396 780; x_wconf 87' lang='lat' dir='ltr'>veritatem</span> <span class='ocrx_word' id='word_1_245' title='bbox 2431 734 2485 780; x_wconf 91' lang='lat' dir='ltr'>et</span> <span class='ocrx_word' id='word_1_246' title='bbox 2512 726 2914 792; x_wconf 88' lang='lat' dir='ltr'>auctoritatem,</span> <span class='ocrx_word' id='word_1_247' title='bbox 2946 742 3010 781; x_wconf 90' lang='lat' dir='ltr'>ac</span> <span class='ocrx_word' id='word_1_248' title='bbox 3032 727 3298 781; x_wconf 84' lang='lat' dir='ltr'>rationem</span> <span class='ocrx_word' id='word_1_249' title='bbox 3329 737 3648 784; x_wconf 83' lang='lat' dir='ltr'>contextam</span> <span class='ocrx_word' id='word_1_250' title='bbox 3679 732 3733 786; x_wconf 92' lang='lat' dir='ltr'>in</span> 
     </span>
    </p>
   </div>
   <div class='ocr_carea' id='block_1_37' title="bbox 2113 813 3739 884">
    <p class='ocr_par' dir='ltr' id='par_1_37' title="bbox 2113 813 3739 884">
     <span class='ocr_line' id='line_1_37' title="bbox 2113 813 3739 884; baseline 0.005 -17"><span class='ocrx_word' id='word_1_251' title='bbox 2113 813 2304 868; x_wconf 91' lang='lat' dir='ltr'>eadem</span> <span class='ocrx_word' id='word_1_252' title='bbox 2337 813 2549 884; x_wconf 86' lang='lat' dir='ltr'>synodo</span> <span class='ocrx_word' id='word_1_253' title='bbox 2575 813 2821 869; x_wconf 81' lang='lat' dir='ltr'>obtulisti</span> <span class='ocrx_word' id='word_1_254' title='bbox 2847 820 2902 868; x_wconf 91' lang='lat' dir='ltr'>et</span> <span class='ocrx_word' id='word_1_255' title='bbox 2925 813 3209 884; x_wconf 71' lang='lat' dir='ltr'>praefatum</span> <span class='ocrx_word' id='word_1_256' title='bbox 3242 822 3393 870; x_wconf 89' lang='lat' dir='ltr'>tuum</span> <span class='ocrx_word' id='word_1_257' title='bbox 3425 829 3739 875; x_wconf 88' lang='lat' dir='ltr'>monstruo-</span> 
     </span>
    </p>
   </div>
   <div class='ocr_carea' id='block_1_38' title="bbox 2113 903 3736 980">
    <p class='ocr_par' dir='ltr' id='par_1_38' title="bbox 2113 903 3736 980">
     <span class='ocr_line' id='line_1_38' title="bbox 2113 903 3736 980; baseline 0.004 -23"><span class='ocrx_word' id='word_1_258' title='bbox 2113 919 2232 957; x_wconf 90' lang='lat' dir='ltr'>sum</span> <span class='ocrx_word' id='word_1_259' title='bbox 2261 903 2531 970; x_wconf 90' lang='lat' dir='ltr'>libellum,</span> <span class='ocrx_word' id='word_1_260' title='bbox 2556 921 2587 959; x_wconf 92' lang='lat' dir='ltr'>a</span> <span class='ocrx_word' id='word_1_261' title='bbox 2611 912 2662 960; x_wconf 92' lang='lat' dir='ltr'>te</span> <span class='ocrx_word' id='word_1_262' title='bbox 2682 912 2737 960; x_wconf 87' lang='lat' dir='ltr'>et</span> <span class='ocrx_word' id='word_1_263' title='bbox 2759 921 2790 958; x_wconf 92' lang='lat' dir='ltr'>a</span> <span class='ocrx_word' id='word_1_264' title='bbox 2814 905 2920 959; x_wconf 85' lang='lat' dir='ltr'>tuis</span> <span class='ocrx_word' id='word_1_265' title='bbox 2945 905 3315 976; x_wconf 89' lang='lat' dir='ltr'>subscriptum</span> <span class='ocrx_word' id='word_1_266' title='bbox 3346 907 3401 960; x_wconf 91' lang='lat' dir='ltr'>in</span> <span class='ocrx_word' id='word_1_267' title='bbox 3431 908 3631 963; x_wconf 90' lang='lat' dir='ltr'>eadem</span> <span class='ocrx_word' id='word_1_268' title='bbox 3649 925 3736 980; x_wconf 80' lang='lat' dir='ltr'>sy-</span> 
     </span>
    </p>
   </div>
   <div class='ocr_carea' id='block_1_39' title="bbox 2115 989 3741 1063">
    <p class='ocr_par' dir='ltr' id='par_1_39' title="bbox 2115 989 3741 1063">
     <span class='ocr_line' id='line_1_39' title="bbox 2115 989 3741 1063; baseline 0.006 -21"><span class='ocrx_word' id='word_1_269' title='bbox 2115 989 2260 1044; x_wconf 92' lang='lat' dir='ltr'>nodo</span> <span class='ocrx_word' id='word_1_270' title='bbox 2301 990 2600 1060; x_wconf 88' lang='lat' dir='ltr'>pretulisti,</span> <span class='ocrx_word' id='word_1_271' title='bbox 2652 1007 2818 1063; x_wconf 91' lang='lat' dir='ltr'>quem</span> <span class='ocrx_word' id='word_1_272' title='bbox 2873 991 3080 1046; x_wconf 88' lang='lat' dir='ltr'>ibidem</span> <span class='ocrx_word' id='word_1_273' title='bbox 3129 993 3409 1062; x_wconf 89' lang='lat' dir='ltr'>accipiens</span> <span class='ocrx_word' id='word_1_274' title='bbox 3464 995 3741 1051; x_wconf 88' lang='lat' dir='ltr'>hactenus</span> 
     </span>
    </p>
   </div>
   <div class='ocr_carea' id='block_1_40' title="bbox 2114 1082 3737 1154">
    <p class='ocr_par' dir='ltr' id='par_1_40' title="bbox 2114 1082 3737 1154">
     <span class='ocr_line' id='line_1_40' title="bbox 2114 1082 3737 1154; baseline 0.004 -18"><span class='ocrx_word' id='word_1_275' title='bbox 2114 1097 2294 1136; x_wconf 87' lang='lat' dir='ltr'>servo.</span> <span class='ocrx_word' id='word_1_276' title='bbox 2343 1082 2407 1137; x_wconf 89' lang='lat' dir='ltr'>Et</span> <span class='ocrx_word' id='word_1_277' title='bbox 2445 1098 2569 1137; x_wconf 93' lang='lat' dir='ltr'>cum</span> <span class='ocrx_word' id='word_1_278' title='bbox 2625 1099 2712 1138; x_wconf 90' lang='lat' dir='ltr'>me</span> <span class='ocrx_word' id='word_1_279' title='bbox 2742 1083 2854 1138; x_wconf 91' lang='lat' dir='ltr'>vidi</span> <span class='ocrx_word' id='word_1_280' title='bbox 2895 1089 3020 1154; x_wconf 90' lang='lat' dir='ltr'>post</span> <span class='ocrx_word' id='word_1_281' title='bbox 3069 1091 3148 1139; x_wconf 93' lang='lat' dir='ltr'>tot</span> <span class='ocrx_word' id='word_1_282' title='bbox 3190 1084 3557 1142; x_wconf 88' lang='lat' dir='ltr'>admonentes</span> <span class='ocrx_word' id='word_1_283' title='bbox 3599 1089 3737 1143; x_wconf 88' lang='lat' dir='ltr'>nihil</span> 
     </span>
    </p>
   </div>
   <div class='ocr_carea' id='block_1_41' title="bbox 2114 1173 3738 1250">
    <p class='ocr_par' dir='ltr' id='par_1_41' title="bbox 2114 1173 3738 1250">
     <span class='ocr_line' id='line_1_41' title="bbox 2114 1173 3738 1250; baseline 0.004 -23"><span class='ocrx_word' id='word_1_284' title='bbox 2114 1173 2257 1243; x_wconf 90' lang='lat' dir='ltr'>apud</span> <span class='ocrx_word' id='word_1_285' title='bbox 2274 1180 2326 1228; x_wconf 92' lang='lat' dir='ltr'>te</span> <span class='ocrx_word' id='word_1_286' title='bbox 2349 1189 2516 1243; x_wconf 90' lang='lat' dir='ltr'>posse</span> <span class='ocrx_word' id='word_1_287' title='bbox 2532 1173 2827 1244; x_wconf 84' lang='lat' dir='ltr'>proficere,</span> <span class='ocrx_word' id='word_1_288' title='bbox 2859 1175 3178 1229; x_wconf 86' lang='lat' dir='ltr'>schedulam</span> <span class='ocrx_word' id='word_1_289' title='bbox 3195 1177 3412 1246; x_wconf 87' lang='lat' dir='ltr'>porrexi</span> <span class='ocrx_word' id='word_1_290' title='bbox 3437 1178 3491 1232; x_wconf 92' lang='lat' dir='ltr'>in</span> <span class='ocrx_word' id='word_1_291' title='bbox 3521 1180 3738 1250; x_wconf 90' lang='lat' dir='ltr'>synodo</span> 
     </span>
    </p>
   </div>
   <div class='ocr_carea' id='block_1_42' title="bbox 2114 1265 3737 1340">
    <p class='ocr_par' dir='ltr' id='par_1_42' title="bbox 2114 1265 3737 1340">
     <span class='ocr_line' id='line_1_42' title="bbox 2114 1265 3737 1340; baseline 0.006 -22"><span class='ocrx_word' id='word_1_292' title='bbox 2114 1265 2504 1335; x_wconf 91' lang='lat' dir='ltr'>episcoporum</span> <span class='ocrx_word' id='word_1_293' title='bbox 2533 1266 2723 1321; x_wconf 90' lang='lat' dir='ltr'>decem</span> <span class='ocrx_word' id='word_1_294' title='bbox 2757 1268 3167 1338; x_wconf 90' lang='lat' dir='ltr'>provinciarum</span> <span class='ocrx_word' id='word_1_295' title='bbox 3193 1271 3327 1340; x_wconf 74' lang='lat' dir='ltr'>(syn.</span> <span class='ocrx_word' id='word_1_296' title='bbox 3359 1273 3737 1337; x_wconf 79' lang='lat' dir='ltr'>Duziacensis,</span> 
     </span>
    </p>
   </div>
   <div class='ocr_carea' id='block_1_43' title="bbox 2115 1357 3742 1434">
    <p class='ocr_par' dir='ltr' id='par_1_43' title="bbox 2115 1357 3742 1434">
     <span class='ocr_line' id='line_1_43' title="bbox 2115 1357 3742 1434; baseline 0.004 -24"><span class='ocrx_word' id='word_1_297' title='bbox 2115 1372 2204 1411; x_wconf 90' lang='lat' dir='ltr'>an.</span> <span class='ocrx_word' id='word_1_298' title='bbox 2243 1357 2392 1426; x_wconf 84' lang='grc'>871),</span> <span class='ocrx_word' id='word_1_299' title='bbox 2440 1357 2508 1411; x_wconf 91' lang='lat' dir='ltr'>ab</span> <span class='ocrx_word' id='word_1_300' title='bbox 2541 1358 2748 1413; x_wconf 90' lang='lat' dir='ltr'>eisdem</span> <span class='ocrx_word' id='word_1_301' title='bbox 2781 1361 3116 1415; x_wconf 88' lang='lat' dir='ltr'>venerandis</span> <span class='ocrx_word' id='word_1_302' title='bbox 3165 1362 3444 1433; x_wconf 89' lang='lat' dir='ltr'>episc0pis</span> <span class='ocrx_word' id='word_1_303' title='bbox 3482 1379 3742 1434; x_wconf 67' lang='lat' dir='ltr'>quaerens</span> 
     </span>
    </p>
   </div>
   <div class='ocr_carea' id='block_1_44' title="bbox 2118 1443 3738 1519">
    <p class='ocr_par' dir='ltr' id='par_1_44' title="bbox 2118 1443 3738 1519">
     <span class='ocr_line' id='line_1_44' title="bbox 2118 1443 3738 1519; baseline 0.004 -21"><span class='ocrx_word' id='word_1_304' title='bbox 2118 1443 2431 1509; x_wconf 92' lang='lat' dir='ltr'>consilium,</span> <span class='ocrx_word' id='word_1_305' title='bbox 2474 1445 2606 1516; x_wconf 90' lang='lat' dir='ltr'>quid</span> <span class='ocrx_word' id='word_1_306' title='bbox 2639 1455 2827 1501; x_wconf 90' lang='lat' dir='ltr'>contra</span> <span class='ocrx_word' id='word_1_307' title='bbox 2869 1455 3016 1502; x_wconf 91' lang='lat' dir='ltr'>tuam</span> <span class='ocrx_word' id='word_1_308' title='bbox 3053 1449 3390 1519; x_wconf 86' lang='lat' dir='ltr'>pertinacem</span> <span class='ocrx_word' id='word_1_309' title='bbox 3438 1459 3738 1505; x_wconf 88' lang='lat' dir='ltr'>contuma—</span> 
     </span>
    </p>
   </div>
   <div class='ocr_carea' id='block_1_45' title="bbox 2118 1535 3739 1611">
    <p class='ocr_par' dir='ltr' id='par_1_45' title="bbox 2118 1535 3739 1611">
     <span class='ocr_line' id='line_1_45' title="bbox 2118 1535 3739 1611; baseline 0.005 -23"><span class='ocrx_word' id='word_1_310' title='bbox 2118 1535 2255 1588; x_wconf 87' lang='lat' dir='ltr'>ciam</span> <span class='ocrx_word' id='word_1_311' title='bbox 2296 1551 2460 1610; x_wconf 89' lang='lat' dir='ltr'>agere</span> <span class='ocrx_word' id='word_1_312' title='bbox 2504 1553 2746 1607; x_wconf 86' lang='lat' dir='ltr'>possem,</span> <span class='ocrx_word' id='word_1_313' title='bbox 2797 1547 2852 1593; x_wconf 92' lang='lat' dir='ltr'>et</span> <span class='ocrx_word' id='word_1_314' title='bbox 2890 1539 3004 1604; x_wconf 91' lang='lat' dir='ltr'>illa,</span> <span class='ocrx_word' id='word_1_315' title='bbox 3039 1557 3161 1611; x_wconf 60' lang='lat' dir='ltr'>quae</span> <span class='ocrx_word' id='word_1_316' title='bbox 3211 1540 3310 1595; x_wconf 89' lang='lat' dir='ltr'>tibi</span> <span class='ocrx_word' id='word_1_317' title='bbox 3356 1558 3419 1596; x_wconf 90' lang='lat' dir='ltr'>ac</span> <span class='ocrx_word' id='word_1_318' title='bbox 3461 1542 3739 1611; x_wconf 66' lang='lat' dir='ltr'>parochias:</span> 
     </span>
    </p>
   </div>
   <div class='ocr_carea' id='block_1_46' title="bbox 2119 1625 3737 1700">
    <p class='ocr_par' dir='ltr' id='par_1_46' title="bbox 2119 1625 3737 1700">
     <span class='ocr_line' id='line_1_46' title="bbox 2119 1625 3737 1700; baseline 0.007 -24"><span class='ocrx_word' id='word_1_319' title='bbox 2119 1627 2225 1676; x_wconf 72' lang='lat' dir='ltr'>tua:</span> <span class='ocrx_word' id='word_1_320' title='bbox 2272 1633 2462 1678; x_wconf 89' lang='lat' dir='ltr'>contra</span> <span class='ocrx_word' id='word_1_321' title='bbox 2492 1625 2875 1698; x_wconf 87' lang='lat' dir='ltr'>colligationes</span> <span class='ocrx_word' id='word_1_322' title='bbox 2919 1635 3026 1683; x_wconf 61' lang='lat' dir='ltr'>tua:</span> <span class='ocrx_word' id='word_1_323' title='bbox 3067 1629 3372 1700; x_wconf 90' lang='lat' dir='ltr'>impietatis</span> <span class='ocrx_word' id='word_1_324' title='bbox 3400 1632 3737 1698; x_wconf 88' lang='lat' dir='ltr'>direxeram,</span> 
     </span>
    </p>
   </div>
   <div class='ocr_carea' id='block_1_47' title="bbox 2117 1715 2813 1791">
    <p class='ocr_par' dir='ltr' id='par_1_47' title="bbox 2117 1715 2813 1791">
     <span class='ocr_line' id='line_1_47' title="bbox 2117 1715 2813 1791; baseline 0.009 -24"><span class='ocrx_word' id='word_1_325' title='bbox 2117 1729 2299 1768; x_wconf 91' lang='lat' dir='ltr'>coram</span> <span class='ocrx_word' id='word_1_326' title='bbox 2342 1715 2451 1770; x_wconf 91' lang='lat' dir='ltr'>illis</span> <span class='ocrx_word' id='word_1_327' title='bbox 2483 1717 2652 1791; x_wconf 82' lang='lat' dir='ltr'>relegi</span> <span class='ocrx_word' id='word_1_328' title='bbox 2686 1717 2813 1773; x_wconf 89' lang='lat' dir='ltr'>feci.</span> 
     </span>
    </p>
   </div>
   <div class='ocr_carea' id='block_1_48' title="bbox 2189 1847 3736 1924">
    <p class='ocr_par' dir='ltr' id='par_1_48' title="bbox 2189 1847 3736 1924">
     <span class='ocr_line' id='line_1_48' title="bbox 2189 1847 3736 1924; baseline 0.008 -24"><span class='ocrx_word' id='word_1_329' title='bbox 2189 1867 2218 1897; x_wconf 76' lang='grc' dir='ltr'><strong>α</strong></span> <span class='ocrx_word' id='word_1_330' title='bbox 2263 1847 2413 1903; x_wconf 91' lang='lat' dir='ltr'>Unde</span> <span class='ocrx_word' id='word_1_331' title='bbox 2440 1858 2494 1904; x_wconf 89' lang='lat' dir='ltr'>et</span> <span class='ocrx_word' id='word_1_332' title='bbox 2514 1850 2584 1904; x_wconf 90' lang='lat' dir='ltr'>ab</span> <span class='ocrx_word' id='word_1_333' title='bbox 2613 1851 2822 1905; x_wconf 87' lang='lat' dir='ltr'>eisdem</span> <span class='ocrx_word' id='word_1_334' title='bbox 2844 1851 3124 1923; x_wconf 91' lang='lat' dir='ltr'>episcopis</span> <span class='ocrx_word' id='word_1_335' title='bbox 3147 1854 3423 1924; x_wconf 61' lang='lat' dir='ltr'>praedictis</span> <span class='ocrx_word' id='word_1_336' title='bbox 3442 1856 3582 1910; x_wconf 91' lang='lat' dir='ltr'>sacri</span> <span class='ocrx_word' id='word_1_337' title='bbox 3603 1873 3736 1912; x_wconf 85' lang='lat' dir='ltr'>con-</span> 
     </span>
    </p>
   </div>
   <div class='ocr_carea' id='block_1_49' title="bbox 2117 1938 3745 2016">
    <p class='ocr_par' dir='ltr' id='par_1_49' title="bbox 2117 1938 3745 2016">
     <span class='ocr_line' id='line_1_49' title="bbox 2117 1938 3745 2016; baseline 0.006 -27"><span class='ocrx_word' id='word_1_338' title='bbox 2117 1943 2314 1990; x_wconf 86' lang='lat' dir='ltr'>ventus</span> <span class='ocrx_word' id='word_1_339' title='bbox 2361 1938 2802 2006; x_wconf 88' lang='lat' dir='ltr'>auctoritatibus,</span> <span class='ocrx_word' id='word_1_340' title='bbox 2845 1942 3106 2012; x_wconf 89' lang='lat' dir='ltr'>quoniam</span> <span class='ocrx_word' id='word_1_341' title='bbox 3147 1943 3351 2012; x_wconf 88' lang='lat' dir='ltr'>injuste</span> <span class='ocrx_word' id='word_1_342' title='bbox 3381 1960 3446 1998; x_wconf 88' lang='lat' dir='ltr'>ac</span> <span class='ocrx_word' id='word_1_343' title='bbox 3478 1944 3745 2016; x_wconf 84' lang='lat' dir='ltr'>irregula-</span> 
     </span>
    </p>
   </div>
   <div class='ocr_carea' id='block_1_50' title="bbox 2118 2024 3743 2105">
    <p class='ocr_par' dir='ltr' id='par_1_50' title="bbox 2118 2024 3743 2105">
     <span class='ocr_line' id='line_1_50' title="bbox 2118 2024 3743 2105; baseline 0.007 -28"><span class='ocrx_word' id='word_1_344' title='bbox 2118 2024 2253 2079; x_wconf 89' lang='lat' dir='ltr'>riter</span> <span class='ocrx_word' id='word_1_345' title='bbox 2279 2032 2457 2080; x_wconf 90' lang='lat' dir='ltr'>tantas</span> <span class='ocrx_word' id='word_1_346' title='bbox 2489 2035 2543 2081; x_wconf 91' lang='lat' dir='ltr'>et</span> <span class='ocrx_word' id='word_1_347' title='bbox 2574 2028 2709 2081; x_wconf 88' lang='lat' dir='ltr'>tales</span> <span class='ocrx_word' id='word_1_348' title='bbox 2755 2031 3354 2086; x_wconf 87' lang='lat' dir='ltr'>excommunicationes</span> <span class='ocrx_word' id='word_1_349' title='bbox 3389 2048 3556 2105; x_wconf 91' lang='lat' dir='ltr'>agere</span> <span class='ocrx_word' id='word_1_350' title='bbox 3591 2050 3743 2103; x_wconf 79' lang='lat' dir='ltr'>prae-</span> 
     </span>
    </p>
   </div>
   <div class='ocr_carea' id='block_1_51' title="bbox 2119 2113 3746 2191">
    <p class='ocr_par' dir='ltr' id='par_1_51' title="bbox 2119 2113 3746 2191">
     <span class='ocr_line' id='line_1_51' title="bbox 2119 2113 3746 2191; baseline 0.006 -26"><span class='ocrx_word' id='word_1_351' title='bbox 2119 2113 2424 2182; x_wconf 85' lang='lat' dir='ltr'>sumpsisti,</span> <span class='ocrx_word' id='word_1_352' title='bbox 2471 2122 2526 2169; x_wconf 92' lang='lat' dir='ltr'>et</span> <span class='ocrx_word' id='word_1_353' title='bbox 2554 2132 2584 2169; x_wconf 92' lang='lat' dir='ltr'>a</span> <span class='ocrx_word' id='word_1_354' title='bbox 2614 2116 2818 2172; x_wconf 92' lang='lat' dir='ltr'>domno</span> <span class='ocrx_word' id='word_1_355' title='bbox 2849 2133 2976 2191; x_wconf 89' lang='lat' dir='ltr'>rege</span> <span class='ocrx_word' id='word_1_356' title='bbox 3009 2119 3310 2190; x_wconf 90' lang='lat' dir='ltr'>impetitus,</span> <span class='ocrx_word' id='word_1_357' title='bbox 3353 2121 3615 2191; x_wconf 90' lang='lat' dir='ltr'>quoniam</span> <span class='ocrx_word' id='word_1_358' title='bbox 3651 2123 3746 2189; x_wconf 81' lang='lat' dir='ltr'>ju-</span> 
     </span>
    </p>
   </div>
   <div class='ocr_carea' id='block_1_52' title="bbox 2118 2202 3744 2278">
    <p class='ocr_par' dir='ltr' id='par_1_52' title="bbox 2118 2202 3744 2278">
     <span class='ocr_line' id='line_1_52' title="bbox 2118 2202 3744 2278; baseline 0.007 -25"><span class='ocrx_word' id='word_1_359' title='bbox 2118 2209 2366 2256; x_wconf 89' lang='lat' dir='ltr'>ramenta</span> <span class='ocrx_word' id='word_1_360' title='bbox 2406 2202 2484 2256; x_wconf 84' lang='lat' dir='ltr'>illi</span> <span class='ocrx_word' id='word_1_361' title='bbox 2537 2210 2653 2258; x_wconf 91' lang='lat' dir='ltr'>ate</span> <span class='ocrx_word' id='word_1_362' title='bbox 2684 2221 2854 2274; x_wconf 91' lang='lat' dir='ltr'>super</span> <span class='ocrx_word' id='word_1_363' title='bbox 2907 2223 3061 2261; x_wconf 87' lang='lat' dir='ltr'>sacra</span> <span class='ocrx_word' id='word_1_364' title='bbox 3117 2209 3358 2278; x_wconf 81' lang='lat' dir='ltr'>praestita</span> <span class='ocrx_word' id='word_1_365' title='bbox 3389 2225 3498 2264; x_wconf 90' lang='lat' dir='ltr'>non</span> <span class='ocrx_word' id='word_1_366' title='bbox 3551 2210 3744 2264; x_wconf 88' lang='lat' dir='ltr'>obser-</span> 
     </span>
    </p>
   </div>
   <div class='ocr_carea' id='block_1_53' title="bbox 2121 2289 3747 2372">
    <p class='ocr_par' dir='ltr' id='par_1_53' title="bbox 2121 2289 3747 2372">
     <span class='ocr_line' id='line_1_53' title="bbox 2121 2289 3747 2372; baseline 0.006 -30"><span class='ocrx_word' id='word_1_367' title='bbox 2121 2289 2256 2343; x_wconf 89' lang='lat' dir='ltr'>vasti</span> <span class='ocrx_word' id='word_1_368' title='bbox 2288 2305 2303 2356; x_wconf 91' lang='lat'>;</span> <span class='ocrx_word' id='word_1_369' title='bbox 2339 2291 2438 2345; x_wconf 91' lang='lat' dir='ltr'>sed</span> <span class='ocrx_word' id='word_1_370' title='bbox 2473 2301 2527 2346; x_wconf 91' lang='lat' dir='ltr'>et</span> <span class='ocrx_word' id='word_1_371' title='bbox 2555 2293 2686 2363; x_wconf 90' lang='lat' dir='ltr'>quia</span> <span class='ocrx_word' id='word_1_372' title='bbox 2714 2309 2801 2348; x_wconf 90' lang='lat' dir='ltr'>res</span> <span class='ocrx_word' id='word_1_373' title='bbox 2839 2311 2953 2350; x_wconf 70' lang='lat' dir='ltr'>suae</span> <span class='ocrx_word' id='word_1_374' title='bbox 2986 2296 3343 2367; x_wconf 88' lang='lat' dir='ltr'>proprietatis</span> <span class='ocrx_word' id='word_1_375' title='bbox 3371 2308 3563 2353; x_wconf 89' lang='lat' dir='ltr'>contra</span> <span class='ocrx_word' id='word_1_376' title='bbox 3593 2299 3747 2372; x_wconf 85' lang='lat' dir='ltr'>leges</span> 
     </span>
    </p>
   </div>
   <div class='ocr_carea' id='block_1_54' title="bbox 2119 2381 3742 2453">
    <p class='ocr_par' dir='ltr' id='par_1_54' title="bbox 2119 2381 3742 2453">
     <span class='ocr_line' id='line_1_54' title="bbox 2119 2381 3742 2453; baseline 0.007 -19"><span class='ocrx_word' id='word_1_377' title='bbox 2119 2381 2337 2435; x_wconf 83' lang='lat' dir='ltr'>divinas</span> <span class='ocrx_word' id='word_1_378' title='bbox 2395 2390 2449 2438; x_wconf 87' lang='lat' dir='ltr'>et</span> <span class='ocrx_word' id='word_1_379' title='bbox 2505 2384 2772 2440; x_wconf 87' lang='lat' dir='ltr'>humanas</span> <span class='ocrx_word' id='word_1_380' title='bbox 2815 2387 3086 2453; x_wconf 83' lang='lat' dir='ltr'>lnvasisti,</span> <span class='ocrx_word' id='word_1_381' title='bbox 3139 2395 3195 2443; x_wconf 91' lang='lat' dir='ltr'>et</span> <span class='ocrx_word' id='word_1_382' title='bbox 3229 2405 3262 2443; x_wconf 88' lang='lat' dir='ltr'>a</span> <span class='ocrx_word' id='word_1_383' title='bbox 3310 2390 3629 2446; x_wconf 87' lang='lat' dir='ltr'>Normanno</span> <span class='ocrx_word' id='word_1_384' title='bbox 3689 2392 3742 2445; x_wconf 94' lang='lat' dir='ltr'>in</span> 
     </span>
    </p>
   </div>
   <div class='ocr_carea' id='block_1_55' title="bbox 2120 2473 3744 2549">
    <p class='ocr_par' dir='ltr' id='par_1_55' title="bbox 2120 2473 3744 2549">
     <span class='ocr_line' id='line_1_55' title="bbox 2120 2473 3744 2549; baseline 0.006 -23"><span class='ocrx_word' id='word_1_385' title='bbox 2120 2473 2334 2543; x_wconf 86' lang='lat' dir='ltr'>synodo</span> <span class='ocrx_word' id='word_1_386' title='bbox 2374 2483 2685 2543; x_wconf 89' lang='lat' dir='ltr'>accusatus,</span> <span class='ocrx_word' id='word_1_387' title='bbox 2719 2479 2980 2549; x_wconf 91' lang='lat' dir='ltr'>quoniam</span> <span class='ocrx_word' id='word_1_388' title='bbox 3014 2496 3138 2535; x_wconf 89' lang='lat' dir='ltr'>eum</span> <span class='ocrx_word' id='word_1_389' title='bbox 3180 2481 3250 2535; x_wconf 91' lang='lat' dir='ltr'>de</span> <span class='ocrx_word' id='word_1_390' title='bbox 3287 2481 3454 2536; x_wconf 89' lang='lat' dir='ltr'>rebus</span> <span class='ocrx_word' id='word_1_391' title='bbox 3483 2492 3575 2537; x_wconf 91' lang='lat' dir='ltr'>tua</span> <span class='ocrx_word' id='word_1_392' title='bbox 3607 2499 3744 2538; x_wconf 83' lang='lat' dir='ltr'>con-</span> 
     </span>
    </p>
   </div>
   <div class='ocr_carea' id='block_1_56' title="bbox 2119 2561 3740 2634">
    <p class='ocr_par' dir='ltr' id='par_1_56' title="bbox 2119 2561 3740 2634">
     <span class='ocr_line' id='line_1_56' title="bbox 2119 2561 3740 2634; baseline 0.007 -19"><span class='ocrx_word' id='word_1_393' title='bbox 2119 2561 2373 2616; x_wconf 88' lang='lat' dir='ltr'>cessione</span> <span class='ocrx_word' id='word_1_394' title='bbox 2427 2572 2591 2634; x_wconf 87' lang='lat' dir='ltr'>atque</span> <span class='ocrx_word' id='word_1_395' title='bbox 2639 2567 3011 2622; x_wconf 90' lang='lat' dir='ltr'>consensione</span> <span class='ocrx_word' id='word_1_396' title='bbox 3055 2585 3086 2622; x_wconf 91' lang='lat' dir='ltr'>a</span> <span class='ocrx_word' id='word_1_397' title='bbox 3135 2569 3362 2625; x_wconf 91' lang='lat' dir='ltr'>domino</span> <span class='ocrx_word' id='word_1_398' title='bbox 3403 2569 3600 2626; x_wconf 87' lang='lat' dir='ltr'>Karolo</span> <span class='ocrx_word' id='word_1_399' title='bbox 3634 2571 3740 2626; x_wconf 92' lang='lat' dir='ltr'>sibi</span> 
     </span>
    </p>
   </div>
   <div class='ocr_carea' id='block_1_57' title="bbox 2117 2650 3739 2732">
    <p class='ocr_par' dir='ltr' id='par_1_57' title="bbox 2117 2650 3739 2732">
     <span class='ocr_line' id='line_1_57' title="bbox 2117 2650 3739 2732; baseline 0.007 -28"><span class='ocrx_word' id='word_1_400' title='bbox 2117 2650 2480 2719; x_wconf 82' lang='lat' dir='ltr'>beneficiatis,</span> <span class='ocrx_word' id='word_1_401' title='bbox 2522 2653 2644 2709; x_wconf 89' lang='lat' dir='ltr'>sine</span> <span class='ocrx_word' id='word_1_402' title='bbox 2683 2656 3010 2711; x_wconf 89' lang='lat' dir='ltr'>auctoritate</span> <span class='ocrx_word' id='word_1_403' title='bbox 3053 2657 3223 2732; x_wconf 90' lang='lat' dir='ltr'>regia,</span> <span class='ocrx_word' id='word_1_404' title='bbox 3264 2667 3474 2714; x_wconf 88' lang='lat' dir='ltr'>armata</span> <span class='ocrx_word' id='word_1_405' title='bbox 3512 2660 3739 2715; x_wconf 88' lang='lat' dir='ltr'>militari</span> 
     </span>
    </p>
   </div>
   <div class='ocr_carea' id='block_1_58' title="bbox 2115 2743 3738 2822">
    <p class='ocr_par' dir='ltr' id='par_1_58' title="bbox 2115 2743 3738 2822">
     <span class='ocr_line' id='line_1_58' title="bbox 2115 2743 3738 2822; baseline 0.007 -29"><span class='ocrx_word' id='word_1_406' title='bbox 2115 2757 2300 2807; x_wconf 87' lang='lat' dir='ltr'>manu,</span> <span class='ocrx_word' id='word_1_407' title='bbox 2334 2749 2388 2796; x_wconf 92' lang='lat' dir='ltr'>et</span> <span class='ocrx_word' id='word_1_408' title='bbox 2420 2743 2580 2797; x_wconf 90' lang='lat' dir='ltr'>turba</span> <span class='ocrx_word' id='word_1_409' title='bbox 2611 2744 2757 2817; x_wconf 81' lang='lat' dir='ltr'>vulgi</span> <span class='ocrx_word' id='word_1_410' title='bbox 2798 2745 3049 2812; x_wconf 89' lang='lat' dir='ltr'>collecta,</span> <span class='ocrx_word' id='word_1_411' title='bbox 3089 2763 3212 2801; x_wconf 92' lang='lat' dir='ltr'>cum</span> <span class='ocrx_word' id='word_1_412' title='bbox 3241 2747 3444 2822; x_wconf 88' lang='lat' dir='ltr'>gladiis</span> <span class='ocrx_word' id='word_1_413' title='bbox 3472 2757 3530 2802; x_wconf 90' lang='lat' dir='ltr'>et</span> <span class='ocrx_word' id='word_1_414' title='bbox 3579 2749 3738 2804; x_wconf 88' lang='lat' dir='ltr'>fusti-</span> 
     </span>
    </p>
   </div>
   <div class='ocr_carea' id='block_1_59' title="bbox 2115 2832 3740 2910">
    <p class='ocr_par' dir='ltr' id='par_1_59' title="bbox 2115 2832 3740 2910">
     <span class='ocr_line' id='line_1_59' title="bbox 2115 2832 3740 2910; baseline 0.006 -25"><span class='ocrx_word' id='word_1_415' title='bbox 2115 2832 2217 2886; x_wconf 88' lang='lat' dir='ltr'>bus</span> <span class='ocrx_word' id='word_1_416' title='bbox 2251 2833 2488 2902; x_wconf 90' lang='lat' dir='ltr'>primum</span> <span class='ocrx_word' id='word_1_417' title='bbox 2525 2835 2750 2906; x_wconf 91' lang='lat' dir='ltr'>quidem</span> <span class='ocrx_word' id='word_1_418' title='bbox 2806 2851 3033 2892; x_wconf 86' lang='lat' dir='ltr'>uxorem</span> <span class='ocrx_word' id='word_1_419' title='bbox 3081 2854 3258 2905; x_wconf 90' lang='lat' dir='ltr'>suam,</span> <span class='ocrx_word' id='word_1_420' title='bbox 3307 2856 3431 2910; x_wconf 67' lang='lat' dir='ltr'>qua:</span> <span class='ocrx_word' id='word_1_421' title='bbox 3481 2840 3558 2893; x_wconf 93' lang='lat' dir='ltr'>ibi</span> <span class='ocrx_word' id='word_1_422' title='bbox 3617 2841 3740 2895; x_wconf 87' lang='lat' dir='ltr'>sine</span> 
     </span>
    </p>
   </div>
   <div class='ocr_carea' id='block_1_60' title="bbox 2114 2923 3740 3005">
    <p class='ocr_par' dir='ltr' id='par_1_60' title="bbox 2114 2923 3740 3005">
     <span class='ocr_line' id='line_1_60' title="bbox 2114 2923 3740 3005; baseline 0.006 -29"><span class='ocrx_word' id='word_1_423' title='bbox 2114 2923 2226 2978; x_wconf 91' lang='lat' dir='ltr'>ullo</span> <span class='ocrx_word' id='word_1_424' title='bbox 2253 2932 2390 2990; x_wconf 90' lang='lat' dir='ltr'>erat,</span> <span class='ocrx_word' id='word_1_425' title='bbox 2440 2933 2495 2980; x_wconf 92' lang='lat' dir='ltr'>et</span> <span class='ocrx_word' id='word_1_426' title='bbox 2527 2934 2719 2996; x_wconf 89' lang='lat' dir='ltr'>postea</span> <span class='ocrx_word' id='word_1_427' title='bbox 2751 2927 2905 2981; x_wconf 92' lang='lat' dir='ltr'>illum</span> <span class='ocrx_word' id='word_1_428' title='bbox 2940 2928 3121 2998; x_wconf 92' lang='lat' dir='ltr'>ipsum</span> <span class='ocrx_word' id='word_1_429' title='bbox 3159 2938 3351 2984; x_wconf 88' lang='lat' dir='ltr'>contra</span> <span class='ocrx_word' id='word_1_430' title='bbox 3379 2930 3536 3005; x_wconf 86' lang='lat' dir='ltr'>leges</span> <span class='ocrx_word' id='word_1_431' title='bbox 3563 2938 3620 2986; x_wconf 89' lang='lat' dir='ltr'>et</span> <span class='ocrx_word' id='word_1_432' title='bbox 3653 2948 3740 2986; x_wconf 85' lang='lat' dir='ltr'>re—</span> 
     </span>
    </p>
   </div>
   <div class='ocr_carea' id='block_1_61' title="bbox 398 3003 3738 3104">
    <p class='ocr_par' dir='ltr' id='par_1_61' title="bbox 398 3003 3738 3104">
     <span class='ocr_line' id='line_1_61' title="bbox 398 3003 3738 3104; baseline -0.002 -20"><span class='ocrx_word' id='word_1_433' title='bbox 398 3037 518 3085; x_wconf 90' lang='lat' dir='ltr'>ctus</span> <span class='ocrx_word' id='word_1_434' title='bbox 549 3003 840 3094; x_wconf 44' lang='lat' dir='ltr'>Leo,-dicit</span> <span class='ocrx_word' id='word_1_435' title='bbox 869 3027 1022 3097; x_wconf 70' lang='lat' dir='ltr'>(Leo,</span> <span class='ocrx_word' id='word_1_436' title='bbox 1046 3045 1130 3098; x_wconf 85' lang='lat' dir='ltr'>ep.</span> <span class='ocrx_word' id='word_1_437' title='bbox 1154 3003 1243 3094; x_wconf 46' lang='lat' dir='ltr'>84v,</span> <span class='ocrx_word' id='word_1_438' title='bbox 1267 3003 1410 3099; x_wconf 61' lang='grc' dir='ltr'>αἳ),</span> <span class='ocrx_word' id='word_1_439' title='bbox 1429 3028 1578 3082; x_wconf 89' lang='lat' dir='ltr'>nulla</span> <span class='ocrx_word' id='word_1_440' title='bbox 1601 3036 1696 3084; x_wconf 87' lang='lat' dir='ltr'>aut</span> <span class='ocrx_word' id='word_1_441' title='bbox 1723 3031 2014 3104; x_wconf 75' lang='lat' dir='ltr'>negligen-</span> <span class='ocrx_word' id='word_1_442' title='bbox 2047 3003 2576 3088; x_wconf 85' lang='lat' dir='ltr'>Cgulasexpulisti,</span> <span class='ocrx_word' id='word_1_443' title='bbox 2635 3025 2687 3073; x_wconf 90' lang='lat' dir='ltr'>et</span> <span class='ocrx_word' id='word_1_444' title='bbox 2715 3018 2901 3073; x_wconf 91' lang='lat' dir='ltr'>omnia</span> <span class='ocrx_word' id='word_1_445' title='bbox 2939 3036 3059 3083; x_wconf 89' lang='lat' dir='ltr'>sua,</span> <span class='ocrx_word' id='word_1_446' title='bbox 3093 3037 3214 3093; x_wconf 78' lang='lat' dir='ltr'>quae</span> <span class='ocrx_word' id='word_1_447' title='bbox 3247 3021 3323 3074; x_wconf 92' lang='lat' dir='ltr'>ibi</span> <span class='ocrx_word' id='word_1_448' title='bbox 3354 3003 3568 3088; x_wconf 79' lang='lat' dir='ltr'>habuit,</span> <span class='ocrx_word' id='word_1_449' title='bbox 3609 3022 3738 3078; x_wconf 83' lang='lat' dir='ltr'>abs-</span> 
     </span>
    </p>
   </div>
   <div class='ocr_carea' id='block_1_62' title="bbox 399 3125 2011 3196">
    <p class='ocr_par' dir='ltr' id='par_1_62' title="bbox 399 3125 2011 3196">
     <span class='ocr_line' id='line_1_62' title="bbox 399 3125 2011 3196; baseline 0 -16"><span class='ocrx_word' id='word_1_450' title='bbox 399 3126 493 3191; x_wconf 88' lang='lat' dir='ltr'>tia,</span> <span class='ocrx_word' id='word_1_451' title='bbox 532 3133 624 3180; x_wconf 89' lang='lat' dir='ltr'>aut</span> <span class='ocrx_word' id='word_1_452' title='bbox 653 3125 1082 3196; x_wconf 61' lang='lat' dir='ltr'>prasumptione</span> <span class='ocrx_word' id='word_1_453' title='bbox 1123 3125 1430 3192; x_wconf 89' lang='lat' dir='ltr'>discedere,</span> <span class='ocrx_word' id='word_1_454' title='bbox 1489 3141 1591 3180; x_wconf 89' lang='lat' dir='ltr'>nec</span> <span class='ocrx_word' id='word_1_455' title='bbox 1621 3126 1786 3180; x_wconf 91' lang='lat' dir='ltr'>etiam</span> <span class='ocrx_word' id='word_1_456' title='bbox 1821 3127 2011 3181; x_wconf 89' lang='lat' dir='ltr'>sedem</span> 
     </span>
    </p>
   </div>
   <div class='ocr_carea' id='block_1_63' title="bbox 397 3218 2009 3292">
    <p class='ocr_par' dir='ltr' id='par_1_63' title="bbox 397 3218 2009 3292">
     <span class='ocr_line' id='line_1_63' title="bbox 397 3218 2009 3292; baseline 0.001 -17"><span class='ocrx_word' id='word_1_457' title='bbox 397 3220 761 3291; x_wconf 86' lang='lat' dir='ltr'>apostolicam</span> <span class='ocrx_word' id='word_1_458' title='bbox 793 3218 924 3274; x_wconf 91' lang='lat' dir='ltr'>inde</span> <span class='ocrx_word' id='word_1_459' title='bbox 955 3219 1286 3290; x_wconf 89' lang='lat' dir='ltr'>inquietare,</span> <span class='ocrx_word' id='word_1_460' title='bbox 1313 3220 1457 3276; x_wconf 89' lang='lat' dir='ltr'>sicut</span> <span class='ocrx_word' id='word_1_461' title='bbox 1486 3220 1661 3292; x_wconf 88' lang='lat' dir='ltr'>ipsius</span> <span class='ocrx_word' id='word_1_462' title='bbox 1687 3229 1889 3276; x_wconf 59' lang='lat' dir='ltr'>sancta;</span> <span class='ocrx_word' id='word_1_463' title='bbox 1918 3238 2009 3276; x_wconf 90' lang='lat' dir='ltr'>se-</span> 
     </span>
    </p>
   </div>
   <div class='ocr_carea' id='block_1_64' title="bbox 397 3309 2006 3382">
    <p class='ocr_par' dir='ltr' id='par_1_64' title="bbox 397 3309 2006 3382">
     <span class='ocr_line' id='line_1_64' title="bbox 397 3309 2006 3382; baseline 0.001 -17"><span class='ocrx_word' id='word_1_464' title='bbox 397 3310 483 3366; x_wconf 92' lang='lat' dir='ltr'>dis</span> <span class='ocrx_word' id='word_1_465' title='bbox 520 3311 670 3366; x_wconf 88' lang='lat' dir='ltr'>beati</span> <span class='ocrx_word' id='word_1_466' title='bbox 702 3309 996 3382; x_wconf 85' lang='lat' dir='ltr'>pontifices</span> <span class='ocrx_word' id='word_1_467' title='bbox 1027 3311 1404 3378; x_wconf 90' lang='lat' dir='ltr'>Innocentius,</span> <span class='ocrx_word' id='word_1_468' title='bbox 1436 3313 1699 3377; x_wconf 90' lang='lat' dir='ltr'>Zosimus,</span> <span class='ocrx_word' id='word_1_469' title='bbox 1755 3313 2006 3368; x_wconf 68' lang='lat' dir='ltr'>(Scelesti-</span> 
     </span>
    </p>
   </div>
   <div class='ocr_carea' id='block_1_65' title="bbox 398 3399 2015 3473">
    <p class='ocr_par' dir='ltr' id='par_1_65' title="bbox 398 3399 2015 3473">
     <span class='ocr_line' id='line_1_65' title="bbox 398 3399 2015 3473; baseline 0.001 -19"><span class='ocrx_word' id='word_1_470' title='bbox 398 3417 525 3469; x_wconf 42' lang='lat' dir='ltr'>nus‘</span> <span class='ocrx_word' id='word_1_471' title='bbox 557 3401 683 3466; x_wconf 89' lang='lat' dir='ltr'>Leo,</span> <span class='ocrx_word' id='word_1_472' title='bbox 720 3399 978 3464; x_wconf 83' lang='lat' dir='ltr'>Hilarius,</span> <span class='ocrx_word' id='word_1_473' title='bbox 999 3400 1268 3467; x_wconf 90' lang='lat' dir='ltr'>Gelasius,</span> <span class='ocrx_word' id='word_1_474' title='bbox 1294 3401 1608 3473; x_wconf 86' lang='lat' dir='ltr'>Gregorius,</span> <span class='ocrx_word' id='word_1_475' title='bbox 1639 3411 1694 3456; x_wconf 89' lang='lat' dir='ltr'>et</span> <span class='ocrx_word' id='word_1_476' title='bbox 1715 3401 1809 3456; x_wconf 87' lang='lat' dir='ltr'>alii</span> <span class='ocrx_word' id='word_1_477' title='bbox 1832 3403 2015 3472; x_wconf 91' lang='lat' dir='ltr'>plures</span> 
     </span>
    </p>
   </div>
   <div class='ocr_carea' id='block_1_66' title="bbox 394 3492 2013 3561">
    <p class='ocr_par' dir='ltr' id='par_1_66' title="bbox 394 3492 2013 3561">
     <span class='ocr_line' id='line_1_66' title="bbox 394 3492 2013 3561; baseline 0.001 -14"><span class='ocrx_word' id='word_1_478' title='bbox 394 3494 642 3561; x_wconf 87' lang='lat' dir='ltr'>ejusdem</span> <span class='ocrx_word' id='word_1_479' title='bbox 676 3499 878 3547; x_wconf 68' lang='lat' dir='ltr'>sanctae</span> <span class='ocrx_word' id='word_1_480' title='bbox 901 3492 1051 3546; x_wconf 91' lang='lat' dir='ltr'>sedis</span> <span class='ocrx_word' id='word_1_481' title='bbox 1074 3499 1318 3547; x_wconf 90' lang='lat' dir='ltr'>rectores</span> <span class='ocrx_word' id='word_1_482' title='bbox 1349 3492 1405 3546; x_wconf 92' lang='lat' dir='ltr'>in</span> <span class='ocrx_word' id='word_1_483' title='bbox 1422 3493 1662 3548; x_wconf 83' lang='lat' dir='ltr'>decretis</span> <span class='ocrx_word' id='word_1_484' title='bbox 1681 3493 1794 3548; x_wconf 89' lang='lat' dir='ltr'>suis</span> <span class='ocrx_word' id='word_1_485' title='bbox 1823 3501 2013 3548; x_wconf 91' lang='lat' dir='ltr'>osten-</span> 
     </span>
    </p>
   </div>
   <div class='ocr_carea' id='block_1_67' title="bbox 394 3581 970 3652">
    <p class='ocr_par' dir='ltr' id='par_1_67' title="bbox 394 3581 970 3652">
     <span class='ocr_line' id='line_1_67' title="bbox 394 3581 970 3652; baseline -0.002 -17"><span class='ocrx_word' id='word_1_486' title='bbox 394 3582 552 3647; x_wconf 88' lang='lat' dir='ltr'>dunt,</span> <span class='ocrx_word' id='word_1_487' title='bbox 588 3604 614 3631; x_wconf 80' lang='grc' dir='ltr'><strong>υ</strong></span> <span class='ocrx_word' id='word_1_488' title='bbox 650 3590 704 3637; x_wconf 87' lang='lat' dir='ltr'>et</span> <span class='ocrx_word' id='word_1_489' title='bbox 736 3581 970 3652; x_wconf 87' lang='lat' dir='ltr'>reliqua.</span> 
     </span>
    </p>
   </div>
   <div class='ocr_carea' id='block_1_68' title="bbox 465 3669 2011 3740">
    <p class='ocr_par' dir='ltr' id='par_1_68' title="bbox 465 3669 2011 3740">
     <span class='ocr_line' id='line_1_68' title="bbox 465 3669 2011 3740; baseline 0 -15"><span class='ocrx_word' id='word_1_490' title='bbox 465 3673 596 3725; x_wconf 86' lang='lat' dir='ltr'>Item</span> <span class='ocrx_word' id='word_1_491' title='bbox 621 3671 763 3726; x_wconf 91' lang='lat' dir='ltr'>datis</span> <span class='ocrx_word' id='word_1_492' title='bbox 785 3669 1204 3725; x_wconf 88' lang='lat' dir='ltr'>auctoritatibus</span> <span class='ocrx_word' id='word_1_493' title='bbox 1219 3669 1417 3724; x_wconf 86' lang='lat' dir='ltr'>Gelasii</span> <span class='ocrx_word' id='word_1_494' title='bbox 1447 3685 1635 3739; x_wconf 68' lang='lat' dir='ltr'>papae:</span> <span class='ocrx_word' id='word_1_495' title='bbox 1664 3690 1683 3718; x_wconf 83' lang='grc' dir='ltr'>ι</span> <span class='ocrx_word' id='word_1_496' title='bbox 1721 3669 1849 3724; x_wconf 92' lang='lat' dir='ltr'>Post</span> <span class='ocrx_word' id='word_1_497' title='bbox 1870 3687 2011 3740; x_wconf 65' lang='lat' dir='ltr'>prte-</span> 
     </span>
    </p>
   </div>
   <div class='ocr_carea' id='block_1_69' title="bbox 392 3757 2011 3830">
    <p class='ocr_par' dir='ltr' id='par_1_69' title="bbox 392 3757 2011 3830">
     <span class='ocr_line' id='line_1_69' title="bbox 392 3757 2011 3830; baseline -0.001 -16"><span class='ocrx_word' id='word_1_498' title='bbox 392 3759 488 3814; x_wconf 83' lang='lat' dir='ltr'>fati</span> <span class='ocrx_word' id='word_1_499' title='bbox 519 3759 786 3830; x_wconf 88' lang='lat' dir='ltr'>denique,</span> <span class='ocrx_word' id='word_1_500' title='bbox 828 3759 1030 3830; x_wconf 91' lang='lat' dir='ltr'>inquit,</span> <span class='ocrx_word' id='word_1_501' title='bbox 1085 3758 1421 3814; x_wconf 86' lang='lat' dir='ltr'>monstruosi</span> <span class='ocrx_word' id='word_1_502' title='bbox 1462 3757 1635 3811; x_wconf 89' lang='lat' dir='ltr'>libelli</span> <span class='ocrx_word' id='word_1_503' title='bbox 1673 3774 1704 3812; x_wconf 91' lang='lat' dir='ltr'>a</span> <span class='ocrx_word' id='word_1_504' title='bbox 1743 3765 1795 3813; x_wconf 90' lang='lat' dir='ltr'>te</span> <span class='ocrx_word' id='word_1_505' title='bbox 1853 3775 2011 3813; x_wconf 89' lang='lat' dir='ltr'>mon-</span> 
     </span>
    </p>
   </div>
   <div class='ocr_carea' id='block_1_70' title="bbox 391 3849 2004 3921">
    <p class='ocr_par' dir='ltr' id='par_1_70' title="bbox 391 3849 2004 3921">
     <span class='ocr_line' id='line_1_70' title="bbox 391 3849 2004 3921; baseline -0.001 -15"><span class='ocrx_word' id='word_1_506' title='bbox 391 3860 607 3907; x_wconf 90' lang='lat' dir='ltr'>struose</span> <span class='ocrx_word' id='word_1_507' title='bbox 661 3851 879 3907; x_wconf 91' lang='lat' dir='ltr'>collecti</span> <span class='ocrx_word' id='word_1_508' title='bbox 932 3856 1078 3905; x_wconf 82' lang='lat' dir='ltr'>tuam</span> <span class='ocrx_word' id='word_1_509' title='bbox 1139 3857 1472 3920; x_wconf 91' lang='lat' dir='ltr'>tuorumque</span> <span class='ocrx_word' id='word_1_510' title='bbox 1521 3849 2004 3921; x_wconf 88' lang='lat' dir='ltr'>subscriptionem,</span> 
     </span>
    </p>
   </div>
   <div class='ocr_carea' id='block_1_71' title="bbox 391 3937 2009 4011">
    <p class='ocr_par' dir='ltr' id='par_1_71' title="bbox 391 3937 2009 4011">
     <span class='ocr_line' id='line_1_71' title="bbox 391 3937 2009 4011; baseline -0.001 -16"><span class='ocrx_word' id='word_1_511' title='bbox 391 3941 589 3995; x_wconf 90' lang='lat' dir='ltr'>litteris</span> <span class='ocrx_word' id='word_1_512' title='bbox 619 3955 850 4011; x_wconf 88' lang='lat' dir='ltr'>quarum</span> <span class='ocrx_word' id='word_1_513' title='bbox 891 3937 1174 4008; x_wconf 89' lang='lat' dir='ltr'>exemplar</span> <span class='ocrx_word' id='word_1_514' title='bbox 1202 3937 1403 4003; x_wconf 89' lang='lat' dir='ltr'>habeo,</span> <span class='ocrx_word' id='word_1_515' title='bbox 1455 3937 1638 3992; x_wconf 90' lang='lat' dir='ltr'>denuo</span> <span class='ocrx_word' id='word_1_516' title='bbox 1675 3945 1728 3992; x_wconf 92' lang='lat' dir='ltr'>te</span> <span class='ocrx_word' id='word_1_517' title='bbox 1757 3954 2009 3994; x_wconf 89' lang='lat' dir='ltr'>commo-</span> 
     </span>
    </p>
   </div>
   <div class='ocr_carea' id='block_1_72' title="bbox 391 4031 2010 4104">
    <p class='ocr_par' dir='ltr' id='par_1_72' title="bbox 391 4031 2010 4104">
     <span class='ocr_line' id='line_1_72' title="bbox 391 4031 2010 4104; baseline 0.001 -16"><span class='ocrx_word' id='word_1_518' title='bbox 391 4035 507 4100; x_wconf 90' lang='lat' dir='ltr'>nui,</span> <span class='ocrx_word' id='word_1_519' title='bbox 545 4043 606 4089; x_wconf 89' lang='lat' dir='ltr'>ut</span> <span class='ocrx_word' id='word_1_520' title='bbox 632 4049 696 4088; x_wconf 91' lang='lat' dir='ltr'>ea</span> <span class='ocrx_word' id='word_1_521' title='bbox 741 4047 862 4104; x_wconf 66' lang='lat' dir='ltr'>quae</span> <span class='ocrx_word' id='word_1_522' title='bbox 909 4032 964 4085; x_wconf 91' lang='lat' dir='ltr'>in</span> <span class='ocrx_word' id='word_1_523' title='bbox 1011 4031 1271 4101; x_wconf 83' lang='lat' dir='ltr'>parochia</span> <span class='ocrx_word' id='word_1_524' title='bbox 1301 4039 1392 4086; x_wconf 88' lang='lat' dir='ltr'>tua</span> <span class='ocrx_word' id='word_1_525' title='bbox 1430 4039 1620 4088; x_wconf 90' lang='lat' dir='ltr'>contra</span> <span class='ocrx_word' id='word_1_526' title='bbox 1652 4032 1917 4088; x_wconf 90' lang='lat' dir='ltr'>rationem</span> <span class='ocrx_word' id='word_1_527' title='bbox 1956 4041 2010 4089; x_wconf 91' lang='lat' dir='ltr'>et</span> 
     </span>
    </p>
   </div>
   <div class='ocr_carea' id='block_1_73' title="bbox 389 4119 2004 4197">
    <p class='ocr_par' dir='ltr' id='par_1_73' title="bbox 389 4119 2004 4197">
     <span class='ocr_line' id='line_1_73' title="bbox 389 4119 2004 4197; baseline 0.001 -22"><span class='ocrx_word' id='word_1_528' title='bbox 389 4121 769 4176; x_wconf 88' lang='lat' dir='ltr'>auctoritatem</span> <span class='ocrx_word' id='word_1_529' title='bbox 801 4135 1015 4192; x_wconf 89' lang='lat' dir='ltr'>egeras,</span> <span class='ocrx_word' id='word_1_530' title='bbox 1064 4119 1316 4174; x_wconf 90' lang='lat' dir='ltr'>studeres</span> <span class='ocrx_word' id='word_1_531' title='bbox 1357 4121 1655 4197; x_wconf 87' lang='lat' dir='ltr'>corrigere,</span> <span class='ocrx_word' id='word_1_532' title='bbox 1686 4121 1781 4176; x_wconf 91' lang='lat' dir='ltr'>sed</span> <span class='ocrx_word' id='word_1_533' title='bbox 1813 4122 2004 4176; x_wconf 89' lang='lat' dir='ltr'>admo-</span> 
     </span>
    </p>
   </div>
   <div class='ocr_carea' id='block_1_74' title="bbox 389 4209 2004 4282">
    <p class='ocr_par' dir='ltr' id='par_1_74' title="bbox 389 4209 2004 4282">
     <span class='ocr_line' id='line_1_74' title="bbox 389 4209 2004 4282; baseline 0.002 -19"><span class='ocrx_word' id='word_1_534' title='bbox 389 4209 584 4266; x_wconf 86' lang='lat' dir='ltr'>nitioni</span> <span class='ocrx_word' id='word_1_535' title='bbox 613 4225 750 4263; x_wconf 61' lang='lat' dir='ltr'>mea:</span> <span class='ocrx_word' id='word_1_536' title='bbox 781 4223 891 4263; x_wconf 91' lang='lat' dir='ltr'>non</span> <span class='ocrx_word' id='word_1_537' title='bbox 938 4209 1189 4279; x_wconf 90' lang='lat' dir='ltr'>paruisti.</span> <span class='ocrx_word' id='word_1_538' title='bbox 1241 4210 1448 4265; x_wconf 91' lang='lat' dir='ltr'>Deinde</span> <span class='ocrx_word' id='word_1_539' title='bbox 1479 4227 1545 4265; x_wconf 89' lang='lat' dir='ltr'>ex</span> <span class='ocrx_word' id='word_1_540' title='bbox 1606 4210 1847 4282; x_wconf 65' lang='lat' dir='ltr'>praefatis</span> <span class='ocrx_word' id='word_1_541' title='bbox 1885 4212 2004 4282; x_wconf 91' lang='lat' dir='ltr'>epi-</span> 
     </span>
    </p>
   </div>
   <div class='ocr_carea' id='block_1_75' title="bbox 387 4295 2006 4370">
    <p class='ocr_par' dir='ltr' id='par_1_75' title="bbox 387 4295 2006 4370">
     <span class='ocr_line' id='line_1_75' title="bbox 387 4295 2006 4370; baseline 0 -18"><span class='ocrx_word' id='word_1_542' title='bbox 387 4298 544 4353; x_wconf 88' lang='lat' dir='ltr'>stolis</span> <span class='ocrx_word' id='word_1_543' title='bbox 577 4297 832 4351; x_wconf 65' lang='lat' dir='ltr'>Romanae</span> <span class='ocrx_word' id='word_1_544' title='bbox 883 4297 1034 4352; x_wconf 92' lang='lat' dir='ltr'>sedis</span> <span class='ocrx_word' id='word_1_545' title='bbox 1066 4295 1387 4368; x_wconf 84' lang='lat' dir='ltr'>pontificum</span> <span class='ocrx_word' id='word_1_546' title='bbox 1437 4307 1564 4354; x_wconf 91' lang='lat' dir='ltr'>ante</span> <span class='ocrx_word' id='word_1_547' title='bbox 1609 4299 1878 4354; x_wconf 79' lang='lat' dir='ltr'>Nicaenam</span> <span class='ocrx_word' id='word_1_548' title='bbox 1914 4316 2006 4370; x_wconf 90' lang='lat' dir='ltr'>sy-</span> 
     </span>
    </p>
   </div>
   <div class='ocr_carea' id='block_1_76' title="bbox 2114 3103 3730 3182">
    <p class='ocr_par' dir='ltr' id='par_1_76' title="bbox 2114 3103 3730 3182">
     <span class='ocr_line' id='line_1_76' title="bbox 2114 3103 3730 3182; baseline 0.006 -26"><span class='ocrx_word' id='word_1_549' title='bbox 2114 3103 2286 3157; x_wconf 91' lang='lat' dir='ltr'>tulisti</span> <span class='ocrx_word' id='word_1_550' title='bbox 2317 3104 2412 3158; x_wconf 90' lang='lat' dir='ltr'>sed</span> <span class='ocrx_word' id='word_1_551' title='bbox 2453 3114 2508 3158; x_wconf 91' lang='lat' dir='ltr'>et</span> <span class='ocrx_word' id='word_1_552' title='bbox 2538 3120 2567 3158; x_wconf 90' lang='lat' dir='ltr'>a</span> <span class='ocrx_word' id='word_1_553' title='bbox 2595 3105 2704 3160; x_wconf 85' lang='lat' dir='ltr'>luis</span> <span class='ocrx_word' id='word_1_554' title='bbox 2735 3107 3052 3162; x_wconf 88' lang='lat' dir='ltr'>hominibus</span> <span class='ocrx_word' id='word_1_555' title='bbox 3077 3118 3386 3176; x_wconf 88' lang='lat' dir='ltr'>accusatus,</span> <span class='ocrx_word' id='word_1_556' title='bbox 3429 3110 3561 3182; x_wconf 90' lang='lat' dir='ltr'>quia</span> <span class='ocrx_word' id='word_1_557' title='bbox 3589 3127 3730 3167; x_wconf 92' lang='lat' dir='ltr'>con-</span> 
     </span>
    </p>
   </div>
   <div class='ocr_carea' id='block_1_77' title="bbox 2115 3195 3741 3269">
    <p class='ocr_par' dir='ltr' id='par_1_77' title="bbox 2115 3195 3741 3269">
     <span class='ocr_line' id='line_1_77' title="bbox 2115 3195 3741 3269; baseline 0.007 -21"><span class='ocrx_word' id='word_1_558' title='bbox 2115 3201 2197 3248; x_wconf 89' lang='lat' dir='ltr'>tra</span> <span class='ocrx_word' id='word_1_559' title='bbox 2230 3195 2382 3269; x_wconf 89' lang='lat' dir='ltr'>leges</span> <span class='ocrx_word' id='word_1_560' title='bbox 2413 3196 2628 3251; x_wconf 87' lang='lat' dir='ltr'>divinas</span> <span class='ocrx_word' id='word_1_561' title='bbox 2659 3206 2714 3252; x_wconf 90' lang='lat' dir='ltr'>et</span> <span class='ocrx_word' id='word_1_562' title='bbox 2745 3199 3054 3255; x_wconf 89' lang='lat' dir='ltr'>mundanas</span> <span class='ocrx_word' id='word_1_563' title='bbox 3083 3200 3164 3255; x_wconf 90' lang='lat' dir='ltr'>eis</span> <span class='ocrx_word' id='word_1_564' title='bbox 3193 3217 3292 3256; x_wconf 91' lang='lat' dir='ltr'>sua</span> <span class='ocrx_word' id='word_1_565' title='bbox 3323 3202 3594 3258; x_wconf 89' lang='lat' dir='ltr'>beneficia</span> <span class='ocrx_word' id='word_1_566' title='bbox 3624 3205 3741 3259; x_wconf 83' lang='lat' dir='ltr'>abs-</span> 
     </span>
    </p>
   </div>
   <div class='ocr_carea' id='block_1_78' title="bbox 2112 3285 3736 3360">
    <p class='ocr_par' dir='ltr' id='par_1_78' title="bbox 2112 3285 3736 3360">
     <span class='ocr_line' id='line_1_78' title="bbox 2112 3285 3736 3360; baseline 0.006 -20"><span class='ocrx_word' id='word_1_567' title='bbox 2112 3285 2306 3352; x_wconf 91' lang='lat' dir='ltr'>tulisti,</span> <span class='ocrx_word' id='word_1_568' title='bbox 2369 3293 2428 3341; x_wconf 93' lang='lat' dir='ltr'>ut</span> <span class='ocrx_word' id='word_1_569' title='bbox 2481 3288 2798 3358; x_wconf 87' lang='lat' dir='ltr'>synodalem</span> <span class='ocrx_word' id='word_1_570' title='bbox 2849 3306 3138 3345; x_wconf 89' lang='lat' dir='ltr'>censuram</span> <span class='ocrx_word' id='word_1_571' title='bbox 3188 3293 3474 3360; x_wconf 91' lang='lat' dir='ltr'>evaderes,</span> <span class='ocrx_word' id='word_1_572' title='bbox 3536 3294 3736 3349; x_wconf 87' lang='lat' dir='ltr'>dedisti</span> 
     </span>
    </p>
   </div>
   <div class='ocr_carea' id='block_1_79' title="bbox 2115 3377 3732 3454">
    <p class='ocr_par' dir='ltr' id='par_1_79' title="bbox 2115 3377 3732 3454">
     <span class='ocr_line' id='line_1_79' title="bbox 2115 3377 3732 3454; baseline 0.007 -25"><span class='ocrx_word' id='word_1_573' title='bbox 2115 3377 2231 3451; x_wconf 88' lang='lat' dir='ltr'>regi</span> <span class='ocrx_word' id='word_1_574' title='bbox 2263 3385 2324 3431; x_wconf 90' lang='lat' dir='ltr'>et</span> <span class='ocrx_word' id='word_1_575' title='bbox 2366 3377 2499 3431; x_wconf 90' lang='lat' dir='ltr'>mihi</span> <span class='ocrx_word' id='word_1_576' title='bbox 2535 3379 2587 3432; x_wconf 91' lang='lat' dir='ltr'>in</span> <span class='ocrx_word' id='word_1_577' title='bbox 2619 3380 2811 3434; x_wconf 90' lang='lat' dir='ltr'>eadem</span> <span class='ocrx_word' id='word_1_578' title='bbox 2857 3382 3071 3451; x_wconf 89' lang='lat' dir='ltr'>synodo</span> <span class='ocrx_word' id='word_1_579' title='bbox 3123 3383 3488 3454; x_wconf 84' lang='lat' dir='ltr'>professionis</span> <span class='ocrx_word' id='word_1_580' title='bbox 3520 3392 3630 3440; x_wconf 76' lang='lat' dir='ltr'>tuae</span> <span class='ocrx_word' id='word_1_581' title='bbox 3671 3387 3732 3440; x_wconf 83' lang='lat' dir='ltr'>li-</span> 
     </span>
    </p>
   </div>
   <div class='ocr_carea' id='block_1_80' title="bbox 2114 3465 3734 3543">
    <p class='ocr_par' dir='ltr' id='par_1_80' title="bbox 2114 3465 3734 3543">
     <span class='ocr_line' id='line_1_80' title="bbox 2114 3465 3734 3543; baseline 0.007 -25"><span class='ocrx_word' id='word_1_582' title='bbox 2114 3465 2318 3520; x_wconf 90' lang='lat' dir='ltr'>bellum</span> <span class='ocrx_word' id='word_1_583' title='bbox 2343 3466 2410 3520; x_wconf 93' lang='lat' dir='ltr'>de</span> <span class='ocrx_word' id='word_1_584' title='bbox 2444 3467 2680 3540; x_wconf 87' lang='lat' dir='ltr'>regulari</span> <span class='ocrx_word' id='word_1_585' title='bbox 2708 3468 3032 3524; x_wconf 88' lang='lat' dir='ltr'>obedientia</span> <span class='ocrx_word' id='word_1_586' title='bbox 3063 3478 3175 3537; x_wconf 86' lang='lat' dir='ltr'>tua,</span> <span class='ocrx_word' id='word_1_587' title='bbox 3210 3489 3372 3543; x_wconf 89' lang='lat' dir='ltr'>quem</span> <span class='ocrx_word' id='word_1_588' title='bbox 3400 3473 3585 3530; x_wconf 87' lang='lat' dir='ltr'>habeo</span> <span class='ocrx_word' id='word_1_589' title='bbox 3616 3493 3630 3541; x_wconf 88' lang='lat'><strong>;</strong></span> <span class='ocrx_word' id='word_1_590' title='bbox 3681 3484 3734 3529; x_wconf 89' lang='lat' dir='ltr'>et</span> 
     </span>
    </p>
   </div>
   <div class='ocr_carea' id='block_1_81' title="bbox 2113 3562 3734 3638">
    <p class='ocr_par' dir='ltr' id='par_1_81' title="bbox 2113 3562 3734 3638">
     <span class='ocr_line' id='line_1_81' title="bbox 2113 3562 3734 3638; baseline 0.007 -28"><span class='ocrx_word' id='word_1_591' title='bbox 2113 3563 2168 3610; x_wconf 90' lang='lat' dir='ltr'>tu</span> <span class='ocrx_word' id='word_1_592' title='bbox 2203 3573 2406 3632; x_wconf 88' lang='lat' dir='ltr'>negare</span> <span class='ocrx_word' id='word_1_593' title='bbox 2446 3574 2557 3614; x_wconf 91' lang='lat' dir='ltr'>non</span> <span class='ocrx_word' id='word_1_594' title='bbox 2590 3567 2768 3630; x_wconf 90' lang='lat' dir='ltr'>potes,</span> <span class='ocrx_word' id='word_1_595' title='bbox 2817 3562 3074 3631; x_wconf 90' lang='lat' dir='ltr'>quoniam</span> <span class='ocrx_word' id='word_1_596' title='bbox 3109 3563 3282 3634; x_wconf 89' lang='lat' dir='ltr'>ipsius</span> <span class='ocrx_word' id='word_1_597' title='bbox 3312 3565 3597 3636; x_wconf 84' lang='lat' dir='ltr'>exemplar</span> <span class='ocrx_word' id='word_1_598' title='bbox 3622 3567 3734 3638; x_wconf 72' lang='grc'>(12)</span> 
     </span>
    </p>
   </div>
   <div class='ocr_carea' id='block_1_82' title="bbox 2112 3646 3734 3723">
    <p class='ocr_par' dir='ltr' id='par_1_82' title="bbox 2112 3646 3734 3723">
     <span class='ocr_line' id='line_1_82' title="bbox 2112 3646 3734 3723; baseline 0.006 -24"><span class='ocrx_word' id='word_1_599' title='bbox 2112 3646 2180 3700; x_wconf 89' lang='lat' dir='ltr'>de</span> <span class='ocrx_word' id='word_1_600' title='bbox 2212 3662 2376 3699; x_wconf 89' lang='lat' dir='ltr'>manu</span> <span class='ocrx_word' id='word_1_601' title='bbox 2419 3663 2542 3701; x_wconf 88' lang='lat' dir='ltr'>mea</span> <span class='ocrx_word' id='word_1_602' title='bbox 2573 3647 2629 3701; x_wconf 91' lang='lat' dir='ltr'>in</span> <span class='ocrx_word' id='word_1_603' title='bbox 2671 3649 2865 3703; x_wconf 89' lang='lat' dir='ltr'>eadem</span> <span class='ocrx_word' id='word_1_604' title='bbox 2897 3651 3109 3720; x_wconf 89' lang='lat' dir='ltr'>synodo</span> <span class='ocrx_word' id='word_1_605' title='bbox 3159 3652 3447 3723; x_wconf 90' lang='lat' dir='ltr'>accepisti,</span> <span class='ocrx_word' id='word_1_606' title='bbox 3478 3654 3625 3709; x_wconf 91' lang='lat' dir='ltr'>sicut</span> <span class='ocrx_word' id='word_1_607' title='bbox 3679 3655 3734 3708; x_wconf 89' lang='lat' dir='ltr'>in</span> 
     </span>
    </p>
   </div>
   <div class='ocr_carea' id='block_1_83' title="bbox 2112 3739 3737 3813">
    <p class='ocr_par' dir='ltr' id='par_1_83' title="bbox 2112 3739 3737 3813">
     <span class='ocr_line' id='line_1_83' title="bbox 2112 3739 3737 3813; baseline 0.007 -24"><span class='ocrx_word' id='word_1_608' title='bbox 2112 3751 2370 3805; x_wconf 90' lang='lat' dir='ltr'>processu</span> <span class='ocrx_word' id='word_1_609' title='bbox 2420 3739 2758 3794; x_wconf 91' lang='lat' dir='ltr'>monstrabo.</span> <span class='ocrx_word' id='word_1_610' title='bbox 2793 3740 2897 3794; x_wconf 91' lang='lat' dir='ltr'>Sed</span> <span class='ocrx_word' id='word_1_611' title='bbox 2946 3748 3006 3795; x_wconf 94' lang='lat' dir='ltr'>ut</span> <span class='ocrx_word' id='word_1_612' title='bbox 3059 3741 3143 3796; x_wconf 90' lang='lat' dir='ltr'>vir</span> <span class='ocrx_word' id='word_1_613' title='bbox 3189 3743 3391 3813; x_wconf 89' lang='lat' dir='ltr'>duplex</span> <span class='ocrx_word' id='word_1_614' title='bbox 3439 3745 3651 3810; x_wconf 90' lang='lat' dir='ltr'>animo,</span> <span class='ocrx_word' id='word_1_615' title='bbox 3684 3754 3737 3800; x_wconf 91' lang='lat' dir='ltr'>et</span> 
     </span>
    </p>
   </div>
   <div class='ocr_carea' id='block_1_84' title="bbox 2111 3827 3730 3907">
    <p class='ocr_par' dir='ltr' id='par_1_84' title="bbox 2111 3827 3730 3907">
     <span class='ocr_line' id='line_1_84' title="bbox 2111 3827 3730 3907; baseline 0.008 -27"><span class='ocrx_word' id='word_1_616' title='bbox 2111 3827 2431 3885; x_wconf 88' lang='lat' dir='ltr'>inconstans</span> <span class='ocrx_word' id='word_1_617' title='bbox 2482 3831 2537 3883; x_wconf 90' lang='lat' dir='ltr'>in</span> <span class='ocrx_word' id='word_1_618' title='bbox 2568 3831 2830 3887; x_wconf 90' lang='lat' dir='ltr'>omnibus</span> <span class='ocrx_word' id='word_1_619' title='bbox 2885 3833 2988 3887; x_wconf 90' lang='lat' dir='ltr'>viis</span> <span class='ocrx_word' id='word_1_620' title='bbox 3017 3835 3126 3889; x_wconf 90' lang='lat' dir='ltr'>tuis</span> <span class='ocrx_word' id='word_1_621' title='bbox 3157 3835 3291 3906; x_wconf 87' lang='lat' dir='ltr'>(Jac.</span> <span class='ocrx_word' id='word_1_622' title='bbox 3345 3838 3402 3907; x_wconf 86' lang='grc' dir='ltr'>ι),</span> <span class='ocrx_word' id='word_1_623' title='bbox 3435 3839 3621 3893; x_wconf 88' lang='lat' dir='ltr'>statim</span> <span class='ocrx_word' id='word_1_624' title='bbox 3680 3841 3730 3893; x_wconf 90' lang='lat' dir='ltr'>in</span> 
     </span>
    </p>
   </div>
   <div class='ocr_carea' id='block_1_85' title="bbox 2109 3920 3728 3995">
    <p class='ocr_par' dir='ltr' id='par_1_85' title="bbox 2109 3920 3728 3995">
     <span class='ocr_line' id='line_1_85' title="bbox 2109 3920 3728 3995; baseline 0.007 -21"><span class='ocrx_word' id='word_1_625' title='bbox 2109 3920 2351 3974; x_wconf 88' lang='lat' dir='ltr'>crastina</span> <span class='ocrx_word' id='word_1_626' title='bbox 2399 3921 2600 3977; x_wconf 90' lang='lat' dir='ltr'>misisti</span> <span class='ocrx_word' id='word_1_627' title='bbox 2652 3923 2789 3978; x_wconf 89' lang='lat' dir='ltr'>mihi</span> <span class='ocrx_word' id='word_1_628' title='bbox 2843 3939 2944 3995; x_wconf 91' lang='lat' dir='ltr'>per</span> <span class='ocrx_word' id='word_1_629' title='bbox 2982 3926 3312 3982; x_wconf 81' lang='lat' dir='ltr'>Harduicum</span> <span class='ocrx_word' id='word_1_630' title='bbox 3351 3932 3728 3986; x_wconf 88' lang='lat' dir='ltr'>venerabilem</span> 
     </span>
    </p>
   </div>
   <div class='ocr_carea' id='block_1_86' title="bbox 2109 4010 3733 4090">
    <p class='ocr_par' dir='ltr' id='par_1_86' title="bbox 2109 4010 3733 4090">
     <span class='ocr_line' id='line_1_86' title="bbox 2109 4010 3733 4090; baseline 0.008 -27"><span class='ocrx_word' id='word_1_631' title='bbox 2109 4010 2605 4068; x_wconf 90' lang='lat' dir='ltr'>Vesontionensem</span> <span class='ocrx_word' id='word_1_632' title='bbox 2639 4015 2984 4087; x_wconf 89' lang='lat' dir='ltr'>episcopum,</span> <span class='ocrx_word' id='word_1_633' title='bbox 3019 4018 3084 4072; x_wconf 91' lang='lat' dir='ltr'>ad</span> <span class='ocrx_word' id='word_1_634' title='bbox 3119 4018 3491 4090; x_wconf 87' lang='lat' dir='ltr'>profitendum</span> <span class='ocrx_word' id='word_1_635' title='bbox 3524 4032 3580 4078; x_wconf 92' lang='lat' dir='ltr'>et</span> <span class='ocrx_word' id='word_1_636' title='bbox 3608 4024 3733 4078; x_wconf 84' lang='lat' dir='ltr'>sub-</span> 
     </span>
    </p>
   </div>
   <div class='ocr_carea' id='block_1_87' title="bbox 2107 4098 3732 4168">
    <p class='ocr_par' dir='ltr' id='par_1_87' title="bbox 2107 4098 3732 4168">
     <span class='ocr_line' id='line_1_87' title="bbox 2107 4098 3732 4168; baseline 0.01 -16"><span class='ocrx_word' id='word_1_637' title='bbox 2107 4098 2462 4154; x_wconf 91' lang='lat' dir='ltr'>scribendum</span> <span class='ocrx_word' id='word_1_638' title='bbox 2509 4101 2608 4156; x_wconf 89' lang='lat' dir='ltr'>tibi</span> <span class='ocrx_word' id='word_1_639' title='bbox 2658 4102 3002 4159; x_wconf 88' lang='lat' dir='ltr'>breviculum</span> <span class='ocrx_word' id='word_1_640' title='bbox 3049 4106 3123 4161; x_wconf 91' lang='lat' dir='ltr'>ita</span> <span class='ocrx_word' id='word_1_641' title='bbox 3177 4123 3237 4163; x_wconf 92' lang='lat' dir='ltr'>se</span> <span class='ocrx_word' id='word_1_642' title='bbox 3291 4109 3627 4166; x_wconf 90' lang='lat' dir='ltr'>habentem:</span> <span class='ocrx_word' id='word_1_643' title='bbox 3671 4113 3732 4168; x_wconf 83' lang='lat' dir='ltr'>Et</span> 
     </span>
    </p>
   </div>
   <div class='ocr_carea' id='block_1_88' title="bbox 2108 4191 3730 4271">
    <p class='ocr_par' dir='ltr' id='par_1_88' title="bbox 2108 4191 3730 4271">
     <span class='ocr_line' id='line_1_88' title="bbox 2108 4191 3730 4271; baseline 0.01 -29"><span class='ocrx_word' id='word_1_644' title='bbox 2108 4205 2213 4264; x_wconf 89' lang='lat' dir='ltr'>ego</span> <span class='ocrx_word' id='word_1_645' title='bbox 2257 4191 2581 4247; x_wconf 87' lang='lat' dir='ltr'>Hincmarus</span> <span class='ocrx_word' id='word_1_646' title='bbox 2627 4194 2921 4250; x_wconf 88' lang='lat' dir='ltr'>Remorum</span> <span class='ocrx_word' id='word_1_647' title='bbox 2971 4198 3418 4271; x_wconf 90' lang='lat' dir='ltr'>archiepiscopus</span> <span class='ocrx_word' id='word_1_648' title='bbox 3447 4203 3547 4258; x_wconf 89' lang='lat' dir='ltr'>tibi</span> <span class='ocrx_word' id='word_1_649' title='bbox 3600 4204 3730 4258; x_wconf 84' lang='lat' dir='ltr'>Hin-</span> 
     </span>
    </p>
   </div>
   <div class='ocr_carea' id='block_1_89' title="bbox 2108 4281 3727 4363">
    <p class='ocr_par' dir='ltr' id='par_1_89' title="bbox 2108 4281 3727 4363">
     <span class='ocr_line' id='line_1_89' title="bbox 2108 4281 3727 4363; baseline 0.011 -29"><span class='ocrx_word' id='word_1_650' title='bbox 2108 4297 2295 4336; x_wconf 91' lang='lat' dir='ltr'>cmaro</span> <span class='ocrx_word' id='word_1_651' title='bbox 2327 4281 2710 4340; x_wconf 88' lang='lat' dir='ltr'>Laudunensis</span> <span class='ocrx_word' id='word_1_652' title='bbox 2740 4286 2995 4344; x_wconf 70' lang='lat' dir='ltr'>Ecclesia:</span> <span class='ocrx_word' id='word_1_653' title='bbox 3025 4290 3356 4363; x_wconf 89' lang='lat' dir='ltr'>coepisc0po</span> <span class='ocrx_word' id='word_1_654' title='bbox 3386 4300 3540 4349; x_wconf 90' lang='lat' dir='ltr'>tuum</span> <span class='ocrx_word' id='word_1_655' title='bbox 3575 4297 3727 4351; x_wconf 87' lang='lat' dir='ltr'>debi-</span> 
     </span>
    </p>
   </div>
   <div class='ocr_carea' id='block_1_90' title="bbox 386 4370 3729 4459">
    <p class='ocr_par' dir='ltr' id='par_1_90' title="bbox 386 4370 3729 4459">
     <span class='ocr_line' id='line_1_90' title="bbox 386 4370 3729 4459; baseline 0.005 -19"><span class='ocrx_word' id='word_1_656' title='bbox 386 4385 592 4440; x_wconf 92' lang='lat' dir='ltr'>nodum</span> <span class='ocrx_word' id='word_1_657' title='bbox 624 4384 846 4456; x_wconf 90' lang='lat' dir='ltr'>scriptis</span> <span class='ocrx_word' id='word_1_658' title='bbox 876 4385 1126 4441; x_wconf 91' lang='lat' dir='ltr'>libellum</span> <span class='ocrx_word' id='word_1_659' title='bbox 1157 4403 1189 4441; x_wconf 90' lang='lat' dir='ltr'>a</span> <span class='ocrx_word' id='word_1_660' title='bbox 1219 4395 1274 4442; x_wconf 87' lang='lat' dir='ltr'>te</span> <span class='ocrx_word' id='word_1_661' title='bbox 1299 4387 1612 4454; x_wconf 89' lang='lat' dir='ltr'>collectum,</span> <span class='ocrx_word' id='word_1_662' title='bbox 1642 4395 1695 4442; x_wconf 90' lang='lat' dir='ltr'>et</span> <span class='ocrx_word' id='word_1_663' title='bbox 1719 4387 2006 4442; x_wconf 89' lang='lat' dir='ltr'>versiculis</span> <span class='ocrx_word' id='word_1_664' title='bbox 2030 4370 2087 4438; x_wconf 85' lang='lat' dir='ltr'><strong>D</strong></span> <span class='ocrx_word' id='word_1_665' title='bbox 2111 4377 2243 4435; x_wconf 53' lang='lat' dir='ltr'>tum,</span> <span class='ocrx_word' id='word_1_666' title='bbox 2273 4370 2444 4424; x_wconf 63' lang='lat' dir='ltr'>sacris</span> <span class='ocrx_word' id='word_1_667' title='bbox 2498 4372 2952 4445; x_wconf 52' lang='grc' dir='ltr'>Ρηθεὴπθηιίδυδ</span> <span class='ocrx_word' id='word_1_668' title='bbox 3004 4379 3330 4444; x_wconf 53' lang='lat' dir='ltr'>canonibus,</span> <span class='ocrx_word' id='word_1_669' title='bbox 3378 4382 3729 4459; x_wconf 69' lang='grc' dir='ltr'>ρι’ίνίιθείιιῐη</span> 
     </span>
    </p>
   </div>
   <div class='ocr_carea' id='block_1_91' title="bbox 386 4475 2006 4550">
    <p class='ocr_par' dir='ltr' id='par_1_91' title="bbox 386 4475 2006 4550">
     <span class='ocr_line' id='line_1_91' title="bbox 386 4475 2006 4550; baseline 0.001 -21"><span class='ocrx_word' id='word_1_670' title='bbox 386 4476 440 4529; x_wconf 92' lang='lat' dir='ltr'>in</span> <span class='ocrx_word' id='word_1_671' title='bbox 475 4475 700 4531; x_wconf 89' lang='lat' dir='ltr'>nomine</span> <span class='ocrx_word' id='word_1_672' title='bbox 731 4476 920 4531; x_wconf 83' lang='lat' dir='ltr'>domui</span> <span class='ocrx_word' id='word_1_673' title='bbox 946 4477 1092 4550; x_wconf 76' lang='lat' dir='ltr'>regis</span> <span class='ocrx_word' id='word_1_674' title='bbox 1113 4477 1291 4532; x_wconf 87' lang='lat' dir='ltr'>Karoli</span> <span class='ocrx_word' id='word_1_675' title='bbox 1318 4478 1613 4543; x_wconf 89' lang='lat' dir='ltr'>titulatum,</span> <span class='ocrx_word' id='word_1_676' title='bbox 1646 4494 1745 4549; x_wconf 90' lang='lat' dir='ltr'>per</span> <span class='ocrx_word' id='word_1_677' title='bbox 1773 4493 2006 4532; x_wconf 91' lang='lat' dir='ltr'>venera-</span> 
     </span>
    </p>
   </div>
   <div class='ocr_carea' id='block_1_92' title="bbox 387 4568 2005 4640">
    <p class='ocr_par' dir='ltr' id='par_1_92' title="bbox 387 4568 2005 4640">
     <span class='ocr_line' id='line_1_92' title="bbox 387 4568 2005 4640; baseline 0 -18"><span class='ocrx_word' id='word_1_678' title='bbox 387 4568 556 4622; x_wconf 90' lang='lat' dir='ltr'>bilem</span> <span class='ocrx_word' id='word_1_679' title='bbox 588 4569 870 4639; x_wconf 90' lang='lat' dir='ltr'>quondam</span> <span class='ocrx_word' id='word_1_680' title='bbox 889 4569 1368 4640; x_wconf 90' lang='lat' dir='ltr'>archiepiscopum</span> <span class='ocrx_word' id='word_1_681' title='bbox 1399 4570 1744 4626; x_wconf 85' lang='lat' dir='ltr'>Wanilonem</span> <span class='ocrx_word' id='word_1_682' title='bbox 1774 4569 1828 4623; x_wconf 91' lang='lat' dir='ltr'>in</span> <span class='ocrx_word' id='word_1_683' title='bbox 1855 4569 2005 4624; x_wconf 87' lang='lat' dir='ltr'>Gun-</span> 
     </span>
    </p>
   </div>
   <div class='ocr_carea' id='block_1_93' title="bbox 384 4658 2006 4732">
    <p class='ocr_par' dir='ltr' id='par_1_93' title="bbox 384 4658 2006 4732">
     <span class='ocr_line' id='line_1_93' title="bbox 384 4658 2006 4732; baseline 0.002 -20"><span class='ocrx_word' id='word_1_684' title='bbox 384 4658 497 4714; x_wconf 85' lang='lat' dir='ltr'>duti</span> <span class='ocrx_word' id='word_1_685' title='bbox 533 4659 662 4714; x_wconf 90' lang='lat' dir='ltr'>villa</span> <span class='ocrx_word' id='word_1_686' title='bbox 685 4676 868 4715; x_wconf 89' lang='lat' dir='ltr'>coram</span> <span class='ocrx_word' id='word_1_687' title='bbox 898 4659 1178 4731; x_wconf 91' lang='lat' dir='ltr'>episcopis</span> <span class='ocrx_word' id='word_1_688' title='bbox 1217 4661 1309 4732; x_wconf 93' lang='lat' dir='ltr'>qui</span> <span class='ocrx_word' id='word_1_689' title='bbox 1339 4661 1658 4728; x_wconf 89' lang='lat' dir='ltr'>adfuerunt,</span> <span class='ocrx_word' id='word_1_690' title='bbox 1691 4661 1825 4714; x_wconf 87' lang='lat' dir='ltr'>mihi</span> <span class='ocrx_word' id='word_1_691' title='bbox 1856 4661 2006 4716; x_wconf 89' lang='lat' dir='ltr'>dire-</span> 
     </span>
    </p>
   </div>
   <div class='ocr_carea' id='block_1_94' title="bbox 383 4753 2006 4824">
    <p class='ocr_par' dir='ltr' id='par_1_94' title="bbox 383 4753 2006 4824">
     <span class='ocr_line' id='line_1_94' title="bbox 383 4753 2006 4824; baseline 0.001 -16"><span class='ocrx_word' id='word_1_692' title='bbox 383 4754 532 4821; x_wconf 81' lang='lat' dir='ltr'>xisti,</span> <span class='ocrx_word' id='word_1_693' title='bbox 562 4753 629 4808; x_wconf 90' lang='lat' dir='ltr'>de</span> <span class='ocrx_word' id='word_1_694' title='bbox 652 4769 761 4824; x_wconf 92' lang='lat' dir='ltr'>quo</span> <span class='ocrx_word' id='word_1_695' title='bbox 784 4753 882 4807; x_wconf 90' lang='lat' dir='ltr'>tibi</span> <span class='ocrx_word' id='word_1_696' title='bbox 906 4753 1110 4822; x_wconf 87' lang='lat' dir='ltr'>scripto</span> <span class='ocrx_word' id='word_1_697' title='bbox 1134 4753 1417 4823; x_wconf 91' lang='lat' dir='ltr'>respondi,</span> <span class='ocrx_word' id='word_1_698' title='bbox 1440 4754 1598 4822; x_wconf 86' lang='lat' dir='ltr'>cujus</span> <span class='ocrx_word' id='word_1_699' title='bbox 1612 4754 1894 4824; x_wconf 88' lang='lat' dir='ltr'>exemplar</span> <span class='ocrx_word' id='word_1_700' title='bbox 1908 4756 2006 4810; x_wconf 88' lang='lat' dir='ltr'>ha-</span> 
     </span>
    </p>
   </div>
   <div class='ocr_carea' id='block_1_95' title="bbox 383 4845 2004 4917">
    <p class='ocr_par' dir='ltr' id='par_1_95' title="bbox 383 4845 2004 4917">
     <span class='ocr_line' id='line_1_95' title="bbox 383 4845 2004 4917; baseline 0.001 -17"><span class='ocrx_word' id='word_1_701' title='bbox 383 4847 508 4913; x_wconf 90' lang='lat' dir='ltr'>beo,</span> <span class='ocrx_word' id='word_1_702' title='bbox 541 4861 776 4900; x_wconf 89' lang='lat' dir='ltr'>monens</span> <span class='ocrx_word' id='word_1_703' title='bbox 803 4852 875 4914; x_wconf 92' lang='lat' dir='ltr'>te,</span> <span class='ocrx_word' id='word_1_704' title='bbox 903 4854 962 4899; x_wconf 87' lang='lat' dir='ltr'>ut</span> <span class='ocrx_word' id='word_1_705' title='bbox 987 4845 1158 4900; x_wconf 90' lang='lat' dir='ltr'>sacris</span> <span class='ocrx_word' id='word_1_706' title='bbox 1174 4846 1480 4900; x_wconf 89' lang='lat' dir='ltr'>canonibus</span> <span class='ocrx_word' id='word_1_707' title='bbox 1506 4853 1559 4900; x_wconf 91' lang='lat' dir='ltr'>et</span> <span class='ocrx_word' id='word_1_708' title='bbox 1581 4846 1894 4917; x_wconf 62' lang='lat' dir='ltr'>apostolicae</span> <span class='ocrx_word' id='word_1_709' title='bbox 1916 4863 2004 4902; x_wconf 91' lang='lat' dir='ltr'>se-</span> 
     </span>
    </p>
   </div>
   <div class='ocr_carea' id='block_1_96' title="bbox 382 4937 2002 5008">
    <p class='ocr_par' dir='ltr' id='par_1_96' title="bbox 382 4937 2002 5008">
     <span class='ocr_line' id='line_1_96' title="bbox 382 4937 2002 5008; baseline 0.001 -16"><span class='ocrx_word' id='word_1_710' title='bbox 382 4938 466 4993; x_wconf 88' lang='lat' dir='ltr'>dis</span> <span class='ocrx_word' id='word_1_711' title='bbox 496 4937 734 4993; x_wconf 89' lang='lat' dir='ltr'>decretis</span> <span class='ocrx_word' id='word_1_712' title='bbox 763 4953 827 4991; x_wconf 87' lang='lat' dir='ltr'>ex</span> <span class='ocrx_word' id='word_1_713' title='bbox 850 4937 1056 4991; x_wconf 91' lang='lat' dir='ltr'>eisdem</span> <span class='ocrx_word' id='word_1_714' title='bbox 1087 4937 1256 4992; x_wconf 89' lang='lat' dir='ltr'>sacris</span> <span class='ocrx_word' id='word_1_715' title='bbox 1275 4937 1580 4992; x_wconf 90' lang='lat' dir='ltr'>canonibus</span> <span class='ocrx_word' id='word_1_716' title='bbox 1607 4946 1662 4992; x_wconf 88' lang='lat' dir='ltr'>et</span> <span class='ocrx_word' id='word_1_717' title='bbox 1690 4939 2002 5008; x_wconf 74' lang='lat' dir='ltr'>apostolicae</span> 
     </span>
    </p>
   </div>
   <div class='ocr_carea' id='block_1_97' title="bbox 379 5027 1993 5104">
    <p class='ocr_par' dir='ltr' id='par_1_97' title="bbox 379 5027 1993 5104">
     <span class='ocr_line' id='line_1_97' title="bbox 379 5027 1993 5104; baseline 0.001 -20"><span class='ocrx_word' id='word_1_718' title='bbox 379 5029 528 5085; x_wconf 90' lang='lat' dir='ltr'>sedis</span> <span class='ocrx_word' id='word_1_719' title='bbox 551 5029 932 5104; x_wconf 86' lang='lat' dir='ltr'>promulgatis,</span> <span class='ocrx_word' id='word_1_720' title='bbox 975 5027 1139 5083; x_wconf 86' lang='lat' dir='ltr'>fidem</span> <span class='ocrx_word' id='word_1_721' title='bbox 1169 5029 1635 5097; x_wconf 89' lang='lat' dir='ltr'>accommodares,</span> <span class='ocrx_word' id='word_1_722' title='bbox 1669 5039 1722 5084; x_wconf 92' lang='lat' dir='ltr'>et</span> <span class='ocrx_word' id='word_1_723' title='bbox 1753 5030 1993 5086; x_wconf 87' lang='lat' dir='ltr'>debitam</span> 
     </span>
    </p>
   </div>
   <div class='ocr_carea' id='block_1_98' title="bbox 379 5121 1994 5193">
    <p class='ocr_par' dir='ltr' id='par_1_98' title="bbox 379 5121 1994 5193">
     <span class='ocr_line' id='line_1_98' title="bbox 379 5121 1994 5193; baseline -0.001 -14"><span class='ocrx_word' id='word_1_724' title='bbox 379 5123 754 5179; x_wconf 87' lang='lat' dir='ltr'>obedientiam</span> <span class='ocrx_word' id='word_1_725' title='bbox 790 5122 897 5177; x_wconf 90' lang='lat' dir='ltr'>illis</span> <span class='ocrx_word' id='word_1_726' title='bbox 923 5121 1290 5193; x_wconf 89' lang='lat' dir='ltr'>dependeres.</span> <span class='ocrx_word' id='word_1_727' title='bbox 1329 5121 1462 5176; x_wconf 89' lang='lat' dir='ltr'>Inde</span> <span class='ocrx_word' id='word_1_728' title='bbox 1495 5121 1549 5175; x_wconf 92' lang='lat' dir='ltr'>in</span> <span class='ocrx_word' id='word_1_729' title='bbox 1581 5122 1859 5192; x_wconf 87' lang='lat' dir='ltr'>Actinjaco</span> <span class='ocrx_word' id='word_1_730' title='bbox 1891 5122 1994 5177; x_wconf 85' lang='lat' dir='ltr'>Re-</span> 
     </span>
    </p>
   </div>
   <div class='ocr_carea' id='block_1_99' title="bbox 378 5209 1990 5282">
    <p class='ocr_par' dir='ltr' id='par_1_99' title="bbox 378 5209 1990 5282">
     <span class='ocr_line' id='line_1_99' title="bbox 378 5209 1990 5282; baseline 0.001 -18"><span class='ocrx_word' id='word_1_731' title='bbox 378 5211 584 5265; x_wconf 91' lang='lat' dir='ltr'>mensis</span> <span class='ocrx_word' id='word_1_732' title='bbox 625 5210 897 5281; x_wconf 66' lang='lat' dir='ltr'>parochiaa</span> <span class='ocrx_word' id='word_1_733' title='bbox 929 5209 1028 5263; x_wconf 91' lang='lat' dir='ltr'>tibi</span> <span class='ocrx_word' id='word_1_734' title='bbox 1058 5225 1240 5264; x_wconf 91' lang='lat' dir='ltr'>coram</span> <span class='ocrx_word' id='word_1_735' title='bbox 1272 5210 1548 5282; x_wconf 89' lang='lat' dir='ltr'>episc0pis</span> <span class='ocrx_word' id='word_1_736' title='bbox 1587 5210 1715 5265; x_wconf 85' lang='lat' dir='ltr'>dedi</span> <span class='ocrx_word' id='word_1_737' title='bbox 1746 5211 1990 5265; x_wconf 92' lang='lat' dir='ltr'>libellum</span> 
     </span>
    </p>
   </div>
   <div class='ocr_carea' id='block_1_100' title="bbox 378 5302 1995 5372">
    <p class='ocr_par' dir='ltr' id='par_1_100' title="bbox 378 5302 1995 5372">
     <span class='ocr_line' id='line_1_100' title="bbox 378 5302 1995 5372; baseline 0 -16"><span class='ocrx_word' id='word_1_738' title='bbox 378 5303 433 5356; x_wconf 91' lang='lat' dir='ltr'>in</span> <span class='ocrx_word' id='word_1_739' title='bbox 472 5304 543 5358; x_wconf 76' lang='grc'><strong>55</strong></span> <span class='ocrx_word' id='word_1_740' title='bbox 571 5302 826 5372; x_wconf 90' lang='lat' dir='ltr'>capitulis</span> <span class='ocrx_word' id='word_1_741' title='bbox 870 5302 1223 5357; x_wconf 90' lang='lat' dir='ltr'>auctoritates</span> <span class='ocrx_word' id='word_1_742' title='bbox 1261 5303 1660 5358; x_wconf 89' lang='lat' dir='ltr'>ecclesiasticas</span> <span class='ocrx_word' id='word_1_743' title='bbox 1704 5303 1995 5358; x_wconf 91' lang='lat' dir='ltr'>continen-</span> 
     </span>
    </p>
   </div>
   <div class='ocr_carea' id='block_1_101' title="bbox 377 5395 1989 5467">
    <p class='ocr_par' dir='ltr' id='par_1_101' title="bbox 377 5395 1989 5467">
     <span class='ocr_line' id='line_1_101' title="bbox 377 5395 1989 5467; baseline 0.001 -17"><span class='ocrx_word' id='word_1_744' title='bbox 377 5403 484 5451; x_wconf 82' lang='lat' dir='ltr'>tem</span> <span class='ocrx_word' id='word_1_745' title='bbox 521 5398 701 5467; x_wconf 59' lang='grc' dir='ltr'>(ςγδι,</span> <span class='ocrx_word' id='word_1_746' title='bbox 727 5398 784 5450; x_wconf 78' lang='lat' dir='ltr'>in</span> <span class='ocrx_word' id='word_1_747' title='bbox 821 5396 1121 5461; x_wconf 82' lang='lat' dir='ltr'>Attem&#39;aco,</span> <span class='ocrx_word' id='word_1_748' title='bbox 1147 5411 1276 5448; x_wconf 90' lang='lat' dir='ltr'>ann.</span> <span class='ocrx_word' id='word_1_749' title='bbox 1308 5395 1455 5467; x_wconf 86' lang='lat'>870),</span> <span class='ocrx_word' id='word_1_750' title='bbox 1483 5396 1778 5451; x_wconf 90' lang='lat' dir='ltr'>contrailla</span> <span class='ocrx_word' id='word_1_751' title='bbox 1793 5412 1914 5467; x_wconf 87' lang='lat' dir='ltr'>quae</span> <span class='ocrx_word' id='word_1_752' title='bbox 1937 5397 1989 5451; x_wconf 94' lang='lat' dir='ltr'>in</span> 
     </span>
    </p>
   </div>
   <div class='ocr_carea' id='block_1_102' title="bbox 378 5481 1992 5557">
    <p class='ocr_par' dir='ltr' id='par_1_102' title="bbox 378 5481 1992 5557">
     <span class='ocr_line' id='line_1_102' title="bbox 378 5481 1992 5557; baseline 0.001 -20"><span class='ocrx_word' id='word_1_753' title='bbox 378 5484 616 5553; x_wconf 76' lang='lat' dir='ltr'>praefatis</span> <span class='ocrx_word' id='word_1_754' title='bbox 650 5483 758 5538; x_wconf 91' lang='lat' dir='ltr'>tuis</span> <span class='ocrx_word' id='word_1_755' title='bbox 800 5483 1015 5538; x_wconf 89' lang='lat' dir='ltr'>duobus</span> <span class='ocrx_word' id='word_1_756' title='bbox 1047 5481 1249 5536; x_wconf 88' lang='lat' dir='ltr'>libellis</span> <span class='ocrx_word' id='word_1_757' title='bbox 1287 5483 1610 5557; x_wconf 86' lang='lat' dir='ltr'>collegeras,</span> <span class='ocrx_word' id='word_1_758' title='bbox 1651 5499 1887 5538; x_wconf 91' lang='lat' dir='ltr'>monens</span> <span class='ocrx_word' id='word_1_759' title='bbox 1933 5491 1992 5538; x_wconf 94' lang='lat' dir='ltr'>ut</span> 
     </span>
    </p>
   </div>
   <div class='ocr_carea' id='block_1_103' title="bbox 373 5569 1986 5639">
    <p class='ocr_par' dir='ltr' id='par_1_103' title="bbox 373 5569 1986 5639">
     <span class='ocr_line' id='line_1_103' title="bbox 373 5569 1986 5639; baseline 0 -13"><span class='ocrx_word' id='word_1_760' title='bbox 373 5573 617 5627; x_wconf 85' lang='lat' dir='ltr'>atalibus</span> <span class='ocrx_word' id='word_1_761' title='bbox 637 5570 1018 5638; x_wconf 90' lang='lat' dir='ltr'>ethujusmodi</span> <span class='ocrx_word' id='word_1_762' title='bbox 1047 5569 1569 5639; x_wconf 87' lang='lat' dir='ltr'>reprehensionibus</span> <span class='ocrx_word' id='word_1_763' title='bbox 1589 5578 1641 5624; x_wconf 91' lang='lat' dir='ltr'>te</span> <span class='ocrx_word' id='word_1_764' title='bbox 1671 5571 1986 5639; x_wconf 89' lang='lat' dir='ltr'>cohiberes,</span> 
     </span>
    </p>
   </div>
   <div class='ocr_carea' id='block_1_104' title="bbox 439 5667 1729 5745">
    <p class='ocr_par' dir='ltr' id='par_1_104' title="bbox 439 5667 1729 5745">
     <span class='ocr_line' id='line_1_104' title="bbox 439 5667 1729 5745; baseline -0.002 -18"><span class='ocrx_word' id='word_1_765' title='bbox 439 5672 552 5745; x_wconf 75' lang='grc'>(12)</span> <span class='ocrx_word' id='word_1_766' title='bbox 594 5671 778 5724; x_wconf 86' lang='lat' dir='ltr'>Exstat</span> <span class='ocrx_word' id='word_1_767' title='bbox 815 5670 960 5744; x_wconf 89' lang='lat' dir='ltr'>apud</span> <span class='ocrx_word' id='word_1_768' title='bbox 1000 5667 1311 5726; x_wconf 88' lang='lat' dir='ltr'>Aimonium</span> <span class='ocrx_word' id='word_1_769' title='bbox 1346 5669 1442 5723; x_wconf 89' lang='lat' dir='ltr'>lib.</span> <span class='ocrx_word' id='word_1_770' title='bbox 1475 5684 1528 5733; x_wconf 87' lang='lat' dir='ltr'>v,</span> <span class='ocrx_word' id='word_1_771' title='bbox 1561 5684 1609 5723; x_wconf 92' lang='lat' dir='ltr'>c.</span> <span class='ocrx_word' id='word_1_772' title='bbox 1638 5669 1729 5724; x_wconf 73' lang='grc'>24.</span> 
     </span>
    </p>
   </div>
   <div class='ocr_carea' id='block_1_105' title="bbox 2104 4465 3730 4544">
    <p class='ocr_par' dir='ltr' id='par_1_105' title="bbox 2104 4465 3730 4544">
     <span class='ocr_line' id='line_1_105' title="bbox 2104 4465 3730 4544; baseline 0.01 -26"><span class='ocrx_word' id='word_1_773' title='bbox 2104 4465 2467 4532; x_wconf 88' lang='lat' dir='ltr'>conservabo,</span> <span class='ocrx_word' id='word_1_774' title='bbox 2518 4475 2573 4522; x_wconf 93' lang='lat' dir='ltr'>et</span> <span class='ocrx_word' id='word_1_775' title='bbox 2614 4468 2669 4521; x_wconf 92' lang='lat' dir='ltr'>in</span> <span class='ocrx_word' id='word_1_776' title='bbox 2710 4469 3134 4544; x_wconf 89' lang='lat' dir='ltr'>quibuscunque</span> <span class='ocrx_word' id='word_1_777' title='bbox 3189 4475 3586 4533; x_wconf 90' lang='lat' dir='ltr'>ecclesiasticis</span> <span class='ocrx_word' id='word_1_778' title='bbox 3631 4496 3730 4534; x_wconf 85' lang='lat' dir='ltr'>ne-</span> 
     </span>
    </p>
   </div>
   <div class='ocr_carea' id='block_1_106' title="bbox 2105 4553 3729 4640">
    <p class='ocr_par' dir='ltr' id='par_1_106' title="bbox 2105 4553 3729 4640">
     <span class='ocr_line' id='line_1_106' title="bbox 2105 4553 3729 4640; baseline 0.01 -34"><span class='ocrx_word' id='word_1_779' title='bbox 2105 4553 2272 4628; x_wconf 90' lang='lat' dir='ltr'>gotiis</span> <span class='ocrx_word' id='word_1_780' title='bbox 2304 4553 2632 4630; x_wconf 83' lang='lat' dir='ltr'>indigneris,</span> <span class='ocrx_word' id='word_1_781' title='bbox 2669 4559 2976 4614; x_wconf 87' lang='lat' dir='ltr'>secundum</span> <span class='ocrx_word' id='word_1_782' title='bbox 3010 4578 3194 4618; x_wconf 87' lang='lat' dir='ltr'>sacras</span> <span class='ocrx_word' id='word_1_783' title='bbox 3226 4565 3446 4640; x_wconf 87' lang='lat' dir='ltr'>regulas</span> <span class='ocrx_word' id='word_1_784' title='bbox 3479 4568 3729 4624; x_wconf 85' lang='lat' dir='ltr'>debitum</span> 
     </span>
    </p>
   </div>
   <div class='ocr_carea' id='block_1_107' title="bbox 2107 4645 3728 4726">
    <p class='ocr_par' dir='ltr' id='par_1_107' title="bbox 2107 4645 3728 4726">
     <span class='ocr_line' id='line_1_107' title="bbox 2107 4645 3728 4726; baseline 0.011 -28"><span class='ocrx_word' id='word_1_785' title='bbox 2107 4645 2202 4726; x_wconf 80' lang='lat' dir='ltr'>tib_i</span> <span class='ocrx_word' id='word_1_786' title='bbox 2226 4646 2349 4714; x_wconf 88' lang='lat' dir='ltr'>jure</span> <span class='ocrx_word' id='word_1_787' title='bbox 2382 4647 2716 4716; x_wconf 87' lang='lat' dir='ltr'>adjutorium</span> <span class='ocrx_word' id='word_1_788' title='bbox 2771 4651 3232 4726; x_wconf 86' lang='lat' dir='ltr'>archiepiscOpali</span> <span class='ocrx_word' id='word_1_789' title='bbox 3265 4659 3596 4716; x_wconf 86' lang='lat' dir='ltr'>auctoritate</span> <span class='ocrx_word' id='word_1_790' title='bbox 3625 4662 3728 4716; x_wconf 87' lang='lat' dir='ltr'>ad-</span> 
     </span>
    </p>
   </div>
   <div class='ocr_carea' id='block_1_108' title="bbox 2108 4712 3729 4817">
    <p class='ocr_par' dir='ltr' id='par_1_108' title="bbox 2108 4712 3729 4817">
     <span class='ocr_line' id='line_1_108' title="bbox 2108 4712 3729 4817; baseline 0.01 -27"><span class='ocrx_word' id='word_1_791' title='bbox 2108 4712 2332 4793; x_wconf 74' lang='lat' dir='ltr'>hibebo.</span> <span class='ocrx_word' id='word_1_792' title='bbox 2367 4738 2496 4804; x_wconf 79' lang='lat' dir='ltr'>Quae</span> <span class='ocrx_word' id='word_1_793' title='bbox 2527 4757 2691 4795; x_wconf 89' lang='lat' dir='ltr'>causa</span> <span class='ocrx_word' id='word_1_794' title='bbox 2719 4757 2828 4796; x_wconf 91' lang='lat' dir='ltr'>non</span> <span class='ocrx_word' id='word_1_795' title='bbox 2848 4745 3023 4798; x_wconf 92' lang='lat' dir='ltr'>solum</span> <span class='ocrx_word' id='word_1_796' title='bbox 3059 4763 3166 4802; x_wconf 92' lang='lat' dir='ltr'>non</span> <span class='ocrx_word' id='word_1_797' title='bbox 3191 4748 3259 4802; x_wconf 90' lang='lat' dir='ltr'>de</span> <span class='ocrx_word' id='word_1_798' title='bbox 3290 4749 3509 4817; x_wconf 90' lang='lat' dir='ltr'>humili,</span> <span class='ocrx_word' id='word_1_799' title='bbox 3540 4769 3729 4809; x_wconf 86' lang='lat' dir='ltr'>verum</span> 
     </span>
    </p>
   </div>
   <div class='ocr_carea' id='block_1_109' title="bbox 2105 4829 3734 4915">
    <p class='ocr_par' dir='ltr' id='par_1_109' title="bbox 2105 4829 3734 4915">
     <span class='ocr_line' id='line_1_109' title="bbox 2105 4829 3734 4915; baseline 0.01 -32"><span class='ocrx_word' id='word_1_800' title='bbox 2105 4845 2210 4884; x_wconf 91' lang='lat' dir='ltr'>nec</span> <span class='ocrx_word' id='word_1_801' title='bbox 2258 4829 2328 4884; x_wconf 92' lang='lat' dir='ltr'>de</span> <span class='ocrx_word' id='word_1_802' title='bbox 2357 4845 2492 4885; x_wconf 92' lang='lat' dir='ltr'>sano</span> <span class='ocrx_word' id='word_1_803' title='bbox 2551 4847 2714 4886; x_wconf 90' lang='lat' dir='ltr'>sensu</span> <span class='ocrx_word' id='word_1_804' title='bbox 2746 4835 3040 4903; x_wconf 91' lang='lat' dir='ltr'>processit.</span> <span class='ocrx_word' id='word_1_805' title='bbox 3104 4837 3369 4907; x_wconf 89' lang='lat' dir='ltr'>lnjustum</span> <span class='ocrx_word' id='word_1_806' title='bbox 3405 4843 3617 4915; x_wconf 92' lang='lat' dir='ltr'>quippe</span> <span class='ocrx_word' id='word_1_807' title='bbox 3672 4860 3734 4899; x_wconf 89' lang='lat' dir='ltr'>ac</span> 
     </span>
    </p>
   </div>
   <div class='ocr_carea' id='block_1_110' title="bbox 2106 4917 3730 4997">
    <p class='ocr_par' dir='ltr' id='par_1_110' title="bbox 2106 4917 3730 4997">
     <span class='ocr_line' id='line_1_110' title="bbox 2106 4917 3730 4997; baseline 0.01 -28"><span class='ocrx_word' id='word_1_808' title='bbox 2106 4917 2481 4972; x_wconf 89' lang='lat' dir='ltr'>irrationabile</span> <span class='ocrx_word' id='word_1_809' title='bbox 2533 4919 2770 4985; x_wconf 78' lang='lat' dir='ltr'>videtur,</span> <span class='ocrx_word' id='word_1_810' title='bbox 2829 4927 2888 4976; x_wconf 89' lang='lat' dir='ltr'>ut</span> <span class='ocrx_word' id='word_1_811' title='bbox 2941 4924 3394 4997; x_wconf 86' lang='lat' dir='ltr'>archiepiscOpus</span> <span class='ocrx_word' id='word_1_812' title='bbox 3461 4947 3491 4984; x_wconf 92' lang='lat' dir='ltr'>a</span> <span class='ocrx_word' id='word_1_813' title='bbox 3563 4933 3730 4988; x_wconf 85' lang='lat' dir='ltr'>sacris</span> 
     </span>
    </p>
   </div>
   <div class='ocr_carea' id='block_1_111' title="bbox 2104 5009 3724 5092">
    <p class='ocr_par' dir='ltr' id='par_1_111' title="bbox 2104 5009 3724 5092">
     <span class='ocr_line' id='line_1_111' title="bbox 2104 5009 3724 5092; baseline 0.008 -28"><span class='ocrx_word' id='word_1_814' title='bbox 2104 5009 2408 5064; x_wconf 89' lang='lat' dir='ltr'>canonibus</span> <span class='ocrx_word' id='word_1_815' title='bbox 2439 5025 2547 5064; x_wconf 92' lang='lat' dir='ltr'>non</span> <span class='ocrx_word' id='word_1_816' title='bbox 2586 5011 2920 5074; x_wconf 85' lang='lat' dir='ltr'>exorbitans,</span> <span class='ocrx_word' id='word_1_817' title='bbox 2964 5015 3253 5071; x_wconf 90' lang='lat' dir='ltr'>excedenti</span> <span class='ocrx_word' id='word_1_818' title='bbox 3312 5019 3579 5092; x_wconf 87' lang='lat' dir='ltr'>episcopo</span> <span class='ocrx_word' id='word_1_819' title='bbox 3611 5023 3724 5077; x_wconf 89' lang='lat' dir='ltr'>suf-</span> 
     </span>
    </p>
   </div>
   <div class='ocr_carea' id='block_1_112' title="bbox 2094 5097 3721 5182">
    <p class='ocr_par' dir='ltr' id='par_1_112' title="bbox 2094 5097 3721 5182">
     <span class='ocr_line' id='line_1_112' title="bbox 2094 5097 3721 5182; baseline 0.009 -30"><span class='ocrx_word' id='word_1_820' title='bbox 2094 5097 2355 5172; x_wconf 89' lang='lat' dir='ltr'>fraganeo</span> <span class='ocrx_word' id='word_1_821' title='bbox 2394 5115 2425 5152; x_wconf 92' lang='lat' dir='ltr'>a</span> <span class='ocrx_word' id='word_1_822' title='bbox 2452 5115 2511 5154; x_wconf 94' lang='lat' dir='ltr'>se</span> <span class='ocrx_word' id='word_1_823' title='bbox 2541 5101 2816 5168; x_wconf 91' lang='lat' dir='ltr'>ordinato,</span> <span class='ocrx_word' id='word_1_824' title='bbox 2850 5101 3214 5172; x_wconf 87' lang='lat' dir='ltr'>professionis</span> <span class='ocrx_word' id='word_1_825' title='bbox 3251 5123 3315 5162; x_wconf 89' lang='lat' dir='ltr'>ac</span> <span class='ocrx_word' id='word_1_826' title='bbox 3351 5109 3721 5182; x_wconf 88' lang='lat' dir='ltr'>subscriptio-</span> 
     </span>
    </p>
   </div>
   <div class='ocr_carea' id='block_1_113' title="bbox 2095 5190 3714 5262">
    <p class='ocr_par' dir='ltr' id='par_1_113' title="bbox 2095 5190 3714 5262">
     <span class='ocr_line' id='line_1_113' title="bbox 2095 5190 3714 5262; baseline 0.011 -19"><span class='ocrx_word' id='word_1_827' title='bbox 2095 5190 2180 5244; x_wconf 92' lang='lat' dir='ltr'>nis</span> <span class='ocrx_word' id='word_1_828' title='bbox 2234 5190 2442 5257; x_wconf 90' lang='lat' dir='ltr'>libello,</span> <span class='ocrx_word' id='word_1_829' title='bbox 2502 5191 2644 5246; x_wconf 90' lang='lat' dir='ltr'>sicut</span> <span class='ocrx_word' id='word_1_830' title='bbox 2693 5193 3088 5262; x_wconf 87' lang='lat' dir='ltr'>postulaveras,</span> <span class='ocrx_word' id='word_1_831' title='bbox 3140 5197 3501 5256; x_wconf 88' lang='lat' dir='ltr'>satisfaceret.</span> <span class='ocrx_word' id='word_1_832' title='bbox 3564 5205 3714 5261; x_wconf 88' lang='lat' dir='ltr'>Sicut</span> 
     </span>
    </p>
   </div>
   <div class='ocr_carea' id='block_1_114' title="bbox 2091 5282 3711 5360">
    <p class='ocr_par' dir='ltr' id='par_1_114' title="bbox 2091 5282 3711 5360">
     <span class='ocr_line' id='line_1_114' title="bbox 2091 5282 3711 5360; baseline 0.01 -25"><span class='ocrx_word' id='word_1_833' title='bbox 2091 5282 2238 5335; x_wconf 91' lang='lat' dir='ltr'>enim</span> <span class='ocrx_word' id='word_1_834' title='bbox 2279 5282 2582 5337; x_wconf 91' lang='lat' dir='ltr'>secundum</span> <span class='ocrx_word' id='word_1_835' title='bbox 2616 5283 2948 5354; x_wconf 90' lang='lat' dir='ltr'>Scripturam</span> <span class='ocrx_word' id='word_1_836' title='bbox 3001 5288 3184 5342; x_wconf 90' lang='lat' dir='ltr'>minor</span> <span class='ocrx_word' id='word_1_837' title='bbox 3227 5305 3258 5343; x_wconf 89' lang='lat' dir='ltr'>a</span> <span class='ocrx_word' id='word_1_838' title='bbox 3288 5291 3498 5360; x_wconf 88' lang='lat' dir='ltr'>majore</span> <span class='ocrx_word' id='word_1_839' title='bbox 3536 5293 3711 5351; x_wconf 88' lang='lat' dir='ltr'>bene-</span> 
     </span>
    </p>
   </div>
   <div class='ocr_carea' id='block_1_115' title="bbox 2094 5369 3712 5448">
    <p class='ocr_par' dir='ltr' id='par_1_115' title="bbox 2094 5369 3712 5448">
     <span class='ocr_line' id='line_1_115' title="bbox 2094 5369 3712 5448; baseline 0.009 -26"><span class='ocrx_word' id='word_1_840' title='bbox 2094 5369 2293 5424; x_wconf 89' lang='lat' dir='ltr'>dicitur</span> <span class='ocrx_word' id='word_1_841' title='bbox 2318 5371 2502 5438; x_wconf 81' lang='lat' dir='ltr'>(Hebr.</span> <span class='ocrx_word' id='word_1_842' title='bbox 2536 5371 2652 5440; x_wconf 85' lang='lat' dir='ltr'>vn),</span> <span class='ocrx_word' id='word_1_843' title='bbox 2695 5371 2768 5426; x_wconf 91' lang='lat' dir='ltr'>ita</span> <span class='ocrx_word' id='word_1_844' title='bbox 2800 5387 3028 5442; x_wconf 92' lang='lat' dir='ltr'>prorsus</span> <span class='ocrx_word' id='word_1_845' title='bbox 3057 5373 3290 5430; x_wconf 89' lang='lat' dir='ltr'>minora</span> <span class='ocrx_word' id='word_1_846' title='bbox 3323 5379 3534 5448; x_wconf 89' lang='lat' dir='ltr'>majore</span> <span class='ocrx_word' id='word_1_847' title='bbox 3559 5382 3712 5448; x_wconf 88' lang='lat' dir='ltr'>judi-</span> 
     </span>
    </p>
   </div>
   <div class='ocr_carea' id='block_1_116' title="bbox 2091 5461 3708 5534">
    <p class='ocr_par' dir='ltr' id='par_1_116' title="bbox 2091 5461 3708 5534">
     <span class='ocr_line' id='line_1_116' title="bbox 2091 5461 3708 5534; baseline 0.009 -20"><span class='ocrx_word' id='word_1_848' title='bbox 2091 5470 2266 5526; x_wconf 88' lang='lat' dir='ltr'>catur,</span> <span class='ocrx_word' id='word_1_849' title='bbox 2296 5461 2497 5534; x_wconf 86' lang='lat' dir='ltr'>ligatur</span> <span class='ocrx_word' id='word_1_850' title='bbox 2520 5462 2604 5516; x_wconf 90' lang='lat' dir='ltr'>vel</span> <span class='ocrx_word' id='word_1_851' title='bbox 2637 5463 2888 5529; x_wconf 90' lang='lat' dir='ltr'>solvitur,</span> <span class='ocrx_word' id='word_1_852' title='bbox 2933 5463 3076 5518; x_wconf 88' lang='lat' dir='ltr'>sicut</span> <span class='ocrx_word' id='word_1_853' title='bbox 3101 5471 3155 5518; x_wconf 91' lang='lat' dir='ltr'>et</span> <span class='ocrx_word' id='word_1_854' title='bbox 3184 5464 3240 5518; x_wconf 90' lang='lat' dir='ltr'>in</span> <span class='ocrx_word' id='word_1_855' title='bbox 3281 5467 3523 5525; x_wconf 88' lang='lat' dir='ltr'>decretis</span> <span class='ocrx_word' id='word_1_856' title='bbox 3553 5473 3708 5528; x_wconf 86' lang='lat' dir='ltr'>Gela-</span> 
     </span>
    </p>
   </div>
   <div class='ocr_carea' id='block_1_117' title="bbox 2089 5551 3700 5639">
    <p class='ocr_par' dir='ltr' id='par_1_117' title="bbox 2089 5551 3700 5639">
     <span class='ocr_line' id='line_1_117' title="bbox 2089 5551 3700 5639; baseline 0.009 -35"><span class='ocrx_word' id='word_1_857' title='bbox 2089 5551 2153 5605; x_wconf 89' lang='lat' dir='ltr'>sii</span> <span class='ocrx_word' id='word_1_858' title='bbox 2183 5552 2588 5610; x_wconf 76' lang='lat' dir='ltr'>demonstratur</span> <span class='ocrx_word' id='word_1_859' title='bbox 2640 5554 2880 5625; x_wconf 66' lang='lat' dir='ltr'>(GsLas.,</span> <span class='ocrx_word' id='word_1_860' title='bbox 2920 5571 3000 5610; x_wconf 87' lang='lat' dir='ltr'>ev.</span> <span class='ocrx_word' id='word_1_861' title='bbox 3047 5556 3081 5610; x_wconf 74' lang='grc'><strong>4</strong></span> <span class='ocrx_word' id='word_1_862' title='bbox 3105 5561 3155 5610; x_wconf 84' lang='lat' dir='ltr'>et</span> <span class='ocrx_word' id='word_1_863' title='bbox 3188 5556 3298 5627; x_wconf 88' lang='grc'>13),</span> <span class='ocrx_word' id='word_1_864' title='bbox 3347 5560 3505 5618; x_wconf 85' lang='lat' dir='ltr'>Juste</span> <span class='ocrx_word' id='word_1_865' title='bbox 3532 5564 3700 5639; x_wconf 88' lang='lat' dir='ltr'>igitur</span> 
     </span>
    </p>
   </div>
  </div>
