3970 6218
164 324 271 377 213

815 317 1139 373 HISTORUE
1178 316 1509 372 ECCLESUE
1548 315 1880 372 REMENSIS
1922 316 2097 372 LIBRI
2138 316 2465 382 QUATUOR.
2498 346 2567 356 —
2608 317 2733 371 LIB.
2767 317 2857 371 lll.

3397 316 3503 371 2H

166 468 223 513 et
254 454 661 512 rationabiliter
700 454 799 509 tibi
840 454 973 509 hinc
1018 453 1385 524 respondetur
1423 469 1489 507 ex
1526 452 1732 509 Iacobo
1765 471 1777 507 :
1806 459 1856 524 Α
1881 453 2159 524 episcopis
2199 469 2258 507 es
2288 454 2591 519 ordinatus,
2642 469 2789 525 pene
2840 452 3100 509 vicarium
3150 452 3495 523 episcOpum,

168 549 357 606 Petisti
392 556 446 604 et
474 563 586 603 non
614 546 899 616 accepisti,
919 561 986 601 eo
1000 546 1148 617 quod
1162 546 1301 599 male
1318 546 1503 615 petisti
1534 548 1663 611 (Jac.
1686 546 1777 616 tv).

159 639 272 695 Sed
294 647 350 692 et
377 637 434 691 in
463 652 531 691 eo
548 635 697 707 quod
728 634 827 689 tibi
860 651 891 688 a
914 650 1002 687 me
1033 634 1308 689 subscribi
1338 634 1699 704 proposuisti,
1726 643 1783 688 ut

163 738 319 785 tuum
345 725 799 790 debitum,sacris
830 724 1283 795 praecipientibus
1312 725 1640 791 canonibus,
1667 724 1781 795 pri-

157 820 428 893 vilegium
450 832 856 882 conservarem,
879 815 1063 878 petisti
1088 815 1234 885 quod
1249 813 1592 879 voluisti,sed
1609 814 1779 868 nesci-

159 915 233 968 sti
251 912 402 984 quod
436 910 644 974 dixisti,
657 908 919 979 quoniam
934 914 1228 963 utsanctus
1245 907 1776 979 Hieronymusdicit:

160 1006 464 1079 Privilegia
489 1004 834 1074 singulorum
876 1016 1223 1056 communem
1248 1000 1425 1073 legem
1458 1000 1635 1054 facere
1672 1015 1778 1054 non

159 1111 398 1173 possunt
425 1101 705 1169 (HlERON.,
738 1100 798 1151 in
826 1112 944 1166 cap.
978 1113 992 1149 ι
1022 1095 1209 1163 Ιοηιε).
1243 1095 1303 1149 Et
1355 1095 1493 1148 sacri
1538 1109 1779 1148 canones

158 1192 602 1264 provincialibus
632 1189 928 1262 episc0pis,
979 1196 1035 1243 et
1080 1204 1269 1242 eorum
1295 1186 1546 1241 ecclesiis
1571 1186 1655 1239 vel
1686 1200 1776 1238 se-

156 1285 352 1348 dibus,
394 1283 685 1356 privilegia
747 1280 962 1335 scilicet
1010 1280 1249 1351 privatas
1298 1281 1470 1352 leges,
1520 1278 1603 1331 vel
1657 1277 1780 1345 jura

156 1378 379 1449 privata
431 1375 763 1449 generaliter
793 1389 902 1428 non
931 1372 1223 1436 dederunt,
1257 1372 1384 1442 quia
1409 1370 1557 1442 quod
1588 1386 1781 1425 omnes

151 1465 505 1541 generaliter
528 1464 751 1528 habent,
780 1463 873 1530 jus
891 1464 1129 1533 speciale
1162 1470 1215 1516 et
1240 1462 1525 1533 dignitatis
1558 1462 1642 1515 lex
1667 1461 1778 1531 pri-

152 1567 290 1613 vata
341 1574 461 1612 esse
514 1573 623 1612 non
673 1556 835 1612 valet.
886 1556 991 1611 Sed
1028 1555 1467 1625 metropolitanis
1506 1553 1780 1625 episcopis

152 1663 224 1701 ac
236 1646 681 1717 metrOpolitanis
702 1645 928 1700 sedibus
942 1644 1231 1719 privilegia
1251 1644 1585 1698 tribuerunt.
1606 1664 1627 1692 ι)
1645 1653 1748 1697 etc.
1765 1687 1779 1709 ,

153 1737 231 1789 de
267 1736 440 1789 sacris
462 1734 770 1789 canonibus
826 1743 880 1789 et
931 1734 1171 1789 decretis
1220 1751 1375 1806 papm
1406 1734 1603 1788 Leonis
1635 1734 1775 1787 sub-

153 1848 325 1887 nexa.
362 1829 497 1885 Post
527 1846 649 1901 qua:
681 1830 950 1884 subinfert
983 1848 996 1883 :

239 1940 263 1969 ι
296 1920 641 1990 Quapropter
668 1919 890 1989 quando
926 1918 1053 1971 talia
1084 1917 1218 1971 mihi
1246 1917 1314 1971 ad
1339 1916 1705 1988 profitendum
1724 1926 1779 1972 et

151 2011 632 2067 subscribendum
660 2010 879 2077 misisti,
910 2011 1049 2065 scire
1076 2009 1373 2076 debueras,
1399 2011 1546 2080 quod
1578 2012 1627 2066 in
1656 2012 1776 2066 istis

151 2101 490 2176 regionibus
538 2117 701 2155 nemo
755 2116 896 2170 pene
948 2099 1184 2173 ignorat,
1238 2099 1365 2169 quia
1411 2100 1773 2170 municipium

152 2192 434 2254 Lauduni,
469 2191 523 2244 in
550 2206 657 2263 quo
708 2207 767 2245 es
810 2191 1093 2245 ordinatus
1120 2190 1435 2261 episc0pus,
1454 2191 1522 2244 ab
1547 2192 1773 2246 exordio

147 2285 265 2351 sui,
325 2292 612 2355 postquam
670 2300 701 2337 a
750 2283 1055 2338 Marcobrio
1111 2291 1365 2353 praetore,
1419 2290 1476 2336 ut
1535 2284 1771 2352 produnt

150 2373 428 2438 historiae,
462 2373 742 2427 conditum
764 2370 885 2437 fuit,
921 2387 1202 2441 nunquam
1255 2371 1398 2425 inter
1446 2371 1608 2425 sedes
1640 2388 1769 2441 pro-

146 2462 423 2518 vinciales
451 2462 742 2516 Remorum
791 2460 1101 2530 provincize.
1139 2459 1192 2513 in
1224 2460 1568 2531 paganismo,
1601 2462 1682 2514 vel
1716 2460 1769 2514 in

148 2555 598 2620 Christianismo,
634 2571 834 2610 nomen
864 2554 949 2608 vel
981 2552 1161 2609 locum
1196 2554 1409 2618 habuit,
1441 2555 1619 2609 donec
1646 2571 1773 2608 san-

148 2654 278 2701 ctus
305 2644 591 2718 Remigius
641 2642 1035 2714 quindecimus
1078 2643 1366 2699 Remorum
1395 2644 1771 2714 archiepisco-

146 2752 279 2807 pus,
322 2736 492 2790 certis
514 2734 842 2806 quibusdam
888 2735 1267 2789 accidentibus
1309 2735 1513 2800 causis,
1560 2736 1770 2805 primus

148 2826 363 2879 ibidem
391 2824 1036 2893 ordinavitepiscopum,
1087 2832 1141 2879 et
1193 2825 1372 2878 eidem
1438 2824 1765 2896 municipio,

142 2922 215 2975 de
260 2918 432 2973 rebus
483 2918 764 2971 Remensis
816 2918 1135 2988 metropolis
1185 2920 1318 2973 satis
1372 2936 1649 2991 superque
1678 2921 1765 2974 di-

144 3022 285 3077 tato,
323 3013 503 3082 ipsum
555 3011 892 3076 comitatum,
953 3012 1007 3066 in
1054 3029 1164 3084 quo
1224 3015 1493 3082 consistit,
1560 3024 1764 3084 partem

144 3102 370 3157 scilicet
397 3117 462 3155 ex
495 3100 748 3155 Remensi
788 3102 1047 3171 parochia
1088 3102 1363 3176 delegavit
1389 3122 1401 3169 ;
1425 3104 1520 3158 sed
1552 3120 1770 3174 semper

145 3307 258 3361 que
282 3297 341 3343 et
380 3288 487 3342 alia
519 3288 818 3359 municipia
848 3288 901 3342 in
954 3289 1208 3344 Remensi
1242 3292 1521 3361 parochia,
1556 3308 1679 3362 quae
1711 3294 1765 3346 in

143 3377 730 3447 subjectionibusloco
760 3394 822 3432 ac
838 3380 1063 3433 nomine
1091 3387 1432 3449 permanent.
1458 3380 1572 3434 Non
1599 3381 1768 3453 igitur

144 3474 526 3548 privilegium,
543 3474 637 3527 sed
654 3474 1052 3545 municipatum
1069 3476 1168 3529 tibi
1182 3476 1388 3530 debere
1408 3477 1613 3530 servari
1632 3492 1766 3531 con-

140 3577 381 3625 venerat
414 3575 620 3637 petere,
654 3570 783 3639 quia
812 3568 953 3624 sicut
981 3570 1164 3624 Patres
1196 3570 1368 3624 nostri
1424 3586 1488 3624 ac
1515 3571 1762 3644 magistri

145 3661 415 3719 Ecclesia
448 3660 688 3725 tradunt,
718 3661 919 3716 Paulus
967 3663 1247 3731 apostolus
1297 3678 1405 3717 non
1465 3678 1524 3717 se
1564 3663 1763 3729 civem,

140 3756 241 3810 sed
294 3752 635 3823 municipem
683 3754 943 3825 appellat,
995 3755 1229 3809 dicens:
1280 3758 1393 3823 Ego
1434 3757 1586 3810 homo
1648 3772 1767 3811 sum

142 3850 372 3919 quidem
426 3847 644 3902 Iudaeus
706 3850 973 3903 aTharso
1006 3850 1224 3915 Cilicia,
1283 3865 1388 3903 non
1454 3852 1649 3916 ignota:
1686 3852 1766 3904 ci-

141 3947 338 3999 vitatis
377 3945 648 4012 municeps
704 3944 843 4009 (Act.
877 3944 1004 4010 xxx).
1064 3944 1229 3999 Natus
1285 3944 1510 4014 quidem
1542 3950 1767 4013 aposto-

142 4038 225 4092 lus
262 4038 321 4091 in
372 4035 580 4106 Oppido
609 4035 842 4091 Galilaea:
898 4036 1095 4091 Giscali
1156 4036 1279 4099 fuit,
1315 4052 1424 4107 quo
1452 4053 1482 4090 a
1508 4037 1766 4091 Romanis

144 4134 334 4198 capto,
370 4142 491 4179 cum
526 4126 851 4195 parentibus
908 4126 1023 4180 suis
1070 4126 1334 4181 Tharsum
1377 4127 1578 4181 Cilicia:
1618 4143 1772 4182 com-

146 4216 427 4291 migravit.
467 4218 506 4270 A
538 4216 743 4287 quibus
768 4217 838 4271 ob
866 4217 1108 4272 studium
1160 4218 1297 4288 legis
1354 4220 1553 4273 missus
1582 4219 1769 4273 Hiero—

147 4314 446 4383 solymam.
500 4327 531 4364 a
588 4311 885 4366 Gamaliele
942 4311 1059 4367 viro
1117 4312 1458 4377 doctissimo,
1518 4314 1655 4367 sicut
1713 4314 1768 4366 in

145 4402 629 4474 subsequentibus
686 4404 805 4474 ipse
858 4415 1146 4471 memorat,
1209 4405 1459 4460 eruditus
1489 4413 1573 4459 est
1631 4407 1763 4476 (Act.

145 4498 311 4562 xxii),
346 4494 410 4547 Et
438 4493 565 4548 ideo
592 4509 702 4548 non
752 4510 811 4549 se
844 4495 1042 4558 civem,
1074 4497 1171 4551 sed
1196 4497 1556 4567 municipem,
1586 4515 1615 4552 a
1647 4516 1770 4553 mu-

144 4589 381 4660 nicipio,
416 4587 471 4640 id
501 4594 604 4652 est,
652 4588 927 4643 territorio
981 4589 1230 4657 ejusdem
1290 4590 1544 4653 civitatis,
1572 4591 1626 4644 in
1659 4608 1767 4663 quo

148 4684 398 4739 nutritus
425 4689 528 4743 est,
575 4680 832 4750 appellat.
898 4681 1105 4735 Dictum
1150 4689 1334 4735 autem
1386 4684 1769 4752 municipium,

149 4773 299 4842 quod
330 4777 544 4824 tantum
573 4771 783 4837 munia,
826 4770 881 4824 id
928 4779 1013 4825 est
1063 4770 1265 4825 tributa
1306 4771 1491 4826 debita
1536 4773 1617 4826 vel
1650 4790 1771 4827 mu-

149 4878 283 4916 nera
317 4859 532 4914 reddat.
587 4859 718 4913 Nam
773 4859 1031 4914 liberales
1057 4868 1111 4913 et
1140 4859 1517 4916 famosissimae
1563 4878 1762 4929 causa»,

148 4960 203 5006 et
257 4968 386 5024 qua}
440 4967 504 5005 ex
564 4951 813 5022 principe
873 4951 1311 5023 proficiscuntur,
1345 4956 1411 5009 ad
1439 4956 1763 5027 dignitatem

149 5045 437 5100 civitatum
468 5044 769 5113 pertinent.
812 5045 920 5099 Nec
984 5046 1205 5111 mirum,
1238 5047 1281 5100 si
1305 5065 1365 5101 se
1387 5049 1772 5113 'l‘harsensem,

152 5143 204 5189 et
233 5151 349 5190 non
385 5134 698 5189 Giscalitem
747 5135 913 5199 dicat,
960 5152 1081 5189 cum
1142 5137 1404 5191 Dominus
1450 5138 1645 5207 ipsein
1676 5139 1773 5192 De-

155 5225 400 5281 thlehem
426 5231 587 5279 natus
613 5240 723 5279 non
752 5226 1200 5293 Bethlehemites,
1227 5228 1323 5282 sed
1383 5228 1712 5294 Nazarenus,
1742 5245 1771 5281 a

156 5312 273 5369 loco
299 5315 358 5368 in
389 5329 500 5385 quo
552 5314 791 5368 nutritus
839 5322 973 5379 erat,
1008 5317 1431 5389 cognominatus
1486 5326 1585 5373 est.
1622 5319 1682 5372 Et
1714 5327 1765 5373 tu

158 5416 285 5477 ergo
315 5403 371 5456 in
406 5402 634 5457 dioecesi
664 5403 918 5456 Remensi
948 5411 1129 5469 natus,
1168 5412 1222 5458 et
1255 5405 1308 5457 in
1350 5406 1637 5475 metrOpoli
1675 5408 1777 5460 lie-

158 5508 375 5549 morum
407 5494 671 5559 nutritus,
700 5500 755 5547 et
777 5494 833 5547 in
865 5495 1167 5564 municipio
1193 5497 1438 5552 Lauduni
1467 5500 1774 5563 ordinatus,

161 5597 265 5636 non
297 5591 351 5637 te
382 5582 604 5637 civilem
635 5580 721 5635 vel
749 5582 1005 5649 civicum,
1028 5584 1125 5637 sed
1140 5586 1777 5656 municipem,videlicet

164 5674 512 5728 tributarium
564 5688 663 5725 seu
724 5674 1121 5740 munerarium,
1182 5677 1389 5731 utinam
1449 5678 1773 5747 spiritalium

166 5760 435 5819 donorum
467 5760 817 5831 cpisc0pum,
876 5768 931 5816 et
981 5773 1210 5833 excepto
1265 5765 1413 5834 quod
1453 5782 1483 5820 a
1529 5765 1779 5836 pluribus

1883 564 2046 617 quem
2069 546 2237 602 Graeci
2272 548 2729 619 cliorepiscOpum
2782 554 2998 610 vocant,
3046 546 3319 600 debueras
3343 561 3500 601 reco-

1882 652 2249 709 gnoscere,ac
2276 655 2375 709 per
2416 640 2519 693 hoc
2575 655 2683 693 non
2744 638 3091 711 privilegium
3142 637 3242 691 tibi
3270 635 3493 701 ascribi,

1882 729 1978 782 sed
2010 729 2443 800 municipatum;
2479 747 2581 785 nec
2630 738 2821 785 contra
2850 729 3200 802 privilegium
3245 738 3349 783 tum
3380 744 3497 781 me-

1882 818 2113 888 trOpolis
2159 826 2211 871 te
2256 827 2575 889 Oportuerat
2632 819 2925 883 rebellare,
2959 818 3103 888 quod
3139 834 3245 871 non
3278 832 3492 891 ageres,

1880 906 1924 959 si
1958 906 2140 959 animo
2172 906 2391 969 Paulus,
2432 906 2644 960 scilicet
2704 908 2939 976 pusillus
2970 914 3023 960 et
3053 908 3273 960 humilis
3322 920 3490 959 esses.

1884 994 2032 1048 Unde
2060 995 2367 1048 timendum
2397 1002 2499 1056 est,
2535 1010 2601 1048 ne
2631 1002 2685 1047 et
2734 995 2786 1046 in
2820 995 2923 1048 hoc
2950 994 3278 1064 perditionis
3319 994 3491 1047 ﬁlium

1882 1082 2127 1146 imiteris,
2159 1082 2252 1152 qui
2318 1082 2639 1135 adversatur
2691 1088 2745 1134 et
2803 1082 3081 1135 extollitur
3134 1099 3299 1151 supra
3328 1096 3492 1136 omne

1881 1174 2026 1244 quod
2059 1173 2259 1227 dicitur
2288 1173 2449 1237 Deus,
2501 1179 2609 1240 aut,
2650 1171 2796 1241 quod
2839 1172 3037 1225 colitur
3088 1171 3161 1240 (ΙΙ
3194 1175 3371 1227 Thess.
3408 1175 3490 1241 ιι).

1883 1265 1978 1319 Cui
2011 1274 2275 1335 quantum
2294 1280 2357 1317 ex
2390 1271 2440 1317 te
2473 1263 2593 1328 fuit,
2627 1263 2898 1316 tradidisti
2929 1279 3024 1317 eos
3055 1278 3194 1333 quos
3227 1264 3493 1337 irregula-

1883 1356 2031 1421 riter,
2056 1363 2113 1409 ut
2144 1355 2382 1425 pnemisi
2428 1355 2938 1419 excommunicasti,
3000 1370 3107 1408 non
3150 1364 3226 1415 ut,
3288 1371 3490 1408 secun—

1881 1446 2010 1498 dum
2040 1444 2382 1515 Apostolum,
2416 1444 2643 1514 spiritus
2670 1459 2859 1496 eorum
2893 1443 3025 1497 salvi
3060 1444 3109 1511 (Ι
3135 1442 3252 1497 Cor.
3290 1444 3362 1510 ν).
3393 1443 3489 1496 sed

1882 1544 2145 1607 quantum
2180 1535 2329 1589 furor
2377 1543 2431 1589 et
2480 1533 2788 1607 indignatio
2820 1541 2910 1587 tua
2962 1534 3257 1603 prrevalere
3292 1534 3489 1604 potuit,

1883 1628 2083 1699 perditi
2113 1636 2296 1681 essent
2327 1628 2379 1681 in
2414 1628 2503 1680 die
2534 1626 2771 1681 Domini.
2796 1628 2935 1691 Quas
2966 1628 3348 1701 colligationes
3381 1628 3487 1681 im-

1885 1720 2125 1790 pietatis,
2156 1727 2215 1773 ut
2251 1734 2397 1788 saepe
2438 1719 2641 1773 dictum
2687 1727 2789 1783 est,
2835 1728 2888 1773 et
2917 1736 3137 1789 semper
3195 1720 3490 1773 dicendum

1808 1781 1857 1847 Β
1886 1820 1983 1865 est.
2011 1810 2271 1881 quoniam
2306 1809 2631 1884 regulariter
2672 1818 2861 1864 contra
2917 1818 3102 1865 votum
3161 1820 3310 1865 tuum
3376 1812 3492 1865 dis-

1878 1902 2037 1965 solvi,
2072 1908 2123 1955 tc
2158 1901 2444 1955 adversum
2478 1916 2565 1954 me
2593 1900 2834 1954 erexisti.
2872 1924 2895 1946 ι»

1950 2057 2107 2121 Item,
2142 2063 2265 2126 post
2294 2054 2650 2109 auctoritates
2688 2070 2855 2125 super
2881 2054 3070 2109 illicita
3102 2057 3487 2111 excommuni-

1875 2146 2091 2201 catione
2126 2164 2138 2199 :
2177 2169 2199 2190 α
2232 2147 2304 2199 De
2354 2146 2711 2199 sacramentis
2742 2154 2921 2199 autem
2947 2163 2975 2198 a
3010 2156 3059 2199 te
3095 2148 3205 2220 regi
3238 2148 3493 2217 praestitis

1876 2255 1985 2292 non
2018 2246 2101 2293 est
2129 2238 2264 2291 mihi
2286 2253 2516 2291 necesse
2545 2237 2751 2307 aliquid
2775 2237 3040 2303 scribere,
3063 2238 3323 2309 quoniam
3346 2255 3490 2309 pene

1872 2346 2066 2384 omnes
2094 2329 2293 2391 sciunt,
2329 2330 2459 2399 quid
2489 2329 2556 2383 de
2588 2329 2832 2399 perjurio
2868 2330 2927 2397 (si
2962 2328 3101 2384 forte
3130 2330 3261 2383 illud
3301 2330 3484 2385 admi-

1872 2422 2011 2489 sisti)
2040 2421 2305 2476 Dominus
2336 2422 2389 2475 in
2441 2422 2563 2495 lege
2623 2422 2781 2487 (Deut
2809 2422 2865 2490 v)
2894 2428 2948 2475 et
2991 2422 3273 2492 prOphetis
3304 2423 3487 2489 (Zach,

1873 2511 2110 2573 v;Mal.
2167 2511 2264 2573 Ill),
2324 2516 2377 2563 et
2433 2509 2488 2563 in
2549 2509 2843 2580 Evangelio
2893 2510 3108 2576 (Matth.
3171 2512 3241 2577 v),
3282 2519 3337 2564 et
3394 2526 3492 2579 per

1873 2601 2152 2669 apostolos
2183 2603 2313 2667 (Jac.
2346 2602 2399 2667 v)
2433 2618 2495 2654 ac
2563 2600 2818 2655 Ecclesia
2871 2600 3127 2654 doctores
3173 2608 3336 2670 atque
3366 2617 3486 2654 ma—

1872 2694 2075 2766 gistros
2106 2693 2271 2747 dicat.
2308 2694 2369 2747 Et
2398 2693 2548 2764 quia,
2578 2700 2637 2746 ut
2668 2692 2721 2745 in
2755 2692 2995 2746 decretis
3016 2692 3492 2761 apostolicresedis

1871 2785 2090 2850 dicitur,
2125 2785 2382 2838 nolumus
2436 2800 2769 2857 exaggerare
2828 2784 2971 2854 quod
3033 2793 3247 2855 gestum
3281 2791 3383 2849 est,
3418 2801 3489 2839 ne

1868 2892 2129 2950 cegamur
2165 2876 2415 2943 judicare
2447 2876 2593 2946 quod
2640 2876 2847 2943 justum
2880 2883 2982 2940 est,
3046 2876 3303 2947 quoniam
3338 2877 3486 2947 quod

1870 2968 1997 3021 inde
2029 2968 2125 3021 tibi
2160 2966 2215 3020 in
2248 2968 2459 3037 synodo
2490 2975 2800 3037 reputatum
2841 2975 2943 3031 est,
2973 2967 3270 3035 judiciario
3294 2968 3489 3023 ordine

1869 3058 2282 3129 comprobatum
2317 3074 2427 3112 non
2471 3065 2573 3123 est,
2629 3058 2725 3111 sed
2760 3058 2910 3133 regia
2943 3058 3292 3133 benignitate
3324 3058 3491 3113 inter-

210 3150 369 3156 ---ννν
402 3150 462 3155 v——
495 3150 748 3155 —~vv——w—-‘—
788 3150 873 3171 r—-
894 3150 1047 3155 v————v-
1092 3150 1363 3176 w—-va-—--v
1389 3150 1401 3169 ν
1425 3150 1520 3158 -ινν-
1552 3150 1760 3174 νν---Γν-

208 3197 246 3221 ζι
621 3195 913 3221 n-A‘oznn:rn\
964 3196 1321 3221 m..~.:-:.‘.'--...
1399 3198 1532 3221 πει-.--ι

1878 3152 2096 3205 missum
2138 3160 2241 3213 est,
2271 3150 2427 3204 omisi
2460 3150 2591 3204 hinc
2647 3152 2897 3221 regulare
2951 3152 3219 3219 judicium
3256 3166 3486 3220 ponere,

143 3197 252 3250 fuit
274 3196 566 3249 Remensis
618 3196 913 3264 provinciae
964 3196 1346 3267 municipium,
1398 3198 1538 3252 sicut
1575 3199 1846 3266 hodie-(1

1868 3248 1925 3294 ut
1957 3250 2008 3293 te
2054 3240 2119 3293 ad
2188 3239 2581 3293 conscientiam
2614 3245 2762 3290 tuam
2808 3238 3165 3293 remitterem.
3231 3241 3486 3297 Pervasio

1869 3339 2047 3382 autem
2080 3344 2257 3381 rerum
2295 3326 2651 3397 proprietatis
2678 3326 2843 3395 regiae
2872 3343 2902 3379 a
2935 3334 2985 3380 te
3015 3334 3330 3397 perpetrata
3361 3346 3482 3383 ma-

1870 3420 2222 3473 nifestissime
2254 3418 2467 3481 claruit,
2498 3417 2626 3487 quia
2684 3434 2965 3487 nunquam
3028 3434 3111 3471 res
3166 3419 3299 3489 ipsa!
3343 3420 3486 3486 juris

1868 3512 2123 3565 Ecclesia!
2149 3508 2532 3563 Laudunensis
2558 3508 2728 3562 fuisse
2776 3508 3029 3581 legaliter
3059 3511 3302 3579 probata:
3332 3521 3480 3575 sunt,

1868 3619 1969 3657 nec
1999 3618 2115 3664 sua,
2148 3600 2233 3654 vel
2266 3601 2589 3671 cujusquam
2622 3598 2848 3653 alterius
2877 3600 3201 3665 donatione,
3236 3603 3319 3656 vel
3350 3620 3481 3658 con-

1868 3694 2117 3749 cessione
2135 3693 2201 3746 ab
2233 3692 2425 3746 eadem
2482 3691 2724 3746 Ecclesia
2783 3706 3068 3760 possessas
3113 3692 3277 3746 fuisse
3313 3711 3472 3749 mon-

1867 3791 2091 3838 stratum
2126 3791 2207 3836 est
2256 3781 2410 3836 [inde
2450 3797 2616 3853 super
2641 3780 2921 3836 hominem
2966 3787 3118 3835 tuum
3148 3782 3482 3849 Teduinum,

1867 3876 1954 3932 cui
1985 3875 2204 3929 easdem
2238 3890 2494 3945 pervasas
2538 3872 2905 3937 beneﬁciasti,
2965 3874 3217 3947 legaliter
3247 3878 3481 3946 conqui-

1867 3967 2030 4020 situm
2061 3973 2161 4019 est.
2198 3966 2303 4019 Sed
2355 3975 2409 4019 et
2457 3964 2817 4036 proclamatio
2868 3964 3156 4019 adversum
3218 3975 3268 4019 te
3313 3967 3480 4021 Nort-

1873 4058 2059 4111 manni
2105 4074 2232 4111 vera
2291 4056 2461 4111 fuisse
2519 4055 2734 4120 claruit,
2792 4070 2894 4109 nec
2941 4056 3173 4109 testibus
3223 4056 3482 4131 indiguit,

1875 4150 2137 4221 quoniam
2168 4158 2275 4203 tam
2310 4147 2760 4201 manifestissime
2815 4147 2937 4209 hoc,
2973 4148 3267 4217 quodinde
3295 4157 3486 4204 contra

1872 4245 2024 4318 leges
2053 4252 2105 4296 et
2137 4242 2353 4315 regulas
2400 4242 2580 4315 egisti,
2615 4241 2754 4294 adeo
2785 4240 3045 4293 omnibus
3072 4242 3125 4294 in
3155 4241 3272 4295 istis
3303 4243 3485 4315 regio-

1874 4336 2039 4390 nibus
2072 4333 2270 4404 patuit,
2330 4341 2388 4386 ut
2416 4332 2567 4385 nulla
2625 4331 3077 4403 tergiversatione
3119 4331 3315 4388 factum
3350 4335 3483 4406 tegi,

1874 4435 1966 4480 aut
1995 4424 2241 4479 excusari
2272 4424 2497 4477 valeret.
2534 4422 2664 4475 Nam
2697 4430 2911 4475 constat
2952 4422 3140 4477 multis
3169 4439 3290 4478 esse
3320 4425 3488 4479 notis-

1876 4517 2094 4577 simum,
2130 4519 2183 4566 et
2216 4519 2271 4567 tu
2302 4512 2355 4564 in
2399 4510 2621 4581 scriptis
2676 4510 2783 4563 tuis
2839 4511 3043 4566 domno
3095 4514 3208 4586 regi
3242 4522 3293 4569 et
3349 4515 3483 4569 mihi

1878 4604 2103 4659 directis
2135 4604 2239 4657 hoc
2268 4601 2568 4667 conﬁteris,
2634 4601 2893 4673 quoniam
2927 4603 2991 4656 ad
3035 4604 3483 4674 deprecationem

1876 4695 2090 4752 Rodulti
2124 4702 2178 4749 et
2205 4694 2457 4757 Conradi,
2520 4695 2737 4750 easdem
2797 4710 2882 4748 res
2912 4704 3198 4766 postquam
3252 4698 3489 4753 domnus

1875 4808 1967 4845 rex
1992 4791 2110 4844 illas
2147 4804 2176 4841 a
2225 4787 2392 4859 longo
2424 4795 2673 4858 tempore
2726 4787 2794 4841 de
2847 4787 3077 4841 ecclesia
3136 4788 3487 4845 Laudunensi

1872 4881 2196 4945 abstractas,
2231 4879 2410 4932 eidem
2474 4878 2722 4933 ecclesia}
2751 4894 2847 4931 sua
2900 4886 3171 4948 potestate
3226 4882 3485 4943 restituit,

1874 4969 1977 5039 ipsi
2012 4970 2215 5023 domno
2256 4968 2371 5040 regi
2420 4967 2539 5021 illas
2596 4968 2716 5022 sine
2768 4984 2889 5021 mea
2943 4983 3005 5021 ac
3035 4969 3486 5041 coepiscoporum

1885 5068 2192 5115 nostrorum
2251 5066 2306 5113 et
2350 5059 2850 5114 comministrorum
2903 5068 3117 5114 tuorum
3151 5062 3490 5118 conscientia

1876 5159 2040 5219 atque
2084 5163 2356 5203 consensu
2390 5148 2755 5213 beneﬁciasti,
2814 5157 3084 5220 quatenus
3113 5150 3293 5205 eidem
3322 5152 3489 5207 Nort-

1873 5256 2080 5294 manno
2103 5239 2225 5293 illas
2255 5239 2635 5295 beneﬁciaret.
2676 5266 2699 5287 ››

1957 5414 2086 5466 Item
2118 5419 2241 5481 post
2273 5411 2487 5480 aliquas
2518 5411 2673 5464 datas
2690 5411 3079 5466 auctoritates:
3116 5436 3140 5457 «
3178 5412 3239 5467 Et
3263 5414 3367 5470 hoc
3392 5423 3491 5470 ate

1882 5500 1954 5554 ita
1988 5499 2439 5554 irrationabiliter
2464 5500 2663 5554 factum
2706 5500 3139 5555 irrationabilius
3170 5502 3491 5570 dissolvisti,

1878 5588 1972 5658 qui
2005 5597 2211 5643 armata
2241 5588 2465 5644 militari
2524 5606 2712 5655 manu,
2746 5589 3084 5661 etpermista
3124 5592 3269 5665 vulgi
3302 5595 3492 5650 multi-

1881 5680 2075 5735 tudinc
2099 5698 2220 5735 cum
2249 5682 2415 5736 armis
2467 5690 2522 5737 et
2580 5682 2836 5746 fustibus,
2869 5688 2923 5736 et
2962 5684 3195 5738 tumultu
3231 5687 3491 5749 maximo,

1881 5769 2025 5823 sicut
2061 5771 2253 5827 dicunt
2282 5772 2375 5843 qui
2407 5773 2605 5829 factum
2639 5773 2774 5828 illud
2806 5772 3063 5827 viderunt
3093 5778 3148 5825 et
3172 5773 3489 5832 audierunt.
