3970 6218
513 337 620 390 215

1641 335 2007 390 FLODOARDI
2051 335 2357 392 CANONICI
2396 334 2726 390 REMENSIS

3750 338 3852 393 216

516 469 774 526 eumdem
807 469 1225 534 Nortmannum,
1259 469 1352 539 qui
1413 469 1558 539 ipsas
1589 485 1675 524 res
1705 486 1734 524 a
1775 477 1830 526 te
1857 471 1969 545 regi
1996 487 2132 528 con-
2156 477 2205 544 Α
2237 486 2496 542 eXposco,
2527 470 2671 525 sicut
2701 478 2755 526 et
2798 469 2856 524 in
2910 470 3102 525 eadem
3134 471 3346 541 synodo
3395 471 3450 526 in
3483 472 3689 528 eodem
3723 474 3854 528 Atti-

517 577 720 627 cessas,
747 575 842 631 per
871 560 1018 634 regis
1075 559 1409 614 beneficium
1453 561 1741 628 retinebat,
1774 563 2047 618 violenter
2077 572 2131 618 et

515 651 636 705 sine
667 649 813 724 regis
842 649 1187 712 auctoritate,
1220 665 1284 704 ac
1327 649 1520 715 verbo,
1559 650 1641 704 vel
1677 651 1870 706 litteris
1907 653 2127 722 expuli-

516 738 607 802 sti,
641 745 695 791 et
726 736 954 807 expulso
992 737 1106 801 illo,
1130 737 1252 791 illas
1281 736 1554 804 invasisti,
1591 739 1721 794 etin
1763 755 1856 794 eas
1890 739 2124 807 intrasti,

519 844 581 883 ac
614 827 926 898 possedisti,
959 842 1080 881 cum
1113 827 1222 881 sint
1278 828 1429 902 leges
1459 835 1514 883 et
1567 830 1789 902 regulae,
1847 831 1917 885 sit
1962 830 2127 885 etiam

519 938 612 977 rex
640 928 868 993 portans
921 920 1165 993 gladium
1223 921 1291 975 ad
1348 922 1646 978 vindictam
1708 923 2128 979 malefactorum

521 1018 688 1087 (Rem.
719 1016 861 1086 xm),
892 1016 1005 1070 sint
1043 1016 1311 1087 episc0pi,
1363 1026 1417 1071 et
1446 1033 1686 1073 canones
1725 1019 1792 1072 ad
1831 1019 2133 1087 judicanda

518 1108 751 1164 crimina
779 1107 1196 1181 sacrilegorum,
1227 1115 1284 1162 ut
1307 1108 1351 1162 si
1387 1108 1505 1180 ipse
1543 1109 1911 1166 Nortmannus
1937 1127 2131 1182 perva-

520 1218 612 1258 sor
677 1218 857 1256 rerum
912 1201 1410 1258 ecclesiasticarum
1467 1202 1625 1269 foret,
1678 1205 1883 1279 gladio,
1945 1205 1998 1260 id
2046 1215 2130 1261 est

521 1296 764 1351 vindicta
785 1295 934 1371 regia
973 1297 1281 1368 puniretur,
1314 1298 1360 1351 si
1402 1298 1703 1371 sacrilegus
1742 1300 2132 1370 comprobatus

523 1395 690 1450 esset,
748 1387 1049 1458 episc0pali
1081 1395 1134 1442 et
1184 1388 1451 1444 canonico
1493 1389 1706 1457 judicio
1765 1389 2127 1458 judicaretur.

523 1478 659 1532 Sunt
691 1478 854 1532 etiam
881 1479 1120 1548 judices,
1181 1489 1235 1534 et
1262 1487 1389 1534 sunt
1418 1479 1589 1554 leges,
1639 1496 1872 1552 quorum
1906 1490 1959 1537 et
1989 1499 2130 1553 qua-

527 1588 642 1626 rum
667 1571 898 1640 judicio,
930 1571 974 1624 si
1002 1570 1133 1642 quid
1168 1570 1302 1626 forte
1331 1569 1451 1637 tibi,
1481 1580 1537 1626 et
1569 1571 1823 1627 Ecclesia?
1857 1572 1952 1626 tibi
1977 1589 2131 1627 com-

2232 567 2390 622 niaco
2431 583 2462 621 a
2491 565 2650 620 vobis
2707 573 3028 633 convocata,
3060 566 3207 637 quod
3240 567 3554 637 impetrare,
3624 583 3741 622 non
3764 583 3853 620 va-

2230 656 2325 721 lui,
2354 652 2714 724 expostulavi,
2745 668 2806 707 ac
2831 652 2942 720 jam
2973 652 3136 707 etiam
3191 670 3292 724 per
3321 654 3602 727 integrum
3636 653 3852 725 efﬂagi-

2231 746 2338 802 tavi
2359 761 2581 810 annum,
2606 751 2661 799 et
2690 744 2966 814 praecipue
2999 743 3052 798 in
3084 745 3296 816 synodo
3327 747 3477 816 apud
3512 745 3850 801 Vermeriam

2233 840 2494 912 palatium
2523 839 2651 894 olim
2674 839 2741 892 ab
2773 854 2910 894 orno
2937 838 3129 894 habita
3178 840 3333 910 (Syri.
3383 841 3537 910 apud
3587 841 3852 905 Venner.,

2233 947 2321 985 an.
2355 930 2504 999 770),
2547 924 2890 984 obsecrando
2943 928 3270 996 declamavi,
3334 945 3482 986 nunc
3539 945 3772 1002 quoque
3803 937 3854 984 et

2233 1017 2483 1081 obsecro,
2535 1026 2589 1071 et
2635 1017 2764 1071 item
2810 1016 3080 1082 declamo,
3113 1026 3172 1072 ut
3231 1026 3285 1072 et
3316 1018 3586 1073 hactenus
3611 1018 3725 1092 egi,
3750 1035 3853 1090 quo

2234 1114 2414 1162 vestra
2445 1104 2902 1176 archiepiscopali
2929 1106 3256 1161 auctoritate
3279 1107 3426 1177 apud
3452 1107 3651 1161 domni
3683 1106 3851 1161 nostri

2233 1200 2615 1274 gloriosissimi
2649 1201 2795 1274 regis
2860 1199 3040 1254 Karoli
3096 1201 3302 1270 (Caret.
3352 1202 3570 1271 Calvus)
3599 1200 3851 1255 clemen-

2235 1291 2362 1346 tiam
2395 1290 2719 1359 obtineatis,
2773 1296 3045 1360 quatenus
3103 1290 3292 1345 domni
3316 1299 3371 1346 et
3401 1289 3736 1345 universalis
3764 1307 3856 1361 pa-

2233 1403 2315 1456 pae
2342 1385 2563 1440 Adriani
2597 1384 2891 1456 praaceptis
2921 1402 2983 1440 ac
3023 1385 3468 1440 institutionibus
3508 1385 3855 1441 ecclesiasti-

2231 1475 2331 1538 cis,
2361 1475 2495 1529 mihi
2526 1484 2584 1529 ut
2635 1474 2897 1530 omnibus
2927 1476 3171 1546 expedit,
3203 1476 3353 1531 velut
3382 1477 3432 1531 ei
3471 1476 3567 1548 qui
3602 1476 3674 1531 de
3707 1475 3854 1531 omni

2235 1565 2476 1619 Ecclesia
2502 1565 2581 1620 fas
2611 1565 2778 1620 habet
2801 1565 3116 1634 judicandi,
3169 1567 3332 1622 liceat
3361 1568 3622 1632 obedire,
3649 1566 3857 1621 videli-

524 1661 704 1714 missa:
734 1660 935 1727 injuste
967 1659 1171 1714 factum
1211 1665 1347 1726 erat,
1394 1660 1647 1733 legaliter
1699 1668 1754 1716 et
1809 1662 2135 1734 regulariter
2234 1669 2320 1716 cet
2349 1670 2405 1715 ut
2434 1662 2625 1716 limina
2663 1671 2973 1718 sanctorum
3009 1662 3404 1732 apostolorum,
3442 1662 3586 1716 Petri
3639 1661 3854 1716 scilicet

527 1754 933 1811 emendaretur.
971 1778 995 1799 »
2163 1794 2208 1816 ,ι
2235 1759 2289 1803 et
2319 1749 2490 1815 Pauli,
2520 1766 2753 1815 merear,
2813 1757 2871 1804 ut
2911 1749 3128 1813 devovi,
3189 1756 3243 1803 et
3291 1749 3359 1803 ab
3392 1749 3590 1803 eodem
3627 1749 3859 1816 insuper

600 1848 730 1901 ltem
765 1852 887 1916 post
907 1845 1157 1916 quaedam
1209 1844 1487 1915 prmcipuc
1529 1843 1675 1899 beati
1713 1845 1960 1918 Gregorii
1996 1863 2137 1916 prae-
2163 1841 2208 1861 “
2237 1850 2462 1898 vocatus
2499 1860 2644 1909 sum,
2678 1851 2990 1914 penetrare.
3025 1842 3279 1913 Alioquin
3311 1858 3399 1896 me
3420 1842 3582 1897 vobis
3615 1841 3688 1896 ab
3711 1842 3857 1907 hinc,

525 1936 843 2006 ceptionum
873 1933 1119 1988 decreta:
1149 1933 1434 2004 «Denique
1459 1933 1765 2004 exeoquod
1790 1935 1864 1988 tui
1887 1935 2138 1990 homines
2238 1946 2297 1992 ut
2325 1938 2742 2011 archiepiscopo
2799 1939 3165 2008 coepiscopus
3232 1937 3621 2007 obtemperare
3667 1936 3854 2001 debet,

524 2039 583 2078 se
613 2024 682 2078 ad
733 2038 918 2097 regem
975 2021 1430 2088 reclamaverunt,
1491 2021 1751 2092 quoniam
1809 2022 1876 2076 ab
1926 2022 2008 2076 eis
2038 2037 2137 2076 sua
2237 2027 2503 2082 canonice
2533 2027 2720 2082 sciatis
2737 2027 2967 2097 obsequi
3001 2043 3112 2082 non
3145 2043 3329 2098 posse,
3357 2027 3488 2098 quia
3517 2036 3576 2081 ut
3604 2026 3857 2081 decernit

525 2115 814 2182 beneﬁcia,
871 2113 964 2185 qui
1015 2114 1162 2186 apud
1203 2121 1582 2168 antecessores
1614 2118 1756 2182 ituos
1813 2113 2137 2184 praeservie-
2238 2119 2434 2174 beatus
2466 2136 2606 2190 papa
2629 2120 3314 2189 Gelasius(Gi.-:Las.,epist.
3341 2120 3420 2184 4),
3453 2119 3860 2189 nesciuntquid

525 2214 670 2270 runt,
705 2205 906 2273 injuste
938 2211 993 2258 et
1022 2201 1476 2257 irrationabiliter
1528 2202 1852 2256 abstulisses
1882 2209 2006 2273 post
2037 2201 2137 2256 da-
2237 2215 2561 2280 loquuntur,
2619 2209 2713 2280 qui
2757 2209 2994 2263 decretis
3052 2218 3253 2263 sanctae
3315 2208 3572 2262 Romana
3607 2207 3862 2262 Ecclesia).

527 2305 641 2353 tum
679 2296 792 2370 regi
824 2303 879 2350 et
908 2295 1042 2349 mihi
1071 2294 1389 2349 libellumin
1409 2294 1623 2364 synodo
1651 2294 1718 2348 de
1745 2293 1978 2366 regulari
2003 2293 2140 2348 obc-

526 2388 735 2444 dientia
767 2395 878 2452 tua,
932 2386 1234 2442 secundum
1292 2401 1478 2441 sacros
1530 2400 1795 2451 canones,
1831 2392 1885 2440 et
1921 2385 2143 2440 decreta

525 2488 727 2535 sancta:
754 2479 905 2534 sedis
937 2479 1195 2534 Romana)
1226 2475 1574 2548 pontificum,
1628 2492 1691 2530 ex
1731 2477 1942 2532 eisdem
1973 2479 2144 2533 sacris

526 2571 834 2626 canonibus
903 2570 1265 2643 promulgata,
1319 2568 1526 2623 electos
1581 2568 1798 2636 judices
1848 2569 2142 2640 episcOpos

528 2663 673 2733 apud
702 2678 790 2716 me
821 2662 1096 2732 expetisti,
1155 2669 1209 2715 et
1261 2669 1391 2726 tres,
1452 2660 1755 2715 secundum
1825 2659 2140 2717 Africanum

527 2751 822 2808 concilium
854 2753 1021 2820 (conc.
1080 2751 1262 2817 Afric.
1321 2766 1443 2804 can.
1491 2749 1580 2814 63,
1639 2749 1727 2810 88.
1757 2750 1844 2816 89,
1881 2751 1992 2820 94),
2027 2751 2139 2805 sci-

528 2843 657 2897 licet
686 2842 998 2906 Actardum,
1045 2840 1464 2911 Ragenelinum.
1493 2849 1661 2911 atque
1686 2839 1952 2895 Joannem
1993 2858 2024 2896 a
2052 2859 2140 2897 me

530 2934 625 2988 tibi
655 2933 972 3006 designatos
990 2931 1304 3002 suscepisti,
1337 2939 1391 2986 et
1422 2947 1634 2999 eorum,
1666 2939 1831 3004 atque
1856 2933 2140 3004 apostolo-

551 3039 649 3076 ωτι
682 3023 854 3076 Deum
888 3021 1198 3076 timentium
1246 3020 1479 3088 judicio,
1515 3020 1569 3074 in
1601 3022 1789 3076 domni
1823 3023 1971 3097 regis
2001 3023 2143 3078 sicut

532 3114 841 3186 postulasti,
869 3113 1158 3185 praesentia
1188 3113 1257 3168 de
1279 3112 1610 3185 quibusdam
1641 3113 1921 3170 decretum
1940 3115 2064 3179 fuit,
2086 3123 2145 3170 ut

535 3206 807 3260 .Jencficia
835 3221 957 3271 sua,
989 3221 1110 3276 qua:
1142 3204 1596 3260 irrationabiliter
1644 3205 2021 3275 perdiderant,
2059 3223 2147 3262 re-

533 3310 799 3363 cuperare
829 3293 1122 3348 deberent.
1152 3294 1522 3358 Quorumdam
1546 3301 1726 3348 autem
1760 3309 1951 3350 eorum
1983 3311 2147 3350 causa

532 3402 704 3457 usque
734 3387 802 3440 ad
832 3386 999 3440 alium
1031 3394 1342 3451 tractatum,
1365 3385 1532 3441 certis
1561 3387 1741 3441 causis
1775 3386 2147 3442 intervenien-

531 3481 680 3537 tibus
711 3497 819 3536 non
849 3481 1107 3543 difﬁnita,
1141 3480 1237 3535 sed
1270 3481 1359 3534 die
1389 3481 1498 3534 alia
1549 3479 1876 3536 diffinienda
1929 3497 2148 3536 reman-

531 3575 601 3629 sit
634 3593 647 3640 ;
681 3581 735 3629 et
764 3583 820 3628 tu
851 3583 977 3630 ante
1007 3573 1396 3628 diffinitionem
1430 3580 1621 3628 contra
1651 3589 1837 3628 sacros
1880 3590 2143 3641 canones,

533 3676 587 3723 et
611 3667 733 3722 sine
757 3667 869 3721 ulla
899 3665 1225 3722 necessitate
1244 3663 1327 3719 vel
1348 3664 1581 3730 ratione,
1637 3661 1766 3737 fuga
1815 3665 2020 3734 lapsus,
2054 3681 2145 3720 re-

531 3758 777 3831 gularem
799 3754 1190 3811 difﬁnitionem
1218 3759 1537 3824 exspectare
1567 3753 1972 3824 contempsisti.
2006 3773 2029 3803 ι)

602 3847 738 3901 Item
771 3853 896 3916 post
920 3845 1106 3916 aliqua
1135 3844 1204 3899 de
1225 3841 1553 3899 canonibus:
1588 3865 1602 3889 ι
1628 3841 1692 3896 Et
1717 3840 1786 3896 ab
1818 3842 2142 3911 electorum,

527 3939 764 4010 judicio,
796 3948 856 3994 ut
879 3937 1129 4010 praedixi,
1157 3937 1375 3993 incaute
1395 3952 1458 3991 ac
1488 3936 1778 3991 inhoneste
1808 3935 1937 4008 fuga
1961 3936 2146 4007 lapsus

532 4029 860 4095 abscedens,
892 4027 1240 4098 pitacciolum
1274 4025 1725 4082 irrationabiliter
1754 4024 2148 4093 confectum,et

533 4137 699 4176 manu
717 4127 812 4175 tua
837 4117 1230 4189 subscriptum,
1286 4133 1348 4172 ac
1403 4115 1644 4188 praefata:
1675 4115 2009 4187 professioni
2040 4123 2146 4172 tuae

535 4225 936 4284 usquequaque
972 4207 1334 4274 contrarium,
1385 4222 1485 4278 per
1540 4206 1930 4262 Ermenoldum
1958 4206 2149 4262 diaco-

537 4325 668 4364 num
700 4316 876 4368 tuum,
907 4321 958 4357 vi
1004 4303 1186 4358 Nonas
1239 4301 1392 4360 Julii.
1425 4299 1732 4356 indictione
1761 4300 1795 4354 3
1825 4298 1960 4354 mihi
1993 4299 2145 4354 misi-

536 4405 628 4468 sti,
665 4401 813 4474 quod
843 4400 916 4454 ita
945 4414 1006 4454 se
1029 4397 1199 4452 habet
1229 4395 1333 4466 (s3)
1367 4412 1380 4449 :

611 4518 635 4536 τε
676 4487 1158 4548 Reverendissimo
1189 4485 1483 4540 Remorum
1542 4481 1961 4554 archiepiscopo
2017 4481 2147 4536 Hm—

2169 3162 2219 3230 Ο

2241 2301 2390 2354 sedis
2423 2300 2716 2371 prazsulum
2741 2300 2896 2371 quasi
2919 2315 3161 2355 canones
3176 2307 3487 2370 opponunt,
3521 2299 3865 2369 quibuscon-

2245 2393 2407 2448 traire
2463 2400 2652 2448 contra
2709 2407 2952 2448 canones
3009 2400 3092 2447 est
3151 2392 3306 2462 ipsos
3354 2407 3413 2445 se
3465 2392 3706 2464 erigere.
3768 2391 3862 2443 Iste

2245 2481 2491 2535 Gelasius
2543 2499 2682 2553 papa
2735 2482 3074 2537 venerabilis
3130 2489 3185 2537 et
3237 2490 3460 2537 sanctus
3507 2495 3708 2535 omnes
3761 2479 3859 2531 dc-

2243 2574 2475 2628 cretales
2507 2573 2772 2643 epistolas
2802 2571 3204 2627 venerabiliter
3241 2571 3420 2624 sanxit
3450 2568 3859 2640 suscipiendas,

2244 2678 2348 2716 nec
2377 2677 2442 2715 ea
2468 2660 2856 2716 venerabiliter
2921 2659 3170 2730 suscipit,
3231 2658 3358 2714 licet
3417 2658 3485 2712 ad
3517 2666 3730 2713 tomum
3772 2673 3859 2711 ca-

2245 2764 2342 2828 put
2370 2757 2617 2821 inclinet,
2652 2756 2746 2826 qui
2773 2756 2856 2810 eis
2872 2771 2979 2810 non
3007 2754 3220 2821 obedit,
3252 2753 3348 2808 sed
3366 2753 3550 2824 potius
3572 2767 3743 2822 porro
3765 2750 3862 2806 ob-

2243 2848 2358 2903 vias
2381 2863 2576 2901 manus
2604 2846 2869 2910 inferens,
2905 2845 3052 2917 quod
3073 2845 3195 2900 sine
3223 2845 3470 2915 periculo
3495 2844 3582 2918 agi
3627 2858 3741 2898 non
3765 2857 3860 2912 po-

2244 2941 2370 3004 test,
2405 2937 2615 3007 respuit
2644 2943 2835 3005 utpote
2865 2935 2959 3006 qui
3011 2935 3079 2990 de
3110 2949 3168 2988 se
3194 2933 3429 3002 judicari
3479 2948 3591 2988 non
3635 2932 3854 3003 prospi-

2245 3032 2337 3087 cit.
2371 3031 2503 3084 Nam
2552 3029 2785 3083 velimus
2841 3028 3101 3090 nolimus,
3157 3026 3356 3081 auteis
3395 3025 3738 3097 parebimus,
3773 3034 3862 3079 aut

2245 3136 2434 3175 eorum
2463 3118 2672 3188 judicio
2705 3117 3089 3188 percellemur,
3116 3131 3349 3187 quorum
3384 3114 3671 3168 neminem
3695 3114 3865 3185 aliqui

2246 3210 2452 3281 quique
2475 3208 2772 3279 reprobare
2814 3207 3078 3260 valemus.
3112 3206 3186 3259 De
3213 3202 3656 3274 archiepiscopis
3683 3211 3865 3257 autem

2246 3301 2498 3376 Remigio
2559 3316 2621 3355 ac
2675 3299 2963 3363 Harduico,
2996 3297 3143 3369 quod
3175 3296 3312 3351 mihi
3366 3311 3465 3367 per
3495 3295 3864 3349 'l‘eutlandum

2249 3396 2541 3450 diaconum
2597 3392 2917 3456 mandastis,
2993 3390 3287 3462 privilegio
3345 3397 3547 3445 sanctae
3605 3390 3866 3446 Romana:

2250 3485 2506 3540 Ecclesiae
2529 3500 2638 3538 non
2669 3481 3012 3554 praajudicat,
3040 3480 3136 3534 sed
3170 3478 3319 3551 quod
3352 3478 3434 3533 eis
3454 3479 3651 3533 eadem
3682 3490 3869 3534 sancta

2247 3576 2407 3630 sedes
2430 3575 2501 3628 de
2523 3589 2610 3627 me
2657 3573 2834 3627 voluit
2889 3586 2952 3625 ac
2995 3567 3270 3641 disposuit
3308 3567 3682 3633 committere,
3715 3585 3865 3624 com-

2246 3664 2418 3730 misit,
2446 3679 2543 3719 vos
2568 3677 2698 3716 vero
2721 3661 2868 3732 quod
2901 3667 3146 3716 vestrum
3209 3664 3292 3712 est
3337 3656 3505 3728 agite.
3544 3656 3604 3709 ln
3637 3656 3867 3711 Domino

2243 3756 2375 3812 Jesu
2405 3755 2614 3810 Christo
2667 3755 2813 3808 bene
2862 3753 3060 3808 valete.
3121 3750 3232 3822 Ego
3281 3749 3606 3804 Hincmarus
3664 3758 3863 3804 sanctae

2250 3852 2627 3909 Laudunensis
2648 3851 2902 3906 Ecclesiae
2930 3850 3229 3920 episcOpus
3245 3854 3446 3919 sponte
3479 3846 3813 3919 subscripsi.
3837 3868 3862 3896 υ

2324 3966 2346 3996 ι
2379 3947 2454 4000 De
2478 3960 2587 4016 quo
2604 3944 2798 4015 pitatio
2852 3942 2949 3997 tibi
2981 3941 3171 3996 distuli
3220 3938 3566 4010 respondere
3588 3947 3796 4009 putans
3819 3947 3865 3992 te

2249 4041 2572 4102 retractare,
2605 4039 2660 4086 et
2688 4049 2720 4085 a
2742 4041 2835 4085 tua
2873 4028 3223 4085 contumacia
3265 4027 3594 4096 resipiscere
3637 4046 3652 4079 :
3687 4036 3744 4082 tu
3773 4044 3866 4081 au-

2247 4133 2356 4180 tem
2386 4139 2497 4179 non
2525 4121 2805 4194 quievisti,
2861 4121 3005 4175 sicut
3035 4135 3201 4175 causa
3225 4117 3518 4172 brevitatis
3550 4118 3776 4174 omitto.
3813 4119 3868 4172 Et

2249 4225 2372 4288 post
2401 4217 2520 4271 haec
2539 4232 2637 4285 per
2657 4213 2919 4269 clericum
2944 4220 3096 4268 tuum
3138 4211 3486 4266 Bertharium
3520 4211 3732 4268 domno
3757 4213 3864 4286 regi

2249 4320 2369 4364 tuas
2399 4309 2607 4363 litteras
2653 4305 2921 4371 direxisti,
2970 4319 3241 4359 excusans
3289 4311 3343 4359 te
3389 4303 3657 4374 quoniam
3702 4305 3774 4358 ad
3807 4304 3868 4358 il-

2247 4400 2381 4467 lum,
2414 4400 2558 4456 sicut
2577 4397 2676 4453 tibi
2709 4396 3082 4451 mandaverat.
3115 4395 3310 4450 venire
3349 4409 3461 4449 non
3487 4411 3712 4465 posses,
3743 4396 3865 4467 quia

2247 4489 2587 4555 febricitans,
2621 4496 2680 4543 ut
2699 4496 2754 4542 te
2777 4487 2859 4542 sol
2887 4491 3138 4561 tangeret
3165 4483 3398 4540 sufferre
3433 4485 3711 4555 nequibas
3735 4502 3749 4538 :
3773 4484 3865 4539 sed

535 4597 715 4639 emno
781 4585 984 4634 sancta?
1046 4573 1430 4630 Laudunensis
1485 4571 1744 4628 Ecclesiae
1809 4571 2141 4639 HINCMARUS,
2175 4577 2348 4645 nubi
2380 4584 2607 4638 Romam
2659 4581 2830 4636 eundi
2884 4579 3164 4634 licentiam
3215 4576 3393 4644 daret,
3425 4578 3738 4633 secundum
3771 4593 3862 4632 νο-

537 4677 646 4731 Deo
673 4673 989 4734 miserante,
1019 4668 1335 4739 episcOpus,
1368 4665 1608 4720 debitam
1640 4665 1695 4718 in
1727 4663 1942 4719 Christo
1973 4663 2146 4718 devo-

539 4767 767 4822 tionem.
798 4764 905 4818 Vos
933 4761 1086 4817 scitis
1110 4759 1240 4832 quia
1270 4757 1338 4813 ab
1382 4756 1677 4812 universali
1707 4762 1908 4811 sanctae
1949 4754 2149 4810 Roma-

538 4873 622 4912 me
649 4853 908 4910 Ecclesiae
965 4867 1130 4922 papa,
1160 4850 1316 4905 Patre
1347 4863 1568 4920 quoque
1600 4853 1786 4903 nostro
1809 4854 1864 4902 et
1889 4847 2150 4921 magistro

537 4950 776 5006 Adriano
808 4948 1063 5018 (Adrian.
1119 4945 1189 5014 11)
1223 4943 1308 4999 his
1360 4951 1586 5000 vocatus
1613 4941 1809 5008 existo,
1830 4951 1885 4997 et
1912 4957 2010 4998 vos
2039 4943 2142 5014 ipsi

540 5047 593 5103 in
621 5041 1083 5118 quaternionibus
1110 5039 1244 5094 mihi
1276 5055 1308 5094 a
1338 5037 1497 5094 vobis
1527 5036 1582 5091 in
1625 5035 1894 5091 Attiniaco
1917 5037 2144 5107 palatio,

539 5154 721 5196 coram
752 5133 1187 5207 archiepiscOpis
1243 5140 1298 5188 et
1349 5129 1649 5204 episcopis,
1705 5130 1800 5201 qui
1830 5129 2145 5194 adfuerunt,

540 5227 704 5292 datis,
737 5224 884 5296 quod
902 5223 968 5278 ad
985 5223 1178 5278 eadem
1212 5220 1400 5276 sedem
1423 5219 1615 5276 venire
1647 5219 1875 5276 totidem
1925 5227 2153 5274 vocatus

539 5319 974 5382 detrectem,me
1021 5312 1462 5383 reprehendistis
1495 5311 1575 5377 ;si
1644 5311 1779 5365 vitio
1841 5309 2148 5380 scriptoris,

540 5426 639 5482 pro
670 5409 993 5473 detrectem,
1038 5405 1188 5478 quod
1233 5412 1319 5461 est
1373 5403 1716 5459 dissimulem
1761 5402 1848 5457 vel
1875 5400 2147 5466 differam,

538 5507 860 5568 detractam,
901 5501 1050 5574 quod
1105 5501 1264 5556 valde
1321 5507 1547 5555 tractem
1604 5513 1716 5554 non
1773 5497 1842 5552 ab
1872 5513 1932 5553 re
1971 5494 2145 5566 accipi

538 5605 741 5669 potest,
773 5595 1269 5651 intercharaxatum
1301 5608 1411 5648 non
1461 5592 1582 5648 fuit.
1641 5591 1797 5646 Unde
1849 5605 1946 5646 vos
2002 5605 2149 5644 nunc

538 5703 636 5757 pro
663 5701 849 5742 amore
888 5685 984 5740 Dei
1006 5683 1425 5753 omnipotentis,
1459 5690 1514 5737 et
1573 5680 1884 5736 reverentia
1911 5681 1966 5734 S.
2001 5674 2147 5732 Petri

603 5790 716 5861 (13)
755 5789 936 5844 Evstat
968 5787 1037 5840 ad
1065 5785 1233 5840 ﬁnem
1265 5785 1518 5855 opusculi
1555 5785 1636 5838 LV
1669 5783 1903 5853 Capitul.

2251 4679 2365 4727 tum
2393 4681 2544 4726 tuum
2575 4670 2723 4742 quod
2783 4667 2997 4732 vovisti,
3047 4667 3268 4738 quando
3317 4667 3489 4721 altera
3510 4666 3637 4721 vice
3657 4665 3862 4721 febrem

2250 4765 2514 4830 habuisti,
2555 4773 2613 4819 ut
2639 4763 2707 4818 ad
2731 4769 3047 4817 sanctorum
3070 4759 3446 4830 apostolorum
3479 4758 3702 4820 limina,
3729 4759 3869 4812 sicut

2249 4871 2478 4911 voveras
2501 4853 2753 4916 veniens,
2783 4850 2991 4905 ibidem
3024 4849 3092 4904 ab
3115 4849 3311 4904 eadem
3337 4847 3494 4904 febre
3519 4847 3860 4902 liberareris.

2251 4946 2303 5000 ls
2320 4951 2500 4999 autem
2531 4943 2772 4998 domnus
2799 4955 2892 4994 rex
2923 4953 3106 4994 coram
3146 4937 3424 5009 episcopis
3473 4944 3530 4992 et
3567 4937 3698 4992 aliis
3724 4937 3856 5017 fide-

2248 5039 2394 5094 libus
2415 5039 2546 5105 suis,
2578 5038 2670 5108 qui
2700 5035 3013 5097 adfuerunt,
3041 5034 3142 5090 tibi
3175 5049 3275 5103 per
3294 5031 3555 5087 eumdem
3605 5033 3862 5088 clericum

2250 5141 2405 5187 tuum
2439 5128 2800 5192 remandavit,
2823 5127 3024 5182 mirum
3056 5136 3111 5180 et
3155 5140 3269 5180 non
3317 5140 3504 5179 verum
3558 5139 3682 5178 esse
3727 5122 3866 5194 quod

2254 5222 2491 5287 diceres,
2543 5219 2803 5290 quoniam
2854 5216 2922 5271 ad
2977 5216 3130 5270 illum
3188 5214 3378 5268 venire
3411 5227 3520 5268 non
3577 5227 3791 5283 posses,
3817 5219 3866 5264 et

2253 5313 2477 5368 Romam
2511 5309 2662 5363 adire
2718 5307 2949 5361 valeres.
3002 5303 3233 5360 Venires
3289 5310 3474 5357 autem
3507 5302 3578 5356 ad
3611 5303 3790 5363 illum,
3814 5309 3864 5354 et

2249 5404 2294 5458 si
2315 5404 2432 5473 ipse
2457 5416 2556 5478 pro
2586 5415 2752 5455 causa
2781 5395 3091 5452 rationabili
3128 5403 3184 5450 te
3220 5394 3444 5450 illucire
3475 5395 3622 5449 velle
3652 5409 3859 5468 cogno-

2248 5507 2400 5547 scere
2431 5496 2637 5561 posset,
2669 5487 2770 5542 tibi
2822 5485 3104 5540 licentiam
3132 5499 3241 5540 non
3263 5484 3569 5556 denegaret
3620 5483 3700 5538 Tu
3733 5497 3856 5537 vero

2248 5581 2316 5636 ad
2333 5579 2484 5634 illum
2504 5579 2692 5635 venire
2724 5575 2968 5643 noluisti,
3027 5575 3206 5631 donec
3231 5574 3375 5630 circa
3419 5573 3695 5628 Kalendas
3723 5573 3859 5642 Sep-

2248 5673 2476 5730 tembris
2505 5673 2683 5729 tertia:
2723 5669 3066 5736 indictionis,
3100 5668 3169 5723 ad
3215 5667 3488 5722 Silvacum
3515 5665 3586 5720 de
3615 5666 3859 5721 collocu-
