3970 6218
228 310 349 365 217

896 307 1218 361 HlSTORl/E
1260 307 1583 362 ECCLESIZE
1621 310 1948 366 REMENSIS
1990 312 2166 368 LIBRI
2208 308 2511 376 QUATUOR
2566 339 2632 349 —
2663 308 2788 363 LIB.
2831 309 2922 362 ΙΙΙ.

3457 308 3564 363 218

236 441 397 495 tione
420 438 603 493 fratris
633 437 716 491 sui
740 436 997 492 Ludovici
1029 436 1211 503 rediit,
1269 452 1379 508 quo
1405 437 1620 493 obviam
1647 440 1725 495 illi
1755 458 1855 496 ve-
1881 447 1932 514 Α
1961 459 2084 498 cum
2115 443 2301 497 subire
2325 441 2619 509 judicium,
2676 439 2819 495 sicut
2864 439 2949 493 lex
2989 437 3372 503 Valentiniani,
3402 453 3565 509 quam

235 526 424 591 nieus,
451 525 588 581 nihil
642 541 768 578 cum
841 540 930 587 eo,
983 524 1082 577 sed
1134 540 1237 579 nec
1288 541 1526 592 mecum,
1572 536 1742 597 perte
1773 530 1856 583 vel

231 618 440 672 missos
462 623 605 677 tuos,
632 624 726 669 aut
750 615 959 670 litteras
1015 622 1135 669 tuas
1164 616 1234 669 de
1264 616 1482 672 licentia
1510 624 1600 673 tua
1632 620 1855 675 Romam

231 708 765 764 eundidixisti.Sed
788 714 842 762 et
885 707 1107 778 quando
1158 707 1308 761 missi
1340 709 1528 763 domui
1570 712 1854 781 apostolici

234 796 430 852 Remis
462 795 704 861 fuerunt,
746 795 998 866 quotidie
1030 812 1128 865 per
1157 806 1370 866 septem
1399 798 1541 863 dies,
1574 814 1696 853 cum
1727 817 1857 873 rege

237 896 301 941 et
328 903 542 942 mecum
574 887 791 942 locutus
825 886 999 952 fuisti,
1033 893 1086 940 et
1114 887 1241 941 inde
1274 888 1410 942 nihil
1461 891 1669 945 dixisti.
1704 893 1855 956 Quod

242 976 393 1030 dicis
422 982 476 1030 te
500 976 555 1029 in
587 975 799 1044 synodo
843 975 991 1045 apud
1023 976 1386 1041 Vermerium,
1440 978 1678 1049 indeque
1710 981 1854 1050 apud

242 1064 582 1118 Attiniacum
615 1063 893 1118 licentiam
934 1062 1101 1117 eundi
1137 1064 1359 1118 Romam
1394 1066 1619 1134 petisse,
1668 1073 1721 1120 et
1744 1067 1854 1120 im-

240 1160 469 1223 petrare
498 1166 606 1205 non
649 1150 913 1220 potuisse,
935 1166 1127 1205 omnes
1155 1151 1425 1222 episc0pi,
1450 1153 1543 1223 qui
1570 1153 1625 1206 in
1647 1154 1855 1207 eisdem

239 1244 474 1315 synodis
492 1243 731 1306 fuerunt,
775 1240 1179 1312 liquidosciunt
1209 1244 1468 1313 quoniam
1500 1261 1623 1299 cum
1655 1245 1724 1299 de
1748 1246 1857 1299 tuis

240 1332 564 1387 insolentiis
595 1330 992 1400 increpabaris,
1042 1331 1240 1384 timens
1286 1332 1535 1405 regulare
1560 1333 1853 1403 judicium,

238 1423 330 1477 vel
366 1422 512 1493 regis
564 1419 1003 1491 castigationem,
1072 1419 1349 1474 licentiam
1410 1421 1576 1474 eundi
1634 1421 1857 1476 Romam

243 1507 498 1579 petebas.
536 1506 666 1561 Cum
697 1523 829 1561 vero
862 1507 1109 1572 videbas,
1162 1508 1292 1577 quia
1330 1519 1383 1560 et
1413 1524 1503 1562 rex
1526 1516 1579 1563 et
1610 1509 1857 1579 episcopi

245 1605 410 1653 erant
440 1597 539 1652 tibi
574 1596 896 1667 placabiles,
920 1598 989 1651 de
1021 1600 1142 1668 ipsa
1200 1598 1422 1653 licentia
1452 1599 1587 1654 nihil
1612 1599 1859 1666 dicebas,

247 1688 399 1743 sicut
428 1704 528 1741 nec
560 1687 723 1742 modo
756 1686 912 1753 facis,
954 1686 1133 1741 donec
1171 1688 1412 1757 aliquam
1444 1690 1764 1753 novitatem,
1805 1698 1865 1743 ut

250 1779 422 1843 soles,
450 1793 613 1849 quam
658 1792 878 1846 semper
934 1775 1183 1830 timendo
1238 1784 1513 1846 exspecto.
1550 1777 1747 1831 iterum
1779 1776 1866 1830 fa-
1892 1765 1941 1833 Β

256 1871 394 1935 cias,
428 1871 497 1923 de
527 1884 635 1940 qua
666 1868 1029 1938 compellatus
1059 1868 1275 1922 solitam
1306 1869 1616 1923 cantionem
1664 1869 1733 1923 de
1773 1880 1865 1923 tua

248 1969 523 2017 recantes.
594 1960 795 2015 Potitio
856 1970 1037 2014 autem
1090 1968 1179 2014 tua
1209 1960 1355 2030 apud
1384 1960 1646 2015 domuum
1679 1977 1862 2035 regem

248 2053 379 2109 talis
401 2051 522 2117 fuit,
556 2050 778 2122 quando
823 2050 889 2103 ad
932 2066 1058 2104 eum
1112 2050 1479 2120 venisti,quia
1508 2049 1649 2104 sicut
1681 2050 1866 2120 plures

246 2153 304 2200 et
334 2160 477 2215 pene
499 2158 695 2198 omnes
721 2140 778 2196 iu
810 2142 929 2196 istis
983 2141 1263 2212 provincis
1319 2141 1460 2196 scire
1492 2142 1774 2208 dicuntur,
1807 2151 1861 2196 et

246 2244 420 2307 patet,
452 2235 663 2289 addens
700 2233 960 2305 gravibus
976 2233 1249 2307 graviora,
1280 2233 1429 2287 velut
1451 2234 1861 2303 ipsasacrorum

248 2342 522 2383 canonum
554 2325 933 2379 demonstrant
966 2324 1195 2391 judicia,
1252 2323 1440 2378 nescio
1496 2323 1702 2395 quibus
1746 2340 1861 2377 ma-

251 2416 664 2474 chinationibus
693 2416 981 2486 exquisxtis
1022 2432 1053 2470 a
1110 2424 1160 2470 te
1188 2416 1364 2483 jussio
1423 2424 1507 2469 est
1538 2414 1861 2485 principalis

252 2507 461 2572 elicita,
514 2512 571 2560 ut
602 2504 672 2559 de
724 2505 810 2558 his
853 2504 921 2558 de
953 2503 1156 2574 quibus
1186 2504 1390 2559 electos
1413 2503 1631 2571 judices
1659 2518 1862 2557 secun-

252 2600 583 2654 dumsacros
634 2611 875 2651 canones
930 2596 1208 2665 expetisti,
1265 2611 1374 2649 non
1424 2594 1601 2649 solum
1671 2610 1860 2649 eorum

254 2689 504 2762 querela,
552 2702 787 2758 quorum
828 2702 991 2739 causa
1036 2701 1209 2756 usque
1242 2685 1307 2739 ad
1362 2685 1529 2739 alium
1572 2691 1860 2739 tractatum

252 2777 581 2833 ditfinienda
610 2775 872 2830 remansit
896 2792 908 2828 :
929 2790 1117 2830 verum
1140 2784 1356 2845 etquae,
1382 2783 1442 2828 ut
1462 2774 1597 2840 dixi,
1623 2774 1677 2826 in
1702 2775 1861 2829 dom-

250 2870 305 2921 ni
364 2867 509 2937 regis
561 2864 854 2936 praesentia
911 2864 1210 2919 electorum
1279 2863 1527 2931 judicum
1586 2862 1860 2916 sententia

245 2959 485 3014 diffinita
542 2957 786 3021 fuerunt,
855 2956 974 3010 sine
1032 2954 1438 3024 metropolitani
1494 2954 1856 3018 conscientia,

241 3051 475 3119 sineque
505 3046 773 3101 canonico
803 3051 855 3098 et
909 3044 1208 3114 episc0pali
1251 3042 1484 3111 judicio,
1520 3058 1619 3112 per
1644 3042 1861 3110 judices

242 3142 557 3200 saeculares,
621 3137 1005 3208 Helmigarium
1074 3136 1291 3190 scilicet
1338 3136 1560 3189 mercati
1633 3135 1857 3205 palatini

244 3232 648 3293 Telonearium,
692 3236 746 3283 et
798 3227 1129 3283 Flotharium
1189 3243 1251 3281 ac
1290 3226 1574 3281 Ursionem
1608 3227 1856 3281 villarum

253 3321 527 3394 regiarum
583 3318 818 3386 majores
879 3316 1283 3381 refricarentur,
1349 3323 1538 3370 contra
1595 3330 1856 3381 canones,

249 3416 344 3488 qui
372 3415 440 3468 ab
461 3410 851 3467 ecclesiasticis
894 3409 962 3463 ad
1012 3409 1237 3477 majoris
1290 3407 1630 3462 auctoritatis
1669 3407 1855 3461 eccle-

248 3504 759 3571 siasticosjudices,
800 3508 855 3556 et
907 3516 1015 3555 non
1064 3516 1094 3553 a
1144 3498 1447 3567 majoribus
1473 3498 1540 3551 ad
1590 3496 1857 3563 minores,

246 3613 349 3652 nec
367 3596 433 3649 ab
463 3593 852 3650 ecclesiasticis
868 3592 936 3646 ad
968 3591 1282 3657 saeculares,
1307 3605 1487 3660 neque
1520 3605 1551 3642 a
1580 3603 1860 3643 consensu

244 3689 480 3760 partium
510 3686 699 3740 electis
756 3684 1038 3755 provocari
1082 3681 1424 3752 permittunt.
1469 3681 1507 3733 Α
1548 3678 1750 3750 quibus
1772 3679 1863 3747 ju—

243 3778 464 3834 dicibus
484 3774 842 3831 saecularibus
880 3790 909 3827 a
941 3780 993 3826 te
1017 3772 1203 3841 petitis
1230 3770 1481 3842 quaedam
1514 3786 1579 3823 ex
1610 3768 1863 3823 difﬁuitis

250 3868 505 3923 refricata
516 3874 570 3920 et
585 3863 1146 3934 immutata,qua:dam
1161 3877 1293 3916 vero
1307 3877 1373 3915 ex
1386 3860 1726 3915 diffiniendis
1738 3865 1865 3913 sunt

240 3958 497 4025 difiinita,
527 3955 887 4012 adinventitia
910 3953 1273 4023 reputatione,
1306 3952 1448 4007 sicut
1483 3951 1551 4005 ab
1584 3950 1740 4021 ipsis,
1770 3949 1863 4021 qui

249 4054 304 4107 in
337 4052 531 4107 eodem
564 4050 761 4120 placito
796 4049 1034 4111 fuerunt,
1062 4046 1363 4112 dicitur,de
1396 4060 1506 4100 nou
1536 4044 1867 4099 necessariis

257 4153 313 4199 et
332 4139 1190 4211 inconvenientibusjuramentis
1221 4143 1454 4203 reperta,
1488 4142 1541 4192 et
1563 4143 1660 4191 ate
1684 4151 1864 4192 coram

260 4231 537 4304 praedictis
584 4229 868 4297 judicibus
921 4228 1055 4298 ipsis
1086 4228 1194 4282 tuis
1259 4226 1696 4291 accusatoribus,
1730 4239 1870 4296 quos

257 4328 447 4377 contra
473 4317 918 4385 electosjudices
972 4316 1114 4369 sicut
1169 4315 1502 4385 expetieras,
1556 4313 1865 4384 suscepisti,

259 4398 562 4484 proposita,
588 4417 861 4480 quatenus
886 4415 939 4461 et
960 4408 1004 4461 is
1027 4407 1095 4461 de
1113 4422 1222 4477 quo
1245 4406 1493 4479 legaliter
1513 4421 1576 4459 ac
1600 4402 1869 4475 regulari-

258 4510 342 4556 ter
370 4498 665 4554 diftinitum
705 4497 904 4561 fuerat,
944 4504 1002 4550 ut
1033 4494 1364 4550 beneficium
1421 4510 1579 4548 suum
1622 4492 1870 4557 haberet,

258 4590 407 4662 quod
438 4583 1308 4655 contrarationemetaaquitatem
1338 4580 1869 4653 perdiderat,eadem

257 4682 653 4737 adinventione
679 4680 1061 4744 dimitteret,et
1092 4676 1383 4746 illiquibus
1406 4673 1707 4742 judicatum
1742 4672 1870 4727 fue-

256 4780 358 4837 rat,
391 4778 450 4825 ut
480 4771 737 4842 quoniam
772 4778 830 4823 tu
887 4773 1011 4838 post
1052 4766 1355 4836 expetitum
1386 4765 1686 4818 electorum
1714 4762 1873 4829 judi-

252 4862 421 4924 c'tum,
456 4859 599 4913 idem
626 4857 897 4925 judicium
921 4853 1326 4927 subterfugisti,
1359 4850 1630 4907 beneficia
1662 4867 1758 4906 sua
1772 4866 1865 4905 us-

255 4970 364 5025 que
388 4952 459 5006 ad
484 4951 715 5026 legalem
742 4948 1130 5003 difﬁuitiouem
1153 4951 1428 5011 tenerent,
1460 4942 1863 5013 beneficiaipsa

256 5042 600 5105 desererent,
626 5044 680 5093 et
704 5044 761 5091 tu
820 5036 968 5108 quod
1016 5034 1287 5105 iuccepisti
1319 5033 1660 5089 cvindicares
1690 5050 1705 5097 ;
1739 5048 1862 5085 cum

253 5131 396 5185 sicut
428 5128 526 5182 tibi
557 5143 669 5182 non
722 5126 851 5181 licet
905 5125 974 5179 de
1022 5123 1392 5188 accusatione,
1420 5123 1537 5176 sive
1560 5120 1863 5177 criminalis

254 5235 453 5283 causae,
509 5216 625 5272 sive
686 5213 884 5279 civilis,
942 5212 1128 5267 relicto
1180 5211 1573 5276 ecclesiastico,
1642 5208 1864 5279 publico

256 5309 474 5383 purgari
502 5306 736 5377 judicio,
766 5306 840 5361 ita
896 5305 1061 5359 etiam
1118 5321 1227 5360 non
1261 5304 1385 5360 licet
1435 5304 1533 5359 tibi
1559 5301 1863 5374 postposito

252 5400 337 5455 vel
364 5402 683 5466 contempto
725 5394 1123 5460 ecclesiastico,
1169 5393 1399 5460 judicio,
1456 5393 1525 5448 ad
1582 5390 1865 5447 saecularia

247 5492 456 5562 judicia
487 5488 805 5551 convolare,
836 5486 922 5541 vel
953 5501 1362 5556 quemcunque,
1424 5502 1527 5541 uec
1554 5485 1720 5539 etiam
1752 5483 1859 5538 lai-

252 5598 369 5638 cam
405 5593 701 5651 personam
758 5573 1098 5646 pertrahere,
1140 5589 1320 5644 neque
1375 5575 1441 5629 ad
1494 5575 1672 5629 forum
1703 5588 1863 5627 suum

252 5674 430 5747 sequi,
457 5670 505 5725 si
532 5670 652 5739 ipsa
704 5663 1103 5738 personalaica
1145 5666 1488 5721 consenserit
1526 5662 1864 5720 ecclesiasti-

1962 535 2156 606 probat
2182 534 2444 602 Ecclesia,
2477 532 2836 587 demonstrat.
2870 555 2895 576 »

2030 629 2164 682 Item
2198 633 2321 697 post
2348 632 2599 680 ostensas
2624 623 2990 679 auctoritates:
3025 642 3049 672 ‹‹
3080 622 3140 677 Et
3172 638 3279 677 non
3295 630 3568 692 pertrans-

1958 728 2045 773 eat
2075 720 2245 774 etiam
2274 725 2421 771 tuam
2480 716 3005 779 considerationem,
3074 730 3171 768 cur
3208 714 3445 767 domnus
3477 729 3566 767 rex

1959 817 2062 864 tum
2094 807 2643 879 petitionianuuerit,
2684 812 2743 859 ut
2794 804 2944 859 unde
3009 804 3064 858 iu
3097 803 3391 874 praesentia
3423 803 3569 857 illius

1957 898 2162 952 electos
2182 897 2401 965 judices
2433 896 2725 965 episcopos
2753 894 3059 948 secundum
3117 908 3301 947 sacros
3326 906 3569 946 canones

1957 984 2245 1054 accepisti,
2281 984 2399 1038 sine
2423 982 2762 1037 conscientia
2778 980 3210 1051 metropolitani,
3234 980 3466 1049 sineque
3484 994 3569 1033 ec-

1957 1073 2263 1127 clesiastico
2309 1072 2520 1139 judicio
2563 1070 2923 1135 consenserit,
2956 1077 3015 1123 ut
3052 1067 3567 1134 secularesjudices

1958 1162 2024 1215 ad
2058 1162 2401 1216 retractanda
2423 1177 2488 1214 ea
2520 1176 2640 1231 quze
2672 1158 2911 1213 diftiuita
2941 1158 3186 1223 fuerunt,
3214 1160 3299 1211 vel
3331 1157 3565 1212 addifﬁ-

1958 1255 2183 1320 uienda,
2213 1255 2283 1308 de
2314 1255 2519 1324 quibus
2545 1253 2763 1321 judices
2808 1267 3120 1322 acceperas,
3154 1251 3373 1304 demum
3414 1250 3566 1305 acci-

1959 1358 2138 1413 peres.
2171 1342 2292 1396 Scio
2323 1342 2471 1395 enim
2521 1350 2576 1395 et
2631 1349 2811 1395 certus
2844 1356 2965 1393 sum
3023 1339 3149 1392 hinc
3176 1338 3327 1390 illum
3343 1339 3569 1393 canoni-

1961 1452 2083 1490 cum
2122 1436 2267 1490 scire
2301 1436 2597 1504 judicium,
2655 1441 2709 1488 et
2766 1434 2935 1488 miror
2964 1448 3027 1485 ac
3057 1430 3217 1484 doleo
3247 1446 3343 1484 cur
3382 1440 3437 1484 tu
3467 1431 3572 1484 hoc

1960 1530 2150 1585 videre
2196 1546 2305 1586 non
2352 1531 2592 1595 voluisti,
2638 1536 2731 1583 aut
2754 1529 2864 1583 Deo
2890 1528 3075 1597 judice
3115 1526 3433 1597 arrogantia
3464 1539 3573 1579 cae-

1963 1631 2116 1677 catus
2145 1639 2255 1678 non
2285 1623 2529 1693 potuisti.
2568 1624 2775 1693 luunge
2808 1620 3000 1690 igitur,
3033 1618 3337 1673 secundum
3385 1615 3571 1670 consi-

1965 1710 2098 1764 lium
2118 1712 2469 1782 Apocalypsis
2525 1710 2786 1772 Joannis,
2836 1708 3061 1777 collyrio
3121 1706 3312 1760 oculos
3368 1714 3490 1758 tuos
3513 1710 3572 1757 ut

1964 1798 2154 1853 videas
2190 1802 2376 1868 (Apoc.
2413 1803 2512 1864 Ill),
2548 1808 2601 1851 et
2619 1798 2935 1869 albuginem
2954 1794 3279 1868 arrogantius
3311 1793 3379 1846 de
3410 1791 3570 1846 oculo

1965 1892 2189 1955 mentis,
2249 1891 2303 1943 id
2361 1898 2440 1944 est
2480 1890 2763 1944 intellectu
2825 1896 2939 1950 tuo,
2986 1888 3228 1956 abjicere
3283 1884 3483 1949 valeas,
3519 1890 3571 1937 et

1966 1995 2136 2049 pensa
2168 1995 2237 2033 ne
2269 1979 2405 2032 forte
2431 1978 2667 2032 domnus
2696 1994 2807 2042 rex,
2826 1992 2988 2047 quem
3024 1974 3181 2029 toties
3207 1972 3565 2040 exacerbasti,

1964 2068 2146 2123 sciens
2168 2067 2351 2121 divina
2369 2066 2574 2136 judicia
2596 2072 2758 2135 atque
2787 2064 3026 2135 eloquia,
3049 2062 3244 2116 liincin
3276 2060 3571 2115 auuuendo

1961 2157 2103 2211 votis
2140 2155 2248 2209 tuis
2275 2154 2597 2228 cogitaverit
2627 2162 2815 2208 contra
2848 2160 2899 2207 te
2930 2150 3236 2205 sententias
3267 2148 3481 2202 divinas
3500 2148 3568 2201 de

1964 2250 2050 2303 his
2079 2248 2171 2319 qui
2201 2248 2351 2301 durae
2408 2247 2639 2301 cervicis
2685 2253 2739 2299 et
2783 2244 3149 2299 indomabiles
3197 2242 3363 2296 corde
3394 2249 3523 2295 sunt
3556 2258 3568 2293 :

1963 2337 2066 2402 Qui
2098 2339 2247 2389 nocet
2309 2340 2495 2389 noceat
2546 2336 2725 2387 adhuc
2766 2335 2975 2402 (Ezech.
3038 2333 3115 2400 ιι),
3150 2340 3205 2384 et
3234 2333 3330 2399 qui
3370 2332 3427 2382 in
3455 2344 3573 2383 sor-

1961 2429 2116 2481 dibus
2146 2432 2222 2481 est
2273 2427 2545 2481 sordescat
2588 2426 2765 2479 adhuc
2825 2427 3009 2494 (Apoc.
3046 2423 3195 2491 χχιι),
3227 2428 3285 2475 ut
3313 2422 3574 2490 impleant

1954 2523 2179 2589 peccata
2216 2535 2317 2572 sua
2344 2534 2550 2587 semper
2581 2520 2631 2585 (Ι
2651 2519 2827 2572 Thess.
2863 2517 2927 2585 ιι)
2962 2534 2975 2581 ;
3008 2527 3062 2569 et
3090 2533 3102 2568 :
3136 2517 3355 2570 Dimisit
3381 2531 3465 2568 eos
3492 2530 3573 2567 se-

1962 2608 2196 2661 cundum
2222 2607 2492 2660 desideria
2523 2608 2701 2660 cordis
2731 2621 2931 2670 eorum,
2971 2606 3125 2657 ibunt
3154 2607 3211 2657 in
3233 2603 3575 2657 adinventio-

1964 2699 2123 2751 nibus
2185 2713 2299 2751 suis
2362 2697 2528 2762 (Psal.
2573 2699 2725 2764 Lxxx)
2762 2713 2775 2751 ;
2808 2702 2907 2748 et:
2958 2696 3147 2750 Nonne
3195 2694 3302 2747 huic
3359 2692 3576 2745 condita

1961 2794 2089 2842 sunt
2116 2788 2265 2857 apud
2280 2803 2379 2849 me,
2416 2795 2471 2841 et
2499 2790 2717 2854 signata
2770 2788 2830 2839 in
2862 2787 3128 2839 thesauris
3153 2786 3282 2837 meis
3314 2785 3471 2835 ?mea
3498 2785 3583 2835 est

1960 2881 2112 2944 ultio,
2144 2884 2194 2933 et
2223 2895 2315 2947 ego
2344 2880 2643 2933 retribuam
2665 2884 2742 2932 ets
2762 2881 2820 2931 in
2870 2883 3121 2945 tempore,
3148 2881 3209 2929 ut
3239 2875 3455 2928 labatur
3478 2889 3573 2942 pes

1960 2983 2144 3021 eorum
2176 2985 2188 3020 :
2214 2968 2383 3035 juxta
2411 2972 2487 3020 est
2508 2968 2620 3020 dies
2647 2966 2996 3035 perditionis,
3029 2970 3077 3018 et
3108 2965 3291 3017 adesse
3313 2964 3575 3029 festinant

1961 3060 2200 3123 tempora
2225 3057 2395 3123 (Deut.
2450 3057 2635 3122 xxxu).
2699 3054 2760 3108 Et
2789 3070 2913 3107 cum
2945 3060 3214 3107 tantarum
3266 3057 3577 3122 transgres-

1961 3146 2178 3200 siouum
2212 3145 2515 3199 invenieris
2566 3144 2858 3208 obnoxius,
2886 3159 2994 3198 non
3036 3159 3217 3197 cessas
3249 3157 3333 3195 me
3370 3155 3573 3211 provo-

1960 3253 2106 3303 care,
2138 3243 2196 3289 ut
2217 3237 2287 3289 de
2327 3236 2599 3305 promisso
2631 3235 2833 3304 pitacio
2866 3242 2970 3288 tuae
3014 3233 3371 3304 professionis
3411 3238 3575 3301 atque
3620 3268 3625 3273 -

1959 3325 2403 3394 subscriptionis,
2431 3325 2499 3378 de
2541 3340 2651 3394 quo
2680 3324 2802 3387 tibi,
2860 3331 2920 3377 ut
2950 3322 3198 3394 praedixi,
3233 3321 3574 3391 respondere

1961 3417 2226 3471 hactenus
2241 3416 2447 3480 distuli,
2499 3416 2597 3468 sed
2655 3423 2708 3468 et
2738 3416 2807 3469 de
2839 3415 2963 3469 aliis
2994 3415 3099 3469 tuis
3133 3412 3575 3483 professionibus

1961 3520 2126 3580 atque
2159 3509 2663 3578 subscriptionibus
2683 3509 2767 3562 vel
2800 3508 3085 3561 lacessitus
3112 3506 3580 3576 rescribam,qua-

1963 3613 2125 3657 tenus
2145 3602 2546 3674 professionum
2578 3608 2633 3656 et
2654 3600 3124 3670 subscriptionum
3168 3608 3384 3653 tuarum
3402 3598 3578 3653 histo-

1963 3698 2071 3751 rias
2102 3696 2288 3767 plures
2319 3696 2587 3767 legentes,
2646 3695 2691 3749 si
2743 3694 2881 3749 forte
2936 3701 3063 3747 sunt
3122 3694 3214 3763 qui
3274 3693 3452 3747 adhuc
3485 3708 3578 3746 eas

1966 3790 2241 3864 ignorent,
2276 3804 2467 3841 earum
2535 3786 2874 3861 diligentiam
2926 3784 3195 3840 cautelam
3256 3799 3477 3854 quoque
3527 3790 3582 3838 et

1966 3879 2253 3933 utilitatem
2283 3884 2637 3951 cognoscant.
2701 3877 2761 3930 Et
2822 3874 3056 3945 primum
3091 3872 3311 3944 quidem
3346 3887 3579 3941 respon-

1969 3965 2113 4021 debo
2142 3966 2243 4020 tibi
2272 3966 2339 4019 de
2364 3965 2591 4036 praefato
2622 3982 2652 4019 a
2684 3974 2736 4019 te
2776 3963 3089 4033 subscripto
3123 3960 3345 4031 pitacio,
3382 3958 3435 4012 in
3470 3975 3579 4030 quo

1971 4058 2168 4112 scribis
2200 4058 2254 4111 in
2286 4057 2622 4112 adminiculo
2654 4065 2746 4112 tuo
2800 4066 2853 4111 te
2886 4073 2913 4109 a
2945 4072 3034 4110 me
3076 4053 3494 4123 reprehensum.
3528 4060 3582 4105 et

1968 4166 2090 4204 esse
2120 4166 2208 4204 me
2230 4149 2475 4205 ostendis
2531 4149 3044 4219 reprehensibilem.
3111 4146 3218 4200 Sed
3251 4159 3354 4219 ego
3398 4149 3584 4211 spreta

1969 4237 2403 4308 reprehensione
2432 4244 2545 4303 tua,
2569 4253 2676 4307 qua
2733 4252 2823 4291 me
2843 4235 2996 4308 quasi
3027 4235 3131 4289 sub
3152 4233 3388 4305 quodam
3419 4246 3582 4285 excu-

1969 4326 2195 4381 sationis
2214 4325 2508 4391 velamine,
2561 4324 2629 4379 de
2674 4324 2957 4395 scriptoris
3004 4324 3136 4378 vitio
3168 4337 3321 4377 more
3344 4327 3437 4375 tuo
3467 4319 3582 4373 evi-

1969 4418 2166 4472 denter
2194 4417 2604 4486 reprehendere
2644 4416 2866 4490 satagis,
2925 4416 3019 4486 qui
3082 4422 3175 4469 aut
3216 4412 3578 4468 differentiam

1972 4504 2127 4559 verbi
2157 4504 2456 4559 detrectem
2490 4503 2632 4575 [rest.
2652 4519 2751 4571 pro
2800 4502 3145 4573 detractem],
3180 4502 3329 4572 quod
3355 4500 3409 4554 in
3442 4499 3582 4553 meis

1971 4595 2189 4665 scriptis
2238 4594 2337 4650 tibi
2394 4594 2535 4649 datis
2585 4594 2766 4665 posui,
2830 4594 3094 4661 nesciam,
3154 4602 3243 4648 aut
3300 4590 3585 4662 scriptoris

1972 4687 2165 4742 vitium
2200 4687 2253 4740 in
2285 4686 2366 4741 eis
2397 4686 2674 4759 corrigere
2694 4702 2804 4742 non
2834 4688 3134 4757 sapuerim,
3165 4685 3251 4740 vel
3285 4684 3582 4739 emendare

1974 4773 2331 4852 neglexerim,
2360 4788 2414 4834 et
2435 4796 2500 4835 ex
2520 4796 2642 4835 mea
2686 4780 3116 4851 reprehensione
3136 4787 3283 4833 tuam
3308 4783 3584 4832 ostentare

1966 4870 2275 4937 scientiam,
2328 4870 2490 4924 Cham
2523 4870 2634 4925 Noe
2679 4868 2826 4924 filius
2862 4869 3015 4937 (Gen.
3075 4870 3145 4927 ixi
3178 4867 3419 4931 voluisti,
3472 4881 3584 4921 non

1964 4957 2143 5012 solum
2174 4958 2231 5012 in
2257 4957 2412 5014 verbi
2444 4958 2591 5013 illius
2615 4956 2943 5024 differentia,
2973 4956 3070 5011 sed
3099 4964 3153 5011 et
3182 4957 3235 5011 in
3256 4956 3364 5010 alio
3389 4955 3581 5021 verbo,

1964 5047 2110 5115 quod
2160 5047 2229 5101 ad
2283 5047 2708 5103 ostentationem
2750 5046 2828 5101 tui
2859 5047 2914 5099 in
2970 5046 3076 5100 tuis
3101 5044 3585 5099 adinventionibus

1966 5138 2219 5194 iteratum
2267 5141 2496 5206 iuveni;
2555 5149 2759 5196 etcum
2816 5141 2947 5195 hinc
2984 5156 3161 5195 meam
3211 5137 3584 5208 insipientiam

1964 5229 2188 5285 voluisti
2216 5233 2532 5297 ostendere,
2565 5241 2713 5287 tuam
2747 5232 3009 5288 studuisti
3049 5229 3195 5302 apud
3228 5229 3584 5285 scholasticos

1964 5324 2243 5379 stultitiam
2278 5324 2586 5395 propalare.
2622 5324 2721 5379 Pro
2747 5340 2837 5379 me
2869 5323 3004 5378 nihil
3037 5339 3168 5378 curo
3194 5323 3378 5378 dicere
3407 5339 3419 5375 :
3452 5320 3581 5375 Mihi

1965 5413 2113 5466 enim
2160 5428 2259 5483 pro
2308 5412 2537 5468 minimo
2580 5420 2662 5467 est
2692 5420 2751 5468 ut
2801 5429 2833 5467 a
2874 5419 2924 5466 te
2973 5412 3192 5480 judicer
3224 5413 3260 5482 (Ι
3316 5413 3440 5468 Cor.
3479 5413 3576 5477 Iv),

1965 5511 2059 5559 aut
2088 5505 2209 5560 sine
2255 5504 2551 5560 dilectione
2583 5523 2613 5559 a
2650 5511 2741 5559 tua
2791 5505 3019 5560 scientia
3048 5504 3438 5575 reprehendar.
3471 5501 3577 5558 Sed

1967 5612 2036 5651 ne
2066 5598 2213 5669 apud
2249 5598 2394 5665 illos,
2445 5598 2538 5669 qui
2567 5605 2746 5653 tecum
2801 5598 3145 5653 rumusculos
3175 5604 3414 5668 captant,
3465 5596 3579 5670 glo-

1968 5688 2123 5744 rieris
2163 5690 2321 5762 quasi
2368 5705 2456 5746 me
2495 5697 2706 5747 mutum
2740 5687 2987 5745 effeceris
3038 5697 3091 5745 et
3128 5690 3431 5764 elinguem,
3481 5684 3576 5756 qui
