  <div class='ocr_page' id='page_1' title='image "/cluster/home/n/w/nwhite01/storage/ocr_20150623/134-135/uva.x000829784/691.png"; bbox 0 0 3970 6218; ppageno 0'>
   <div class='ocr_carea' id='block_1_1' title="bbox 415 265 522 319">
    <p class='ocr_par' dir='ltr' id='par_1_1' title="bbox 415 265 522 319">
     <span class='ocr_line' id='line_1_1' title="bbox 415 265 522 319; baseline -0.009 0"><span class='ocrx_word' id='word_1_1' title='bbox 415 265 522 319; x_wconf 70' lang='grc'><strong>219</strong></span> 
     </span>
    </p>
   </div>
   <div class='ocr_carea' id='block_1_2' title="bbox 1515 239 2650 304">
    <p class='ocr_par' dir='ltr' id='par_1_2' title="bbox 1515 239 2650 304">
     <span class='ocr_line' id='line_1_2' title="bbox 1515 239 2650 304; baseline -0.01 0"><span class='ocrx_word' id='word_1_2' title='bbox 1515 244 1883 304; x_wconf 79' lang='lat' dir='ltr'><strong>FLODOARDI</strong></span> <span class='ocrx_word' id='word_1_3' title='bbox 1958 239 2263 298; x_wconf 85' lang='lat' dir='ltr'><strong>CANONlCl</strong></span> <span class='ocrx_word' id='word_1_4' title='bbox 2303 239 2650 295; x_wconf 80' lang='lat' dir='ltr'><strong>REMENSIS.</strong></span> 
     </span>
    </p>
   </div>
   <div class='ocr_carea' id='block_1_3' title="bbox 3653 233 3791 288">
    <p class='ocr_par' dir='ltr' id='par_1_3' title="bbox 3653 233 3791 288">
     <span class='ocr_line' id='line_1_3' title="bbox 3653 233 3791 288; baseline -0.014 1"><span class='ocrx_word' id='word_1_5' title='bbox 3653 233 3791 288; x_wconf 71' lang='lat'><strong>220</strong></span> 
     </span>
    </p>
   </div>
   <div class='ocr_carea' id='block_1_4' title="bbox 419 366 3780 462">
    <p class='ocr_par' dir='ltr' id='par_1_4' title="bbox 419 366 3780 462">
     <span class='ocr_line' id='line_1_4' title="bbox 419 366 3780 462; baseline -0.01 -10"><span class='ocrx_word' id='word_1_6' title='bbox 419 397 572 452; x_wconf 87' lang='lat' dir='ltr'><strong>solus</strong></span> <span class='ocrx_word' id='word_1_7' title='bbox 629 395 831 451; x_wconf 77' lang='lat' dir='ltr'><strong>nostris</strong></span> <span class='ocrx_word' id='word_1_8' title='bbox 886 389 1229 462; x_wconf 76' lang='lat' dir='ltr'><strong>temporibus</strong></span> <span class='ocrx_word' id='word_1_9' title='bbox 1284 388 1574 442; x_wconf 79' lang='lat' dir='ltr'><strong>thesauros</strong></span> <span class='ocrx_word' id='word_1_10' title='bbox 1629 380 1913 453; x_wconf 83' lang='lat' dir='ltr'><strong>sapientia</strong></span> <span class='ocrx_word' id='word_1_11' title='bbox 1978 385 2032 432; x_wconf 93' lang='lat' dir='ltr'><strong>et</strong></span> <span class='ocrx_word' id='word_1_12' title='bbox 2052 383 2106 451; x_wconf 81' lang='grc' dir='ltr'><strong>Α</strong></span> <span class='ocrx_word' id='word_1_13' title='bbox 2205 397 2230 423; x_wconf 74' lang='grc' dir='ltr'><strong>ει</strong></span> <span class='ocrx_word' id='word_1_14' title='bbox 2263 374 2357 429; x_wconf 87' lang='lat' dir='ltr'><strong>Vir</strong></span> <span class='ocrx_word' id='word_1_15' title='bbox 2387 373 2619 430; x_wconf 82' lang='lat' dir='ltr'><strong>diversis</strong></span> <span class='ocrx_word' id='word_1_16' title='bbox 2673 371 2906 446; x_wconf 82' lang='lat' dir='ltr'><strong>ﬂagellis</strong></span> <span class='ocrx_word' id='word_1_17' title='bbox 2943 388 2974 426; x_wconf 87' lang='lat' dir='ltr'><strong>a</strong></span> <span class='ocrx_word' id='word_1_18' title='bbox 3027 369 3257 425; x_wconf 85' lang='lat' dir='ltr'><strong>diversis</strong></span> <span class='ocrx_word' id='word_1_19' title='bbox 3300 367 3526 423; x_wconf 88' lang='lat' dir='ltr'><strong>attritus</strong></span> <span class='ocrx_word' id='word_1_20' title='bbox 3570 366 3780 421; x_wconf 90' lang='lat' dir='ltr'><strong>dicit:</strong></span> 
     </span>
    </p>
   </div>
   <div class='ocr_carea' id='block_1_5' title="bbox 419 469 2031 556">
    <p class='ocr_par' dir='ltr' id='par_1_5' title="bbox 419 469 2031 556">
     <span class='ocr_line' id='line_1_5' title="bbox 419 469 2031 556; baseline -0.012 -14"><span class='ocrx_word' id='word_1_21' title='bbox 419 487 662 542; x_wconf 89' lang='lat' dir='ltr'><strong>scientia</strong></span> <span class='ocrx_word' id='word_1_22' title='bbox 695 489 1002 556; x_wconf 71' lang='lat' dir='ltr'><strong>penetrans</strong></span> <span class='ocrx_word' id='word_1_23' title='bbox 1046 479 1303 544; x_wconf 89' lang='lat' dir='ltr'><strong>introisti,</strong></span> <span class='ocrx_word' id='word_1_24' title='bbox 1356 478 1447 532; x_wconf 92' lang='lat' dir='ltr'><strong>hic</strong></span> <span class='ocrx_word' id='word_1_25' title='bbox 1504 490 1670 530; x_wconf 88' lang='lat' dir='ltr'><strong>causa</strong></span> <span class='ocrx_word' id='word_1_26' title='bbox 1716 469 2031 542; x_wconf 87' lang='lat' dir='ltr'><strong>compendii</strong></span> 
     </span>
    </p>
   </div>
   <div class='ocr_carea' id='block_1_6' title="bbox 421 562 2031 649">
    <p class='ocr_par' dir='ltr' id='par_1_6' title="bbox 421 562 2031 649">
     <span class='ocr_line' id='line_1_6' title="bbox 421 562 2031 649; baseline -0.011 -16"><span class='ocrx_word' id='word_1_27' title='bbox 421 579 864 649; x_wconf 65' lang='lat' dir='ltr'><strong>praetermittens,</strong></span> <span class='ocrx_word' id='word_1_28' title='bbox 901 590 1023 630; x_wconf 91' lang='lat' dir='ltr'><strong>cum</strong></span> <span class='ocrx_word' id='word_1_29' title='bbox 1057 572 1190 626; x_wconf 93' lang='lat' dir='ltr'><strong>mihi</strong></span> <span class='ocrx_word' id='word_1_30' title='bbox 1238 567 1532 635; x_wconf 87' lang='lat' dir='ltr'><strong>vacaverit,</strong></span> <span class='ocrx_word' id='word_1_31' title='bbox 1559 565 1845 623; x_wconf 87' lang='lat' dir='ltr'><strong>ostendam</strong></span> <span class='ocrx_word' id='word_1_32' title='bbox 1899 562 2031 634; x_wconf 92' lang='lat' dir='ltr'><strong>quid</strong></span> 
     </span>
    </p>
   </div>
   <div class='ocr_carea' id='block_1_7' title="bbox 421 659 2034 748">
    <p class='ocr_par' dir='ltr' id='par_1_7' title="bbox 421 659 2034 748">
     <span class='ocr_line' id='line_1_7' title="bbox 421 659 2034 748; baseline -0.011 -21"><span class='ocrx_word' id='word_1_33' title='bbox 421 673 730 748; x_wconf 86' lang='lat' dir='ltr'><strong>regularum</strong></span> <span class='ocrx_word' id='word_1_34' title='bbox 750 669 1114 744; x_wconf 82' lang='lat' dir='ltr'><strong>grammatica</strong></span> <span class='ocrx_word' id='word_1_35' title='bbox 1144 667 1276 721; x_wconf 89' lang='lat' dir='ltr'><strong>artis</strong></span> <span class='ocrx_word' id='word_1_36' title='bbox 1297 671 1568 730; x_wconf 87' lang='lat' dir='ltr'><strong>auctores,</strong></span> <span class='ocrx_word' id='word_1_37' title='bbox 1591 660 1723 733; x_wconf 92' lang='lat' dir='ltr'><strong>quid</strong></span> <span class='ocrx_word' id='word_1_38' title='bbox 1753 659 2034 732; x_wconf 84' lang='lat' dir='ltr'><strong>orthogra-</strong></span> 
     </span>
    </p>
   </div>
   <div class='ocr_carea' id='block_1_8' title="bbox 2133 457 3776 534">
    <p class='ocr_par' dir='ltr' id='par_1_8' title="bbox 2133 457 3776 534">
     <span class='ocr_line' id='line_1_8' title="bbox 2133 457 3776 534; baseline -0.008 -12"><span class='ocrx_word' id='word_1_39' title='bbox 2133 469 2237 534; x_wconf 83' lang='lat' dir='ltr'><strong>Qui</strong></span> <span class='ocrx_word' id='word_1_40' title='bbox 2274 483 2356 521; x_wconf 90' lang='lat' dir='ltr'><strong>me</strong></span> <span class='ocrx_word' id='word_1_41' title='bbox 2383 466 2663 521; x_wconf 83' lang='lat' dir='ltr'><strong>comedunt</strong></span> <span class='ocrx_word' id='word_1_42' title='bbox 2691 480 2798 519; x_wconf 84' lang='lat' dir='ltr'><strong>non</strong></span> <span class='ocrx_word' id='word_1_43' title='bbox 2828 464 3103 518; x_wconf 82' lang='lat' dir='ltr'><strong>dormiunt</strong></span> <span class='ocrx_word' id='word_1_44' title='bbox 3143 462 3263 528; x_wconf 84' lang='lat' dir='ltr'><strong>(Job</strong></span> <span class='ocrx_word' id='word_1_45' title='bbox 3291 462 3442 526; x_wconf 81' lang='lat' dir='ltr'><strong>xxx),</strong></span> <span class='ocrx_word' id='word_1_46' title='bbox 3476 475 3545 513; x_wconf 90' lang='lat' dir='ltr'><strong>ac</strong></span> <span class='ocrx_word' id='word_1_47' title='bbox 3574 457 3630 511; x_wconf 87' lang='lat' dir='ltr'><strong>si</strong></span> <span class='ocrx_word' id='word_1_48' title='bbox 3674 457 3776 510; x_wconf 86' lang='lat' dir='ltr'><strong>di-</strong></span> 
     </span>
    </p>
   </div>
   <div class='ocr_carea' id='block_1_9' title="bbox 2134 547 3784 624">
    <p class='ocr_par' dir='ltr' id='par_1_9' title="bbox 2134 547 3784 624">
     <span class='ocr_line' id='line_1_9' title="bbox 2134 547 3784 624; baseline -0.007 -14"><span class='ocrx_word' id='word_1_49' title='bbox 2134 563 2302 620; x_wconf 86' lang='lat' dir='ltr'><strong>ceret,</strong></span> <span class='ocrx_word' id='word_1_50' title='bbox 2346 569 2455 610; x_wconf 90' lang='lat' dir='ltr'><strong>non</strong></span> <span class='ocrx_word' id='word_1_51' title='bbox 2487 553 2800 624; x_wconf 90' lang='lat' dir='ltr'><strong>quiescunt.</strong></span> <span class='ocrx_word' id='word_1_52' title='bbox 2829 553 2892 606; x_wconf 90' lang='lat' dir='ltr'><strong>Et</strong></span> <span class='ocrx_word' id='word_1_53' title='bbox 2931 559 3009 618; x_wconf 93' lang='lat' dir='ltr'><strong>tu,</strong></span> <span class='ocrx_word' id='word_1_54' title='bbox 3052 550 3236 614; x_wconf 82' lang='lat' dir='ltr'><strong>frater,</strong></span> <span class='ocrx_word' id='word_1_55' title='bbox 3281 565 3367 604; x_wconf 92' lang='lat' dir='ltr'><strong>me</strong></span> <span class='ocrx_word' id='word_1_56' title='bbox 3397 555 3508 602; x_wconf 85' lang='lat' dir='ltr'><strong>tua</strong></span> <span class='ocrx_word' id='word_1_57' title='bbox 3550 547 3784 619; x_wconf 79' lang='lat' dir='ltr'><strong>linguae</strong></span> 
     </span>
    </p>
   </div>
   <div class='ocr_carea' id='block_1_10' title="bbox 2135 637 3782 722">
    <p class='ocr_par' dir='ltr' id='par_1_10' title="bbox 2135 637 3782 722">
     <span class='ocr_line' id='line_1_10' title="bbox 2135 637 3782 722; baseline -0.008 -20"><span class='ocrx_word' id='word_1_58' title='bbox 2135 647 2366 722; x_wconf 79' lang='lat' dir='ltr'><strong>flagellis</strong></span> <span class='ocrx_word' id='word_1_59' title='bbox 2420 652 2676 711; x_wconf 89' lang='lat' dir='ltr'><strong>atterere,</strong></span> <span class='ocrx_word' id='word_1_60' title='bbox 2709 654 2764 699; x_wconf 90' lang='lat' dir='ltr'><strong>et</strong></span> <span class='ocrx_word' id='word_1_61' title='bbox 2819 643 3110 699; x_wconf 90' lang='lat' dir='ltr'><strong>venenosis</strong></span> <span class='ocrx_word' id='word_1_62' title='bbox 3148 641 3364 712; x_wconf 89' lang='lat' dir='ltr'><strong>scriptis</strong></span> <span class='ocrx_word' id='word_1_63' title='bbox 3407 640 3520 694; x_wconf 87' lang='lat' dir='ltr'><strong>tuis</strong></span> <span class='ocrx_word' id='word_1_64' title='bbox 3543 638 3618 691; x_wconf 91' lang='lat' dir='ltr'><strong>ad</strong></span> <span class='ocrx_word' id='word_1_65' title='bbox 3659 637 3782 690; x_wconf 88' lang='lat' dir='ltr'><strong>ira-</strong></span> 
     </span>
    </p>
   </div>
   <div class='ocr_carea' id='block_1_11' title="bbox 420 724 3778 830">
    <p class='ocr_par' dir='ltr' id='par_1_11' title="bbox 420 724 3778 830">
     <span class='ocr_line' id='line_1_11' title="bbox 420 724 3778 830; baseline -0.011 -16"><span class='ocrx_word' id='word_1_66' title='bbox 420 724 563 830; x_wconf 40' lang='lat' dir='ltr'><strong>phcia</strong></span> <span class='ocrx_word' id='word_1_67' title='bbox 605 724 881 822; x_wconf 52' lang='lat' dir='ltr'><strong>doctogres,</strong></span> <span class='ocrx_word' id='word_1_68' title='bbox 933 755 1063 827; x_wconf 89' lang='lat' dir='ltr'><strong>quid</strong></span> <span class='ocrx_word' id='word_1_69' title='bbox 1119 759 1322 808; x_wconf 89' lang='lat' dir='ltr'><strong>sancta</strong></span> <span class='ocrx_word' id='word_1_70' title='bbox 1375 724 1666 821; x_wconf 62' lang='lat' dir='ltr'><strong>Scriptura</strong></span> <span class='ocrx_word' id='word_1_71' title='bbox 1715 724 2033 800; x_wconf 71' lang='lat' dir='ltr'><strong>tractatores</strong></span> <span class='ocrx_word' id='word_1_72' title='bbox 2133 737 2390 792; x_wconf 86' lang='lat' dir='ltr'><strong>cundiam</strong></span> <span class='ocrx_word' id='word_1_73' title='bbox 2424 732 2772 807; x_wconf 82' lang='lat' dir='ltr'><strong>provocando</strong></span> <span class='ocrx_word' id='word_1_74' title='bbox 2812 729 3037 786; x_wconf 80' lang='lat' dir='ltr'><strong>inficere</strong></span> <span class='ocrx_word' id='word_1_75' title='bbox 3068 745 3178 785; x_wconf 88' lang='lat' dir='ltr'><strong>non</strong></span> <span class='ocrx_word' id='word_1_76' title='bbox 3217 727 3478 801; x_wconf 88' lang='lat' dir='ltr'><strong>quiescis.</strong></span> <span class='ocrx_word' id='word_1_77' title='bbox 3512 725 3630 780; x_wconf 88' lang='lat' dir='ltr'><strong>Sed</strong></span> <span class='ocrx_word' id='word_1_78' title='bbox 3668 724 3778 794; x_wconf 88' lang='lat' dir='ltr'><strong>qui</strong></span> 
     </span>
    </p>
   </div>
   <div class='ocr_carea' id='block_1_12' title="bbox 425 846 1315 918">
    <p class='ocr_par' dir='ltr' id='par_1_12' title="bbox 425 846 1315 918">
     <span class='ocr_line' id='line_1_12' title="bbox 425 846 1315 918; baseline -0.012 -13"><span class='ocrx_word' id='word_1_79' title='bbox 425 850 553 905; x_wconf 89' lang='lat' dir='ltr'><strong>inde</strong></span> <span class='ocrx_word' id='word_1_80' title='bbox 584 849 825 902; x_wconf 89' lang='lat' dir='ltr'><strong>sentiant</strong></span> <span class='ocrx_word' id='word_1_81' title='bbox 858 857 1022 918; x_wconf 87' lang='lat' dir='ltr'><strong>atque</strong></span> <span class='ocrx_word' id='word_1_82' title='bbox 1050 846 1255 901; x_wconf 88' lang='lat' dir='ltr'><strong>dicant.</strong></span> <span class='ocrx_word' id='word_1_83' title='bbox 1291 867 1315 893; x_wconf 75' lang='grc' dir='ltr'><strong>υ</strong></span> 
     </span>
    </p>
   </div>
   <div class='ocr_carea' id='block_1_13' title="bbox 492 926 2037 1011">
    <p class='ocr_par' dir='ltr' id='par_1_13' title="bbox 492 926 2037 1011">
     <span class='ocr_line' id='line_1_13' title="bbox 492 926 2037 1011; baseline -0.01 -17"><span class='ocrx_word' id='word_1_84' title='bbox 492 941 640 996; x_wconf 82' lang='lat' dir='ltr'><strong>idem</strong></span> <span class='ocrx_word' id='word_1_85' title='bbox 684 947 809 1011; x_wconf 91' lang='lat' dir='ltr'><strong>post</strong></span> <span class='ocrx_word' id='word_1_86' title='bbox 840 937 1107 992; x_wconf 89' lang='lat' dir='ltr'><strong>nonnulla</strong></span> <span class='ocrx_word' id='word_1_87' title='bbox 1140 953 1152 989; x_wconf 88' lang='lat'>:</span> <span class='ocrx_word' id='word_1_88' title='bbox 1204 955 1225 984; x_wconf 77' lang='grc' dir='ltr'>ι</span> <span class='ocrx_word' id='word_1_89' title='bbox 1260 932 1367 987; x_wconf 90' lang='lat' dir='ltr'><strong>Sed</strong></span> <span class='ocrx_word' id='word_1_90' title='bbox 1406 938 1460 986; x_wconf 92' lang='lat' dir='ltr'><strong>et</strong></span> <span class='ocrx_word' id='word_1_91' title='bbox 1507 929 1612 984; x_wconf 89' lang='lat' dir='ltr'><strong>alia</strong></span> <span class='ocrx_word' id='word_1_92' title='bbox 1653 933 1782 982; x_wconf 89' lang='lat' dir='ltr'><strong>sunt</strong></span> <span class='ocrx_word' id='word_1_93' title='bbox 1811 926 1942 981; x_wconf 86' lang='lat' dir='ltr'><strong>hinc</strong></span> <span class='ocrx_word' id='word_1_94' title='bbox 1973 939 2037 978; x_wconf 91' lang='lat' dir='ltr'><strong>ex</strong></span> 
     </span>
    </p>
   </div>
   <div class='ocr_carea' id='block_1_14' title="bbox 419 1018 2037 1097">
    <p class='ocr_par' dir='ltr' id='par_1_14' title="bbox 419 1018 2037 1097">
     <span class='ocr_line' id='line_1_14' title="bbox 419 1018 2037 1097; baseline -0.012 -10"><span class='ocrx_word' id='word_1_95' title='bbox 419 1034 590 1089; x_wconf 88' lang='lat' dir='ltr'><strong>sacris</strong></span> <span class='ocrx_word' id='word_1_96' title='bbox 626 1030 940 1087; x_wconf 89' lang='lat' dir='ltr'><strong>canonibus</strong></span> <span class='ocrx_word' id='word_1_97' title='bbox 978 1035 1032 1082; x_wconf 88' lang='lat' dir='ltr'><strong>et</strong></span> <span class='ocrx_word' id='word_1_98' title='bbox 1083 1024 1397 1097; x_wconf 85' lang='lat' dir='ltr'><strong>apostolica</strong></span> <span class='ocrx_word' id='word_1_99' title='bbox 1427 1022 1576 1077; x_wconf 88' lang='lat' dir='ltr'><strong>sedis</strong></span> <span class='ocrx_word' id='word_1_100' title='bbox 1623 1018 1882 1083; x_wconf 87' lang='lat' dir='ltr'><strong>decretis,</strong></span> <span class='ocrx_word' id='word_1_101' title='bbox 1916 1032 2037 1088; x_wconf 88' lang='lat' dir='ltr'><strong>qua</strong></span> 
     </span>
    </p>
   </div>
   <div class='ocr_carea' id='block_1_15' title="bbox 421 1110 2037 1192">
    <p class='ocr_par' dir='ltr' id='par_1_15' title="bbox 421 1110 2037 1192">
     <span class='ocr_line' id='line_1_15' title="bbox 421 1110 2037 1192; baseline -0.01 -14"><span class='ocrx_word' id='word_1_102' title='bbox 421 1125 555 1178; x_wconf 90' lang='lat' dir='ltr'><strong>mihi</strong></span> <span class='ocrx_word' id='word_1_103' title='bbox 584 1124 672 1178; x_wconf 90' lang='lat' dir='ltr'><strong>hic</strong></span> <span class='ocrx_word' id='word_1_104' title='bbox 693 1135 898 1192; x_wconf 91' lang='lat' dir='ltr'><strong>ponere</strong></span> <span class='ocrx_word' id='word_1_105' title='bbox 929 1120 1153 1189; x_wconf 82' lang='lat' dir='ltr'><strong>longum</strong></span> <span class='ocrx_word' id='word_1_106' title='bbox 1186 1116 1306 1181; x_wconf 86' lang='lat' dir='ltr'><strong>fuit,</strong></span> <span class='ocrx_word' id='word_1_107' title='bbox 1345 1116 1399 1169; x_wconf 92' lang='lat' dir='ltr'><strong>in</strong></span> <span class='ocrx_word' id='word_1_108' title='bbox 1430 1112 1696 1184; x_wconf 85' lang='lat' dir='ltr'><strong>Opusculo</strong></span> <span class='ocrx_word' id='word_1_109' title='bbox 1726 1113 1796 1165; x_wconf 75' lang='grc'><strong>55</strong></span> <span class='ocrx_word' id='word_1_110' title='bbox 1827 1110 2037 1180; x_wconf 90' lang='lat' dir='ltr'><strong>capitu-</strong></span> 
     </span>
    </p>
   </div>
   <div class='ocr_carea' id='block_1_16' title="bbox 423 1205 2036 1284">
    <p class='ocr_par' dir='ltr' id='par_1_16' title="bbox 423 1205 2036 1284">
     <span class='ocr_line' id='line_1_16' title="bbox 423 1205 2036 1284; baseline -0.01 -14"><span class='ocrx_word' id='word_1_111' title='bbox 423 1218 622 1281; x_wconf 90' lang='lat' dir='ltr'><strong>lorum,</strong></span> <span class='ocrx_word' id='word_1_112' title='bbox 672 1213 821 1284; x_wconf 89' lang='lat' dir='ltr'><strong>quod</strong></span> <span class='ocrx_word' id='word_1_113' title='bbox 879 1211 947 1264; x_wconf 87' lang='lat' dir='ltr'><strong>ad</strong></span> <span class='ocrx_word' id='word_1_114' title='bbox 1007 1217 1152 1264; x_wconf 90' lang='lat' dir='ltr'><strong>tuam</strong></span> <span class='ocrx_word' id='word_1_115' title='bbox 1207 1205 1719 1270; x_wconf 88' lang='lat' dir='ltr'><strong>commonitionem,</strong></span> <span class='ocrx_word' id='word_1_116' title='bbox 1763 1212 1819 1258; x_wconf 86' lang='lat' dir='ltr'><strong>et</strong></span> <span class='ocrx_word' id='word_1_117' title='bbox 1852 1217 2036 1257; x_wconf 90' lang='lat' dir='ltr'><strong>corre-</strong></span> 
     </span>
    </p>
   </div>
   <div class='ocr_carea' id='block_1_17' title="bbox 423 1291 2038 1372">
    <p class='ocr_par' dir='ltr' id='par_1_17' title="bbox 423 1291 2038 1372">
     <span class='ocr_line' id='line_1_17' title="bbox 423 1291 2038 1372; baseline -0.009 -13"><span class='ocrx_word' id='word_1_118' title='bbox 423 1305 663 1359; x_wconf 88' lang='lat' dir='ltr'><strong>ctionem</strong></span> <span class='ocrx_word' id='word_1_119' title='bbox 696 1308 857 1372; x_wconf 88' lang='lat' dir='ltr'><strong>atque</strong></span> <span class='ocrx_word' id='word_1_120' title='bbox 911 1298 1329 1353; x_wconf 82' lang='lat' dir='ltr'><strong>instructionem</strong></span> <span class='ocrx_word' id='word_1_121' title='bbox 1377 1294 1475 1348; x_wconf 84' lang='lat' dir='ltr'><strong>tibi</strong></span> <span class='ocrx_word' id='word_1_122' title='bbox 1506 1293 1654 1357; x_wconf 91' lang='lat' dir='ltr'><strong>dedi,</strong></span> <span class='ocrx_word' id='word_1_123' title='bbox 1694 1300 1850 1363; x_wconf 83' lang='lat' dir='ltr'><strong>potes</strong></span> <span class='ocrx_word' id='word_1_124' title='bbox 1897 1291 2038 1345; x_wconf 87' lang='lat' dir='ltr'><strong>rele-</strong></span> 
     </span>
    </p>
   </div>
   <div class='ocr_carea' id='block_1_18' title="bbox 421 1383 2036 1471">
    <p class='ocr_par' dir='ltr' id='par_1_18' title="bbox 421 1383 2036 1471">
     <span class='ocr_line' id='line_1_18' title="bbox 421 1383 2036 1471; baseline -0.009 -20"><span class='ocrx_word' id='word_1_125' title='bbox 421 1413 576 1471; x_wconf 88' lang='lat' dir='ltr'><strong>gere,</strong></span> <span class='ocrx_word' id='word_1_126' title='bbox 635 1402 834 1465; x_wconf 82' lang='lat' dir='ltr'><strong>prater</strong></span> <span class='ocrx_word' id='word_1_127' title='bbox 865 1392 1124 1463; x_wconf 87' lang='lat' dir='ltr'><strong>epistolas</strong></span> <span class='ocrx_word' id='word_1_128' title='bbox 1181 1389 1489 1461; x_wconf 82' lang='lat' dir='ltr'><strong>pramissas</strong></span> <span class='ocrx_word' id='word_1_129' title='bbox 1546 1403 1683 1459; x_wconf 90' lang='lat' dir='ltr'><strong>quas</strong></span> <span class='ocrx_word' id='word_1_130' title='bbox 1713 1386 1810 1440; x_wconf 88' lang='lat' dir='ltr'><strong>tibi</strong></span> <span class='ocrx_word' id='word_1_131' title='bbox 1863 1383 2036 1439; x_wconf 86' lang='lat' dir='ltr'><strong>direxi</strong></span> 
     </span>
    </p>
   </div>
   <div class='ocr_carea' id='block_1_19' title="bbox 423 1478 2036 1557">
    <p class='ocr_par' dir='ltr' id='par_1_19' title="bbox 423 1478 2036 1557">
     <span class='ocr_line' id='line_1_19' title="bbox 423 1478 2036 1557; baseline -0.008 -18"><span class='ocrx_word' id='word_1_132' title='bbox 423 1485 490 1539; x_wconf 92' lang='lat' dir='ltr'><strong>ad</strong></span> <span class='ocrx_word' id='word_1_133' title='bbox 525 1482 963 1557; x_wconf 88' lang='lat' dir='ltr'><strong>redarguendam</strong></span> <span class='ocrx_word' id='word_1_134' title='bbox 1020 1488 1164 1534; x_wconf 89' lang='lat' dir='ltr'><strong>tuam</strong></span> <span class='ocrx_word' id='word_1_135' title='bbox 1211 1478 1576 1532; x_wconf 85' lang='lat' dir='ltr'><strong>temeritatem</strong></span> <span class='ocrx_word' id='word_1_136' title='bbox 1634 1484 1823 1530; x_wconf 89' lang='lat' dir='ltr'><strong>contra</strong></span> <span class='ocrx_word' id='word_1_137' title='bbox 1872 1489 2036 1528; x_wconf 88' lang='lat' dir='ltr'><strong>evan-</strong></span> 
     </span>
    </p>
   </div>
   <div class='ocr_carea' id='block_1_20' title="bbox 423 1563 2037 1650">
    <p class='ocr_par' dir='ltr' id='par_1_20' title="bbox 423 1563 2037 1650">
     <span class='ocr_line' id='line_1_20' title="bbox 423 1563 2037 1650; baseline -0.01 -19"><span class='ocrx_word' id='word_1_138' title='bbox 423 1575 655 1650; x_wconf 89' lang='lat' dir='ltr'><strong>gelicam</strong></span> <span class='ocrx_word' id='word_1_139' title='bbox 713 1575 1020 1636; x_wconf 87' lang='lat' dir='ltr'><strong>veritatem,</strong></span> <span class='ocrx_word' id='word_1_140' title='bbox 1072 1576 1126 1624; x_wconf 92' lang='lat' dir='ltr'><strong>et</strong></span> <span class='ocrx_word' id='word_1_141' title='bbox 1181 1566 1538 1637; x_wconf 89' lang='lat' dir='ltr'><strong>apostolicam</strong></span> <span class='ocrx_word' id='word_1_142' title='bbox 1597 1573 1759 1636; x_wconf 89' lang='lat' dir='ltr'><strong>atque</strong></span> <span class='ocrx_word' id='word_1_143' title='bbox 1809 1563 2037 1617; x_wconf 89' lang='lat' dir='ltr'><strong>canoni—</strong></span> 
     </span>
    </p>
   </div>
   <div class='ocr_carea' id='block_1_21' title="bbox 421 1653 2038 1727">
    <p class='ocr_par' dir='ltr' id='par_1_21' title="bbox 421 1653 2038 1727">
     <span class='ocr_line' id='line_1_21' title="bbox 421 1653 2038 1727; baseline -0.009 -7"><span class='ocrx_word' id='word_1_144' title='bbox 421 1682 540 1720; x_wconf 87' lang='lat' dir='ltr'><strong>cam</strong></span> <span class='ocrx_word' id='word_1_145' title='bbox 617 1664 994 1719; x_wconf 87' lang='lat' dir='ltr'><strong>auctoritatem</strong></span> <span class='ocrx_word' id='word_1_146' title='bbox 1025 1703 1039 1725; x_wconf 93' lang='lat'><strong>,</strong></span> <span class='ocrx_word' id='word_1_147' title='bbox 1108 1664 1409 1727; x_wconf 89' lang='lat' dir='ltr'><strong>contraque</strong></span> <span class='ocrx_word' id='word_1_148' title='bbox 1489 1656 1640 1709; x_wconf 92' lang='lat' dir='ltr'><strong>sedis</strong></span> <span class='ocrx_word' id='word_1_149' title='bbox 1724 1653 2038 1725; x_wconf 87' lang='lat' dir='ltr'><strong>apostolica</strong></span> 
     </span>
    </p>
   </div>
   <div class='ocr_carea' id='block_1_22' title="bbox 423 1746 2044 1821">
    <p class='ocr_par' dir='ltr' id='par_1_22' title="bbox 423 1746 2044 1821">
     <span class='ocr_line' id='line_1_22' title="bbox 423 1746 2044 1821; baseline -0.009 -10"><span class='ocrx_word' id='word_1_150' title='bbox 423 1759 664 1821; x_wconf 91' lang='lat' dir='ltr'><strong>decreta,</strong></span> <span class='ocrx_word' id='word_1_151' title='bbox 726 1755 778 1808; x_wconf 91' lang='lat' dir='ltr'><strong>in</strong></span> <span class='ocrx_word' id='word_1_152' title='bbox 812 1761 956 1808; x_wconf 90' lang='lat' dir='ltr'><strong>tuam</strong></span> <span class='ocrx_word' id='word_1_153' title='bbox 1005 1760 1058 1806; x_wconf 94' lang='lat' dir='ltr'><strong>et</strong></span> <span class='ocrx_word' id='word_1_154' title='bbox 1098 1749 1395 1819; x_wconf 85' lang='lat' dir='ltr'><strong>perniciem</strong></span> <span class='ocrx_word' id='word_1_155' title='bbox 1429 1746 1722 1801; x_wconf 90' lang='lat' dir='ltr'><strong>multorum</strong></span> <span class='ocrx_word' id='word_1_156' title='bbox 1776 1760 2044 1816; x_wconf 67' lang='lat' dir='ltr'><strong>praesum-</strong></span> 
     </span>
    </p>
   </div>
   <div class='ocr_carea' id='block_1_23' title="bbox 425 1837 2043 1917">
    <p class='ocr_par' dir='ltr' id='par_1_23' title="bbox 425 1837 2043 1917">
     <span class='ocr_line' id='line_1_23' title="bbox 425 1837 2043 1917; baseline -0.007 -17"><span class='ocrx_word' id='word_1_157' title='bbox 425 1853 594 1917; x_wconf 90' lang='lat' dir='ltr'><strong>ptam,</strong></span> <span class='ocrx_word' id='word_1_158' title='bbox 628 1845 770 1898; x_wconf 89' lang='lat' dir='ltr'><strong>sicut</strong></span> <span class='ocrx_word' id='word_1_159' title='bbox 815 1845 870 1897; x_wconf 90' lang='lat' dir='ltr'><strong>in</strong></span> <span class='ocrx_word' id='word_1_160' title='bbox 902 1841 1113 1912; x_wconf 84' lang='lat' dir='ltr'><strong>synodo</strong></span> <span class='ocrx_word' id='word_1_161' title='bbox 1145 1838 1504 1909; x_wconf 90' lang='lat' dir='ltr'><strong>plurimorum</strong></span> <span class='ocrx_word' id='word_1_162' title='bbox 1535 1837 1929 1907; x_wconf 84' lang='lat' dir='ltr'><strong>episcOporum</strong></span> <span class='ocrx_word' id='word_1_163' title='bbox 1959 1842 2043 1889; x_wconf 90' lang='lat' dir='ltr'><strong>est</strong></span> 
     </span>
    </p>
   </div>
   <div class='ocr_carea' id='block_1_24' title="bbox 425 1926 2042 2007">
    <p class='ocr_par' dir='ltr' id='par_1_24' title="bbox 425 1926 2042 2007">
     <span class='ocr_line' id='line_1_24' title="bbox 425 1926 2042 2007; baseline -0.008 -15"><span class='ocrx_word' id='word_1_164' title='bbox 425 1936 862 2007; x_wconf 90' lang='lat' dir='ltr'><strong>comprobatum.</strong></span> <span class='ocrx_word' id='word_1_165' title='bbox 908 1933 1014 1988; x_wconf 90' lang='lat' dir='ltr'><strong>Sed</strong></span> <span class='ocrx_word' id='word_1_166' title='bbox 1041 1939 1094 1986; x_wconf 94' lang='lat' dir='ltr'><strong>et</strong></span> <span class='ocrx_word' id='word_1_167' title='bbox 1125 1938 1324 2002; x_wconf 87' lang='lat' dir='ltr'><strong>prater</strong></span> <span class='ocrx_word' id='word_1_168' title='bbox 1365 1928 1502 1982; x_wconf 90' lang='lat' dir='ltr'><strong>alias</strong></span> <span class='ocrx_word' id='word_1_169' title='bbox 1531 1927 1811 1998; x_wconf 89' lang='lat' dir='ltr'><strong>epistolas,</strong></span> <span class='ocrx_word' id='word_1_170' title='bbox 1843 1942 1908 1981; x_wconf 91' lang='lat' dir='ltr'><strong>ac</strong></span> <span class='ocrx_word' id='word_1_171' title='bbox 1935 1926 2042 1980; x_wconf 87' lang='lat' dir='ltr'><strong>alia</strong></span> 
     </span>
    </p>
   </div>
   <div class='ocr_carea' id='block_1_25' title="bbox 422 2018 2037 2100">
    <p class='ocr_par' dir='ltr' id='par_1_25' title="bbox 422 2018 2037 2100">
     <span class='ocr_line' id='line_1_25' title="bbox 422 2018 2037 2100; baseline -0.009 -15"><span class='ocrx_word' id='word_1_172' title='bbox 422 2030 646 2100; x_wconf 86' lang='lat' dir='ltr'><strong>scripta,</strong></span> <span class='ocrx_word' id='word_1_173' title='bbox 681 2044 802 2099; x_wconf 86' lang='lat' dir='ltr'><strong>qua</strong></span> <span class='ocrx_word' id='word_1_174' title='bbox 831 2027 928 2081; x_wconf 90' lang='lat' dir='ltr'><strong>tibi</strong></span> <span class='ocrx_word' id='word_1_175' title='bbox 969 2024 1166 2088; x_wconf 86' lang='lat' dir='ltr'><strong>direxi,</strong></span> <span class='ocrx_word' id='word_1_176' title='bbox 1197 2022 1284 2077; x_wconf 90' lang='lat' dir='ltr'><strong>vel</strong></span> <span class='ocrx_word' id='word_1_177' title='bbox 1310 2022 1439 2078; x_wconf 89' lang='lat' dir='ltr'><strong>dedi</strong></span> <span class='ocrx_word' id='word_1_178' title='bbox 1469 2022 1538 2076; x_wconf 89' lang='lat' dir='ltr'><strong>ad</strong></span> <span class='ocrx_word' id='word_1_179' title='bbox 1565 2018 2037 2090; x_wconf 87' lang='lat' dir='ltr'><strong>comprimendam</strong></span> 
     </span>
    </p>
   </div>
   <div class='ocr_carea' id='block_1_26' title="bbox 425 2107 2039 2182">
    <p class='ocr_par' dir='ltr' id='par_1_26' title="bbox 425 2107 2039 2182">
     <span class='ocr_line' id='line_1_26' title="bbox 425 2107 2039 2182; baseline -0.009 -6"><span class='ocrx_word' id='word_1_180' title='bbox 425 2128 572 2176; x_wconf 89' lang='lat' dir='ltr'><strong>tuam</strong></span> <span class='ocrx_word' id='word_1_181' title='bbox 602 2119 1050 2182; x_wconf 90' lang='lat' dir='ltr'><strong>insolentiam,et</strong></span> <span class='ocrx_word' id='word_1_182' title='bbox 1079 2113 1537 2169; x_wconf 89' lang='lat' dir='ltr'><strong>commonendam</strong></span> <span class='ocrx_word' id='word_1_183' title='bbox 1567 2128 1632 2166; x_wconf 90' lang='lat' dir='ltr'><strong>ac</strong></span> <span class='ocrx_word' id='word_1_184' title='bbox 1661 2107 2039 2166; x_wconf 88' lang='lat' dir='ltr'><strong>instruendam</strong></span> 
     </span>
    </p>
   </div>
   <div class='ocr_carea' id='block_1_27' title="bbox 425 2201 2037 2279">
    <p class='ocr_par' dir='ltr' id='par_1_27' title="bbox 425 2201 2037 2279">
     <span class='ocr_line' id='line_1_27' title="bbox 425 2201 2037 2279; baseline -0.008 -13"><span class='ocrx_word' id='word_1_185' title='bbox 425 2221 570 2266; x_wconf 90' lang='lat' dir='ltr'><strong>tuam</strong></span> <span class='ocrx_word' id='word_1_186' title='bbox 603 2210 977 2273; x_wconf 84' lang='lat' dir='ltr'><strong>dilectionem,</strong></span> <span class='ocrx_word' id='word_1_187' title='bbox 1014 2214 1073 2260; x_wconf 90' lang='lat' dir='ltr'><strong>ut</strong></span> <span class='ocrx_word' id='word_1_188' title='bbox 1100 2221 1294 2279; x_wconf 82' lang='lat' dir='ltr'><strong>ageres</strong></span> <span class='ocrx_word' id='word_1_189' title='bbox 1331 2206 1483 2274; x_wconf 84' lang='lat' dir='ltr'><strong>juxta</strong></span> <span class='ocrx_word' id='word_1_190' title='bbox 1540 2202 1754 2257; x_wconf 91' lang='lat' dir='ltr'><strong>Domini</strong></span> <span class='ocrx_word' id='word_1_191' title='bbox 1792 2201 2037 2255; x_wconf 87' lang='lat' dir='ltr'><strong>dictum:</strong></span> 
     </span>
    </p>
   </div>
   <div class='ocr_carea' id='block_1_28' title="bbox 424 2292 2042 2373">
    <p class='ocr_par' dir='ltr' id='par_1_28' title="bbox 424 2292 2042 2373">
     <span class='ocr_line' id='line_1_28' title="bbox 424 2292 2042 2373; baseline -0.007 -17"><span class='ocrx_word' id='word_1_192' title='bbox 424 2302 560 2367; x_wconf 83' lang='lat' dir='ltr'><strong>Quid</strong></span> <span class='ocrx_word' id='word_1_193' title='bbox 591 2301 787 2373; x_wconf 82' lang='lat' dir='ltr'><strong>quarit</strong></span> <span class='ocrx_word' id='word_1_194' title='bbox 814 2299 1078 2354; x_wconf 89' lang='lat' dir='ltr'><strong>Dominus</strong></span> <span class='ocrx_word' id='word_1_195' title='bbox 1107 2298 1252 2351; x_wconf 89' lang='lat' dir='ltr'><strong>Deus</strong></span> <span class='ocrx_word' id='word_1_196' title='bbox 1281 2306 1408 2350; x_wconf 90' lang='lat' dir='ltr'><strong>tuus</strong></span> <span class='ocrx_word' id='word_1_197' title='bbox 1437 2311 1468 2348; x_wconf 90' lang='lat' dir='ltr'><strong>a</strong></span> <span class='ocrx_word' id='word_1_198' title='bbox 1498 2304 1574 2360; x_wconf 93' lang='lat' dir='ltr'><strong>te,</strong></span> <span class='ocrx_word' id='word_1_199' title='bbox 1623 2293 1727 2347; x_wconf 89' lang='lat' dir='ltr'><strong>nisi</strong></span> <span class='ocrx_word' id='word_1_200' title='bbox 1760 2300 1818 2347; x_wconf 90' lang='lat' dir='ltr'><strong>ut</strong></span> <span class='ocrx_word' id='word_1_201' title='bbox 1847 2292 2042 2346; x_wconf 91' lang='lat' dir='ltr'><strong>timeas</strong></span> 
     </span>
    </p>
   </div>
   <div class='ocr_carea' id='block_1_29' title="bbox 427 2382 2038 2451">
    <p class='ocr_par' dir='ltr' id='par_1_29' title="bbox 427 2382 2038 2451">
     <span class='ocr_line' id='line_1_29' title="bbox 427 2382 2038 2451; baseline -0.006 -7"><span class='ocrx_word' id='word_1_202' title='bbox 427 2391 716 2446; x_wconf 91' lang='lat' dir='ltr'><strong>Dominum</strong></span> <span class='ocrx_word' id='word_1_203' title='bbox 776 2391 945 2443; x_wconf 92' lang='lat' dir='ltr'><strong>Deum</strong></span> <span class='ocrx_word' id='word_1_204' title='bbox 981 2395 1154 2451; x_wconf 90' lang='lat' dir='ltr'><strong>tuum,</strong></span> <span class='ocrx_word' id='word_1_205' title='bbox 1211 2393 1265 2440; x_wconf 92' lang='lat' dir='ltr'><strong>et</strong></span> <span class='ocrx_word' id='word_1_206' title='bbox 1296 2385 1463 2439; x_wconf 88' lang='lat' dir='ltr'><strong>facias</strong></span> <span class='ocrx_word' id='word_1_207' title='bbox 1514 2384 1845 2438; x_wconf 88' lang='lat' dir='ltr'><strong>voluntatem</strong></span> <span class='ocrx_word' id='word_1_208' title='bbox 1899 2382 2038 2449; x_wconf 87' lang='lat' dir='ltr'><strong>ejus,</strong></span> 
     </span>
    </p>
   </div>
   <div class='ocr_carea' id='block_1_30' title="bbox 425 2470 2040 2549">
    <p class='ocr_par' dir='ltr' id='par_1_30' title="bbox 425 2470 2040 2549">
     <span class='ocr_line' id='line_1_30' title="bbox 425 2470 2040 2549; baseline -0.007 -15"><span class='ocrx_word' id='word_1_209' title='bbox 425 2479 764 2549; x_wconf 90' lang='lat' dir='ltr'><strong>obediasque</strong></span> <span class='ocrx_word' id='word_1_210' title='bbox 796 2477 970 2547; x_wconf 88' lang='lat' dir='ltr'><strong>ipsius</strong></span> <span class='ocrx_word' id='word_1_211' title='bbox 1004 2475 1234 2545; x_wconf 91' lang='lat' dir='ltr'><strong>imperio</strong></span> <span class='ocrx_word' id='word_1_212' title='bbox 1265 2476 1436 2542; x_wconf 85' lang='lat' dir='ltr'><strong>(Deut.</strong></span> <span class='ocrx_word' id='word_1_213' title='bbox 1465 2473 1515 2540; x_wconf 82' lang='lat' dir='ltr'><strong>x)</strong></span> <span class='ocrx_word' id='word_1_214' title='bbox 1538 2471 1565 2524; x_wconf 83' lang='lat'><strong>?</strong></span> <span class='ocrx_word' id='word_1_215' title='bbox 1596 2473 1724 2536; x_wconf 86' lang='lat' dir='ltr'><strong>Qua</strong></span> <span class='ocrx_word' id='word_1_216' title='bbox 1751 2470 1916 2525; x_wconf 87' lang='lat' dir='ltr'><strong>frater</strong></span> <span class='ocrx_word' id='word_1_217' title='bbox 1939 2470 2040 2524; x_wconf 90' lang='lat' dir='ltr'><strong>sol-</strong></span> 
     </span>
    </p>
   </div>
   <div class='ocr_carea' id='block_1_31' title="bbox 427 2561 2043 2635">
    <p class='ocr_par' dir='ltr' id='par_1_31' title="bbox 427 2561 2043 2635">
     <span class='ocr_line' id='line_1_31' title="bbox 427 2561 2043 2635; baseline -0.005 -11"><span class='ocrx_word' id='word_1_218' title='bbox 427 2570 575 2624; x_wconf 91' lang='lat' dir='ltr'><strong>licita</strong></span> <span class='ocrx_word' id='word_1_219' title='bbox 595 2569 776 2624; x_wconf 91' lang='lat' dir='ltr'><strong>cordis</strong></span> <span class='ocrx_word' id='word_1_220' title='bbox 807 2567 1115 2622; x_wconf 88' lang='lat' dir='ltr'><strong>intentione</strong></span> <span class='ocrx_word' id='word_1_221' title='bbox 1160 2565 1401 2630; x_wconf 92' lang='lat' dir='ltr'><strong>revolve,</strong></span> <span class='ocrx_word' id='word_1_222' title='bbox 1432 2572 1485 2618; x_wconf 90' lang='lat' dir='ltr'><strong>et</strong></span> <span class='ocrx_word' id='word_1_223' title='bbox 1519 2563 1763 2635; x_wconf 88' lang='lat' dir='ltr'><strong>recogita</strong></span> <span class='ocrx_word' id='word_1_224' title='bbox 1807 2562 1942 2632; x_wconf 89' lang='lat' dir='ltr'><strong>quid</strong></span> <span class='ocrx_word' id='word_1_225' title='bbox 1972 2561 2043 2616; x_wconf 89' lang='lat' dir='ltr'><strong>sit</strong></span> 
     </span>
    </p>
   </div>
   <div class='ocr_carea' id='block_1_32' title="bbox 427 2651 2044 2729">
    <p class='ocr_par' dir='ltr' id='par_1_32' title="bbox 427 2651 2044 2729">
     <span class='ocr_line' id='line_1_32' title="bbox 427 2651 2044 2729; baseline -0.004 -17"><span class='ocrx_word' id='word_1_226' title='bbox 427 2658 573 2729; x_wconf 92' lang='lat' dir='ltr'><strong>quod</strong></span> <span class='ocrx_word' id='word_1_227' title='bbox 605 2657 789 2711; x_wconf 86' lang='lat' dir='ltr'><strong>dixisti</strong></span> <span class='ocrx_word' id='word_1_228' title='bbox 817 2676 832 2709; x_wconf 91' lang='lat'><strong><em>:</em></strong></span> <span class='ocrx_word' id='word_1_229' title='bbox 867 2656 1002 2720; x_wconf 85' lang='lat' dir='ltr'><strong>Quia</strong></span> <span class='ocrx_word' id='word_1_230' title='bbox 1032 2671 1096 2709; x_wconf 86' lang='lat' dir='ltr'><strong>ex</strong></span> <span class='ocrx_word' id='word_1_231' title='bbox 1125 2664 1253 2708; x_wconf 91' lang='lat' dir='ltr'><strong>tunc</strong></span> <span class='ocrx_word' id='word_1_232' title='bbox 1280 2653 1501 2724; x_wconf 90' lang='lat' dir='ltr'><strong>quando</strong></span> <span class='ocrx_word' id='word_1_233' title='bbox 1527 2652 1660 2706; x_wconf 91' lang='lat' dir='ltr'><strong>mihi</strong></span> <span class='ocrx_word' id='word_1_234' title='bbox 1689 2652 1898 2706; x_wconf 87' lang='lat' dir='ltr'><strong>litteras</strong></span> <span class='ocrx_word' id='word_1_235' title='bbox 1923 2651 2044 2706; x_wconf 90' lang='lat' dir='ltr'><strong>illas</strong></span> 
     </span>
    </p>
   </div>
   <div class='ocr_carea' id='block_1_33' title="bbox 429 2739 2042 2812">
    <p class='ocr_par' dir='ltr' id='par_1_33' title="bbox 429 2739 2042 2812">
     <span class='ocr_line' id='line_1_33' title="bbox 429 2739 2042 2812; baseline -0.004 -12"><span class='ocrx_word' id='word_1_236' title='bbox 429 2745 642 2810; x_wconf 90' lang='lat' dir='ltr'><strong>misisti,</strong></span> <span class='ocrx_word' id='word_1_237' title='bbox 677 2751 734 2798; x_wconf 92' lang='lat' dir='ltr'><strong>ut</strong></span> <span class='ocrx_word' id='word_1_238' title='bbox 775 2743 1196 2812; x_wconf 88' lang='lat' dir='ltr'><strong>archiepiscopo</strong></span> <span class='ocrx_word' id='word_1_239' title='bbox 1242 2741 1606 2810; x_wconf 87' lang='lat' dir='ltr'><strong>coepiscopus</strong></span> <span class='ocrx_word' id='word_1_240' title='bbox 1659 2739 2042 2809; x_wconf 89' lang='lat' dir='ltr'><strong>obtemperare</strong></span> 
     </span>
    </p>
   </div>
   <div class='ocr_carea' id='block_1_34' title="bbox 429 2829 2042 2900">
    <p class='ocr_par' dir='ltr' id='par_1_34' title="bbox 429 2829 2042 2900">
     <span class='ocr_line' id='line_1_34' title="bbox 429 2829 2042 2900; baseline -0.001 -14"><span class='ocrx_word' id='word_1_241' title='bbox 429 2833 596 2887; x_wconf 91' lang='lat' dir='ltr'><strong>debet</strong></span> <span class='ocrx_word' id='word_1_242' title='bbox 623 2831 909 2897; x_wconf 90' lang='lat' dir='ltr'><strong>canonice,</strong></span> <span class='ocrx_word' id='word_1_243' title='bbox 939 2831 1141 2886; x_wconf 89' lang='lat' dir='ltr'><strong>scirem</strong></span> <span class='ocrx_word' id='word_1_244' title='bbox 1174 2830 1408 2899; x_wconf 88' lang='lat' dir='ltr'><strong>obsequi</strong></span> <span class='ocrx_word' id='word_1_245' title='bbox 1442 2829 1577 2882; x_wconf 92' lang='lat' dir='ltr'><strong>mihi</strong></span> <span class='ocrx_word' id='word_1_246' title='bbox 1614 2836 1668 2883; x_wconf 92' lang='lat' dir='ltr'><strong>te</strong></span> <span class='ocrx_word' id='word_1_247' title='bbox 1699 2844 1809 2884; x_wconf 92' lang='lat' dir='ltr'><strong>non</strong></span> <span class='ocrx_word' id='word_1_248' title='bbox 1845 2844 2042 2900; x_wconf 85' lang='lat' dir='ltr'><strong>posse;</strong></span> 
     </span>
    </p>
   </div>
   <div class='ocr_carea' id='block_1_35' title="bbox 427 2916 2044 2988">
    <p class='ocr_par' dir='ltr' id='par_1_35' title="bbox 427 2916 2044 2988">
     <span class='ocr_line' id='line_1_35' title="bbox 427 2916 2044 2988; baseline -0.001 -13"><span class='ocrx_word' id='word_1_249' title='bbox 427 2927 483 2976; x_wconf 91' lang='lat' dir='ltr'><strong>et</strong></span> <span class='ocrx_word' id='word_1_250' title='bbox 537 2935 730 2974; x_wconf 84' lang='lat' dir='ltr'><strong>revoca</strong></span> <span class='ocrx_word' id='word_1_251' title='bbox 768 2925 892 2972; x_wconf 89' lang='lat' dir='ltr'><strong>ante</strong></span> <span class='ocrx_word' id='word_1_252' title='bbox 933 2919 1125 2972; x_wconf 91' lang='lat' dir='ltr'><strong>oculos</strong></span> <span class='ocrx_word' id='word_1_253' title='bbox 1164 2925 1306 2982; x_wconf 91' lang='lat' dir='ltr'><strong>tuos,</strong></span> <span class='ocrx_word' id='word_1_254' title='bbox 1347 2916 1494 2987; x_wconf 87' lang='lat' dir='ltr'><strong>quod</strong></span> <span class='ocrx_word' id='word_1_255' title='bbox 1539 2931 1719 2973; x_wconf 90' lang='lat' dir='ltr'><strong>coram</strong></span> <span class='ocrx_word' id='word_1_256' title='bbox 1764 2917 2044 2988; x_wconf 85' lang='lat' dir='ltr'><strong>episcOpis</strong></span> 
     </span>
    </p>
   </div>
   <div class='ocr_carea' id='block_1_36' title="bbox 2067 1704 2115 1771">
    <p class='ocr_par' dir='ltr' id='par_1_36' title="bbox 2067 1704 2115 1771">
     <span class='ocr_line' id='line_1_36' title="bbox 2067 1704 2115 1771; baseline 0 0"><span class='ocrx_word' id='word_1_257' title='bbox 2067 1704 2115 1771; x_wconf 81' lang='grc' dir='ltr'>Β</span> 
     </span>
    </p>
   </div>
   <div class='ocr_carea' id='block_1_37' title="bbox 2140 815 3779 882">
    <p class='ocr_par' dir='ltr' id='par_1_37' title="bbox 2140 815 3779 882">
     <span class='ocr_line' id='line_1_37' title="bbox 2140 815 3779 882; baseline -0.005 0"><span class='ocrx_word' id='word_1_258' title='bbox 2140 829 2291 882; x_wconf 92' lang='lat' dir='ltr'><strong>illum</strong></span> <span class='ocrx_word' id='word_1_259' title='bbox 2335 844 2553 882; x_wconf 90' lang='lat' dir='ltr'><strong>servum</strong></span> <span class='ocrx_word' id='word_1_260' title='bbox 2585 841 2743 880; x_wconf 91' lang='lat' dir='ltr'><strong>suum</strong></span> <span class='ocrx_word' id='word_1_261' title='bbox 2798 822 3093 879; x_wconf 65' lang='lat' dir='ltr'><strong>custodivit</strong></span> <span class='ocrx_word' id='word_1_262' title='bbox 3132 839 3164 876; x_wconf 92' lang='lat' dir='ltr'><strong>a</strong></span> <span class='ocrx_word' id='word_1_263' title='bbox 3193 815 3779 876; x_wconf 85' lang='lat' dir='ltr'><strong>murmurationibus.</strong></span> 
     </span>
    </p>
   </div>
   <div class='ocr_carea' id='block_1_38' title="bbox 2139 909 3785 989">
    <p class='ocr_par' dir='ltr' id='par_1_38' title="bbox 2139 909 3785 989">
     <span class='ocr_line' id='line_1_38' title="bbox 2139 909 3785 989; baseline -0.01 -15"><span class='ocrx_word' id='word_1_264' title='bbox 2139 935 2226 974; x_wconf 92' lang='lat' dir='ltr'><strong>me</strong></span> <span class='ocrx_word' id='word_1_265' title='bbox 2256 925 2620 989; x_wconf 88' lang='lat' dir='ltr'><strong>peccatorem,</strong></span> <span class='ocrx_word' id='word_1_266' title='bbox 2643 922 2698 969; x_wconf 90' lang='lat' dir='ltr'><strong>et</strong></span> <span class='ocrx_word' id='word_1_267' title='bbox 2727 914 2975 987; x_wconf 89' lang='lat' dir='ltr'><strong>fragilem</strong></span> <span class='ocrx_word' id='word_1_268' title='bbox 3004 912 3058 965; x_wconf 90' lang='lat' dir='ltr'><strong>in</strong></span> <span class='ocrx_word' id='word_1_269' title='bbox 3091 926 3151 965; x_wconf 91' lang='lat' dir='ltr'><strong>se</strong></span> <span class='ocrx_word' id='word_1_270' title='bbox 3171 909 3543 966; x_wconf 87' lang='lat' dir='ltr'><strong>confidentem</strong></span> <span class='ocrx_word' id='word_1_271' title='bbox 3572 912 3785 976; x_wconf 87' lang='lat' dir='ltr'><strong>potest</strong></span> 
     </span>
    </p>
   </div>
   <div class='ocr_carea' id='block_1_39' title="bbox 2138 997 3786 1067">
    <p class='ocr_par' dir='ltr' id='par_1_39' title="bbox 2138 997 3786 1067">
     <span class='ocr_line' id='line_1_39' title="bbox 2138 997 3786 1067; baseline -0.01 0"><span class='ocrx_word' id='word_1_272' title='bbox 2138 1011 2415 1067; x_wconf 88' lang='lat' dir='ltr'><strong>custodire</strong></span> <span class='ocrx_word' id='word_1_273' title='bbox 2447 1025 2479 1063; x_wconf 90' lang='lat' dir='ltr'><strong>a</strong></span> <span class='ocrx_word' id='word_1_274' title='bbox 2499 1024 2730 1063; x_wconf 89' lang='lat' dir='ltr'><strong>rancore</strong></span> <span class='ocrx_word' id='word_1_275' title='bbox 2761 1014 2816 1062; x_wconf 93' lang='lat' dir='ltr'><strong>et</strong></span> <span class='ocrx_word' id='word_1_276' title='bbox 2853 1007 3059 1061; x_wconf 89' lang='lat' dir='ltr'><strong>malitia</strong></span> <span class='ocrx_word' id='word_1_277' title='bbox 3088 1011 3274 1059; x_wconf 90' lang='lat' dir='ltr'><strong>contra</strong></span> <span class='ocrx_word' id='word_1_278' title='bbox 3314 1010 3436 1058; x_wconf 88' lang='lat' dir='ltr'><strong>tuas</strong></span> <span class='ocrx_word' id='word_1_279' title='bbox 3461 1000 3637 1054; x_wconf 88' lang='lat' dir='ltr'><strong>falsas</strong></span> <span class='ocrx_word' id='word_1_280' title='bbox 3662 997 3786 1052; x_wconf 90' lang='lat' dir='ltr'><strong>cri-</strong></span> 
     </span>
    </p>
   </div>
   <div class='ocr_carea' id='block_1_40' title="bbox 2139 1087 3780 1163">
    <p class='ocr_par' dir='ltr' id='par_1_40' title="bbox 2139 1087 3780 1163">
     <span class='ocr_line' id='line_1_40' title="bbox 2139 1087 3780 1163; baseline -0.01 -8"><span class='ocrx_word' id='word_1_281' title='bbox 2139 1101 2488 1155; x_wconf 88' lang='lat' dir='ltr'><strong>minationes.</strong></span> <span class='ocrx_word' id='word_1_282' title='bbox 2515 1097 2644 1152; x_wconf 90' lang='lat' dir='ltr'><strong>Post</strong></span> <span class='ocrx_word' id='word_1_283' title='bbox 2674 1095 2780 1150; x_wconf 90' lang='lat' dir='ltr'><strong>alia</strong></span> <span class='ocrx_word' id='word_1_284' title='bbox 2809 1095 2976 1148; x_wconf 91' lang='lat' dir='ltr'><strong>multa</strong></span> <span class='ocrx_word' id='word_1_285' title='bbox 2998 1109 3168 1163; x_wconf 90' lang='lat' dir='ltr'><strong>super</strong></span> <span class='ocrx_word' id='word_1_286' title='bbox 3185 1091 3431 1145; x_wconf 89' lang='lat' dir='ltr'><strong>dolorem</strong></span> <span class='ocrx_word' id='word_1_287' title='bbox 3461 1087 3780 1142; x_wconf 84' lang='lat' dir='ltr'><strong>vulnerum</strong></span> 
     </span>
    </p>
   </div>
   <div class='ocr_carea' id='block_1_41' title="bbox 2139 1178 3786 1260">
    <p class='ocr_par' dir='ltr' id='par_1_41' title="bbox 2139 1178 3786 1260">
     <span class='ocr_line' id='line_1_41' title="bbox 2139 1178 3786 1260; baseline -0.012 -11"><span class='ocrx_word' id='word_1_288' title='bbox 2139 1209 2384 1248; x_wconf 90' lang='lat' dir='ltr'><strong>meorum</strong></span> <span class='ocrx_word' id='word_1_289' title='bbox 2408 1192 2619 1246; x_wconf 89' lang='lat' dir='ltr'><strong>addens</strong></span> <span class='ocrx_word' id='word_1_290' title='bbox 2649 1189 2818 1260; x_wconf 84' lang='lat' dir='ltr'><strong>(Psal.</strong></span> <span class='ocrx_word' id='word_1_291' title='bbox 2849 1188 3042 1254; x_wconf 81' lang='lat' dir='ltr'><strong>vam).</strong></span> <span class='ocrx_word' id='word_1_292' title='bbox 3073 1185 3245 1240; x_wconf 88' lang='lat' dir='ltr'><strong>dicis:</strong></span> <span class='ocrx_word' id='word_1_293' title='bbox 3278 1184 3427 1238; x_wconf 85' lang='lat' dir='ltr'><strong>Sicut</strong></span> <span class='ocrx_word' id='word_1_294' title='bbox 3456 1182 3512 1235; x_wconf 91' lang='lat' dir='ltr'><strong>in</strong></span> <span class='ocrx_word' id='word_1_295' title='bbox 3534 1178 3786 1250; x_wconf 86' lang='lat' dir='ltr'><strong>scriptis</strong></span> 
     </span>
    </p>
   </div>
   <div class='ocr_carea' id='block_1_42' title="bbox 2142 1271 3784 1354">
    <p class='ocr_par' dir='ltr' id='par_1_42' title="bbox 2142 1271 3784 1354">
     <span class='ocr_line' id='line_1_42' title="bbox 2142 1271 3784 1354; baseline -0.01 -16"><span class='ocrx_word' id='word_1_296' title='bbox 2142 1284 2246 1338; x_wconf 89' lang='lat' dir='ltr'><strong>tuis</strong></span> <span class='ocrx_word' id='word_1_297' title='bbox 2275 1282 2547 1354; x_wconf 86' lang='lat' dir='ltr'><strong>perversis</strong></span> <span class='ocrx_word' id='word_1_298' title='bbox 2585 1278 2829 1342; x_wconf 89' lang='lat' dir='ltr'><strong>invenio,</strong></span> <span class='ocrx_word' id='word_1_299' title='bbox 2887 1277 3015 1347; x_wconf 90' lang='lat' dir='ltr'><strong>quia</strong></span> <span class='ocrx_word' id='word_1_300' title='bbox 3053 1274 3367 1345; x_wconf 87' lang='lat' dir='ltr'><strong>apostolica</strong></span> <span class='ocrx_word' id='word_1_301' title='bbox 3404 1271 3555 1324; x_wconf 89' lang='lat' dir='ltr'><strong>sedis</strong></span> <span class='ocrx_word' id='word_1_302' title='bbox 3609 1277 3784 1338; x_wconf 89' lang='lat' dir='ltr'><strong>pote-</strong></span> 
     </span>
    </p>
   </div>
   <div class='ocr_carea' id='block_1_43' title="bbox 2138 1359 3778 1444">
    <p class='ocr_par' dir='ltr' id='par_1_43' title="bbox 2138 1359 3778 1444">
     <span class='ocr_line' id='line_1_43' title="bbox 2138 1359 3778 1444; baseline -0.01 -19"><span class='ocrx_word' id='word_1_303' title='bbox 2138 1372 2261 1426; x_wconf 88' lang='lat' dir='ltr'><strong>stati</strong></span> <span class='ocrx_word' id='word_1_304' title='bbox 2292 1370 2519 1444; x_wconf 87' lang='lat' dir='ltr'><strong>derogo.</strong></span> <span class='ocrx_word' id='word_1_305' title='bbox 2558 1367 2712 1423; x_wconf 86' lang='lat' dir='ltr'><strong>Unde</strong></span> <span class='ocrx_word' id='word_1_306' title='bbox 2735 1382 2897 1420; x_wconf 90' lang='lat' dir='ltr'><strong>nemo</strong></span> <span class='ocrx_word' id='word_1_307' title='bbox 2925 1379 3118 1419; x_wconf 89' lang='lat' dir='ltr'><strong>sanum</strong></span> <span class='ocrx_word' id='word_1_308' title='bbox 3145 1359 3476 1432; x_wconf 87' lang='lat' dir='ltr'><strong>sapienstibi</strong></span> <span class='ocrx_word' id='word_1_309' title='bbox 3507 1372 3778 1428; x_wconf 88' lang='lat' dir='ltr'><strong>unquam</strong></span> 
     </span>
    </p>
   </div>
   <div class='ocr_carea' id='block_1_44' title="bbox 2139 1446 3777 1528">
    <p class='ocr_par' dir='ltr' id='par_1_44' title="bbox 2139 1446 3777 1528">
     <span class='ocr_line' id='line_1_44' title="bbox 2139 1446 3777 1528; baseline -0.01 -14"><span class='ocrx_word' id='word_1_310' title='bbox 2139 1459 2396 1528; x_wconf 87' lang='lat' dir='ltr'><strong>credidit,</strong></span> <span class='ocrx_word' id='word_1_311' title='bbox 2423 1459 2508 1513; x_wconf 90' lang='lat' dir='ltr'><strong>vel</strong></span> <span class='ocrx_word' id='word_1_312' title='bbox 2535 1457 2745 1522; x_wconf 89' lang='lat' dir='ltr'><strong>credet,</strong></span> <span class='ocrx_word' id='word_1_313' title='bbox 2778 1454 3038 1526; x_wconf 89' lang='lat' dir='ltr'><strong>quoniam</strong></span> <span class='ocrx_word' id='word_1_314' title='bbox 3065 1459 3119 1506; x_wconf 89' lang='lat' dir='ltr'><strong>et</strong></span> <span class='ocrx_word' id='word_1_315' title='bbox 3149 1451 3268 1521; x_wconf 91' lang='lat' dir='ltr'><strong>ipsa</strong></span> <span class='ocrx_word' id='word_1_316' title='bbox 3296 1449 3500 1519; x_wconf 87' lang='lat' dir='ltr'><strong>scripta</strong></span> <span class='ocrx_word' id='word_1_317' title='bbox 3531 1462 3666 1517; x_wconf 77' lang='lat' dir='ltr'><strong>qua</strong></span> <span class='ocrx_word' id='word_1_318' title='bbox 3700 1446 3777 1499; x_wconf 86' lang='lat' dir='ltr'><strong>ad</strong></span> 
     </span>
    </p>
   </div>
   <div class='ocr_carea' id='block_1_45' title="bbox 2139 1537 3774 1622">
    <p class='ocr_par' dir='ltr' id='par_1_45' title="bbox 2139 1537 3774 1622">
     <span class='ocr_line' id='line_1_45' title="bbox 2139 1537 3774 1622; baseline -0.01 -15"><span class='ocrx_word' id='word_1_319' title='bbox 2139 1551 2495 1622; x_wconf 85' lang='lat' dir='ltr'><strong>apostolicam</strong></span> <span class='ocrx_word' id='word_1_320' title='bbox 2535 1548 2725 1603; x_wconf 87' lang='lat' dir='ltr'><strong>sedem</strong></span> <span class='ocrx_word' id='word_1_321' title='bbox 2760 1545 3069 1615; x_wconf 86' lang='lat' dir='ltr'><strong>sapissime</strong></span> <span class='ocrx_word' id='word_1_322' title='bbox 3101 1542 3245 1606; x_wconf 91' lang='lat' dir='ltr'><strong>misi,</strong></span> <span class='ocrx_word' id='word_1_323' title='bbox 3288 1548 3342 1595; x_wconf 87' lang='lat' dir='ltr'><strong>et</strong></span> <span class='ocrx_word' id='word_1_324' title='bbox 3371 1539 3460 1593; x_wconf 87' lang='lat' dir='ltr'><strong>illa</strong></span> <span class='ocrx_word' id='word_1_325' title='bbox 3489 1555 3614 1609; x_wconf 78' lang='lat' dir='ltr'><strong>qua</strong></span> <span class='ocrx_word' id='word_1_326' title='bbox 3662 1537 3774 1591; x_wconf 89' lang='lat' dir='ltr'><strong>tibi</strong></span> 
     </span>
    </p>
   </div>
   <div class='ocr_carea' id='block_1_46' title="bbox 2141 1629 3775 1710">
    <p class='ocr_par' dir='ltr' id='par_1_46' title="bbox 2141 1629 3775 1710">
     <span class='ocr_line' id='line_1_46' title="bbox 2141 1629 3775 1710; baseline -0.009 -13"><span class='ocrx_word' id='word_1_327' title='bbox 2141 1641 2427 1697; x_wconf 88' lang='lat' dir='ltr'><strong>resultanti</strong></span> <span class='ocrx_word' id='word_1_328' title='bbox 2471 1656 2618 1710; x_wconf 84' lang='lat' dir='ltr'><strong>sape</strong></span> <span class='ocrx_word' id='word_1_329' title='bbox 2664 1636 2964 1702; x_wconf 88' lang='lat' dir='ltr'><strong>transmisi,</strong></span> <span class='ocrx_word' id='word_1_330' title='bbox 3013 1643 3064 1689; x_wconf 93' lang='lat' dir='ltr'><strong>te</strong></span> <span class='ocrx_word' id='word_1_331' title='bbox 3105 1632 3412 1697; x_wconf 90' lang='lat' dir='ltr'><strong>revincent,</strong></span> <span class='ocrx_word' id='word_1_332' title='bbox 3457 1637 3511 1684; x_wconf 90' lang='lat' dir='ltr'><strong>et</strong></span> <span class='ocrx_word' id='word_1_333' title='bbox 3552 1630 3608 1682; x_wconf 90' lang='lat' dir='ltr'><strong>in</strong></span> <span class='ocrx_word' id='word_1_334' title='bbox 3658 1629 3775 1683; x_wconf 91' lang='lat' dir='ltr'><strong>isto</strong></span> 
     </span>
    </p>
   </div>
   <div class='ocr_carea' id='block_1_47' title="bbox 2141 1719 3770 1794">
    <p class='ocr_par' dir='ltr' id='par_1_47' title="bbox 2141 1719 3770 1794">
     <span class='ocr_line' id='line_1_47' title="bbox 2141 1719 3770 1794; baseline -0.009 -9"><span class='ocrx_word' id='word_1_335' title='bbox 2141 1729 2362 1792; x_wconf 82' lang='lat' dir='ltr'><strong>saeculo,</strong></span> <span class='ocrx_word' id='word_1_336' title='bbox 2389 1736 2444 1783; x_wconf 91' lang='lat' dir='ltr'><strong>et</strong></span> <span class='ocrx_word' id='word_1_337' title='bbox 2469 1727 2523 1782; x_wconf 91' lang='lat' dir='ltr'><strong>in</strong></span> <span class='ocrx_word' id='word_1_338' title='bbox 2557 1727 2738 1782; x_wconf 90' lang='lat' dir='ltr'><strong>futuro</strong></span> <span class='ocrx_word' id='word_1_339' title='bbox 2764 1725 2995 1794; x_wconf 90' lang='lat' dir='ltr'><strong>judicio.</strong></span> <span class='ocrx_word' id='word_1_340' title='bbox 3031 1722 3147 1776; x_wconf 89' lang='lat' dir='ltr'><strong>Non</strong></span> <span class='ocrx_word' id='word_1_341' title='bbox 3172 1721 3321 1775; x_wconf 91' lang='lat' dir='ltr'><strong>enim</strong></span> <span class='ocrx_word' id='word_1_342' title='bbox 3343 1719 3411 1772; x_wconf 92' lang='lat' dir='ltr'><strong>de</strong></span> <span class='ocrx_word' id='word_1_343' title='bbox 3441 1733 3530 1772; x_wconf 91' lang='lat' dir='ltr'><strong>me</strong></span> <span class='ocrx_word' id='word_1_344' title='bbox 3562 1733 3770 1772; x_wconf 89' lang='lat' dir='ltr'><strong>verum</strong></span> 
     </span>
    </p>
   </div>
   <div class='ocr_carea' id='block_1_48' title="bbox 2141 1808 3771 1890">
    <p class='ocr_par' dir='ltr' id='par_1_48' title="bbox 2141 1808 3771 1890">
     <span class='ocr_line' id='line_1_48' title="bbox 2141 1808 3771 1890; baseline -0.009 -13"><span class='ocrx_word' id='word_1_345' title='bbox 2141 1837 2262 1877; x_wconf 89' lang='lat' dir='ltr'><strong>esse</strong></span> <span class='ocrx_word' id='word_1_346' title='bbox 2279 1820 2489 1875; x_wconf 89' lang='lat' dir='ltr'><strong>valebis</strong></span> <span class='ocrx_word' id='word_1_347' title='bbox 2512 1835 2778 1890; x_wconf 90' lang='lat' dir='ltr'><strong>unquam,</strong></span> <span class='ocrx_word' id='word_1_348' title='bbox 2801 1817 2886 1871; x_wconf 90' lang='lat' dir='ltr'><strong>vel</strong></span> <span class='ocrx_word' id='word_1_349' title='bbox 2907 1830 3139 1886; x_wconf 88' lang='lat' dir='ltr'><strong>usquam</strong></span> <span class='ocrx_word' id='word_1_350' title='bbox 3158 1812 3389 1884; x_wconf 90' lang='lat' dir='ltr'><strong>probare</strong></span> <span class='ocrx_word' id='word_1_351' title='bbox 3411 1808 3563 1880; x_wconf 87' lang='lat' dir='ltr'><strong>quod</strong></span> <span class='ocrx_word' id='word_1_352' title='bbox 3586 1809 3771 1864; x_wconf 89' lang='lat' dir='ltr'><strong>dicis:</strong></span> 
     </span>
    </p>
   </div>
   <div class='ocr_carea' id='block_1_49' title="bbox 2143 1901 3775 1983">
    <p class='ocr_par' dir='ltr' id='par_1_49' title="bbox 2143 1901 3775 1983">
     <span class='ocr_line' id='line_1_49' title="bbox 2143 1901 3775 1983; baseline -0.008 -16"><span class='ocrx_word' id='word_1_353' title='bbox 2143 1913 2220 1967; x_wconf 89' lang='lat' dir='ltr'><strong>Ab</strong></span> <span class='ocrx_word' id='word_1_354' title='bbox 2253 1913 2362 1978; x_wconf 90' lang='lat' dir='ltr'><strong>his,</strong></span> <span class='ocrx_word' id='word_1_355' title='bbox 2405 1911 2684 1983; x_wconf 90' lang='lat' dir='ltr'><strong>inquiens.</strong></span> <span class='ocrx_word' id='word_1_356' title='bbox 2712 1926 2744 1964; x_wconf 90' lang='lat' dir='ltr'><strong>a</strong></span> <span class='ocrx_word' id='word_1_357' title='bbox 2769 1907 2972 1980; x_wconf 91' lang='lat' dir='ltr'><strong>quibus</strong></span> <span class='ocrx_word' id='word_1_358' title='bbox 3000 1921 3100 1977; x_wconf 92' lang='lat' dir='ltr'><strong>pro</strong></span> <span class='ocrx_word' id='word_1_359' title='bbox 3120 1903 3434 1976; x_wconf 82' lang='lat' dir='ltr'><strong>apostolica</strong></span> <span class='ocrx_word' id='word_1_360' title='bbox 3460 1901 3613 1956; x_wconf 90' lang='lat' dir='ltr'><strong>sedis</strong></span> <span class='ocrx_word' id='word_1_361' title='bbox 3649 1901 3775 1971; x_wconf 87' lang='lat' dir='ltr'><strong>pri-</strong></span> 
     </span>
    </p>
   </div>
   <div class='ocr_carea' id='block_1_50' title="bbox 2141 1993 3776 2080">
    <p class='ocr_par' dir='ltr' id='par_1_50' title="bbox 2141 1993 3776 2080">
     <span class='ocr_line' id='line_1_50' title="bbox 2141 1993 3776 2080; baseline -0.008 -21"><span class='ocrx_word' id='word_1_362' title='bbox 2141 2005 2378 2080; x_wconf 84' lang='lat' dir='ltr'><strong>vilegiis,</strong></span> <span class='ocrx_word' id='word_1_363' title='bbox 2410 2020 2532 2074; x_wconf 89' lang='lat' dir='ltr'><strong>qua</strong></span> <span class='ocrx_word' id='word_1_364' title='bbox 2563 2001 2757 2056; x_wconf 86' lang='lat' dir='ltr'><strong>Christi</strong></span> <span class='ocrx_word' id='word_1_365' title='bbox 2789 2007 2916 2056; x_wconf 91' lang='lat' dir='ltr'><strong>sunt</strong></span> <span class='ocrx_word' id='word_1_366' title='bbox 2953 2013 3129 2070; x_wconf 89' lang='lat' dir='ltr'><strong>usque</strong></span> <span class='ocrx_word' id='word_1_367' title='bbox 3169 1997 3236 2050; x_wconf 92' lang='lat' dir='ltr'><strong>ad</strong></span> <span class='ocrx_word' id='word_1_368' title='bbox 3267 2003 3497 2050; x_wconf 90' lang='lat' dir='ltr'><strong>mortem</strong></span> <span class='ocrx_word' id='word_1_369' title='bbox 3531 1993 3616 2047; x_wconf 87' lang='lat' dir='ltr'><strong>fas</strong></span> <span class='ocrx_word' id='word_1_370' title='bbox 3647 2002 3776 2048; x_wconf 86' lang='lat' dir='ltr'><strong>erat</strong></span> 
     </span>
    </p>
   </div>
   <div class='ocr_carea' id='block_1_51' title="bbox 2142 2085 3770 2166">
    <p class='ocr_par' dir='ltr' id='par_1_51' title="bbox 2142 2085 3770 2166">
     <span class='ocr_line' id='line_1_51' title="bbox 2142 2085 3770 2166; baseline -0.009 -14"><span class='ocrx_word' id='word_1_371' title='bbox 2142 2097 2434 2163; x_wconf 90' lang='lat' dir='ltr'><strong>decertari,</strong></span> <span class='ocrx_word' id='word_1_372' title='bbox 2466 2094 2795 2166; x_wconf 87' lang='lat' dir='ltr'><strong>pradicatur</strong></span> <span class='ocrx_word' id='word_1_373' title='bbox 2822 2097 2876 2146; x_wconf 89' lang='lat' dir='ltr'><strong>et</strong></span> <span class='ocrx_word' id='word_1_374' title='bbox 2914 2090 3161 2156; x_wconf 89' lang='lat' dir='ltr'><strong>docetur,</strong></span> <span class='ocrx_word' id='word_1_375' title='bbox 3204 2089 3258 2142; x_wconf 92' lang='lat' dir='ltr'><strong>in</strong></span> <span class='ocrx_word' id='word_1_376' title='bbox 3291 2088 3378 2142; x_wconf 91' lang='lat' dir='ltr'><strong>his</strong></span> <span class='ocrx_word' id='word_1_377' title='bbox 3407 2102 3528 2158; x_wconf 86' lang='lat' dir='ltr'><strong>qua</strong></span> <span class='ocrx_word' id='word_1_378' title='bbox 3560 2085 3770 2140; x_wconf 88' lang='lat' dir='ltr'><strong>eadem</strong></span> 
     </span>
    </p>
   </div>
   <div class='ocr_carea' id='block_1_52' title="bbox 2141 2177 3767 2255">
    <p class='ocr_par' dir='ltr' id='par_1_52' title="bbox 2141 2177 3767 2255">
     <span class='ocr_line' id='line_1_52' title="bbox 2141 2177 3767 2255; baseline -0.01 -9"><span class='ocrx_word' id='word_1_379' title='bbox 2141 2193 2304 2246; x_wconf 88' lang='lat' dir='ltr'><strong>sedes</strong></span> <span class='ocrx_word' id='word_1_380' title='bbox 2329 2189 2541 2252; x_wconf 89' lang='lat' dir='ltr'><strong>statuit,</strong></span> <span class='ocrx_word' id='word_1_381' title='bbox 2569 2187 2719 2242; x_wconf 85' lang='lat' dir='ltr'><strong>velut</strong></span> <span class='ocrx_word' id='word_1_382' title='bbox 2740 2183 3110 2255; x_wconf 88' lang='lat' dir='ltr'><strong>respuendum</strong></span> <span class='ocrx_word' id='word_1_383' title='bbox 3130 2179 3373 2252; x_wconf 91' lang='lat' dir='ltr'><strong>probari.</strong></span> <span class='ocrx_word' id='word_1_384' title='bbox 3402 2177 3508 2232; x_wconf 88' lang='lat' dir='ltr'><strong>Sed</strong></span> <span class='ocrx_word' id='word_1_385' title='bbox 3531 2185 3588 2230; x_wconf 91' lang='lat' dir='ltr'><strong>tu</strong></span> <span class='ocrx_word' id='word_1_386' title='bbox 3623 2192 3767 2247; x_wconf 83' lang='lat' dir='ltr'><strong>pro-</strong></span> 
     </span>
    </p>
   </div>
   <div class='ocr_carea' id='block_1_53' title="bbox 2143 2271 3768 2352">
    <p class='ocr_par' dir='ltr' id='par_1_53' title="bbox 2143 2271 3768 2352">
     <span class='ocr_line' id='line_1_53' title="bbox 2143 2271 3768 2352; baseline -0.011 -13"><span class='ocrx_word' id='word_1_387' title='bbox 2143 2285 2288 2338; x_wconf 90' lang='lat' dir='ltr'><strong>baris</strong></span> <span class='ocrx_word' id='word_1_388' title='bbox 2317 2283 2438 2351; x_wconf 89' lang='lat' dir='ltr'><strong>ejus</strong></span> <span class='ocrx_word' id='word_1_389' title='bbox 2458 2279 2746 2352; x_wconf 84' lang='lat' dir='ltr'><strong>privilegio</strong></span> <span class='ocrx_word' id='word_1_390' title='bbox 2779 2277 3064 2340; x_wconf 89' lang='lat' dir='ltr'><strong>resultare,</strong></span> <span class='ocrx_word' id='word_1_391' title='bbox 3097 2274 3192 2345; x_wconf 89' lang='lat' dir='ltr'><strong>qui</strong></span> <span class='ocrx_word' id='word_1_392' title='bbox 3229 2271 3534 2327; x_wconf 90' lang='lat' dir='ltr'><strong>secundum</strong></span> <span class='ocrx_word' id='word_1_393' title='bbox 3567 2284 3768 2324; x_wconf 87' lang='lat' dir='ltr'><strong>sacros</strong></span> 
     </span>
    </p>
   </div>
   <div class='ocr_carea' id='block_1_54' title="bbox 2142 2360 3763 2436">
    <p class='ocr_par' dir='ltr' id='par_1_54' title="bbox 2142 2360 3763 2436">
     <span class='ocr_line' id='line_1_54' title="bbox 2142 2360 3763 2436; baseline -0.012 -3"><span class='ocrx_word' id='word_1_394' title='bbox 2142 2385 2452 2433; x_wconf 83' lang='lat' dir='ltr'><strong>sanctorum</strong></span> <span class='ocrx_word' id='word_1_395' title='bbox 2498 2371 2854 2428; x_wconf 92' lang='lat' dir='ltr'><strong>conciliorum</strong></span> <span class='ocrx_word' id='word_1_396' title='bbox 2894 2383 3136 2424; x_wconf 88' lang='lat' dir='ltr'><strong>canones</strong></span> <span class='ocrx_word' id='word_1_397' title='bbox 3193 2380 3360 2436; x_wconf 86' lang='lat' dir='ltr'><strong>supra</strong></span> <span class='ocrx_word' id='word_1_398' title='bbox 3399 2363 3630 2435; x_wconf 91' lang='lat' dir='ltr'><strong>positos,</strong></span> <span class='ocrx_word' id='word_1_399' title='bbox 3690 2360 3763 2414; x_wconf 89' lang='lat' dir='ltr'><strong>ab</strong></span> 
     </span>
    </p>
   </div>
   <div class='ocr_carea' id='block_1_55' title="bbox 2144 2448 3767 2538">
    <p class='ocr_par' dir='ltr' id='par_1_55' title="bbox 2144 2448 3767 2538">
     <span class='ocr_line' id='line_1_55' title="bbox 2144 2448 3767 2538; baseline -0.01 -18"><span class='ocrx_word' id='word_1_400' title='bbox 2144 2467 2262 2538; x_wconf 90' lang='lat' dir='ltr'><strong>ipsa</strong></span> <span class='ocrx_word' id='word_1_401' title='bbox 2298 2465 2474 2535; x_wconf 89' lang='lat' dir='ltr'><strong>prima</strong></span> <span class='ocrx_word' id='word_1_402' title='bbox 2503 2461 2634 2517; x_wconf 89' lang='lat' dir='ltr'><strong>sede</strong></span> <span class='ocrx_word' id='word_1_403' title='bbox 2674 2467 2837 2530; x_wconf 89' lang='lat' dir='ltr'><strong>atque</strong></span> <span class='ocrx_word' id='word_1_404' title='bbox 2890 2457 2958 2511; x_wconf 91' lang='lat' dir='ltr'><strong>ab</strong></span> <span class='ocrx_word' id='word_1_405' title='bbox 2989 2455 3140 2512; x_wconf 90' lang='lat' dir='ltr'><strong>omni</strong></span> <span class='ocrx_word' id='word_1_406' title='bbox 3191 2452 3434 2509; x_wconf 85' lang='lat' dir='ltr'><strong>Ecclesia</strong></span> <span class='ocrx_word' id='word_1_407' title='bbox 3487 2448 3767 2504; x_wconf 88' lang='lat' dir='ltr'><strong>catholica</strong></span> 
     </span>
    </p>
   </div>
   <div class='ocr_carea' id='block_1_56' title="bbox 2143 2538 3767 2624">
    <p class='ocr_par' dir='ltr' id='par_1_56' title="bbox 2143 2538 3767 2624">
     <span class='ocr_line' id='line_1_56' title="bbox 2143 2538 3767 2624; baseline -0.012 -14"><span class='ocrx_word' id='word_1_408' title='bbox 2143 2553 2547 2624; x_wconf 88' lang='lat' dir='ltr'><strong>comprobatos,</strong></span> <span class='ocrx_word' id='word_1_409' title='bbox 2579 2557 2636 2604; x_wconf 95' lang='lat' dir='ltr'><strong>ut</strong></span> <span class='ocrx_word' id='word_1_410' title='bbox 2666 2563 2852 2603; x_wconf 89' lang='lat' dir='ltr'><strong>revera</strong></span> <span class='ocrx_word' id='word_1_411' title='bbox 2891 2545 3100 2616; x_wconf 86' lang='lat' dir='ltr'><strong>Spiritu</strong></span> <span class='ocrx_word' id='word_1_412' title='bbox 3149 2543 3246 2598; x_wconf 91' lang='lat' dir='ltr'><strong>Dei</strong></span> <span class='ocrx_word' id='word_1_413' title='bbox 3275 2538 3552 2603; x_wconf 84' lang='lat' dir='ltr'><strong>conditos,</strong></span> <span class='ocrx_word' id='word_1_414' title='bbox 3585 2547 3641 2591; x_wconf 89' lang='lat' dir='ltr'><strong>et</strong></span> <span class='ocrx_word' id='word_1_415' title='bbox 3674 2543 3767 2591; x_wconf 89' lang='lat' dir='ltr'><strong>to-</strong></span> 
     </span>
    </p>
   </div>
   <div class='ocr_carea' id='block_1_57' title="bbox 2144 2629 3766 2702">
    <p class='ocr_par' dir='ltr' id='par_1_57' title="bbox 2144 2629 3766 2702">
     <span class='ocr_line' id='line_1_57' title="bbox 2144 2629 3766 2702; baseline -0.013 -1"><span class='ocrx_word' id='word_1_416' title='bbox 2144 2647 2251 2701; x_wconf 90' lang='lat' dir='ltr'><strong>tius</strong></span> <span class='ocrx_word' id='word_1_417' title='bbox 2276 2643 2470 2700; x_wconf 90' lang='lat' dir='ltr'><strong>mundi</strong></span> <span class='ocrx_word' id='word_1_418' title='bbox 2517 2640 2822 2697; x_wconf 91' lang='lat' dir='ltr'><strong>reverentia</strong></span> <span class='ocrx_word' id='word_1_419' title='bbox 2851 2642 3220 2700; x_wconf 90' lang='lat' dir='ltr'><strong>consecratos,</strong></span> <span class='ocrx_word' id='word_1_420' title='bbox 3257 2633 3487 2702; x_wconf 87' lang='lat' dir='ltr'><strong>etjuxta</strong></span> <span class='ocrx_word' id='word_1_421' title='bbox 3534 2629 3766 2683; x_wconf 89' lang='lat' dir='ltr'><strong>decreta</strong></span> 
     </span>
    </p>
   </div>
   <div class='ocr_carea' id='block_1_58' title="bbox 2146 2723 3768 2812">
    <p class='ocr_par' dir='ltr' id='par_1_58' title="bbox 2146 2723 3768 2812">
     <span class='ocr_line' id='line_1_58' title="bbox 2146 2723 3768 2812; baseline -0.011 -18"><span class='ocrx_word' id='word_1_422' title='bbox 2146 2741 2320 2812; x_wconf 91' lang='lat' dir='ltr'><strong>ipsius</strong></span> <span class='ocrx_word' id='word_1_423' title='bbox 2338 2745 2539 2794; x_wconf 85' lang='lat' dir='ltr'><strong>sancta</strong></span> <span class='ocrx_word' id='word_1_424' title='bbox 2569 2733 2737 2798; x_wconf 88' lang='lat' dir='ltr'><strong>sedis,</strong></span> <span class='ocrx_word' id='word_1_425' title='bbox 2768 2748 2830 2786; x_wconf 89' lang='lat' dir='ltr'><strong>ex</strong></span> <span class='ocrx_word' id='word_1_426' title='bbox 2853 2731 3066 2786; x_wconf 90' lang='lat' dir='ltr'><strong>eisdem</strong></span> <span class='ocrx_word' id='word_1_427' title='bbox 3093 2727 3266 2783; x_wconf 88' lang='lat' dir='ltr'><strong>sacris</strong></span> <span class='ocrx_word' id='word_1_428' title='bbox 3287 2723 3601 2781; x_wconf 90' lang='lat' dir='ltr'><strong>canonibus</strong></span> <span class='ocrx_word' id='word_1_429' title='bbox 3627 2737 3768 2792; x_wconf 90' lang='lat' dir='ltr'><strong>pro-</strong></span> 
     </span>
    </p>
   </div>
   <div class='ocr_carea' id='block_1_59' title="bbox 2146 2811 3766 2906">
    <p class='ocr_par' dir='ltr' id='par_1_59' title="bbox 2146 2811 3766 2906">
     <span class='ocr_line' id='line_1_59' title="bbox 2146 2811 3766 2906; baseline -0.012 -20"><span class='ocrx_word' id='word_1_430' title='bbox 2146 2811 2410 2906; x_wconf 85' lang='lat' dir='ltr'><strong>mulgata,</strong></span> <span class='ocrx_word' id='word_1_431' title='bbox 2439 2825 2864 2898; x_wconf 88' lang='lat' dir='ltr'><strong>metr0politano</strong></span> <span class='ocrx_word' id='word_1_432' title='bbox 2889 2819 3204 2894; x_wconf 89' lang='lat' dir='ltr'><strong>privilegio,</strong></span> <span class='ocrx_word' id='word_1_433' title='bbox 3223 2814 3397 2871; x_wconf 90' lang='lat' dir='ltr'><strong>semel</strong></span> <span class='ocrx_word' id='word_1_434' title='bbox 3426 2823 3480 2868; x_wconf 89' lang='lat' dir='ltr'><strong>et</strong></span> <span class='ocrx_word' id='word_1_435' title='bbox 3507 2811 3766 2866; x_wconf 90' lang='lat' dir='ltr'><strong>secundo</strong></span> 
     </span>
    </p>
   </div>
   <div class='ocr_carea' id='block_1_60' title="bbox 2147 2900 3766 2979">
    <p class='ocr_par' dir='ltr' id='par_1_60' title="bbox 2147 2900 3766 2979">
     <span class='ocr_line' id='line_1_60' title="bbox 2147 2900 3766 2979; baseline -0.012 -5"><span class='ocrx_word' id='word_1_436' title='bbox 2147 2936 2212 2974; x_wconf 90' lang='lat' dir='ltr'><strong>ac</strong></span> <span class='ocrx_word' id='word_1_437' title='bbox 2241 2900 2402 2973; x_wconf 74' lang='lat' dir='ltr'><strong>tertio</strong></span> <span class='ocrx_word' id='word_1_438' title='bbox 2429 2915 2818 2979; x_wconf 90' lang='lat' dir='ltr'><strong>commonitus,</strong></span> <span class='ocrx_word' id='word_1_439' title='bbox 2855 2910 3088 2967; x_wconf 90' lang='lat' dir='ltr'><strong>obedire</strong></span> <span class='ocrx_word' id='word_1_440' title='bbox 3120 2905 3458 2970; x_wconf 89' lang='lat' dir='ltr'><strong>detrectasti,</strong></span> <span class='ocrx_word' id='word_1_441' title='bbox 3512 2910 3572 2956; x_wconf 90' lang='lat' dir='ltr'><strong>ut</strong></span> <span class='ocrx_word' id='word_1_442' title='bbox 3601 2900 3766 2956; x_wconf 89' lang='lat' dir='ltr'><strong>colli-</strong></span> 
     </span>
    </p>
   </div>
   <div class='ocr_carea' id='block_1_61' title="bbox 429 2976 3768 3083">
    <p class='ocr_par' dir='ltr' id='par_1_61' title="bbox 429 2976 3768 3083">
     <span class='ocr_line' id='line_1_61' title="bbox 429 2976 3768 3083; baseline -0.007 -17"><span class='ocrx_word' id='word_1_443' title='bbox 429 3012 619 3066; x_wconf 91' lang='lat' dir='ltr'><strong>decem</strong></span> <span class='ocrx_word' id='word_1_444' title='bbox 652 3010 1052 3080; x_wconf 85' lang='lat' dir='ltr'><strong>provinciarum</strong></span> <span class='ocrx_word' id='word_1_445' title='bbox 1102 3009 1377 3080; x_wconf 89' lang='lat' dir='ltr'><strong>professus</strong></span> <span class='ocrx_word' id='word_1_446' title='bbox 1408 3027 1488 3077; x_wconf 90' lang='lat' dir='ltr'><strong>es,</strong></span> <span class='ocrx_word' id='word_1_447' title='bbox 1539 3021 1595 3066; x_wconf 92' lang='lat' dir='ltr'><strong>et</strong></span> <span class='ocrx_word' id='word_1_448' title='bbox 1625 3028 1791 3066; x_wconf 89' lang='lat' dir='ltr'><strong>manu</strong></span> <span class='ocrx_word' id='word_1_449' title='bbox 1823 3013 2043 3083; x_wconf 80' lang='lat' dir='ltr'><strong>propria</strong></span> <span class='ocrx_word' id='word_1_450' title='bbox 2071 2976 2120 3044; x_wconf 69' lang='grc' dir='ltr'>Ο</span> <span class='ocrx_word' id='word_1_451' title='bbox 2143 3007 2392 3083; x_wconf 88' lang='lat' dir='ltr'><strong>gationes</strong></span> <span class='ocrx_word' id='word_1_452' title='bbox 2420 3002 2720 3075; x_wconf 87' lang='lat' dir='ltr'><strong>impietatis</strong></span> <span class='ocrx_word' id='word_1_453' title='bbox 2749 3003 2855 3068; x_wconf 82' lang='lat' dir='ltr'><strong>(Isa</strong></span> <span class='ocrx_word' id='word_1_454' title='bbox 2917 2998 3091 3068; x_wconf 74' lang='lat' dir='ltr'><strong>LVIII),</strong></span> <span class='ocrx_word' id='word_1_455' title='bbox 3133 3011 3268 3066; x_wconf 89' lang='lat' dir='ltr'><strong>quas</strong></span> <span class='ocrx_word' id='word_1_456' title='bbox 3306 3000 3498 3048; x_wconf 89' lang='lat' dir='ltr'><strong>contra</strong></span> <span class='ocrx_word' id='word_1_457' title='bbox 3523 3005 3768 3062; x_wconf 84' lang='lat' dir='ltr'><strong>evange-</strong></span> 
     </span>
    </p>
   </div>
   <div class='ocr_carea' id='block_1_62' title="bbox 430 3097 2043 3175">
    <p class='ocr_par' dir='ltr' id='par_1_62' title="bbox 430 3097 2043 3175">
     <span class='ocr_line' id='line_1_62' title="bbox 430 3097 2043 3175; baseline 0.001 -21"><span class='ocrx_word' id='word_1_458' title='bbox 430 3097 840 3168; x_wconf 83' lang='lat' dir='ltr'><strong>subscripsisti:</strong></span> <span class='ocrx_word' id='word_1_459' title='bbox 880 3098 1092 3153; x_wconf 89' lang='lat' dir='ltr'><strong>scilicet</strong></span> <span class='ocrx_word' id='word_1_460' title='bbox 1138 3098 1269 3170; x_wconf 90' lang='lat' dir='ltr'><strong>quia</strong></span> <span class='ocrx_word' id='word_1_461' title='bbox 1318 3099 1606 3175; x_wconf 89' lang='lat' dir='ltr'><strong>privilegio</strong></span> <span class='ocrx_word' id='word_1_462' title='bbox 1637 3101 2043 3172; x_wconf 86' lang='lat' dir='ltr'><strong>metropolitani</strong></span> 
     </span>
    </p>
   </div>
   <div class='ocr_carea' id='block_1_63' title="bbox 431 3191 2046 3263">
    <p class='ocr_par' dir='ltr' id='par_1_63' title="bbox 431 3191 2046 3263">
     <span class='ocr_line' id='line_1_63' title="bbox 431 3191 2046 3263; baseline 0.001 -17"><span class='ocrx_word' id='word_1_463' title='bbox 431 3191 728 3263; x_wconf 84' lang='lat' dir='ltr'><strong>provincia</strong></span> <span class='ocrx_word' id='word_1_464' title='bbox 761 3192 1054 3246; x_wconf 83' lang='lat' dir='ltr'><strong>Remorum</strong></span> <span class='ocrx_word' id='word_1_465' title='bbox 1088 3191 1366 3258; x_wconf 89' lang='lat' dir='ltr'><strong>Ecclesia,</strong></span> <span class='ocrx_word' id='word_1_466' title='bbox 1406 3193 1710 3248; x_wconf 88' lang='lat' dir='ltr'><strong>secundum</strong></span> <span class='ocrx_word' id='word_1_467' title='bbox 1743 3209 1928 3249; x_wconf 89' lang='lat' dir='ltr'><strong>sacros</strong></span> <span class='ocrx_word' id='word_1_468' title='bbox 1961 3210 2046 3248; x_wconf 33' lang='lat' dir='ltr'><strong>cae</strong></span> 
     </span>
    </p>
   </div>
   <div class='ocr_carea' id='block_1_64' title="bbox 433 3280 2047 3351">
    <p class='ocr_par' dir='ltr' id='par_1_64' title="bbox 433 3280 2047 3351">
     <span class='ocr_line' id='line_1_64' title="bbox 433 3280 2047 3351; baseline 0.002 -17"><span class='ocrx_word' id='word_1_469' title='bbox 433 3295 607 3335; x_wconf 91' lang='lat' dir='ltr'><strong>nones</strong></span> <span class='ocrx_word' id='word_1_470' title='bbox 631 3289 686 3334; x_wconf 92' lang='lat' dir='ltr'><strong>et</strong></span> <span class='ocrx_word' id='word_1_471' title='bbox 713 3280 936 3335; x_wconf 90' lang='lat' dir='ltr'><strong>decreta</strong></span> <span class='ocrx_word' id='word_1_472' title='bbox 956 3280 1106 3336; x_wconf 89' lang='lat' dir='ltr'><strong>sedis</strong></span> <span class='ocrx_word' id='word_1_473' title='bbox 1126 3282 1442 3351; x_wconf 82' lang='lat' dir='ltr'><strong>apostolica</strong></span> <span class='ocrx_word' id='word_1_474' title='bbox 1463 3299 1530 3336; x_wconf 85' lang='lat' dir='ltr'><strong>ex</strong></span> <span class='ocrx_word' id='word_1_475' title='bbox 1553 3283 1724 3337; x_wconf 88' lang='lat' dir='ltr'><strong>sacris</strong></span> <span class='ocrx_word' id='word_1_476' title='bbox 1741 3284 2047 3338; x_wconf 87' lang='lat' dir='ltr'><strong>canonibus</strong></span> 
     </span>
    </p>
   </div>
   <div class='ocr_carea' id='block_1_65' title="bbox 432 3372 2050 3446">
    <p class='ocr_par' dir='ltr' id='par_1_65' title="bbox 432 3372 2050 3446">
     <span class='ocr_line' id='line_1_65' title="bbox 432 3372 2050 3446; baseline 0.002 -20"><span class='ocrx_word' id='word_1_477' title='bbox 432 3372 774 3445; x_wconf 84' lang='lat' dir='ltr'><strong>promulgata</strong></span> <span class='ocrx_word' id='word_1_478' title='bbox 805 3388 902 3442; x_wconf 91' lang='lat' dir='ltr'><strong>pro</strong></span> <span class='ocrx_word' id='word_1_479' title='bbox 923 3373 1066 3427; x_wconf 87' lang='lat' dir='ltr'><strong>scire</strong></span> <span class='ocrx_word' id='word_1_480' title='bbox 1093 3382 1147 3427; x_wconf 91' lang='lat' dir='ltr'><strong>et</strong></span> <span class='ocrx_word' id='word_1_481' title='bbox 1176 3388 1340 3443; x_wconf 92' lang='lat' dir='ltr'><strong>posse</strong></span> <span class='ocrx_word' id='word_1_482' title='bbox 1373 3381 1425 3428; x_wconf 88' lang='lat' dir='ltr'><strong>te</strong></span> <span class='ocrx_word' id='word_1_483' title='bbox 1456 3374 1805 3430; x_wconf 91' lang='lat' dir='ltr'><strong>obediturum</strong></span> <span class='ocrx_word' id='word_1_484' title='bbox 1831 3374 2050 3446; x_wconf 83' lang='lat' dir='ltr'><strong>profite-</strong></span> 
     </span>
    </p>
   </div>
   <div class='ocr_carea' id='block_1_66' title="bbox 430 3461 2044 3535">
    <p class='ocr_par' dir='ltr' id='par_1_66' title="bbox 430 3461 2044 3535">
     <span class='ocr_line' id='line_1_66' title="bbox 430 3461 2044 3535; baseline 0.002 -20"><span class='ocrx_word' id='word_1_485' title='bbox 430 3461 566 3515; x_wconf 90' lang='lat' dir='ltr'><strong>reris</strong></span> <span class='ocrx_word' id='word_1_486' title='bbox 603 3467 658 3515; x_wconf 91' lang='lat' dir='ltr'><strong>et</strong></span> <span class='ocrx_word' id='word_1_487' title='bbox 684 3461 1080 3532; x_wconf 90' lang='lat' dir='ltr'><strong>subscripsisti.</strong></span> <span class='ocrx_word' id='word_1_488' title='bbox 1118 3462 1232 3528; x_wconf 91' lang='lat' dir='ltr'><strong>Dic,</strong></span> <span class='ocrx_word' id='word_1_489' title='bbox 1266 3462 1451 3530; x_wconf 90' lang='lat' dir='ltr'><strong>frater,</strong></span> <span class='ocrx_word' id='word_1_490' title='bbox 1479 3464 1701 3535; x_wconf 90' lang='lat' dir='ltr'><strong>quando</strong></span> <span class='ocrx_word' id='word_1_491' title='bbox 1735 3473 1790 3519; x_wconf 90' lang='lat' dir='ltr'><strong>et</strong></span> <span class='ocrx_word' id='word_1_492' title='bbox 1813 3464 1930 3531; x_wconf 91' lang='lat' dir='ltr'><strong>ubi,</strong></span> <span class='ocrx_word' id='word_1_493' title='bbox 1959 3467 2044 3519; x_wconf 85' lang='lat' dir='ltr'><strong>vel</strong></span> 
     </span>
    </p>
   </div>
   <div class='ocr_carea' id='block_1_67' title="bbox 428 3548 2045 3623">
    <p class='ocr_par' dir='ltr' id='par_1_67' title="bbox 428 3548 2045 3623">
     <span class='ocr_line' id='line_1_67' title="bbox 428 3548 2045 3623; baseline 0.004 -21"><span class='ocrx_word' id='word_1_494' title='bbox 428 3549 482 3603; x_wconf 92' lang='lat' dir='ltr'><strong>in</strong></span> <span class='ocrx_word' id='word_1_495' title='bbox 515 3548 717 3620; x_wconf 87' lang='lat' dir='ltr'><strong>quibus</strong></span> <span class='ocrx_word' id='word_1_496' title='bbox 747 3567 777 3604; x_wconf 87' lang='lat' dir='ltr'><strong>a</strong></span> <span class='ocrx_word' id='word_1_497' title='bbox 803 3558 856 3604; x_wconf 91' lang='lat' dir='ltr'><strong>te</strong></span> <span class='ocrx_word' id='word_1_498' title='bbox 879 3549 1138 3622; x_wconf 89' lang='lat' dir='ltr'><strong>requisivi</strong></span> <span class='ocrx_word' id='word_1_499' title='bbox 1170 3553 1252 3605; x_wconf 90' lang='lat' dir='ltr'><strong>vel</strong></span> <span class='ocrx_word' id='word_1_500' title='bbox 1277 3558 1608 3623; x_wconf 88' lang='lat' dir='ltr'><strong>extorquere</strong></span> <span class='ocrx_word' id='word_1_501' title='bbox 1632 3551 1800 3618; x_wconf 90' lang='lat' dir='ltr'><strong>volui,</strong></span> <span class='ocrx_word' id='word_1_502' title='bbox 1835 3553 2045 3608; x_wconf 87' lang='lat' dir='ltr'><strong>utmihi</strong></span> 
     </span>
    </p>
   </div>
   <div class='ocr_carea' id='block_1_68' title="bbox 431 3639 2045 3713">
    <p class='ocr_par' dir='ltr' id='par_1_68' title="bbox 431 3639 2045 3713">
     <span class='ocr_line' id='line_1_68' title="bbox 431 3639 2045 3713; baseline 0.001 -18"><span class='ocrx_word' id='word_1_503' title='bbox 431 3647 619 3695; x_wconf 88' lang='lat' dir='ltr'><strong>contra</strong></span> <span class='ocrx_word' id='word_1_504' title='bbox 650 3641 767 3694; x_wconf 87' lang='lat' dir='ltr'><strong>hac</strong></span> <span class='ocrx_word' id='word_1_505' title='bbox 802 3639 855 3693; x_wconf 92' lang='lat' dir='ltr'><strong>in</strong></span> <span class='ocrx_word' id='word_1_506' title='bbox 890 3639 1074 3711; x_wconf 89' lang='lat' dir='ltr'><strong>aliquo</strong></span> <span class='ocrx_word' id='word_1_507' title='bbox 1122 3639 1430 3696; x_wconf 82' lang='lat' dir='ltr'><strong>obedires?</strong></span> <span class='ocrx_word' id='word_1_508' title='bbox 1481 3642 1574 3713; x_wconf 91' lang='lat' dir='ltr'><strong>qui</strong></span> <span class='ocrx_word' id='word_1_509' title='bbox 1615 3657 1897 3712; x_wconf 83' lang='lat' dir='ltr'><strong>nunquam</strong></span> <span class='ocrx_word' id='word_1_510' title='bbox 1933 3648 2045 3708; x_wconf 89' lang='lat' dir='ltr'><strong>tua,</strong></span> 
     </span>
    </p>
   </div>
   <div class='ocr_carea' id='block_1_69' title="bbox 429 3730 2048 3803">
    <p class='ocr_par' dir='ltr' id='par_1_69' title="bbox 429 3730 2048 3803">
     <span class='ocr_line' id='line_1_69' title="bbox 429 3730 2048 3803; baseline 0.001 -19"><span class='ocrx_word' id='word_1_511' title='bbox 429 3731 529 3784; x_wconf 90' lang='lat' dir='ltr'><strong>sed</strong></span> <span class='ocrx_word' id='word_1_512' title='bbox 550 3730 705 3800; x_wconf 82' lang='lat' dir='ltr'><strong>juxta</strong></span> <span class='ocrx_word' id='word_1_513' title='bbox 732 3731 1074 3801; x_wconf 83' lang='lat' dir='ltr'><strong>Apostolum,</strong></span> <span class='ocrx_word' id='word_1_514' title='bbox 1110 3738 1162 3784; x_wconf 92' lang='lat' dir='ltr'><strong>te</strong></span> <span class='ocrx_word' id='word_1_515' title='bbox 1189 3732 1417 3801; x_wconf 73' lang='lat' dir='ltr'><strong>quaesivi</strong></span> <span class='ocrx_word' id='word_1_516' title='bbox 1449 3735 1522 3799; x_wconf 84' lang='lat' dir='ltr'><strong>(II</strong></span> <span class='ocrx_word' id='word_1_517' title='bbox 1557 3731 1678 3786; x_wconf 84' lang='lat' dir='ltr'><strong>Cor.</strong></span> <span class='ocrx_word' id='word_1_518' title='bbox 1712 3741 1826 3800; x_wconf 70' lang='lat' dir='ltr'><strong>xu),</strong></span> <span class='ocrx_word' id='word_1_519' title='bbox 1857 3740 1913 3786; x_wconf 90' lang='lat' dir='ltr'><strong>et</strong></span> <span class='ocrx_word' id='word_1_520' title='bbox 1955 3733 2048 3803; x_wconf 91' lang='lat' dir='ltr'><strong>qui</strong></span> 
     </span>
    </p>
   </div>
   <div class='ocr_carea' id='block_1_70' title="bbox 433 3821 2050 3894">
    <p class='ocr_par' dir='ltr' id='par_1_70' title="bbox 433 3821 2050 3894">
     <span class='ocr_line' id='line_1_70' title="bbox 433 3821 2050 3894; baseline 0.002 -20"><span class='ocrx_word' id='word_1_521' title='bbox 433 3837 584 3876; x_wconf 88' lang='lat' dir='ltr'><strong>meas</strong></span> <span class='ocrx_word' id='word_1_522' title='bbox 600 3821 848 3889; x_wconf 89' lang='lat' dir='ltr'><strong>injurias,</strong></span> <span class='ocrx_word' id='word_1_523' title='bbox 876 3823 1087 3878; x_wconf 89' lang='lat' dir='ltr'><strong>scilicet</strong></span> <span class='ocrx_word' id='word_1_524' title='bbox 1119 3840 1257 3879; x_wconf 88' lang='lat' dir='ltr'><strong>mea</strong></span> <span class='ocrx_word' id='word_1_525' title='bbox 1285 3840 1558 3894; x_wconf 87' lang='lat' dir='ltr'><strong>persona,</strong></span> <span class='ocrx_word' id='word_1_526' title='bbox 1585 3823 1766 3890; x_wconf 87' lang='lat' dir='ltr'><strong>facile,</strong></span> <span class='ocrx_word' id='word_1_527' title='bbox 1789 3823 1898 3878; x_wconf 94' lang='lat' dir='ltr'><strong>Deo</strong></span> <span class='ocrx_word' id='word_1_528' title='bbox 1925 3840 2050 3894; x_wconf 82' lang='lat' dir='ltr'><strong>gra-</strong></span> 
     </span>
    </p>
   </div>
   <div class='ocr_carea' id='block_1_71' title="bbox 440 3913 2048 3988">
    <p class='ocr_par' dir='ltr' id='par_1_71' title="bbox 440 3913 2048 3988">
     <span class='ocr_line' id='line_1_71' title="bbox 440 3913 2048 3988; baseline 0.003 -20"><span class='ocrx_word' id='word_1_529' title='bbox 440 3914 808 3982; x_wconf 90' lang='lat' dir='ltr'><strong>tias,possum</strong></span> <span class='ocrx_word' id='word_1_530' title='bbox 845 3913 1140 3980; x_wconf 90' lang='lat' dir='ltr'><strong>dimittere,</strong></span> <span class='ocrx_word' id='word_1_531' title='bbox 1176 3916 1318 3970; x_wconf 91' lang='lat' dir='ltr'><strong>sicut</strong></span> <span class='ocrx_word' id='word_1_532' title='bbox 1355 3924 1410 3970; x_wconf 91' lang='lat' dir='ltr'><strong>et</strong></span> <span class='ocrx_word' id='word_1_533' title='bbox 1433 3917 1681 3987; x_wconf 91' lang='lat' dir='ltr'><strong>quotidie</strong></span> <span class='ocrx_word' id='word_1_534' title='bbox 1711 3932 1810 3988; x_wconf 91' lang='lat' dir='ltr'><strong>pro</strong></span> <span class='ocrx_word' id='word_1_535' title='bbox 1839 3925 1891 3972; x_wconf 90' lang='lat' dir='ltr'><strong>te</strong></span> <span class='ocrx_word' id='word_1_536' title='bbox 1929 3933 2048 3973; x_wconf 86' lang='lat' dir='ltr'><strong>om-</strong></span> 
     </span>
    </p>
   </div>
   <div class='ocr_carea' id='block_1_72' title="bbox 435 4005 2051 4078">
    <p class='ocr_par' dir='ltr' id='par_1_72' title="bbox 435 4005 2051 4078">
     <span class='ocr_line' id='line_1_72' title="bbox 435 4005 2051 4078; baseline 0.004 -19"><span class='ocrx_word' id='word_1_537' title='bbox 435 4005 797 4075; x_wconf 90' lang='lat' dir='ltr'><strong>nipotentiam</strong></span> <span class='ocrx_word' id='word_1_538' title='bbox 831 4007 1045 4060; x_wconf 91' lang='lat' dir='ltr'><strong>Domini</strong></span> <span class='ocrx_word' id='word_1_539' title='bbox 1084 4007 1283 4062; x_wconf 90' lang='lat' dir='ltr'><strong>devote</strong></span> <span class='ocrx_word' id='word_1_540' title='bbox 1317 4023 1551 4063; x_wconf 88' lang='lat' dir='ltr'><strong>exorans</strong></span> <span class='ocrx_word' id='word_1_541' title='bbox 1588 4010 1730 4065; x_wconf 88' lang='lat' dir='ltr'><strong>facio</strong></span> <span class='ocrx_word' id='word_1_542' title='bbox 1760 4027 1774 4074; x_wconf 86' lang='lat'><strong>;</strong></span> <span class='ocrx_word' id='word_1_543' title='bbox 1821 4011 2051 4078; x_wconf 90' lang='lat' dir='ltr'><strong>injurias</strong></span> 
     </span>
    </p>
   </div>
   <div class='ocr_carea' id='block_1_73' title="bbox 434 4097 2050 4174">
    <p class='ocr_par' dir='ltr' id='par_1_73' title="bbox 434 4097 2050 4174">
     <span class='ocr_line' id='line_1_73' title="bbox 434 4097 2050 4174; baseline 0.004 -23"><span class='ocrx_word' id='word_1_544' title='bbox 434 4097 799 4152; x_wconf 91' lang='lat' dir='ltr'><strong>ordinationis</strong></span> <span class='ocrx_word' id='word_1_545' title='bbox 829 4097 1049 4164; x_wconf 85' lang='lat' dir='ltr'><strong>divina,</strong></span> <span class='ocrx_word' id='word_1_546' title='bbox 1083 4114 1204 4169; x_wconf 89' lang='lat' dir='ltr'><strong>qua</strong></span> <span class='ocrx_word' id='word_1_547' title='bbox 1233 4115 1262 4153; x_wconf 89' lang='lat' dir='ltr'><strong>a</strong></span> <span class='ocrx_word' id='word_1_548' title='bbox 1302 4106 1393 4154; x_wconf 90' lang='lat' dir='ltr'><strong>tua</strong></span> <span class='ocrx_word' id='word_1_549' title='bbox 1433 4099 1728 4158; x_wconf 87' lang='lat' dir='ltr'><strong>insolentia</strong></span> <span class='ocrx_word' id='word_1_550' title='bbox 1758 4102 2050 4174; x_wconf 88' lang='lat' dir='ltr'><strong>exquirun-</strong></span> 
     </span>
    </p>
   </div>
   <div class='ocr_carea' id='block_1_74' title="bbox 433 4189 2049 4265">
    <p class='ocr_par' dir='ltr' id='par_1_74' title="bbox 433 4189 2049 4265">
     <span class='ocr_line' id='line_1_74' title="bbox 433 4189 2049 4265; baseline 0.002 -21"><span class='ocrx_word' id='word_1_551' title='bbox 433 4196 542 4255; x_wconf 91' lang='lat' dir='ltr'><strong>tur,</strong></span> <span class='ocrx_word' id='word_1_552' title='bbox 574 4198 632 4244; x_wconf 91' lang='lat' dir='ltr'><strong>ut</strong></span> <span class='ocrx_word' id='word_1_553' title='bbox 651 4189 1076 4259; x_wconf 88' lang='lat' dir='ltr'><strong>metropolitano</strong></span> <span class='ocrx_word' id='word_1_554' title='bbox 1106 4191 1396 4265; x_wconf 89' lang='lat' dir='ltr'><strong>privilegio</strong></span> <span class='ocrx_word' id='word_1_555' title='bbox 1425 4193 1689 4248; x_wconf 90' lang='lat' dir='ltr'><strong>canonice</strong></span> <span class='ocrx_word' id='word_1_556' title='bbox 1711 4208 1820 4248; x_wconf 92' lang='lat' dir='ltr'><strong>non</strong></span> <span class='ocrx_word' id='word_1_557' title='bbox 1841 4193 2049 4248; x_wconf 86' lang='lat' dir='ltr'><strong>subda-</strong></span> 
     </span>
    </p>
   </div>
   <div class='ocr_carea' id='block_1_75' title="bbox 437 4282 2052 4355">
    <p class='ocr_par' dir='ltr' id='par_1_75' title="bbox 437 4282 2052 4355">
     <span class='ocr_line' id='line_1_75' title="bbox 437 4282 2052 4355; baseline 0.004 -20"><span class='ocrx_word' id='word_1_558' title='bbox 437 4282 530 4344; x_wconf 92' lang='lat' dir='ltr'><strong>ris,</strong></span> <span class='ocrx_word' id='word_1_559' title='bbox 578 4282 633 4335; x_wconf 93' lang='lat' dir='ltr'><strong>in</strong></span> <span class='ocrx_word' id='word_1_560' title='bbox 664 4297 789 4336; x_wconf 90' lang='lat' dir='ltr'><strong>eum</strong></span> <span class='ocrx_word' id='word_1_561' title='bbox 837 4282 1232 4348; x_wconf 87' lang='lat' dir='ltr'><strong>redundantes,</strong></span> <span class='ocrx_word' id='word_1_562' title='bbox 1274 4284 1368 4354; x_wconf 91' lang='lat' dir='ltr'><strong>qui</strong></span> <span class='ocrx_word' id='word_1_563' title='bbox 1398 4283 1602 4355; x_wconf 91' lang='lat' dir='ltr'><strong>Spiritu</strong></span> <span class='ocrx_word' id='word_1_564' title='bbox 1643 4292 1836 4340; x_wconf 91' lang='lat' dir='ltr'><strong>sancto</strong></span> <span class='ocrx_word' id='word_1_565' title='bbox 1865 4300 1988 4352; x_wconf 90' lang='lat' dir='ltr'><strong>suo,</strong></span> <span class='ocrx_word' id='word_1_566' title='bbox 2021 4302 2052 4341; x_wconf 91' lang='lat' dir='ltr'><strong>a</strong></span> 
     </span>
    </p>
   </div>
   <div class='ocr_carea' id='block_1_76' title="bbox 437 4351 2125 4445">
    <p class='ocr_par' dir='ltr' id='par_1_76' title="bbox 437 4351 2125 4445">
     <span class='ocr_line' id='line_1_76' title="bbox 437 4351 2125 4445; baseline 0.003 -20"><span class='ocrx_word' id='word_1_567' title='bbox 437 4385 547 4442; x_wconf 89' lang='lat' dir='ltr'><strong>quo</strong></span> <span class='ocrx_word' id='word_1_568' title='bbox 570 4371 898 4444; x_wconf 88' lang='lat' dir='ltr'><strong>promulgati</strong></span> <span class='ocrx_word' id='word_1_569' title='bbox 921 4372 1177 4445; x_wconf 83' lang='lat' dir='ltr'><strong>leguntur</strong></span> <span class='ocrx_word' id='word_1_570' title='bbox 1196 4381 1250 4428; x_wconf 90' lang='lat' dir='ltr'><strong>et</strong></span> <span class='ocrx_word' id='word_1_571' title='bbox 1281 4351 1582 4429; x_wconf 79' lang='lat' dir='ltr'><strong>creduntur</strong></span> <span class='ocrx_word' id='word_1_572' title='bbox 1597 4390 1861 4437; x_wconf 87' lang='lat' dir='ltr'><strong>canones,</strong></span> <span class='ocrx_word' id='word_1_573' title='bbox 1884 4351 2049 4430; x_wconf 86' lang='lat' dir='ltr'><strong>insti-</strong></span> <span class='ocrx_word' id='word_1_574' title='bbox 2069 4351 2125 4420; x_wconf 84' lang='lat' dir='ltr'><strong>D</strong></span> 
     </span>
    </p>
   </div>
   <div class='ocr_carea' id='block_1_77' title="bbox 439 4462 2050 4539">
    <p class='ocr_par' dir='ltr' id='par_1_77' title="bbox 439 4462 2050 4539">
     <span class='ocr_line' id='line_1_77' title="bbox 439 4462 2050 4539; baseline 0.003 -22"><span class='ocrx_word' id='word_1_575' title='bbox 439 4462 562 4528; x_wconf 90' lang='lat' dir='ltr'><strong>tuit,</strong></span> <span class='ocrx_word' id='word_1_576' title='bbox 606 4463 879 4532; x_wconf 89' lang='lat' dir='ltr'><strong>patienter</strong></span> <span class='ocrx_word' id='word_1_577' title='bbox 909 4463 1050 4519; x_wconf 87' lang='lat' dir='ltr'><strong>ferre</strong></span> <span class='ocrx_word' id='word_1_578' title='bbox 1084 4480 1195 4520; x_wconf 92' lang='lat' dir='ltr'><strong>non</strong></span> <span class='ocrx_word' id='word_1_579' title='bbox 1239 4481 1486 4537; x_wconf 91' lang='lat' dir='ltr'><strong>possum,</strong></span> <span class='ocrx_word' id='word_1_580' title='bbox 1543 4481 1645 4522; x_wconf 89' lang='lat' dir='ltr'><strong>nec</strong></span> <span class='ocrx_word' id='word_1_581' title='bbox 1683 4467 1884 4531; x_wconf 91' lang='lat' dir='ltr'><strong>debeo,</strong></span> <span class='ocrx_word' id='word_1_582' title='bbox 1918 4467 2050 4539; x_wconf 91' lang='lat' dir='ltr'><strong>quin</strong></span> 
     </span>
    </p>
   </div>
   <div class='ocr_carea' id='block_1_78' title="bbox 439 4554 2048 4629">
    <p class='ocr_par' dir='ltr' id='par_1_78' title="bbox 439 4554 2048 4629">
     <span class='ocr_line' id='line_1_78' title="bbox 439 4554 2048 4629; baseline 0.004 -22"><span class='ocrx_word' id='word_1_583' title='bbox 439 4561 646 4608; x_wconf 89' lang='lat' dir='ltr'><strong>tantum</strong></span> <span class='ocrx_word' id='word_1_584' title='bbox 679 4554 806 4609; x_wconf 91' lang='lat' dir='ltr'><strong>inde</strong></span> <span class='ocrx_word' id='word_1_585' title='bbox 837 4570 948 4611; x_wconf 92' lang='lat' dir='ltr'><strong>non</strong></span> <span class='ocrx_word' id='word_1_586' title='bbox 977 4563 1221 4629; x_wconf 81' lang='lat' dir='ltr'><strong>satagam</strong></span> <span class='ocrx_word' id='word_1_587' title='bbox 1252 4565 1518 4628; x_wconf 90' lang='lat' dir='ltr'><strong>quantum</strong></span> <span class='ocrx_word' id='word_1_588' title='bbox 1561 4565 1774 4628; x_wconf 89' lang='lat' dir='ltr'><strong>potero.</strong></span> <span class='ocrx_word' id='word_1_589' title='bbox 1809 4559 1938 4613; x_wconf 89' lang='lat' dir='ltr'><strong>Nam</strong></span> <span class='ocrx_word' id='word_1_590' title='bbox 1967 4559 2048 4613; x_wconf 88' lang='lat' dir='ltr'><strong>si-</strong></span> 
     </span>
    </p>
   </div>
   <div class='ocr_carea' id='block_1_79' title="bbox 437 4645 2050 4717">
    <p class='ocr_par' dir='ltr' id='par_1_79' title="bbox 437 4645 2050 4717">
     <span class='ocr_line' id='line_1_79' title="bbox 437 4645 2050 4717; baseline 0.004 -17"><span class='ocrx_word' id='word_1_591' title='bbox 437 4654 530 4700; x_wconf 92' lang='lat' dir='ltr'><strong>cut</strong></span> <span class='ocrx_word' id='word_1_592' title='bbox 553 4645 866 4701; x_wconf 89' lang='lat' dir='ltr'><strong>sollicitudo</strong></span> <span class='ocrx_word' id='word_1_593' title='bbox 899 4655 955 4701; x_wconf 91' lang='lat' dir='ltr'><strong>et</strong></span> <span class='ocrx_word' id='word_1_594' title='bbox 985 4647 1252 4717; x_wconf 89' lang='lat' dir='ltr'><strong>primatus</strong></span> <span class='ocrx_word' id='word_1_595' title='bbox 1289 4649 1456 4704; x_wconf 84' lang='lat' dir='ltr'><strong>totius</strong></span> <span class='ocrx_word' id='word_1_596' title='bbox 1486 4649 1740 4705; x_wconf 86' lang='lat' dir='ltr'><strong>Ecclesia</strong></span> <span class='ocrx_word' id='word_1_597' title='bbox 1766 4651 2050 4708; x_wconf 86' lang='lat' dir='ltr'><strong>catholica</strong></span> 
     </span>
    </p>
   </div>
   <div class='ocr_carea' id='block_1_80' title="bbox 436 4736 2049 4832">
    <p class='ocr_par' dir='ltr' id='par_1_80' title="bbox 436 4736 2049 4832">
     <span class='ocr_line' id='line_1_80' title="bbox 436 4736 2049 4832; baseline 0.004 -42"><span class='ocrx_word' id='word_1_598' title='bbox 436 4741 639 4832; x_wconf 79' lang='lat' dir='ltr'><strong>sancta</strong></span> <span class='ocrx_word' id='word_1_599' title='bbox 663 4736 811 4832; x_wconf 79' lang='lat' dir='ltr'><strong>sedis</strong></span> <span class='ocrx_word' id='word_1_600' title='bbox 836 4737 1092 4793; x_wconf 81' lang='lat' dir='ltr'><strong>Romana</strong></span> <span class='ocrx_word' id='word_1_601' title='bbox 1125 4739 1370 4810; x_wconf 86' lang='lat' dir='ltr'><strong>pontifici</strong></span> <span class='ocrx_word' id='word_1_602' title='bbox 1411 4740 1675 4795; x_wconf 89' lang='lat' dir='ltr'><strong>divinitus</strong></span> <span class='ocrx_word' id='word_1_603' title='bbox 1712 4750 1796 4796; x_wconf 92' lang='lat' dir='ltr'><strong>est</strong></span> <span class='ocrx_word' id='word_1_604' title='bbox 1832 4741 2049 4810; x_wconf 90' lang='lat' dir='ltr'><strong>collata,</strong></span> 
     </span>
    </p>
   </div>
   <div class='ocr_carea' id='block_1_81' title="bbox 441 4823 2052 4899">
    <p class='ocr_par' dir='ltr' id='par_1_81' title="bbox 441 4823 2052 4899">
     <span class='ocr_line' id='line_1_81' title="bbox 441 4823 2052 4899; baseline 0.006 -23"><span class='ocrx_word' id='word_1_605' title='bbox 441 4823 517 4877; x_wconf 90' lang='lat' dir='ltr'><strong>ita</strong></span> <span class='ocrx_word' id='word_1_606' title='bbox 544 4829 598 4877; x_wconf 93' lang='lat' dir='ltr'><strong>et</strong></span> <span class='ocrx_word' id='word_1_607' title='bbox 627 4823 926 4895; x_wconf 88' lang='lat' dir='ltr'><strong>unicuique</strong></span> <span class='ocrx_word' id='word_1_608' title='bbox 954 4826 1383 4896; x_wconf 90' lang='lat' dir='ltr'><strong>metropolitano</strong></span> <span class='ocrx_word' id='word_1_609' title='bbox 1422 4843 1486 4882; x_wconf 89' lang='lat' dir='ltr'><strong>ac</strong></span> <span class='ocrx_word' id='word_1_610' title='bbox 1504 4827 1724 4898; x_wconf 89' lang='lat' dir='ltr'><strong>primati</strong></span> <span class='ocrx_word' id='word_1_611' title='bbox 1755 4829 2052 4899; x_wconf 89' lang='lat' dir='ltr'><strong>provincia</strong></span> 
     </span>
    </p>
   </div>
   <div class='ocr_carea' id='block_1_82' title="bbox 441 4914 2053 4992">
    <p class='ocr_par' dir='ltr' id='par_1_82' title="bbox 441 4914 2053 4992">
     <span class='ocr_line' id='line_1_82' title="bbox 441 4914 2053 4992; baseline 0.004 -24"><span class='ocrx_word' id='word_1_612' title='bbox 441 4914 755 4970; x_wconf 91' lang='lat' dir='ltr'><strong>sollicitudo</strong></span> <span class='ocrx_word' id='word_1_613' title='bbox 780 4916 887 4970; x_wconf 90' lang='lat' dir='ltr'><strong>sibi</strong></span> <span class='ocrx_word' id='word_1_614' title='bbox 916 4916 1183 4992; x_wconf 87' lang='lat' dir='ltr'><strong>delegata</strong></span> <span class='ocrx_word' id='word_1_615' title='bbox 1208 4919 1527 4990; x_wconf 85' lang='lat' dir='ltr'><strong>provincia,</strong></span> <span class='ocrx_word' id='word_1_616' title='bbox 1558 4933 1657 4990; x_wconf 88' lang='lat' dir='ltr'><strong>per</strong></span> <span class='ocrx_word' id='word_1_617' title='bbox 1677 4935 1862 4975; x_wconf 88' lang='lat' dir='ltr'><strong>sacros</strong></span> <span class='ocrx_word' id='word_1_618' title='bbox 1885 4936 2053 4976; x_wconf 90' lang='lat' dir='ltr'><strong>cano-</strong></span> 
     </span>
    </p>
   </div>
   <div class='ocr_carea' id='block_1_83' title="bbox 445 5007 2054 5079">
    <p class='ocr_par' dir='ltr' id='par_1_83' title="bbox 445 5007 2054 5079">
     <span class='ocr_line' id='line_1_83' title="bbox 445 5007 2054 5079; baseline 0.005 -17"><span class='ocrx_word' id='word_1_619' title='bbox 445 5024 544 5064; x_wconf 90' lang='lat' dir='ltr'><strong>nes</strong></span> <span class='ocrx_word' id='word_1_620' title='bbox 569 5007 772 5079; x_wconf 90' lang='lat' dir='ltr'><strong>Spiritu</strong></span> <span class='ocrx_word' id='word_1_621' title='bbox 823 5010 918 5065; x_wconf 91' lang='lat' dir='ltr'><strong>Dei</strong></span> <span class='ocrx_word' id='word_1_622' title='bbox 949 5011 1201 5068; x_wconf 88' lang='lat' dir='ltr'><strong>conditos</strong></span> <span class='ocrx_word' id='word_1_623' title='bbox 1229 5021 1284 5068; x_wconf 93' lang='lat' dir='ltr'><strong>et</strong></span> <span class='ocrx_word' id='word_1_624' title='bbox 1324 5013 1492 5069; x_wconf 89' lang='lat' dir='ltr'><strong>totius</strong></span> <span class='ocrx_word' id='word_1_625' title='bbox 1521 5014 1713 5068; x_wconf 91' lang='lat' dir='ltr'><strong>mundi</strong></span> <span class='ocrx_word' id='word_1_626' title='bbox 1745 5015 2054 5070; x_wconf 90' lang='lat' dir='ltr'><strong>reverentia</strong></span> 
     </span>
    </p>
   </div>
   <div class='ocr_carea' id='block_1_84' title="bbox 445 5103 2049 5174">
    <p class='ocr_par' dir='ltr' id='par_1_84' title="bbox 445 5103 2049 5174">
     <span class='ocr_line' id='line_1_84' title="bbox 445 5103 2049 5174; baseline 0.004 -18"><span class='ocrx_word' id='word_1_627' title='bbox 445 5108 795 5157; x_wconf 91' lang='lat' dir='ltr'><strong>consecratos</strong></span> <span class='ocrx_word' id='word_1_628' title='bbox 825 5103 1075 5160; x_wconf 90' lang='lat' dir='ltr'><strong>noscitur</strong></span> <span class='ocrx_word' id='word_1_629' title='bbox 1125 5121 1248 5161; x_wconf 89' lang='lat' dir='ltr'><strong>esse</strong></span> <span class='ocrx_word' id='word_1_630' title='bbox 1285 5106 1598 5174; x_wconf 90' lang='lat' dir='ltr'><strong>commissa,</strong></span> <span class='ocrx_word' id='word_1_631' title='bbox 1661 5128 1685 5158; x_wconf 77' lang='grc'>»</span> <span class='ocrx_word' id='word_1_632' title='bbox 1741 5115 1796 5164; x_wconf 92' lang='lat' dir='ltr'><strong>et</strong></span> <span class='ocrx_word' id='word_1_633' title='bbox 1834 5115 2049 5164; x_wconf 85' lang='lat' dir='ltr'><strong>catera.</strong></span> 
     </span>
    </p>
   </div>
   <div class='ocr_carea' id='block_1_85' title="bbox 443 5188 2054 5266">
    <p class='ocr_par' dir='ltr' id='par_1_85' title="bbox 443 5188 2054 5266">
     <span class='ocr_line' id='line_1_85' title="bbox 443 5188 2054 5266; baseline 0.005 -24"><span class='ocrx_word' id='word_1_634' title='bbox 443 5188 760 5260; x_wconf 90' lang='lat' dir='ltr'><strong>Sequuntur</strong></span> <span class='ocrx_word' id='word_1_635' title='bbox 799 5191 1043 5263; x_wconf 87' lang='lat' dir='ltr'><strong>denique</strong></span> <span class='ocrx_word' id='word_1_636' title='bbox 1075 5194 1230 5264; x_wconf 89' lang='lat' dir='ltr'><strong>plura</strong></span> <span class='ocrx_word' id='word_1_637' title='bbox 1259 5195 1328 5250; x_wconf 89' lang='lat' dir='ltr'><strong>de</strong></span> <span class='ocrx_word' id='word_1_638' title='bbox 1367 5195 1804 5266; x_wconf 90' lang='lat' dir='ltr'><strong>professionibus</strong></span> <span class='ocrx_word' id='word_1_639' title='bbox 1833 5204 1889 5252; x_wconf 91' lang='lat' dir='ltr'><strong>et</strong></span> <span class='ocrx_word' id='word_1_640' title='bbox 1927 5196 2054 5251; x_wconf 88' lang='lat' dir='ltr'><strong>sub-</strong></span> 
     </span>
    </p>
   </div>
   <div class='ocr_carea' id='block_1_86' title="bbox 445 5277 2058 5357">
    <p class='ocr_par' dir='ltr' id='par_1_86' title="bbox 445 5277 2058 5357">
     <span class='ocr_line' id='line_1_86' title="bbox 445 5277 2058 5357; baseline 0.006 -27"><span class='ocrx_word' id='word_1_641' title='bbox 445 5277 838 5347; x_wconf 90' lang='lat' dir='ltr'><strong>seriptionibus</strong></span> <span class='ocrx_word' id='word_1_642' title='bbox 867 5280 1116 5348; x_wconf 88' lang='lat' dir='ltr'><strong>ejusdem</strong></span> <span class='ocrx_word' id='word_1_643' title='bbox 1175 5283 1474 5352; x_wconf 83' lang='lat' dir='ltr'><strong>Hincmari,</strong></span> <span class='ocrx_word' id='word_1_644' title='bbox 1515 5291 1569 5339; x_wconf 92' lang='lat' dir='ltr'><strong>et</strong></span> <span class='ocrx_word' id='word_1_645' title='bbox 1617 5285 2058 5357; x_wconf 89' lang='lat' dir='ltr'><strong>correptionibus</strong></span> 
     </span>
    </p>
   </div>
   <div class='ocr_carea' id='block_1_87' title="bbox 448 5368 2058 5467">
    <p class='ocr_par' dir='ltr' id='par_1_87' title="bbox 448 5368 2058 5467">
     <span class='ocr_line' id='line_1_87' title="bbox 448 5368 2058 5467; baseline 0.007 -47"><span class='ocrx_word' id='word_1_646' title='bbox 448 5368 568 5467; x_wconf 79' lang='lat' dir='ltr'><strong>ejus</strong></span> <span class='ocrx_word' id='word_1_647' title='bbox 605 5385 780 5441; x_wconf 88' lang='lat' dir='ltr'><strong>usque</strong></span> <span class='ocrx_word' id='word_1_648' title='bbox 809 5373 877 5428; x_wconf 92' lang='lat' dir='ltr'><strong>ad</strong></span> <span class='ocrx_word' id='word_1_649' title='bbox 914 5371 1081 5427; x_wconf 87' lang='lat' dir='ltr'><strong>ﬁnem</strong></span> <span class='ocrx_word' id='word_1_650' title='bbox 1131 5375 1336 5446; x_wconf 79' lang='lat' dir='ltr'><strong>aperis.</strong></span> <span class='ocrx_word' id='word_1_651' title='bbox 1372 5378 1504 5432; x_wconf 92' lang='lat' dir='ltr'><strong>ltem</strong></span> <span class='ocrx_word' id='word_1_652' title='bbox 1553 5377 1703 5432; x_wconf 89' lang='lat' dir='ltr'><strong>aliud</strong></span> <span class='ocrx_word' id='word_1_653' title='bbox 1731 5394 1873 5449; x_wconf 92' lang='lat' dir='ltr'><strong>opus</strong></span> <span class='ocrx_word' id='word_1_654' title='bbox 1919 5377 2058 5432; x_wconf 90' lang='lat' dir='ltr'><strong>inci-</strong></span> 
     </span>
    </p>
   </div>
   <div class='ocr_carea' id='block_1_88' title="bbox 450 5461 750 5525">
    <p class='ocr_par' dir='ltr' id='par_1_88' title="bbox 450 5461 750 5525">
     <span class='ocr_line' id='line_1_88' title="bbox 450 5461 750 5525; baseline 0.02 -15"><span class='ocrx_word' id='word_1_655' title='bbox 450 5461 610 5525; x_wconf 88' lang='lat' dir='ltr'><strong>piens</strong></span> <span class='ocrx_word' id='word_1_656' title='bbox 629 5461 704 5516; x_wconf 92' lang='lat' dir='ltr'><strong>ita</strong></span> <span class='ocrx_word' id='word_1_657' title='bbox 737 5479 750 5516; x_wconf 88' lang='lat'>:</span> 
     </span>
    </p>
   </div>
   <div class='ocr_carea' id='block_1_89' title="bbox 2145 3082 3762 3163">
    <p class='ocr_par' dir='ltr' id='par_1_89' title="bbox 2145 3082 3762 3163">
     <span class='ocr_line' id='line_1_89' title="bbox 2145 3082 3762 3163; baseline -0.012 -10"><span class='ocrx_word' id='word_1_658' title='bbox 2145 3082 2304 3153; x_wconf 88' lang='lat' dir='ltr'><strong>licam</strong></span> <span class='ocrx_word' id='word_1_659' title='bbox 2334 3097 2644 3160; x_wconf 89' lang='lat' dir='ltr'><strong>veritatem,</strong></span> <span class='ocrx_word' id='word_1_660' title='bbox 2685 3100 2740 3148; x_wconf 93' lang='lat' dir='ltr'><strong>et</strong></span> <span class='ocrx_word' id='word_1_661' title='bbox 2778 3090 3136 3163; x_wconf 88' lang='lat' dir='ltr'><strong>apostolicam</strong></span> <span class='ocrx_word' id='word_1_662' title='bbox 3168 3095 3335 3158; x_wconf 89' lang='lat' dir='ltr'><strong>atque</strong></span> <span class='ocrx_word' id='word_1_663' title='bbox 3376 3082 3762 3154; x_wconf 84' lang='lat' dir='ltr'><strong>propheticam</strong></span> 
     </span>
    </p>
   </div>
   <div class='ocr_carea' id='block_1_90' title="bbox 2146 3175 3767 3256">
    <p class='ocr_par' dir='ltr' id='par_1_90' title="bbox 2146 3175 3767 3256">
     <span class='ocr_line' id='line_1_90' title="bbox 2146 3175 3767 3256; baseline -0.012 -11"><span class='ocrx_word' id='word_1_664' title='bbox 2146 3189 2546 3250; x_wconf 85' lang='lat' dir='ltr'><strong>auctoritatem,</strong></span> <span class='ocrx_word' id='word_1_665' title='bbox 2574 3193 2874 3256; x_wconf 90' lang='lat' dir='ltr'><strong>contraque</strong></span> <span class='ocrx_word' id='word_1_666' title='bbox 2903 3188 3218 3236; x_wconf 89' lang='lat' dir='ltr'><strong>sanctorum</strong></span> <span class='ocrx_word' id='word_1_667' title='bbox 3250 3191 3549 3239; x_wconf 90' lang='lat' dir='ltr'><strong>canonum,</strong></span> <span class='ocrx_word' id='word_1_668' title='bbox 3579 3180 3634 3228; x_wconf 92' lang='lat' dir='ltr'><strong>et</strong></span> <span class='ocrx_word' id='word_1_669' title='bbox 3663 3175 3767 3226; x_wconf 87' lang='lat' dir='ltr'><strong>de-</strong></span> 
     </span>
    </p>
   </div>
   <div class='ocr_carea' id='block_1_91' title="bbox 2147 3267 3765 3351">
    <p class='ocr_par' dir='ltr' id='par_1_91' title="bbox 2147 3267 3765 3351">
     <span class='ocr_line' id='line_1_91' title="bbox 2147 3267 3765 3351; baseline -0.012 -14"><span class='ocrx_word' id='word_1_670' title='bbox 2147 3288 2295 3337; x_wconf 89' lang='lat' dir='ltr'><strong>creta</strong></span> <span class='ocrx_word' id='word_1_671' title='bbox 2326 3280 2502 3351; x_wconf 90' lang='lat' dir='ltr'><strong>ipsius</strong></span> <span class='ocrx_word' id='word_1_672' title='bbox 2539 3276 2869 3332; x_wconf 79' lang='lat' dir='ltr'><strong>veneranda</strong></span> <span class='ocrx_word' id='word_1_673' title='bbox 2902 3273 3051 3328; x_wconf 90' lang='lat' dir='ltr'><strong>sedis</strong></span> <span class='ocrx_word' id='word_1_674' title='bbox 3089 3268 3467 3336; x_wconf 87' lang='lat' dir='ltr'><strong>exitiabiliter,</strong></span> <span class='ocrx_word' id='word_1_675' title='bbox 3499 3267 3554 3320; x_wconf 91' lang='lat' dir='ltr'><strong>in</strong></span> <span class='ocrx_word' id='word_1_676' title='bbox 3586 3275 3765 3329; x_wconf 83' lang='lat' dir='ltr'><strong>tuum,</strong></span> 
     </span>
    </p>
   </div>
   <div class='ocr_carea' id='block_1_92' title="bbox 2149 3355 3768 3438">
    <p class='ocr_par' dir='ltr' id='par_1_92' title="bbox 2149 3355 3768 3438">
     <span class='ocr_line' id='line_1_92' title="bbox 2149 3355 3768 3438; baseline -0.011 -14"><span class='ocrx_word' id='word_1_677' title='bbox 2149 3379 2204 3424; x_wconf 93' lang='lat' dir='ltr'><strong>et</strong></span> <span class='ocrx_word' id='word_1_678' title='bbox 2233 3369 2532 3424; x_wconf 86' lang='lat' dir='ltr'><strong>multorum</strong></span> <span class='ocrx_word' id='word_1_679' title='bbox 2568 3365 2872 3438; x_wconf 89' lang='lat' dir='ltr'><strong>periculum</strong></span> <span class='ocrx_word' id='word_1_680' title='bbox 2903 3361 3196 3434; x_wconf 85' lang='lat' dir='ltr'><strong>colligasti,</strong></span> <span class='ocrx_word' id='word_1_681' title='bbox 3229 3357 3586 3412; x_wconf 89' lang='lat' dir='ltr'><strong>dissolveres.</strong></span> <span class='ocrx_word' id='word_1_682' title='bbox 3607 3355 3768 3407; x_wconf 85' lang='lat' dir='ltr'><strong>Insu-</strong></span> 
     </span>
    </p>
   </div>
   <div class='ocr_carea' id='block_1_93' title="bbox 2150 3445 3767 3532">
    <p class='ocr_par' dir='ltr' id='par_1_93' title="bbox 2150 3445 3767 3532">
     <span class='ocr_line' id='line_1_93' title="bbox 2150 3445 3767 3532; baseline -0.012 -16"><span class='ocrx_word' id='word_1_683' title='bbox 2150 3476 2248 3532; x_wconf 88' lang='lat' dir='ltr'><strong>per</strong></span> <span class='ocrx_word' id='word_1_684' title='bbox 2276 3466 2466 3515; x_wconf 89' lang='lat' dir='ltr'><strong>contra</strong></span> <span class='ocrx_word' id='word_1_685' title='bbox 2515 3472 2700 3512; x_wconf 87' lang='lat' dir='ltr'><strong>sacras</strong></span> <span class='ocrx_word' id='word_1_686' title='bbox 2737 3454 2956 3528; x_wconf 87' lang='lat' dir='ltr'><strong>regulas</strong></span> <span class='ocrx_word' id='word_1_687' title='bbox 2992 3452 3254 3506; x_wconf 88' lang='lat' dir='ltr'><strong>adversus</strong></span> <span class='ocrx_word' id='word_1_688' title='bbox 3283 3445 3767 3515; x_wconf 89' lang='lat' dir='ltr'><strong>metropolitanum</strong></span> 
     </span>
    </p>
   </div>
   <div class='ocr_carea' id='block_1_94' title="bbox 2151 3535 3768 3621">
    <p class='ocr_par' dir='ltr' id='par_1_94' title="bbox 2151 3535 3768 3621">
     <span class='ocr_line' id='line_1_94' title="bbox 2151 3535 3768 3621; baseline -0.011 -17"><span class='ocrx_word' id='word_1_689' title='bbox 2151 3549 2495 3621; x_wconf 79' lang='lat' dir='ltr'><strong>privilegium</strong></span> <span class='ocrx_word' id='word_1_690' title='bbox 2533 3543 2725 3600; x_wconf 90' lang='lat' dir='ltr'><strong>libello</strong></span> <span class='ocrx_word' id='word_1_691' title='bbox 2756 3543 3067 3614; x_wconf 88' lang='lat' dir='ltr'><strong>perniciose</strong></span> <span class='ocrx_word' id='word_1_692' title='bbox 3097 3536 3500 3608; x_wconf 88' lang='lat' dir='ltr'><strong>subscripsisli,</strong></span> <span class='ocrx_word' id='word_1_693' title='bbox 3544 3545 3601 3590; x_wconf 89' lang='lat' dir='ltr'><strong>et</strong></span> <span class='ocrx_word' id='word_1_694' title='bbox 3624 3535 3768 3588; x_wconf 89' lang='lat' dir='ltr'><strong>sub-</strong></span> 
     </span>
    </p>
   </div>
   <div class='ocr_carea' id='block_1_95' title="bbox 2149 3627 3770 3706">
    <p class='ocr_par' dir='ltr' id='par_1_95' title="bbox 2149 3627 3770 3706">
     <span class='ocr_line' id='line_1_95' title="bbox 2149 3627 3770 3706; baseline -0.011 -8"><span class='ocrx_word' id='word_1_695' title='bbox 2149 3642 2315 3698; x_wconf 91' lang='lat' dir='ltr'><strong>scribi</strong></span> <span class='ocrx_word' id='word_1_696' title='bbox 2338 3640 2533 3696; x_wconf 89' lang='lat' dir='ltr'><strong>fecisti.</strong></span> <span class='ocrx_word' id='word_1_697' title='bbox 2558 3638 2712 3693; x_wconf 90' lang='lat' dir='ltr'><strong>Unde</strong></span> <span class='ocrx_word' id='word_1_698' title='bbox 2741 3637 2797 3690; x_wconf 91' lang='lat' dir='ltr'><strong>in</strong></span> <span class='ocrx_word' id='word_1_699' title='bbox 2819 3635 3031 3706; x_wconf 82' lang='lat' dir='ltr'><strong>synodo</strong></span> <span class='ocrx_word' id='word_1_700' title='bbox 3053 3638 3356 3688; x_wconf 87' lang='lat' dir='ltr'><strong>conventus</strong></span> <span class='ocrx_word' id='word_1_701' title='bbox 3381 3629 3450 3683; x_wconf 88' lang='lat' dir='ltr'><strong>ab</strong></span> <span class='ocrx_word' id='word_1_702' title='bbox 3484 3627 3770 3698; x_wconf 86' lang='lat' dir='ltr'><strong>episcopis</strong></span> 
     </span>
    </p>
   </div>
   <div class='ocr_carea' id='block_1_96' title="bbox 2149 3721 3770 3806">
    <p class='ocr_par' dir='ltr' id='par_1_96' title="bbox 2149 3721 3770 3806">
     <span class='ocr_line' id='line_1_96' title="bbox 2149 3721 3770 3806; baseline -0.011 -16"><span class='ocrx_word' id='word_1_703' title='bbox 2149 3737 2339 3792; x_wconf 87' lang='lat' dir='ltr'><strong>decem</strong></span> <span class='ocrx_word' id='word_1_704' title='bbox 2368 3732 2781 3806; x_wconf 89' lang='lat' dir='ltr'><strong>provinciarum</strong></span> <span class='ocrx_word' id='word_1_705' title='bbox 2803 3729 2942 3799; x_wconf 71' lang='lat' dir='ltr'><strong>(:yn.</strong></span> <span class='ocrx_word' id='word_1_706' title='bbox 2968 3724 3337 3793; x_wconf 75' lang='lat' dir='ltr'><strong>Duziacensis)</strong></span> <span class='ocrx_word' id='word_1_707' title='bbox 3364 3721 3614 3776; x_wconf 90' lang='lat' dir='ltr'><strong>libellum</strong></span> <span class='ocrx_word' id='word_1_708' title='bbox 3640 3735 3770 3789; x_wconf 90' lang='lat' dir='ltr'><strong>pro-</strong></span> 
     </span>
    </p>
   </div>
   <div class='ocr_carea' id='block_1_97' title="bbox 2150 3812 3764 3882">
    <p class='ocr_par' dir='ltr' id='par_1_97' title="bbox 2150 3812 3764 3882">
     <span class='ocr_line' id='line_1_97' title="bbox 2150 3812 3764 3882; baseline -0.012 0"><span class='ocrx_word' id='word_1_709' title='bbox 2150 3826 2408 3882; x_wconf 87' lang='lat' dir='ltr'><strong>fessionis</strong></span> <span class='ocrx_word' id='word_1_710' title='bbox 2431 3825 2501 3879; x_wconf 89' lang='lat' dir='ltr'><strong>de</strong></span> <span class='ocrx_word' id='word_1_711' title='bbox 2525 3822 2706 3877; x_wconf 89' lang='lat' dir='ltr'><strong>futura</strong></span> <span class='ocrx_word' id='word_1_712' title='bbox 2727 3829 2818 3874; x_wconf 91' lang='lat' dir='ltr'><strong>tua</strong></span> <span class='ocrx_word' id='word_1_713' title='bbox 2847 3815 3166 3874; x_wconf 90' lang='lat' dir='ltr'><strong>obedientia</strong></span> <span class='ocrx_word' id='word_1_714' title='bbox 3190 3812 3564 3881; x_wconf 88' lang='lat' dir='ltr'><strong>subscriptum</strong></span> <span class='ocrx_word' id='word_1_715' title='bbox 3597 3826 3764 3863; x_wconf 90' lang='lat' dir='ltr'><strong>manu</strong></span> 
     </span>
    </p>
   </div>
   <div class='ocr_carea' id='block_1_98' title="bbox 2150 3898 3763 3989">
    <p class='ocr_par' dir='ltr' id='par_1_98' title="bbox 2150 3898 3763 3989">
     <span class='ocr_line' id='line_1_98' title="bbox 2150 3898 3763 3989; baseline -0.014 -17"><span class='ocrx_word' id='word_1_716' title='bbox 2150 3916 2392 3989; x_wconf 86' lang='lat' dir='ltr'><strong>propria,</strong></span> <span class='ocrx_word' id='word_1_717' title='bbox 2422 3929 2587 3986; x_wconf 91' lang='lat' dir='ltr'><strong>quem</strong></span> <span class='ocrx_word' id='word_1_718' title='bbox 2628 3910 2831 3975; x_wconf 91' lang='lat' dir='ltr'><strong>habeo,</strong></span> <span class='ocrx_word' id='word_1_719' title='bbox 2871 3903 3183 3978; x_wconf 89' lang='lat' dir='ltr'><strong>porrexisti.</strong></span> <span class='ocrx_word' id='word_1_720' title='bbox 3216 3901 3412 3956; x_wconf 90' lang='lat' dir='ltr'><strong>Contra</strong></span> <span class='ocrx_word' id='word_1_721' title='bbox 3454 3915 3620 3972; x_wconf 89' lang='lat' dir='ltr'><strong>quem</strong></span> <span class='ocrx_word' id='word_1_722' title='bbox 3650 3898 3763 3952; x_wconf 85' lang='lat' dir='ltr'><strong>ite-</strong></span> 
     </span>
    </p>
   </div>
   <div class='ocr_carea' id='block_1_99' title="bbox 2151 3989 3764 4073">
    <p class='ocr_par' dir='ltr' id='par_1_99' title="bbox 2151 3989 3764 4073">
     <span class='ocr_line' id='line_1_99' title="bbox 2151 3989 3764 4073; baseline -0.012 -10"><span class='ocrx_word' id='word_1_723' title='bbox 2151 4024 2270 4062; x_wconf 87' lang='lat' dir='ltr'><strong>rum</strong></span> <span class='ocrx_word' id='word_1_724' title='bbox 2319 4001 2778 4073; x_wconf 89' lang='lat' dir='ltr'><strong>resubscripsisti.</strong></span> <span class='ocrx_word' id='word_1_725' title='bbox 2819 3998 2950 4052; x_wconf 88' lang='lat' dir='ltr'><strong>Nam</strong></span> <span class='ocrx_word' id='word_1_726' title='bbox 2996 4011 3099 4069; x_wconf 85' lang='lat' dir='ltr'><strong>ego</strong></span> <span class='ocrx_word' id='word_1_727' title='bbox 3143 3991 3450 4048; x_wconf 89' lang='lat' dir='ltr'><strong>decretales</strong></span> <span class='ocrx_word' id='word_1_728' title='bbox 3498 3989 3764 4060; x_wconf 88' lang='lat' dir='ltr'><strong>epistolas</strong></span> 
     </span>
    </p>
   </div>
   <div class='ocr_carea' id='block_1_100' title="bbox 2151 4079 3761 4164">
    <p class='ocr_par' dir='ltr' id='par_1_100' title="bbox 2151 4079 3761 4164">
     <span class='ocr_line' id='line_1_100' title="bbox 2151 4079 3761 4164; baseline -0.012 -14"><span class='ocrx_word' id='word_1_729' title='bbox 2151 4096 2302 4150; x_wconf 87' lang='lat' dir='ltr'><strong>sedis</strong></span> <span class='ocrx_word' id='word_1_730' title='bbox 2323 4091 2640 4164; x_wconf 84' lang='lat' dir='ltr'><strong>apostolica</strong></span> <span class='ocrx_word' id='word_1_731' title='bbox 2662 4087 2897 4144; x_wconf 88' lang='lat' dir='ltr'><strong>diversis</strong></span> <span class='ocrx_word' id='word_1_732' title='bbox 2917 4083 3282 4155; x_wconf 88' lang='lat' dir='ltr'><strong>temporibus,</strong></span> <span class='ocrx_word' id='word_1_733' title='bbox 3307 4095 3405 4152; x_wconf 88' lang='lat' dir='ltr'><strong>pro</strong></span> <span class='ocrx_word' id='word_1_734' title='bbox 3417 4079 3761 4133; x_wconf 88' lang='lat' dir='ltr'><strong>diversorum</strong></span> 
     </span>
    </p>
   </div>
   <div class='ocr_carea' id='block_1_101' title="bbox 2151 4170 3760 4246">
    <p class='ocr_par' dir='ltr' id='par_1_101' title="bbox 2151 4170 3760 4246">
     <span class='ocr_line' id='line_1_101' title="bbox 2151 4170 3760 4246; baseline -0.012 -3"><span class='ocrx_word' id='word_1_735' title='bbox 2151 4189 2371 4243; x_wconf 91' lang='lat' dir='ltr'><strong>Patrum</strong></span> <span class='ocrx_word' id='word_1_736' title='bbox 2417 4183 2820 4246; x_wconf 87' lang='lat' dir='ltr'><strong>consolatione,</strong></span> <span class='ocrx_word' id='word_1_737' title='bbox 2850 4177 2936 4232; x_wconf 87' lang='lat' dir='ltr'><strong>vel</strong></span> <span class='ocrx_word' id='word_1_738' title='bbox 2967 4173 3371 4232; x_wconf 90' lang='lat' dir='ltr'><strong>consultatione</strong></span> <span class='ocrx_word' id='word_1_739' title='bbox 3411 4171 3479 4224; x_wconf 89' lang='lat' dir='ltr'><strong>ab</strong></span> <span class='ocrx_word' id='word_1_740' title='bbox 3512 4170 3760 4238; x_wconf 88' lang='lat' dir='ltr'><strong>ejusdem</strong></span> 
     </span>
    </p>
   </div>
   <div class='ocr_carea' id='block_1_102' title="bbox 2152 4260 3765 4347">
    <p class='ocr_par' dir='ltr' id='par_1_102' title="bbox 2152 4260 3765 4347">
     <span class='ocr_line' id='line_1_102' title="bbox 2152 4260 3765 4347; baseline -0.011 -16"><span class='ocrx_word' id='word_1_741' title='bbox 2152 4277 2301 4331; x_wconf 92' lang='lat' dir='ltr'><strong>sedis</strong></span> <span class='ocrx_word' id='word_1_742' title='bbox 2331 4272 2690 4347; x_wconf 86' lang='lat' dir='ltr'><strong>pontificibus</strong></span> <span class='ocrx_word' id='word_1_743' title='bbox 2715 4270 2890 4332; x_wconf 90' lang='lat' dir='ltr'><strong>datas,</strong></span> <span class='ocrx_word' id='word_1_744' title='bbox 2923 4275 2978 4323; x_wconf 91' lang='lat' dir='ltr'><strong>et</strong></span> <span class='ocrx_word' id='word_1_745' title='bbox 2998 4263 3389 4322; x_wconf 88' lang='lat' dir='ltr'><strong>venerabiliter</strong></span> <span class='ocrx_word' id='word_1_746' title='bbox 3416 4260 3684 4330; x_wconf 89' lang='lat' dir='ltr'><strong>suscipio,</strong></span> <span class='ocrx_word' id='word_1_747' title='bbox 3709 4269 3765 4314; x_wconf 88' lang='lat' dir='ltr'><strong>et</strong></span> 
     </span>
    </p>
   </div>
   <div class='ocr_carea' id='block_1_103' title="bbox 2151 4354 3764 4434">
    <p class='ocr_par' dir='ltr' id='par_1_103' title="bbox 2151 4354 3764 4434">
     <span class='ocr_line' id='line_1_103' title="bbox 2151 4354 3764 4434; baseline -0.011 -10"><span class='ocrx_word' id='word_1_748' title='bbox 2151 4367 2545 4424; x_wconf 88' lang='lat' dir='ltr'><strong>venerabiliter</strong></span> <span class='ocrx_word' id='word_1_749' title='bbox 2572 4361 2956 4434; x_wconf 89' lang='lat' dir='ltr'><strong>suscipiendas</strong></span> <span class='ocrx_word' id='word_1_750' title='bbox 2997 4359 3124 4413; x_wconf 91' lang='lat' dir='ltr'><strong>dico</strong></span> <span class='ocrx_word' id='word_1_751' title='bbox 3169 4366 3224 4411; x_wconf 90' lang='lat' dir='ltr'><strong>et</strong></span> <span class='ocrx_word' id='word_1_752' title='bbox 3255 4354 3458 4412; x_wconf 90' lang='lat' dir='ltr'><strong>scribo.</strong></span> <span class='ocrx_word' id='word_1_753' title='bbox 3500 4361 3556 4407; x_wconf 90' lang='lat' dir='ltr'><strong>et</strong></span> <span class='ocrx_word' id='word_1_754' title='bbox 3582 4369 3764 4407; x_wconf 89' lang='lat' dir='ltr'><strong>sacros</strong></span> 
     </span>
    </p>
   </div>
   <div class='ocr_carea' id='block_1_104' title="bbox 2153 4445 3763 4517">
    <p class='ocr_par' dir='ltr' id='par_1_104' title="bbox 2153 4445 3763 4517">
     <span class='ocr_line' id='line_1_104' title="bbox 2153 4445 3763 4517; baseline -0.011 -2"><span class='ocrx_word' id='word_1_755' title='bbox 2153 4470 2465 4517; x_wconf 90' lang='lat' dir='ltr'><strong>sanctorum</strong></span> <span class='ocrx_word' id='word_1_756' title='bbox 2523 4456 2882 4514; x_wconf 89' lang='lat' dir='ltr'><strong>conciliorum</strong></span> <span class='ocrx_word' id='word_1_757' title='bbox 2916 4467 3158 4508; x_wconf 90' lang='lat' dir='ltr'><strong>canones</strong></span> <span class='ocrx_word' id='word_1_758' title='bbox 3187 4465 3310 4504; x_wconf 91' lang='lat' dir='ltr'><strong>cum</strong></span> <span class='ocrx_word' id='word_1_759' title='bbox 3340 4445 3582 4501; x_wconf 87' lang='lat' dir='ltr'><strong>decretis</strong></span> <span class='ocrx_word' id='word_1_760' title='bbox 3633 4460 3763 4516; x_wconf 86' lang='lat' dir='ltr'><strong>apo-</strong></span> 
     </span>
    </p>
   </div>
   <div class='ocr_carea' id='block_1_105' title="bbox 2151 4533 3762 4614">
    <p class='ocr_par' dir='ltr' id='par_1_105' title="bbox 2151 4533 3762 4614">
     <span class='ocr_line' id='line_1_105' title="bbox 2151 4533 3762 4614; baseline -0.012 -8"><span class='ocrx_word' id='word_1_761' title='bbox 2151 4552 2360 4608; x_wconf 83' lang='lat' dir='ltr'><strong>stolica</strong></span> <span class='ocrx_word' id='word_1_762' title='bbox 2407 4548 2579 4614; x_wconf 90' lang='lat' dir='ltr'><strong>sedis,</strong></span> <span class='ocrx_word' id='word_1_763' title='bbox 2611 4561 2675 4602; x_wconf 90' lang='lat' dir='ltr'><strong>ex</strong></span> <span class='ocrx_word' id='word_1_764' title='bbox 2713 4544 2920 4600; x_wconf 87' lang='lat' dir='ltr'><strong>eisdem</strong></span> <span class='ocrx_word' id='word_1_765' title='bbox 2961 4541 3132 4596; x_wconf 89' lang='lat' dir='ltr'><strong>sacris</strong></span> <span class='ocrx_word' id='word_1_766' title='bbox 3167 4535 3478 4593; x_wconf 89' lang='lat' dir='ltr'><strong>canonibus</strong></span> <span class='ocrx_word' id='word_1_767' title='bbox 3519 4533 3762 4604; x_wconf 88' lang='lat' dir='ltr'><strong>promul-</strong></span> 
     </span>
    </p>
   </div>
   <div class='ocr_carea' id='block_1_106' title="bbox 2151 4625 3760 4718">
    <p class='ocr_par' dir='ltr' id='par_1_106' title="bbox 2151 4625 3760 4718">
     <span class='ocr_line' id='line_1_106' title="bbox 2151 4625 3760 4718; baseline -0.014 -19"><span class='ocrx_word' id='word_1_768' title='bbox 2151 4643 2307 4718; x_wconf 81' lang='lat' dir='ltr'><strong>gatis,</strong></span> <span class='ocrx_word' id='word_1_769' title='bbox 2342 4651 2397 4696; x_wconf 90' lang='lat' dir='ltr'><strong>et</strong></span> <span class='ocrx_word' id='word_1_770' title='bbox 2427 4637 2796 4711; x_wconf 89' lang='lat' dir='ltr'><strong>recipiendos,</strong></span> <span class='ocrx_word' id='word_1_771' title='bbox 2828 4644 2882 4690; x_wconf 92' lang='lat' dir='ltr'><strong>et</strong></span> <span class='ocrx_word' id='word_1_772' title='bbox 2907 4630 3326 4694; x_wconf 87' lang='lat' dir='ltr'><strong>custodiendos,</strong></span> <span class='ocrx_word' id='word_1_773' title='bbox 3368 4625 3760 4690; x_wconf 89' lang='lat' dir='ltr'><strong>etservandos,</strong></span> 
     </span>
    </p>
   </div>
   <div class='ocr_carea' id='block_1_107' title="bbox 2153 4715 3761 4801">
    <p class='ocr_par' dir='ltr' id='par_1_107' title="bbox 2153 4715 3761 4801">
     <span class='ocr_line' id='line_1_107' title="bbox 2153 4715 3761 4801; baseline -0.014 -13"><span class='ocrx_word' id='word_1_774' title='bbox 2153 4715 2298 4789; x_wconf 86' lang='lat' dir='ltr'><strong>sicut</strong></span> <span class='ocrx_word' id='word_1_775' title='bbox 2323 4746 2493 4801; x_wconf 89' lang='lat' dir='ltr'><strong>supra</strong></span> <span class='ocrx_word' id='word_1_776' title='bbox 2519 4726 2758 4794; x_wconf 86' lang='lat' dir='ltr'><strong>ostendi,</strong></span> <span class='ocrx_word' id='word_1_777' title='bbox 2793 4722 3075 4794; x_wconf 79' lang='lat' dir='ltr'><strong>proﬁteor.</strong></span> <span class='ocrx_word' id='word_1_778' title='bbox 3113 4719 3174 4773; x_wconf 88' lang='lat' dir='ltr'><strong>Et</strong></span> <span class='ocrx_word' id='word_1_779' title='bbox 3203 4717 3352 4789; x_wconf 92' lang='lat' dir='ltr'><strong>quod</strong></span> <span class='ocrx_word' id='word_1_780' title='bbox 3381 4715 3546 4778; x_wconf 90' lang='lat' dir='ltr'><strong>dicis,</strong></span> <span class='ocrx_word' id='word_1_781' title='bbox 3579 4723 3632 4768; x_wconf 93' lang='lat' dir='ltr'><strong>le</strong></span> <span class='ocrx_word' id='word_1_782' title='bbox 3660 4731 3761 4768; x_wconf 88' lang='lat' dir='ltr'><strong>au-</strong></span> 
     </span>
    </p>
   </div>
   <div class='ocr_carea' id='block_1_108' title="bbox 2154 4805 3762 4892">
    <p class='ocr_par' dir='ltr' id='par_1_108' title="bbox 2154 4805 3762 4892">
     <span class='ocr_line' id='line_1_108' title="bbox 2154 4805 3762 4892; baseline -0.013 -13"><span class='ocrx_word' id='word_1_783' title='bbox 2154 4825 2272 4880; x_wconf 92' lang='lat' dir='ltr'><strong>dire</strong></span> <span class='ocrx_word' id='word_1_784' title='bbox 2301 4820 2527 4892; x_wconf 89' lang='lat' dir='ltr'><strong>obloqui</strong></span> <span class='ocrx_word' id='word_1_785' title='bbox 2559 4819 2627 4873; x_wconf 92' lang='lat' dir='ltr'><strong>de</strong></span> <span class='ocrx_word' id='word_1_786' title='bbox 2653 4816 2863 4886; x_wconf 89' lang='lat' dir='ltr'><strong>judicio</strong></span> <span class='ocrx_word' id='word_1_787' title='bbox 2911 4811 3104 4868; x_wconf 91' lang='lat' dir='ltr'><strong>domni</strong></span> <span class='ocrx_word' id='word_1_788' title='bbox 3145 4826 3302 4881; x_wconf 86' lang='lat' dir='ltr'><strong>papa</strong></span> <span class='ocrx_word' id='word_1_789' title='bbox 3349 4806 3576 4872; x_wconf 85' lang='lat' dir='ltr'><strong>Nicolai,</strong></span> <span class='ocrx_word' id='word_1_790' title='bbox 3625 4806 3672 4859; x_wconf 91' lang='lat' dir='ltr'><strong>si</strong></span> <span class='ocrx_word' id='word_1_791' title='bbox 3698 4805 3762 4860; x_wconf 90' lang='lat' dir='ltr'><strong>de</strong></span> 
     </span>
    </p>
   </div>
   <div class='ocr_carea' id='block_1_109' title="bbox 2154 4898 3764 4978">
    <p class='ocr_par' dir='ltr' id='par_1_109' title="bbox 2154 4898 3764 4978">
     <span class='ocr_line' id='line_1_109' title="bbox 2154 4898 3764 4978; baseline -0.012 -8"><span class='ocrx_word' id='word_1_792' title='bbox 2154 4931 2242 4970; x_wconf 92' lang='lat' dir='ltr'><strong>me</strong></span> <span class='ocrx_word' id='word_1_793' title='bbox 2272 4913 2433 4978; x_wconf 92' lang='lat' dir='ltr'><strong>dicis,</strong></span> <span class='ocrx_word' id='word_1_794' title='bbox 2484 4908 2835 4965; x_wconf 90' lang='lat' dir='ltr'><strong>mendacium</strong></span> <span class='ocrx_word' id='word_1_795' title='bbox 2873 4905 3034 4960; x_wconf 89' lang='lat' dir='ltr'><strong>dicis.</strong></span> <span class='ocrx_word' id='word_1_796' title='bbox 3068 4903 3200 4957; x_wconf 87' lang='lat' dir='ltr'><strong>Nam</strong></span> <span class='ocrx_word' id='word_1_797' title='bbox 3251 4899 3400 4972; x_wconf 91' lang='lat' dir='ltr'><strong>quod</strong></span> <span class='ocrx_word' id='word_1_798' title='bbox 3430 4899 3524 4954; x_wconf 90' lang='lat' dir='ltr'><strong>ille</strong></span> <span class='ocrx_word' id='word_1_799' title='bbox 3570 4898 3642 4953; x_wconf 88' lang='lat' dir='ltr'><strong>de</strong></span> <span class='ocrx_word' id='word_1_800' title='bbox 3670 4898 3764 4952; x_wconf 82' lang='lat' dir='ltr'><strong>Ro-</strong></span> 
     </span>
    </p>
   </div>
   <div class='ocr_carea' id='block_1_110' title="bbox 2156 4989 3763 5067">
    <p class='ocr_par' dir='ltr' id='par_1_110' title="bbox 2156 4989 3763 5067">
     <span class='ocr_line' id='line_1_110' title="bbox 2156 4989 3763 5067; baseline -0.012 -5"><span class='ocrx_word' id='word_1_801' title='bbox 2156 5006 2321 5062; x_wconf 88' lang='lat' dir='ltr'><strong>thado</strong></span> <span class='ocrx_word' id='word_1_802' title='bbox 2341 5005 2456 5059; x_wconf 91' lang='lat' dir='ltr'><strong>sive</strong></span> <span class='ocrx_word' id='word_1_803' title='bbox 2486 5004 2557 5058; x_wconf 93' lang='lat' dir='ltr'><strong>de</strong></span> <span class='ocrx_word' id='word_1_804' title='bbox 2597 5000 2828 5056; x_wconf 87' lang='lat' dir='ltr'><strong>Vulfado</strong></span> <span class='ocrx_word' id='word_1_805' title='bbox 2851 4995 3138 5067; x_wconf 90' lang='lat' dir='ltr'><strong>judicavit,</strong></span> <span class='ocrx_word' id='word_1_806' title='bbox 3168 5009 3279 5048; x_wconf 93' lang='lat' dir='ltr'><strong>non</strong></span> <span class='ocrx_word' id='word_1_807' title='bbox 3310 4989 3642 5054; x_wconf 85' lang='lat' dir='ltr'><strong>contradixi,</strong></span> <span class='ocrx_word' id='word_1_808' title='bbox 3671 4990 3763 5044; x_wconf 89' lang='lat' dir='ltr'><strong>sed</strong></span> 
     </span>
    </p>
   </div>
   <div class='ocr_carea' id='block_1_111' title="bbox 2155 5082 3761 5168">
    <p class='ocr_par' dir='ltr' id='par_1_111' title="bbox 2155 5082 3761 5168">
     <span class='ocr_line' id='line_1_111' title="bbox 2155 5082 3761 5168; baseline -0.012 -14"><span class='ocrx_word' id='word_1_809' title='bbox 2155 5099 2298 5154; x_wconf 91' lang='lat' dir='ltr'><strong>sicut</strong></span> <span class='ocrx_word' id='word_1_810' title='bbox 2325 5097 2445 5168; x_wconf 91' lang='lat' dir='ltr'><strong>ipse</strong></span> <span class='ocrx_word' id='word_1_811' title='bbox 2477 5094 2740 5166; x_wconf 84' lang='lat' dir='ltr'><strong>pracepit</strong></span> <span class='ocrx_word' id='word_1_812' title='bbox 2769 5088 2997 5147; x_wconf 89' lang='lat' dir='ltr'><strong>obedire</strong></span> <span class='ocrx_word' id='word_1_813' title='bbox 3018 5085 3226 5142; x_wconf 89' lang='lat' dir='ltr'><strong>curavi.</strong></span> <span class='ocrx_word' id='word_1_814' title='bbox 3259 5086 3334 5139; x_wconf 91' lang='lat' dir='ltr'><strong>De</strong></span> <span class='ocrx_word' id='word_1_815' title='bbox 3362 5099 3429 5139; x_wconf 94' lang='lat' dir='ltr'><strong>eo</strong></span> <span class='ocrx_word' id='word_1_816' title='bbox 3450 5083 3601 5153; x_wconf 87' lang='lat' dir='ltr'><strong>quod</strong></span> <span class='ocrx_word' id='word_1_817' title='bbox 3630 5082 3761 5136; x_wconf 90' lang='lat' dir='ltr'><strong>dicis</strong></span> 
     </span>
    </p>
   </div>
   <div class='ocr_carea' id='block_1_112' title="bbox 2157 5178 3758 5260">
    <p class='ocr_par' dir='ltr' id='par_1_112' title="bbox 2157 5178 3758 5260">
     <span class='ocr_line' id='line_1_112' title="bbox 2157 5178 3758 5260; baseline -0.01 -13"><span class='ocrx_word' id='word_1_818' title='bbox 2157 5193 2225 5247; x_wconf 92' lang='lat' dir='ltr'><strong>de</strong></span> <span class='ocrx_word' id='word_1_819' title='bbox 2257 5190 2528 5256; x_wconf 82' lang='lat' dir='ltr'><strong>Rothado,</strong></span> <span class='ocrx_word' id='word_1_820' title='bbox 2557 5186 2686 5260; x_wconf 91' lang='lat' dir='ltr'><strong>quia</strong></span> <span class='ocrx_word' id='word_1_821' title='bbox 2714 5186 2771 5240; x_wconf 92' lang='lat' dir='ltr'><strong>in</strong></span> <span class='ocrx_word' id='word_1_822' title='bbox 2809 5185 2928 5250; x_wconf 85' lang='lat' dir='ltr'><strong>ejus</strong></span> <span class='ocrx_word' id='word_1_823' title='bbox 2956 5178 3363 5252; x_wconf 89' lang='lat' dir='ltr'><strong>depositionem</strong></span> <span class='ocrx_word' id='word_1_824' title='bbox 3397 5191 3506 5231; x_wconf 90' lang='lat' dir='ltr'><strong>non</strong></span> <span class='ocrx_word' id='word_1_825' title='bbox 3535 5191 3758 5232; x_wconf 87' lang='lat' dir='ltr'><strong>consen-</strong></span> 
     </span>
    </p>
   </div>
   <div class='ocr_carea' id='block_1_113' title="bbox 2159 5265 3758 5348">
    <p class='ocr_par' dir='ltr' id='par_1_113' title="bbox 2159 5265 3758 5348">
     <span class='ocr_line' id='line_1_113' title="bbox 2159 5265 3758 5348; baseline -0.01 -13"><span class='ocrx_word' id='word_1_826' title='bbox 2159 5281 2299 5344; x_wconf 90' lang='lat' dir='ltr'><strong>sisti,</strong></span> <span class='ocrx_word' id='word_1_827' title='bbox 2323 5276 2761 5348; x_wconf 88' lang='lat' dir='ltr'><strong>subscriptiones</strong></span> <span class='ocrx_word' id='word_1_828' title='bbox 2781 5281 2888 5328; x_wconf 88' lang='lat' dir='ltr'><strong>tua</strong></span> <span class='ocrx_word' id='word_1_829' title='bbox 2910 5285 3104 5325; x_wconf 89' lang='lat' dir='ltr'><strong>manus</strong></span> <span class='ocrx_word' id='word_1_830' title='bbox 3127 5266 3365 5339; x_wconf 85' lang='lat' dir='ltr'><strong>pr0pria</strong></span> <span class='ocrx_word' id='word_1_831' title='bbox 3389 5273 3440 5320; x_wconf 90' lang='lat' dir='ltr'><strong>te</strong></span> <span class='ocrx_word' id='word_1_832' title='bbox 3465 5265 3758 5328; x_wconf 87' lang='lat' dir='ltr'><strong>revincunt,</strong></span> 
     </span>
    </p>
   </div>
   <div class='ocr_carea' id='block_1_114' title="bbox 2161 5354 3758 5439">
    <p class='ocr_par' dir='ltr' id='par_1_114' title="bbox 2161 5354 3758 5439">
     <span class='ocr_line' id='line_1_114' title="bbox 2161 5354 3758 5439; baseline -0.01 -16"><span class='ocrx_word' id='word_1_833' title='bbox 2161 5369 2303 5424; x_wconf 87' lang='lat' dir='ltr'><strong>Nihil</strong></span> <span class='ocrx_word' id='word_1_834' title='bbox 2335 5368 2482 5422; x_wconf 91' lang='lat' dir='ltr'><strong>enim</strong></span> <span class='ocrx_word' id='word_1_835' title='bbox 2521 5365 2649 5420; x_wconf 90' lang='lat' dir='ltr'><strong>inde</strong></span> <span class='ocrx_word' id='word_1_836' title='bbox 2679 5363 2790 5439; x_wconf 87' lang='lat' dir='ltr'><strong>egi,</strong></span> <span class='ocrx_word' id='word_1_837' title='bbox 2822 5360 2970 5434; x_wconf 91' lang='lat' dir='ltr'><strong>quod</strong></span> <span class='ocrx_word' id='word_1_838' title='bbox 2996 5373 3212 5414; x_wconf 90' lang='lat' dir='ltr'><strong>mecum</strong></span> <span class='ocrx_word' id='word_1_839' title='bbox 3241 5371 3352 5410; x_wconf 89' lang='lat' dir='ltr'><strong>non</strong></span> <span class='ocrx_word' id='word_1_840' title='bbox 3384 5355 3604 5427; x_wconf 87' lang='lat' dir='ltr'><strong>egeris;</strong></span> <span class='ocrx_word' id='word_1_841' title='bbox 3638 5354 3758 5409; x_wconf 90' lang='lat' dir='ltr'><strong>nihil</strong></span> 
     </span>
    </p>
   </div>
   <div class='ocr_carea' id='block_1_115' title="bbox 2157 5447 3758 5532">
    <p class='ocr_par' dir='ltr' id='par_1_115' title="bbox 2157 5447 3758 5532">
     <span class='ocr_line' id='line_1_115' title="bbox 2157 5447 3758 5532; baseline -0.01 -16"><span class='ocrx_word' id='word_1_842' title='bbox 2157 5461 2418 5532; x_wconf 88' lang='lat' dir='ltr'><strong>judicavi.</strong></span> <span class='ocrx_word' id='word_1_843' title='bbox 2437 5459 2585 5532; x_wconf 91' lang='lat' dir='ltr'><strong>quod</strong></span> <span class='ocrx_word' id='word_1_844' title='bbox 2601 5474 2712 5513; x_wconf 90' lang='lat' dir='ltr'><strong>non</strong></span> <span class='ocrx_word' id='word_1_845' title='bbox 2725 5453 3089 5527; x_wconf 80' lang='lat' dir='ltr'><strong>judicaveris;</strong></span> <span class='ocrx_word' id='word_1_846' title='bbox 3121 5449 3260 5505; x_wconf 91' lang='lat' dir='ltr'><strong>nihil</strong></span> <span class='ocrx_word' id='word_1_847' title='bbox 3279 5447 3608 5520; x_wconf 89' lang='lat' dir='ltr'><strong>subscripsi,</strong></span> <span class='ocrx_word' id='word_1_848' title='bbox 3627 5447 3758 5520; x_wconf 90' lang='lat' dir='ltr'><strong>quod</strong></span> 
     </span>
    </p>
   </div>
   <div class='ocr_carea' id='block_1_116' title="bbox 524 5540 3758 5629">
    <p class='ocr_par' dir='ltr' id='par_1_116' title="bbox 524 5540 3758 5629">
     <span class='ocr_line' id='line_1_116' title="bbox 524 5540 3758 5629; baseline -0.004 -24"><span class='ocrx_word' id='word_1_849' title='bbox 524 5571 546 5593; x_wconf 77' lang='grc' dir='ltr'>ι</span> <span class='ocrx_word' id='word_1_850' title='bbox 595 5551 912 5608; x_wconf 62' lang='lat' dir='ltr'><strong>Hmcunus</strong></span> <span class='ocrx_word' id='word_1_851' title='bbox 933 5551 1230 5612; x_wconf 84' lang='lat' dir='ltr'><strong>Remorum</strong></span> <span class='ocrx_word' id='word_1_852' title='bbox 1244 5557 1829 5629; x_wconf 67' lang='lat' dir='ltr'><strong>episc0pusilmcuaao</strong></span> <span class='ocrx_word' id='word_1_853' title='bbox 1849 5559 2064 5615; x_wconf 89' lang='lat' dir='ltr'><strong>Laudu-</strong></span> <span class='ocrx_word' id='word_1_854' title='bbox 2163 5568 2276 5606; x_wconf 89' lang='lat' dir='ltr'><strong>non</strong></span> <span class='ocrx_word' id='word_1_855' title='bbox 2303 5549 2714 5621; x_wconf 86' lang='lat' dir='ltr'><strong>subscripseris.</strong></span> <span class='ocrx_word' id='word_1_856' title='bbox 2743 5549 2928 5602; x_wconf 81' lang='lat' dir='ltr'><strong>Habeo</strong></span> <span class='ocrx_word' id='word_1_857' title='bbox 2955 5544 3102 5600; x_wconf 91' lang='lat' dir='ltr'><strong>enim</strong></span> <span class='ocrx_word' id='word_1_858' title='bbox 3129 5541 3251 5596; x_wconf 90' lang='lat' dir='ltr'><strong>illas</strong></span> <span class='ocrx_word' id='word_1_859' title='bbox 3282 5540 3432 5612; x_wconf 90' lang='lat' dir='ltr'><strong>ipsas</strong></span> <span class='ocrx_word' id='word_1_860' title='bbox 3460 5547 3758 5595; x_wconf 81' lang='lat' dir='ltr'><strong>manustua</strong></span> 
     </span>
    </p>
   </div>
   <div class='ocr_carea' id='block_1_117' title="bbox 452 5639 913 5714">
    <p class='ocr_par' dir='ltr' id='par_1_117' title="bbox 452 5639 913 5714">
     <span class='ocr_line' id='line_1_117' title="bbox 452 5639 913 5714; baseline 0.011 -23"><span class='ocrx_word' id='word_1_861' title='bbox 452 5639 610 5693; x_wconf 87' lang='lat' dir='ltr'><strong>nensi</strong></span> <span class='ocrx_word' id='word_1_862' title='bbox 631 5642 913 5714; x_wconf 90' lang='lat' dir='ltr'><strong>episcopo.</strong></span> 
     </span>
    </p>
   </div>
   <div class='ocr_carea' id='block_1_118' title="bbox 2162 5643 2692 5713">
    <p class='ocr_par' dir='ltr' id='par_1_118' title="bbox 2162 5643 2692 5713">
     <span class='ocr_line' id='line_1_118' title="bbox 2162 5643 2692 5713; baseline 0 -16"><span class='ocrx_word' id='word_1_863' title='bbox 2162 5643 2620 5713; x_wconf 86' lang='lat' dir='ltr'><strong>subscriptiones.</strong></span> <span class='ocrx_word' id='word_1_864' title='bbox 2665 5663 2692 5692; x_wconf 68' lang='grc' dir='ltr'><strong>ι)</strong></span> 
     </span>
    </p>
   </div>
  </div>
