3970 6218
140 234 245 289 221

795 230 1119 286 HlSTORI/E
1159 230 1488 285 ECCLESIIE
1527 233 1856 290 REMENSIS
1897 238 2071 292 LIBRI
2112 237 2445 302 QUATUOR.
2471 269 2541 279 —
2579 240 2704 295 LIB.
2746 241 2837 296 IlI.

3361 244 3480 300 '222

221 358 286 413 Et
304 356 452 414 circa
469 357 635 426 hujus
654 355 840 426 operis
862 353 1059 410 ﬁnem:
1092 379 1117 403 σι
1150 354 1226 410 De
1247 355 1370 410 aliis
1396 372 1544 423 vero,
1562 374 1683 429 quae
1713 359 1767 414 in
1798 364 2013 433 Aquod
2053 364 2122 418 de
2165 379 2267 419 suo
2304 364 2524 419 dicebat
2579 366 2813 421 Paulus:
2864 368 3184 422 Alexander
3226 372 3478 433 aeram'us,

139 450 354 521 scripto
413 449 561 521 apud
600 449 923 503 Attiniacum
979 448 1105 503 dato
1144 448 1279 502 mihi
1338 449 1765 519 imprOperando

142 540 496 596 mendaciter
516 539 677 605 dicis,
698 539 797 593 tibi
821 538 1157 609 respondere
1186 553 1295 591 non
1318 554 1468 593 curo.
1496 540 1602 593 Sed
1626 541 1766 596 scias

143 632 281 702 quia
313 647 423 686 non
456 648 578 685 sum
622 630 830 685 oblitus
881 628 1029 699 quod
1089 628 1354 697 scriptum
1396 636 1480 683 est
1511 630 1565 683 in
1626 630 1766 684 Isaia

141 724 421 796 propheta
444 724 573 793 (Isa.
609 724 835 790 xxxvii),
868 720 1132 791 quoniam
1164 720 1217 773 S.
1245 719 1505 774 Ezechias
1531 728 1766 776 arctatus

132 816 416 891 angustia,
437 813 791 884 blasphemas
810 812 1076 882 epistolas
1099 811 1206 866 sibi
1226 811 1463 866 directas
1480 812 1534 865 in
1562 813 1766 883 templo

130 920 324 958 coram
359 900 589 957 Domino
620 900 904 970 expandit,
938 908 990 952 et
1019 899 1088 953 ad
1123 915 1247 952 eum
1272 898 1549 963 clamavit,
1586 907 1640 953 et
1667 915 1767 953 ex-

131 994 365 1048 auditus
396 1002 497 1047 est.
525 991 839 1061 EXpandam
868 995 1050 1044 autem
1080 1004 1278 1042 manus
1308 1006 1458 1043 meas
1489 990 1556 1043 ad
1580 988 1761 1043 Domi-

135 1100 277 1137 num
325 1100 447 1137 cum
484 1081 842 1152 blasphemiis
885 1089 939 1134 et
970 1079 1381 1151 superbissimis
1410 1080 1629 1151 scriptis
1661 1080 1767 1134 tuis

138 1174 285 1228 mihi
318 1191 348 1228 a
377 1182 431 1229 te
462 1172 708 1235 directis,
741 1188 905 1227 orans
935 1180 1014 1239 ut,
1056 1171 1278 1243 quando
1307 1172 1428 1238 scit,
1461 1180 1515 1226 et
1545 1172 1766 1242 quando

130 1265 281 1331 vult,
313 1272 367 1319 et
393 1265 532 1319 sicut
560 1264 663 1318 scit
702 1272 757 1318 et
782 1263 923 1319 sicut
954 1264 1090 1328 vult,
1137 1270 1190 1318 te
1219 1271 1500 1318 convertat
1528 1264 1595 1316 ad
1626 1278 1767 1318 verae

134 1356 300 1428 pacis
322 1364 377 1411 et
399 1354 715 1410 dilectionis
743 1364 907 1425 atque
934 1355 1132 1409 debitae
1160 1354 1491 1409 obedientim
1518 1354 1767 1409 dilectio-

131 1466 270 1503 nem
298 1449 451 1518 [for.,
471 1446 949 1516 directionem],et
978 1463 1068 1500 me
1090 1446 1285 1501 liberet
1307 1462 1337 1499 a
1364 1445 1521 1500 labiis
1544 1446 1766 1516 iniquis,

131 1550 191 1595 et
251 1556 285 1593 a
320 1540 507 1613 lingua
545 1539 733 1593 dolosa
781 1538 942 1605 (Psal.
999 1538 1164 1603 CXIX).
1219 1537 1281 1590 Et
1338 1536 1575 1590 dominre
1632 1551 1768 1589 mea;

134 1628 320 1681 beata:
379 1635 433 1680 et
465 1626 718 1700 gloriosze
746 1624 839 1679 Dei
879 1624 1163 1697 genitricis
1201 1624 1382 1678 Maria:
1428 1624 1660 1685 meritis,
1706 1639 1770 1677 ac

134 1714 407 1783 precibus
446 1676 618 1766 sancti
680 1676 933 1785 Remigii,
970 1710 1127 1778 cujus
1172 1710 1457 1784 privilegio
1512 1676 1763 1781 derogas,
1796 1676 1845 1743 Β

131 1801 404 1857 exaudiet
434 1816 520 1855 me
568 1800 787 1868 adjutor
819 1800 871 1853 in
906 1798 1409 1869 Opportunitatibus
1451 1798 1506 1852 in
1540 1797 1765 1851 tribula-

132 1892 297 1945 tione
330 1890 479 1959 (Psal
543 1890 637 1959 IX).
670 1889 735 1942 Et
765 1888 894 1959 quia
930 1889 1121 1941 beatus
1150 1888 1513 1957 Hieronymus
1564 1887 1631 1940 de
1655 1886 1759 1948 his,

127 2000 379 2056 quorum
408 1983 695 2036 adversum
738 1997 825 2036 me
863 1981 1032 2054 gratis
1059 1980 1349 2050 suscepisti
1379 1978 1644 2043 ofﬁcium,
1678 1979 1759 2032 di-

126 2074 208 2128 cit
236 2089 251 2125 :
296 2071 531 2125 Audiant
561 2084 726 2124 canes
754 2069 863 2123 mei
896 2070 1147 2139 (HIERON.
1182 2071 1401 2138 praefat.
1442 2070 1499 2121 in
1527 2070 1666 2136 Job),
1707 2077 1762 2122 tu

128 2165 228 2235 qui
268 2163 339 2217 de
360 2162 472 2216 filio
504 2162 558 2215 in
592 2160 836 2227 fratrem,
871 2161 1113 2231 indeque
1145 2160 1363 2215 crevisti
1394 2159 1449 2213 in
1480 2159 1761 2229 coepisco-

132 2268 297 2322 pum,
332 2256 531 2319 etpost
560 2248 698 2303 adeo
730 2247 1031 2318 profecisti,
1071 2257 1131 2301 ut
1161 2248 1212 2300 in
1245 2264 1435 2302 canem
1465 2262 1648 2301 meum
1670 2262 1763 2300 ex-

132 2338 407 2404 creveris,
440 2337 627 2407 accipe
656 2337 796 2392 hanc
829 2336 1071 2407 perversi
1104 2336 1462 2391 contumaciae
1490 2344 1591 2390 tua:
1621 2334 1762 2405 pita-

127 2431 266 2485 cioli
300 2430 557 2504 exigente
617 2444 802 2494 causa,
845 2429 1110 2499 prolixam
1156 2427 1591 2497 responsionem.
1628 2426 1759 2480 Cum

132 2527 326 2573 autem
362 2516 499 2569 mihi
528 2516 822 2581 vacaverit,
854 2515 1187 2570 succinctius
1211 2514 1279 2568 de
1311 2513 1435 2567 aliis
1465 2513 1757 2583 perversis,

128 2617 183 2663 et
216 2606 606 2678 incompositis
626 2607 844 2677 scriptis
871 2606 998 2671 tuis,
1022 2606 1075 2658 in
1103 2605 1303 2676 quibus
1325 2603 1573 2675 quaedam
1598 2619 1761 2657 men-

123 2698 622 2770 daciter,quacdam
641 2697 1157 2767 reprehensibiliter
1172 2712 1258 2750 me
1277 2694 1757 2766 reprehendendo.

125 2791 389 2863 quaedam
425 2788 551 2844 ﬁcte
592 2789 892 2853 humiliter,
926 2795 979 2843 et
1032 2804 1159 2842 vere
1189 2786 1428 2858 superbe
1472 2786 1761 2855 scripsisti,

124 2884 463 2949 rescribam,
493 2892 547 2937 et
576 2883 627 2935 in
662 2882 753 2937 illo
786 2882 1012 2952 scripto,
1047 2880 1176 2951 quia
1204 2880 1325 2952 lego
1357 2879 1561 2932 dixisse
1591 2877 1767 2933 homi-

121 2997 316 3035 num:
375 2978 493 3032 Jam
548 2992 658 3032 non
690 2977 893 3031 irascar
941 2976 1036 3029 tibi
1076 2975 1315 3045 amplius
1373 2974 1580 3043 (Ezech.
1630 2973 1759 3041 xvi),

124 3083 411 3147 quantum
446 3072 577 3126 mihi
607 3072 787 3126 adhuc
818 3078 975 3141 paret
1011 3071 1079 3125 de
1112 3069 1424 3138 hujusmodi
1456 3067 1763 3123 altercatio-

128 3168 299 3221 nibus
356 3163 457 3217 tibi
489 3162 767 3218 scribendi
799 3161 963 3216 ﬁnem
1020 3161 1318 3230 imponam.
1368 3160 1439 3213 De
1474 3160 1578 3214 hoc
1612 3158 1759 3230 quod

128 3256 299 3321 dicis,
363 3254 493 3325 quia
541 3253 727 3307 dicunt
758 3252 826 3306 de
874 3268 962 3306 me
990 3251 1287 3305 homines:
1329 3250 1511 3315 Qualis
1538 3257 1620 3303 est
1670 3248 1760 3303 ille

128 3345 476 3412 avunculus,
506 3344 597 3415 qui
621 3343 749 3398 talia
778 3358 878 3398 suo
905 3341 1092 3412 nepoti
1118 3340 1310 3395 scribit
1331 3340 1360 3393 ?
1390 3340 1576 3394 dicant
1607 3348 1661 3393 et
1691 3338 1761 3391 de

130 3445 183 3490 te
220 3434 332 3505 ipsi
356 3433 612 3487 homines
646 3449 658 3484 :
704 3431 887 3495 Qualis
938 3438 1021 3485 est
1050 3428 1140 3483 ille
1185 3444 1360 3499 nepos
1388 3427 1457 3482 ab
1489 3426 1760 3481 avunculo

125 3547 232 3586 suo
267 3528 400 3583 talis
431 3534 487 3580 ut
515 3535 643 3580 tunc
673 3535 789 3580 erat
836 3534 1168 3596 assumptus,
1210 3532 1264 3579 et
1293 3523 1415 3578 talis
1440 3522 1583 3577 sicut
1612 3536 1760 3575 nunc

124 3625 213 3673 est
244 3618 304 3670 in
334 3613 575 3684 spiritali
606 3629 668 3667 ac
689 3613 975 3684 temporali
997 3614 1206 3667 honore
1237 3610 1486 3680 eﬁ‘ectus,
1510 3610 1603 3680 qui
1630 3608 1757 3663 talia

125 3714 239 3768 sibi
279 3710 456 3783 exigit
481 3708 547 3761 ab
575 3709 746 3763 invito
777 3709 1066 3771 avunculo,
1100 3725 1169 3762 ne
1200 3707 1325 3761 talis
1353 3705 1422 3760 ab
1449 3705 1589 3771 aliis,
1617 3705 1759 3759 sicut

130 3823 163 3860 a
197 3809 415 3873 nepote
445 3815 544 3855 suo
570 3800 908 3881 depingitur,
954 3800 1274 3862 aestimatus,
1328 3813 1427 3868 per
1451 3812 1576 3851 eum
1633 3795 1756 3849 bla-

1865 453 2039 507 multa
2092 454 2240 507 male
2275 454 2414 508 mihi
2454 455 2711 521 ostendit,
2742 455 2930 510 reddet
2982 456 3068 509 illi
3107 459 3365 512 Dominus
3410 460 3479 521 (II

1869 544 2003 597 Tm
2041 547 2135 612 ’θ’
2182 567 2207 591 ”
2458 616 2666 671 CAPUT
2698 617 2883 672 xxm.

1866 704 1995 771 Quae
2018 706 2267 773 Altfrido
2300 708 2734 763 Transrhenensi
2759 712 3021 779 episcopo,
3052 715 3101 764 et
3120 714 3320 765 caeteris
3346 712 3476 781 qui-

2221 796 2445 851 busdam
2498 800 2757 867 cpiscozn's
2822 802 3123 869 scripserit.

1937 906 2169 963 Altfrido
2196 910 2631 966 Transrhencnsi
2679 914 2943 984 episcopo
2981 915 3200 985 scripsit
3227 914 3476 985 quazdam

1869 1011 1967 1065 pro
1997 997 2163 1052 rebus
2192 998 2243 1051 S.
2286 1000 2517 1073 Remigii
2548 1000 2670 1055 sitis
2702 1001 2756 1054 in
2786 1003 3097 1077 Thoringia,
3132 1020 3268 1074 quas
3296 1004 3475 1057 eidem

1868 1089 2240 1155 commiserat,
2276 1099 2332 1143 ut
2383 1091 2632 1145 redditus
2670 1092 2911 1162 ipsarum
2959 1094 3061 1164 ipsi
3105 1102 3348 1164 tempore
3378 1110 3479 1165 op-

1868 1182 2105 1244 portuno
2136 1175 2422 1248 dirigeret,
2476 1177 2834 1245 interdicens,
2879 1182 3033 1249 juxta
3073 1181 3476 1251 dcpositionem

1872 1263 1929 1315 Β.
1964 1263 2216 1337 Remigii,
2245 1271 2303 1318 ut
2334 1280 2497 1320 nemo
2527 1267 2755 1322 colonos
2785 1268 3030 1338 ipsarum
3056 1270 3109 1321 in
3143 1284 3242 1323 suo
3273 1284 3478 1339 praesu-

1872 1362 2044 1409 meret
2083 1355 2399 1425 opprimere
2448 1359 2713 1424 servitio;
2748 1359 2899 1425 item,
2956 1360 3102 1431 quod
3135 1360 3355 1414 easdem
3394 1376 3483 1415 res

1870 1446 2085 1500 cuidam
2118 1462 2219 1501 suo
2247 1448 2300 1500 in
2322 1448 2651 1505 beneﬁcium
2687 1452 2903 1505 dederit
2934 1452 3164 1516 homini,
3196 1468 3395 1524 rogans
3423 1460 3482 1506 ut

1870 1534 2051 1588 eidem
2086 1536 2295 1590 homini
2327 1538 2582 1593 solatium
2629 1540 2684 1593 in
2717 1541 3140 1612 quibuscumque
3184 1542 3483 1616 indiguerit

1872 1620 2014 1676 ferre
2050 1624 2299 1709 studeat;
2341 1627 2632 1693 Adventio,
2664 1629 3010 1703 Mettensium
3044 1629 3283 1699 praesuli,
3316 1646 3482 1699 super

1867 1714 2102 1784 quadam
2137 1714 2264 1769 ﬁdei
2297 1718 2622 1787 quastione,
2655 1719 2725 1773 de
2764 1736 2872 1790 qua
2903 1720 3076 1774 fuerat
3112 1720 3479 1793 interrogatus

1867 1804 1935 1857 ab
1964 1805 2120 1874 ipso;
2158 1807 2307 1873 item,
2340 1808 2407 1861 de
2441 1809 2636 1863 itinere
2668 1812 2814 1881 quod
2858 1812 2999 1865 idem
3045 1812 3343 1865 Adventius
3370 1812 3480 1866 Ro-

1866 1911 2009 1948 mam
2044 1898 2313 1966 petiturus
2349 1899 2589 1955 debebat
2616 1901 2861 1972 incipere
2895 1921 2908 1967 ;
2950 1903 3103 1967 item,
3145 1903 3211 1956 de
3242 1903 3479 1957 adventu

1864 2002 1965 2041 suo
1992 1988 2058 2040 ad
2089 1988 2465 2043 denuntiatam
2500 2008 2528 2044 a
2551 2008 2678 2063 rege
2709 1995 3003 2063 synodum,
3049 2011 3146 2065 pro
3176 2002 3480 2049 memorata

1864 2080 2172 2148 quaestione
2230 2082 2559 2145 tractanda;
2628 2084 2778 2151 item,
2850 2102 2947 2156 pro
2989 2086 3121 2140 ﬁilio
3161 2086 3341 2156 neptis
3369 2102 3482 2140 suae

1865 2185 2028 2240 quem
2053 2171 2233 2225 eidem
2267 2174 2643 2229 committebat
2671 2192 2685 2241 ;
2720 2176 2874 2243 item,
2911 2194 3009 2248 pro
3056 2178 3140 2232 his
3174 2194 3295 2249 quae
3337 2178 3481 2231 idem

1863 2261 2164 2315 Adventius
2193 2263 2243 2317 ei
2277 2265 2632 2320 mandaverat
2684 2267 2754 2321 de
2788 2268 3077 2323 Hincmaro
3133 2268 3481 2323 Laudunensi

1864 2347 2147 2418 episcopo,
2202 2349 2447 2405 breviter
2484 2352 2746 2408 intimans
2785 2371 2905 2426 quae
2936 2356 3081 2411 bona
3124 2372 3254 2431 erga
3303 2356 3480 2426 ipsum

1861 2440 2115 2512 gesserit,
2143 2448 2198 2495 et
2228 2458 2350 2512 qua;
2382 2460 2549 2513 prava
2580 2445 2673 2499 ille
2699 2454 2889 2500 contra
2915 2448 3141 2519 gerebat
3167 2466 3181 2513 ;
3215 2448 3365 2513 item,
3386 2462 3483 2517 pe-

1864 2528 2001 2581 tenti
2046 2529 2334 2583 consilium
2382 2532 2513 2601 quid
2564 2549 2726 2604 agere
2762 2535 3012 2601 deberet,
3064 2536 3259 2591 Karolo
3293 2536 3347 2589 in
3393 2551 3478 2589 re-

1864 2634 2032 2691 gnum
2068 2620 2329 2676 Ludovici
2362 2622 2544 2677 fratris
2594 2625 2677 2678 sui
2718 2626 2953 2681 senioris
2984 2628 3155 2696 ipsius
3200 2626 3482 2690 veniente,

1864 2709 2184 2784 signiﬁcans
2228 2712 2362 2783 quid
2391 2716 2565 2785 egerit
2609 2716 2748 2786 ipse,
2798 2718 3021 2789 quando
3054 2718 3359 2773 Ludovicus
3397 2731 3484 2769 re-

1864 2819 2032 2875 gnum
2078 2803 2256 2859 Karoli
2290 2815 2623 2875 pervaserat,
2670 2815 2724 2862 et
2753 2809 2884 2879 quid
2916 2810 3095 2864 eidem
3129 2817 3262 2864 tunc
3313 2825 3483 2883 agen-

1867 2890 1995 2944 dum
2073 2891 2260 2957 foret;
2317 2892 2467 2959 item,
2538 2910 2637 2965 pro
2703 2898 3064 2951 acceleranda
3135 2897 3484 2953 ordinatione

1867 2979 2089 3034 Berardi
2143 2980 2790 3038 EcclesizeNirdunensis
2842 2986 3026 3049 electi,
3058 2994 3113 3041 et
3152 2986 3327 3041 vocati
3370 2988 3486 3058 epi-

1863 3074 2060 3139 sc0pi;
2110 3074 2261 3131 item,
2329 3086 2425 3139 pro
2481 3074 3054 3129 excommunicationc
3110 3076 3482 3140 Karlomanni,

1862 3181 2024 3234 quam
2068 3162 2318 3217 mittebat
2348 3164 2420 3223 ei.
2453 3163 2774 3237 signiﬁcans
2819 3167 3059 3236 qualiter
3098 3167 3348 3221 eamdem
3381 3175 3486 3220 tra-

1861 3258 2007 3306 ctare
2061 3250 2331 3314 deberet;
2391 3252 2543 3314 item,
2600 3267 2699 3320 pro
2754 3253 2936 3306 missis
2996 3254 3166 3321 ipsius
3210 3254 3483 3319 Adventii,

1861 3354 2003 3410 quos
2043 3339 2269 3393 Romam
2312 3338 2586 3393 direxerat
2619 3354 2721 3408 pro
2781 3356 2945 3393 causa
2981 3341 3263 3411 Bertulphi
3308 3341 3487 3395 Trevi-

1863 3429 2042 3485 rensis
2074 3429 2499 3499 archiepiscopi,
2531 3430 2738 3483 mirans
2764 3446 2861 3483 cur
2891 3430 2997 3484 sibi
3040 3447 3149 3485 non
3186 3429 3490 3505 signiﬁcas-

1860 3529 1965 3586 set,
2000 3521 2093 3591 qui
2126 3520 2176 3575 ei
2208 3520 2674 3575 renuntiavissent
2702 3537 2716 3584 ;
2766 3520 2919 3585 item,
2955 3537 3051 3590 pro
3084 3521 3283 3575 litteris
3314 3521 3490 3577 Ludo-

1856 3614 1960 3669 vici
2007 3613 2178 3683 regis,
2228 3628 2364 3683 quas
2394 3612 2539 3667 idem
2574 3613 2871 3667 Adventius
2897 3613 2947 3667 ei
2979 3611 3277 3677 direxerat,
3320 3620 3375 3667 et
3430 3622 3490 3669 ut

1859 3706 2084 3773 litteras,
2144 3720 2282 3775 quas
2348 3704 2465 3774 ipse
2524 3705 2760 3759 domnus
2819 3704 3140 3759 Hincmarus
3210 3703 3486 3759 Ludovico

1869 3792 2140 3859 mittebat,
2174 3792 2293 3863 ipse
2324 3792 2585 3863 praefatus
2617 3793 2812 3863 praesul
2868 3793 2917 3847 ei
2968 3798 3059 3846 aut
3104 3791 3366 3853 mitteret,
3398 3800 3492 3848 aut

132 3897 479 3967 sphemetur
509 3880 708 3946 nomen
752 3891 966 3946 Domini
1017 3891 1187 3961 (Rom.
1233 3891 1290 3960 ιι)
1322 3898 1377 3943 et
1428 3888 1772 3958 vituperetur
1871 3883 2145 3947 donaret;
2196 3882 2349 3949 item,
2384 3898 2480 3953 pro
2531 3883 2725 3937 litteris
2759 3882 2932 3953 ipsius
2962 3881 3235 3945 Adventii,
3269 3895 3406 3951 quas
3438 3880 3488 3934 ei

137 3984 523 4041 ministerium
573 3983 692 4050 ejus
738 3985 809 4049 (II
856 3984 976 4038 Cor.
1028 3982 1139 4051 v1),
1178 3988 1400 4035 secutus
1450 3977 1769 4049 Apostolum
1872 3972 2117 4037 miserat,
2173 3972 2431 4026 intimans
2491 3973 2560 4025 de
2613 3972 2851 4026 adventu
2904 3971 3201 4045 legatorum
3263 3982 3487 4022 suorum

132 4078 492 4135 scribentem
516 4076 583 4130 ad
618 4075 957 4140 Corinthios,
990 4082 1183 4129 contra
1212 4089 1270 4127 se
1298 4072 1767 4142 blasphemantes,
1874 4060 2101 4132 pallium
2134 4078 2164 4115 a
2193 4061 2326 4115 sede
2375 4059 2677 4131 apostolica
2728 4060 3024 4131 Bertulpho
3064 4057 3485 4127 archiepiscOpo

133 4180 192 4226 et
219 4166 504 4238 vilipendi
530 4165 598 4220 ab
627 4164 749 4219 aliis
776 4163 1093 4219 laborantes
1114 4162 1141 4215 Ῥ
1195 4162 1314 4236 Egit
1344 4160 1551 4233 quippe
1581 4161 1774 4216 doctor
1874 4150 2264 4215 deferenlium,
2290 4150 2584 4203 exhortans
2604 4147 2790 4213 etiam,
2814 4157 2873 4201 ut
2891 4148 2958 4201 de
2984 4163 3172 4238 regum
3194 4144 3491 4238 censordia

129 4235 412 4329 egregi-us
444 4260 519 4315 ut,
550 4251 680 4305 dum
710 4251 827 4321 ipse
849 4250 1026 4322 qualis
1048 4257 1195 4304 esset
1226 4248 1562 4323 agnoscitur,
1587 4256 1642 4303 et
1662 4248 1771 4302 vita
1871 4240 2178 4304 laboraret;
2209 4240 2380 4305 unde,
2412 4239 2540 4309 quia
2559 4254 2780 4309 semper
2802 4237 3132 4293 laboravel‘it
3162 4243 3215 4291 et
3245 4235 3490 4329 laborare

127 4323 416 4416 et'linvgua
446 4340 586 4394 male
615 4337 1027 4409 praedicantium
1059 4337 1177 4406 ejus
1201 4336 1596 4407 praedicatione
1634 4334 1768 4389 vile-
1796 4384 1847 4416 Π
1872 4331 2136 4394 decertet,
2186 4326 2504 4395 innotescit,
2550 4334 2606 4416 et
2657 4326 2749 4416 de,
2776 4326 2948 4416 mulo,
2991 4341 3155 4395 quem
3173 4323 3307 4416 "sibi
3350 4323 3490 4378 mitti

127 4413 348 4498 sceret,
376 4430 501 4485 illos
534 4429 791 4483 videlicet
816 4428 1251 4493 commendaret,
1292 4426 1337 4480 si
1368 4442 1426 4480 se
1455 4424 1766 4479 absconde-
1791 4413 1847 4452 υ
1872 4419 2126 4490 petierat,
2182 4416 2309 4488 quia
2342 4416 2444 4470 hoc
2482 4414 2686 4468 animal
2738 4414 2856 4484 ipse
2896 4414 3131 4468 domnus
3172 4413 3493 4467 Hincmarus

127 4536 238 4592 ret,
275 4539 525 4593 eumque
564 4537 620 4576 se
652 4538 761 4576 non
793 4520 1133 4585 ostenderet,
1166 4518 1338 4573 errori
1371 4518 1549 4573 locum
1582 4516 1766 4571 dedis-

125 4626 239 4671 set.
275 4613 481 4667 Dicunt
511 4610 676 4665 etiam
710 4616 766 4663 et
795 4609 898 4679 ipsi
932 4608 1183 4663 homines
1211 4608 1280 4661 de
1310 4613 1362 4660 te
1396 4623 1407 4659 :
1460 4605 1643 4669 Qualis
1683 4612 1767 4659 est

127 4705 230 4758 ille
266 4715 473 4770 nepos,
514 4698 607 4769 qui
632 4698 757 4752 talia
789 4704 979 4752 contra
1007 4713 1164 4751 suum
1195 4694 1550 4756 avunculum,
1581 4701 1635 4747 et
1666 4710 1768 4747 nu-

124 4794 397 4848 tritorem
423 4795 587 4859 atque
612 4785 987 4842 ordinatorem
1020 4785 1385 4850 machinatur,
1418 4791 1472 4837 et
1500 4790 1765 4854 quantum

123 4891 325 4957 potest
354 4880 486 4933 mali
514 4878 652 4953 agit,
687 4886 740 4932 et
771 4878 1061 4948 plusquam
1092 4883 1275 4947 potest
1295 4891 1459 4950 agere
1492 4873 1764 4944 cupit,si-

122 4986 224 5034 cut
267 4985 323 5029 tu
383 4973 439 5025 in
477 4972 567 5025 die
596 4971 781 5043 magni
811 4969 1007 5038 judicii
1048 4968 1341 5023 manifeste
1368 4967 1604 5033 videbis,
1637 4968 1681 5021 si
1714 4976 1766 5023 te

120 5075 301 5121 antea
336 5061 471 5116 inde
506 5076 614 5114 non
656 5059 1067 5130 recognoveris,
1101 5067 1155 5113 et
1202 5056 1386 5130 dignis
1422 5057 1763 5127 poenitentia

118 5153 410 5209 fructibus
444 5165 553 5204 non
586 5147 970 5202 emendaveris
1000 5146 1026 5199 εἰ
1069 5147 1295 5201 Multum
1338 5162 1426 5200 me
1462 5145 1679 5218 fatigas,
1715 5156 1769 5202 et

120 5242 360 5304 merito,
394 5255 503 5293 non
538 5238 639 5293 tibi
672 5238 996 5307 imputetur,
1050 5238 1146 5291 sed
1180 5235 1557 5307 fatigationem
1588 5251 1765 5290 meam

117 5330 481 5396 consolatur,
513 5327 662 5399 quod
698 5326 843 5380 sicut
874 5325 971 5379 tibi
1006 5326 1221 5397 scripsi,
1254 5325 1450 5379 beatus
1476 5323 1764 5378 dicitGre-

114 5421 327 5497 gorius
365 5436 377 5471 :
429 5416 541 5471 Etsi
588 5415 842 5484 [Ethiops
889 5415 1048 5487 niger
1080 5416 1134 5468 in
1187 5414 1445 5468 balneum
1479 5412 1664 5478 intrat,
1712 5420 1767 5468 et

116 5516 295 5591 niger
354 5512 425 5565 de
458 5511 662 5565 balneo
724 5507 872 5573 exit;
917 5515 1098 5561 tamen
1151 5506 1439 5561 balneator
1476 5504 1763 5560 denarium

113 5601 321 5659 balnei
352 5599 440 5654 sui
497 5614 607 5655 non
640 5596 846 5669 perdit.
877 5596 1063 5652 Timeo
1101 5598 1171 5652 de
1202 5603 1257 5652 te
1282 5610 1406 5649 meo
1456 5594 1764 5655 Alexandro

1872 4523 1982 4562 non
2031 4506 2280 4572 haberet,
2313 4521 2415 4560 nec
2469 4504 2664 4559 sedere
2704 4502 2926 4568 soleret,
2968 4511 3022 4557 et
3052 4502 3158 4556 alia
3188 4501 3438 4573 quaedam
3471 4516 3488 4567 ;

1873 4599 2026 4665 item,
2102 4614 2201 4669 pro
2275 4594 2867 4652 excommunicationis
2952 4593 3307 4659 discretione,
3364 4591 3493 4663 quia

1871 4690 2377 4745 excommunicatos
2428 4686 2832 4760 signiﬁcaverat
2863 4701 2894 4739 a
2937 4701 2995 4739 se
3027 4685 3292 4755 quosdam
3323 4683 3493 4737 male-

1870 4782 2106 4837 factores
2158 4782 2446 4836 Mettensis
2496 4780 2773 4843 Ecclesiae,
2822 4777 3075 4832 homines
3113 4776 3326 4831 scilicet
3353 4774 3496 4829 Wal-

1871 4875 1994 4929 terii
2028 4874 2267 4939 comitis,
2295 4882 2347 4928 et
2370 4873 2690 4938 Lambertii,
2723 4872 3031 4943 deposcens
3061 4876 3117 4923 ut
3136 4868 3491 4939 apostolicam

1871 4963 2118 5034 regulam
2150 4970 2203 5016 et
2230 4962 2603 5033 episcopalem
2627 4966 2808 5015 servet
2838 4960 2893 5013 in
2924 4956 3237 5026 hujusmodi
3270 4955 3493 5029 negotio

1867 5051 2230 5121 patientiam;
2289 5051 2441 5115 item,
2496 5065 2606 5120 quo
2658 5049 2899 5103 debeant
2941 5046 3135 5102 ordine
3183 5044 3492 5100 consecrari

1874 5142 2336 5212 metrOpolitanus
2356 5147 2520 5210 atque
2543 5141 2892 5197 dicecesanus
2912 5138 3178 5211 episcopi.
3206 5137 3493 5191 Ercamrao

1869 5234 2292 5289 Cathalaunensi
2325 5232 2613 5302 episc0po,
2639 5232 2707 5286 de
2728 5232 3061 5303 quibusdam
3076 5227 3492 5301 reprehendens

1869 5344 1991 5398 quae
2046 5340 2157 5380 non
2198 5324 2439 5377 libenter
2491 5323 2749 5377 audiebat
2797 5324 2866 5376 de
2916 5323 3031 5388 illo,
3075 5322 3382 5376 admonens
3437 5324 3491 5372 et

1870 5417 2151 5471 instruens
2208 5411 2447 5485 qualiter
2498 5427 2558 5466 se
2589 5427 2753 5484 agere
2814 5411 3033 5475 debeat,
3065 5418 3120 5463 et
3149 5416 3209 5462 ut
3263 5407 3490 5463 monitis

1867 5503 2186 5576 apostolicis
2218 5502 2512 5577 diligenter
2547 5500 2834 5565 attendat;
2876 5500 3029 5561 item,
3058 5512 3158 5569 pro
3199 5497 3485 5566 cujusdam

1865 5598 2009 5654 villa:
2042 5596 2258 5663 incolis,
2300 5609 2438 5667 quos
2470 5590 2919 5650 irrationabiliter
2953 5589 3022 5645 ab
3054 5590 3204 5647 omni
3236 5590 3483 5647 consola-
