3970 6218
503 240 608 295 223

1613 236 1978 292 FLODOARDI
2021 231 2321 288 CANONICI
2363 235 2690 290 REMENSIS

3713 236 3812 291 ’224

505 373 656 428 tione
707 371 878 426 divini
933 370 1246 435 ministerii,
1301 378 1526 440 prepter
1553 370 1831 441 quoddam
1879 367 2114 424 homici-
2143 372 2194 440 Α
2217 383 2315 425 cus
2361 370 2500 425 mitti
2531 370 2771 440 petebat,
2803 385 2867 424 ac
2895 370 2965 424 de
3013 369 3269 424 Ecclesiis
3296 367 3626 422 monasterii
3655 368 3807 423 Orba-

505 463 679 527 dium,
713 477 821 516 non
864 460 932 514 ab
966 460 1098 530 ipsis
1148 467 1442 531 patratum,
1497 468 1824 526 removerat,
1855 459 2113 512 intimans

504 551 782 621 quomodo
813 565 915 604 nec
965 549 1307 615 charitatem,
1339 565 1442 602 nec
1492 546 1839 602 discretionis
1868 547 2114 601 modera—

507 642 710 695 tionem
746 641 799 694 in
843 641 947 694 hoc
978 639 1118 694 facto
1157 639 1479 694 custodierit
1509 657 1523 704 ;
1578 638 1730 705 item,
1763 653 1861 707 pro
1891 637 2113 691 absolu-

503 729 653 784 tione
699 729 982 796 cujusdam
1029 728 1098 782 ab
1157 728 1276 797 ipso
1327 726 1805 791 excommunicati,
1865 741 1962 795 pro
2002 741 2112 796 quo

502 817 796 871 Guntarius
845 816 1187 871 Coloniensis
1217 817 1512 887 episcOpus
1559 815 1738 869 eidem
1772 815 1980 868 litteras
2009 815 2110 868 de-

505 909 842 979 precatorias
887 909 1132 974 miserat,
1174 898 1325 980 quas
1377 907 1468 961 ille
1508 907 1790 976 suscipere
1839 905 2110 970 noluerat,

503 997 806 1050 ostendens
845 997 1063 1067 qualem
1094 1011 1151 1050 se
1207 1012 1335 1068 erga
1365 994 1776 1064 delinquentes,
1809 1001 1863 1048 et
1893 994 2110 1064 qualem

502 1102 632 1158 erga
661 1095 1118 1157 recognoscentes
1139 1086 1434 1156 episcOpus
1453 1085 1714 1139 exhibere
1745 1084 1964 1139 debeat.
1999 1085 2114 1138 Hil-

504 1175 730 1228 merado
778 1174 1152 1239 Ambianensi,
1221 1189 1321 1244 pro
1375 1174 1610 1244 quodam
1665 1173 1956 1238 monacho,
2015 1175 2108 1244 qui

504 1263 887 1334 presbyterum
947 1271 1002 1317 et
1049 1264 1380 1318 monachum
1428 1262 1484 1316 in
1545 1263 1878 1318 monasterio
1933 1264 2107 1317 sancti

505 1353 742 1408 Richarii
782 1355 1006 1420 occidit,
1058 1369 1157 1424 pro
1215 1370 1323 1425 quo
1381 1355 1616 1408 domnus
1661 1370 1802 1424 papa
1858 1354 2113 1409 Nicolaus

504 1440 715 1494 litteras
756 1441 938 1494 eidem
993 1442 1197 1496 domno
1243 1441 1529 1496 Hincmaro
1587 1442 1879 1508 direxerat,
1931 1443 2113 1512 paeni-

504 1533 688 1587 tentim
744 1541 990 1588 tenorem
1070 1535 1465 1600 continentes;
1524 1535 1700 1600 item,
1762 1551 1859 1605 pro
1917 1535 2114 1590 litteris

505 1621 728 1699 Adriani
760 1638 912 1691 papaa
960 1623 1091 1691 (1.4),
1127 1639 1263 1693 quas
1299 1624 1348 1676 ei
1381 1637 1478 1692 pro
1510 1622 1749 1692 quodam
1791 1621 2114 1691 presbytero

507 1686 1087 1780 miserat,vmonetque
1126 1686 1185 1765 ut
1233 1686 1551 1780 apostolicis
1579 1686 1805 1765 obediat
1850 1686 2114 1778 jussioni-
2147 1686 2198 1753 Β

507 1801 656 1866 bus;
700 1801 851 1867 item,
888 1818 984 1870 pro
1037 1803 1276 1872 quodam
1335 1802 1680 1872 presbytero,
1738 1802 1833 1872 qui
1878 1803 1946 1856 ad
1993 1819 2117 1857 eum

507 1894 860 1959 clamaverat,
894 1895 1045 1964 quia,
1106 1911 1204 1963 pro
1236 1910 1302 1949 eo
1334 1895 1480 1964 quod
1528 1910 1678 1947 arma
1733 1895 1803 1948 de
1833 1895 2117 1963 cujusdam

504 1985 646 2040 ebrii
697 1985 973 2051 manibus,
1019 1987 1111 2056 qui
1159 2001 1285 2040 eum
1341 1986 1600 2040 occidere
1642 1985 1882 2050 volebat,
1933 1994 2119 2041 extor-

505 2091 703 2145 quens,
740 2074 969 2144 projecit
1000 2083 1053 2128 et
1078 2073 1234 2148 fugit,
1263 2073 1404 2127 idem
1433 2074 1729 2143 episcopus
1751 2073 1819 2127 ab
1850 2089 1916 2128 eo
1947 2081 2002 2127 et
2032 2075 2119 2128 Ec-

502 2166 726 2220 clesiam
756 2182 908 2218 suam
939 2173 993 2219 et
1024 2165 1312 2220 facultates
1342 2165 1711 2232 ejustulisset.
1749 2164 1901 2219 Unde
1934 2166 2118 2220 redar-

501 2253 621 2324 guit
672 2269 820 2317 eum,
878 2253 1027 2322 quod
1067 2261 1261 2307 contra
1295 2253 1675 2307 auctoritatem
1705 2267 1983 2307 sacrorum
2029 2269 2120 2306 ca-

505 2356 710 2395 nonum
744 2357 873 2411 erga
902 2341 1186 2410 praefatum
1217 2342 1395 2412 egerit
1423 2341 1826 2410 presbyterum,
1853 2343 2121 2397 mandans

502 2433 636 2503 quid
671 2431 936 2498 ﬁendum,
961 2440 1014 2486 et
1035 2433 1169 2503 quid
1195 2433 1352 2500 juxta
1377 2433 1698 2487 canonicam
1726 2433 1798 2487 sit
1825 2433 2115 2488 auctorita-

505 2527 612 2574 tem
632 2522 699 2574 de
723 2525 827 2575 hoc
852 2520 1280 2575 observandum.
1312 2523 1445 2576 ltem
1476 2522 1815 2594 redarguens
1841 2537 1966 2575 eum
1984 2537 2116 2592 qua-

508 2628 560 2664 m
594 2611 928 2707 i“____l°rP°re
969 2613 1323 2686 negligentiae
1371 2613 1724 2683 requiescens
1748 2655 1762 2674 ι
1827 2627 2117 2707 ρτθνρτυπι
2220 2609 2288 2691 de
2319 2637 2430 2690 Deo
2461 2609 2665 2707 gratias
2696 2635 2887 2700 refert,
2921 2635 3046 2706 quia
3078 2649 3136 2688 se
3179 2634 3480 2703 ipsumque
3510 2643 3616 2684 uno
3642 2623 3813 2696 spiritu
3881 2625 3887 2668 l

503 2703 750 2758 consiliis
780 2710 1046 2768 uteretur,
1078 2721 1202 2758 cum
1235 2712 1288 2758 et
1331 2713 1488 2758 aetate
1519 2712 1572 2758 et
1603 2720 1849 2775 corporis
1889 2703 2116 2759 inﬁrmi-

505 2801 610 2848 tate
642 2795 708 2847 ad
737 2793 904 2849 finem
936 2794 1058 2848 vitae
1090 2796 1270 2868 urgeri
1298 2795 1596 2863 videretur,
1643 2798 1943 2852 ostendens
1971 2799 2020 2853 ei
2051 2813 2117 2852 ex

504 2892 814 2940 sanctarum
842 2885 1068 2940 monitis
1105 2885 1527 2955 Scripturarum,
1575 2882 1778 2957 quibus
1809 2896 2114 2961 transgres-

504 2979 755 3033 sionibus
803 2979 1147 3034 inveniretur
1176 2979 1451 3036 obnoxius
1483 2999 1497 3045 ;
1557 2982 1710 3047 item,
1743 2999 1840 3052 pro
1877 2985 2113 3054 quodam

505 3071 848 3142 presbytero,
891 3073 1159 3127 mandans
1185 3080 1239 3127 et
1277 3073 1615 3128 interdicens
1644 3050 1966 3130 auctoritate
1997 3091 2108 3130 me-

2219 3093 2479 3162 potuerit,
2514 3107 2890 3146 rememorans
2908 3089 3070 3144 etiam
3097 3089 3166 3143 de
3199 3087 3662 3149 discordantibus,
3683 3078 3807 3135 unde

505 3163 854 3233 tropolitana,
885 3171 942 3217 ut
973 3163 1185 3218 nullum
1213 3165 1591 3235 prmjudicium
1625 3167 1675 3220 ei
1707 3167 1889 3232 faciat,
1918 3168 2014 3221 sed
2044 3168 2108 3221 ad

501 3259 770 3328 synodum
815 3266 1168 3314 convocatam
1202 3261 1290 3314 die
1317 3260 1670 3316 denominata
1690 3260 1795 3315 sibi
1825 3275 2111 3316 occurrere

503 3355 758 3418 studeat;
817 3354 967 3419 item,
1011 3371 1110 3424 pro
1140 3357 1243 3409 hac
1271 3356 1462 3410 eadem
1491 3371 1568 3420 re,
1604 3356 1866 3410 intimans
1895 3355 2024 3426 quia
2066 3357 2110 3410 si

505 3460 616 3500 non
665 3445 967 3500 occurrerit
1006 3449 1073 3501 ad
1106 3448 1377 3519 synodum
1429 3447 1732 3502 secundum
1779 3455 2112 3519 praeceptum

503 3551 680 3606 papae,
727 3538 874 3607 quod
915 3539 1159 3609 synodus
1188 3539 1256 3594 de
1286 3554 1350 3594 eo
1377 3539 1706 3607 judicaverit
1745 3539 1798 3592 in
1833 3540 2012 3610 ipsum
2045 3541 2116 3594 sit

503 3627 939 3696 exsequendum.
979 3630 1127 3684 Isaac
1154 3629 1510 3702 Lingonensi,
1554 3645 1653 3700 pro
1693 3630 1929 3700 quodam
1964 3631 2116 3704 regio

503 3719 674 3774 milite
723 3722 792 3776 ab
823 3725 941 3794 ipso
989 3726 1484 3792 excommunicato,
1544 3726 1786 3780 suadens
1837 3735 1898 3781 ut
1932 3729 2119 3783 mitius

503 3824 636 3882 erga
675 3827 799 3866 eum
831 3823 1039 3887 ageret,
1074 3825 1301 3886 propter
1325 3816 1619 3870 instantem
1652 3816 1722 3870 de
1766 3815 2121 3874 infestatione

504 3914 842 3972 paganorum
873 3905 1276 3969 necessitatem,
1307 3903 1706 3976 notiﬁcansque
1733 3906 1970 3978 qualiter
1999 3909 2119 3978 ipse

504 4005 669 4062 agere
699 3991 902 4046 soleret
945 3992 998 4045 in
1051 3993 1249 4048 talibus
1287 3995 1884 4050 excommunicatorum
1918 3999 2116 4065 causis,

503 4090 557 4136 et
575 4082 704 4153 quia
734 4083 868 4137 illud
888 4084 1179 4138 anathema
1205 4099 1315 4139 non
1340 4085 1502 4139 duret
1523 4084 1778 4155 amplius,
1813 4087 1916 4140 nisi
1945 4104 2118 4158 quan-

503 4174 596 4228 diu
625 4176 790 4230 homo
821 4175 876 4229 in
908 4183 1131 4245 peccato
1182 4184 1499 4246 perseverat
1527 4193 1540 4242 ;
1583 4175 1738 4244 item,
1778 4194 1877 4248 pro
1909 4179 2119 4249 nepoti-

503 4265 608 4319 bus
635 4264 829 4335 ipsius,
862 4265 956 4335 qui
993 4266 1140 4336 apud
1178 4267 1436 4321 eumdem
1468 4267 1733 4322 domnum
1767 4268 2115 4324 Hincmarum

504 4361 696 4415 nutriti
725 4360 964 4426 fuerant,
994 4369 1049 4416 et
1083 4361 1188 4414 alia
1214 4362 1487 4432 quaedam.
1522 4362 1798 4437 Hungario
1831 4363 2114 4434 episcopo,

504 4471 603 4527 pro
637 4455 1204 4511 excommunicatione
1233 4457 1485 4511 Balduini
1523 4458 1617 4528 qui
1654 4457 1842 4512 Judith
1891 4459 2110 4514 viduam

504 4547 650 4622 regis
699 4546 866 4603 ﬁliam
898 4547 1002 4602 sibi
1051 4547 1260 4602 furatus
1298 4547 1474 4602 fuerat
1514 4549 1569 4602 in
1602 4563 1854 4614 uxorem,
1887 4549 2038 4604 unde
2067 4561 2122 4609 et

504 4644 572 4698 ab
600 4643 874 4714 epiSCOpis
901 4642 1067 4710 hujus
1095 4643 1249 4714 regni
1278 4641 1457 4696 fuerat
1482 4643 2011 4698 excommunicatus.

576 4733 830 4788 Hortatur
883 4740 1066 4788 autem
1116 4733 1372 4787 eumdem
1427 4733 1786 4806 Hungarium,
1831 4742 1891 4789 ut
1939 4735 2125 4791 admo-

505 4835 631 4882 neat
665 4827 917 4884 Roricum
958 4827 1356 4894 Normannum,
1395 4844 1576 4898 nuper
1614 4827 1682 4881 ad
1724 4826 1888 4882 ﬁdem
1931 4827 2125 4888 Chrisli

505 4941 857 4993 conversum,
891 4941 959 4978 ne
1005 4925 1232 4995 recipiat
1262 4923 1519 4979 eumdem
1558 4923 1908 4992 Balduinum,
1941 4943 2126 4998 neque

508 5021 825 5095 przesidium
853 5021 988 5078 ferat
1020 5040 1033 5076 :
1074 5023 1171 5078 sed
1203 5030 1258 5077 et
1289 5022 1436 5093 quod
1467 5029 1690 5077 centum
1727 5022 1782 5094 [ἱ.
1819 5022 1865 5076 si
1897 5023 2124 5094 caeteri].

508 5112 828 5168 Nortmanni
859 5128 958 5184 per
978 5113 1097 5181 ejus
1117 5111 1432 5180 consilium,
1456 5120 1516 5167 ut
1537 5111 1806 5180 audierat,
1837 5121 1960 5184 post
1987 5128 2125 5168 con-

508 5204 820 5260 versionem
851 5204 1024 5274 ipsius
1071 5205 1216 5260 istud
1250 5219 1482 5277 regnum
1522 5203 1823 5274 depraedati
1872 5203 2126 5270 fuissent,

510 5302 613 5357 hoc
641 5299 807 5373 digna
863 5300 1190 5370 pcenitentia
1223 5299 1520 5354 emendare
1574 5299 1838 5353 studeret.
1882 5297 2130 5352 Fulcrico

507 5395 830 5451 Trecassino
893 5395 1174 5466 episcOpo,
1235 5393 1490 5449 Ecclesia
1540 5391 1830 5446 Remensis
1885 5390 2129 5456 alumno,

511 5486 714 5560 gratias
743 5485 991 5540 referens
1047 5500 1147 5556 pro
1191 5484 1441 5554 epistolis
1471 5480 1799 5554 quibusdam
1843 5478 2131 5554 Augustini

515 5580 585 5633 ab
613 5593 680 5633 eo
709 5579 814 5634 sibi
841 5579 1043 5645 missis,
1091 5584 1147 5632 et
1174 5577 1245 5631 de
1274 5577 1413 5632 libro
1444 5575 1680 5646 Didymi,
1723 5589 1887 5643 quem
1923 5571 2130 5626 Fulcri-

2140 4411 2197 4479 D

2212 461 2414 526 censis,
2462 459 2765 514 admonens
2814 473 2963 522 eum,
2997 472 3066 510 ne
3118 462 3311 512 contra
3361 461 3601 509 matrem
3656 471 3809 520 suam,

2214 552 2507 609 Ecclesiam
2567 548 2775 604 scilicet
2827 548 3176 612 Remensem,
3211 554 3266 600 et
3318 552 3620 616 patronum
3675 562 3808 600 suum

2211 649 2458 699 sanctum
2493 638 2801 712 Remigium
2846 637 3056 709 aliquid
3112 653 3370 708 perverse
3407 651 3584 710 agere
3631 652 3813 706 praesu-

2211 738 2405 786 meret.
2440 728 2615 782 Odoni
2661 725 2997 792 Belvacensi,
3047 740 3209 796 quem
3239 724 3410 778 ﬁlium
3444 723 3808 778 charissimum

2211 839 2358 894 saepe
2388 828 2565 885 vocat,
2611 820 2787 873 multa
2818 817 3055 872 ﬁdenter
3117 816 3257 888 [ms.,
3290 815 3554 886 ﬁdeliter]
3598 815 3809 885 scripsit.

2212 915 2316 970 Pro
2344 910 2575 982 epistola
2605 908 2879 978 siquidem
2918 905 3141 959 Adriani
3191 921 3368 976 papae,
3400 921 3575 975 quam
3607 903 3706 957 sibi
3734 903 3814 956 mi~

2212 1008 2359 1056 serat
2402 1013 2569 1069 super
2625 995 2998 1066 appellatione
3062 993 3350 1062 cujusdam
3405 991 3718 1064 presbyteri
3757 1006 3813 1045 ex

2213 1087 2566 1142 Ambianensi
2610 1085 2890 1155 parochia,
2923 1089 2981 1136 ut
3012 1089 3252 1136 assumat
3281 1081 3426 1136 idem
3460 1080 3581 1135 Odo
3611 1095 3707 1150 pro
3732 1079 3816 1132 hac

2212 1182 2480 1248 laborem,
2512 1189 2787 1252 quatenus
2820 1177 3168 1232 Hilmeradus
3197 1176 3498 1246 episcopus
3547 1190 3698 1245 papae
3720 1173 3815 1240 jus-

2213 1276 2288 1329 sis
2312 1275 2552 1342 ol)ediat,
2584 1280 2639 1327 et
2670 1272 2904 1342 qualiter
2933 1271 3157 1340 scripta,
3189 1268 3476 1339 presbyter
3497 1267 3647 1320 idem
3669 1265 3815 1320 Roma

2214 1368 2506 1433 detulerat,
2537 1365 2838 1436 prudenter
2869 1369 3098 1416 tractare
3128 1361 3354 1425 debeat;
3388 1361 3548 1425 item,
3581 1374 3678 1429 pro
3705 1357 3812 1428 qui-

2214 1457 2443 1510 busdam
2475 1455 2620 1524 regis
2650 1453 2966 1509 hominibus
3005 1451 3150 1506 inter
3179 1467 3238 1504 se
3278 1447 3743 1507 discordantibus,
3769 1453 3816 1498 ut

2214 1555 2564 1603 commoneat
2590 1562 2685 1601 eos
2727 1546 2797 1598 ad
2835 1561 3028 1614 pacem
3061 1543 3273 1608 venire,
3305 1542 3631 1612 indicetque
3677 1538 3811 1609 ipsis,

2218 1639 2365 1710 quod
2398 1639 2501 1692 nisi
2537 1641 2639 1692 hoc
2679 1635 2917 1708 egerint,
2953 1636 3022 1688 ab
3053 1635 3248 1690 eodem
3285 1635 3495 1689 domno
3549 1633 3815 1686 Hincmaro

2219 1729 2736 1786 excommunicandi
2795 1728 2938 1793 sint;
3004 1728 3156 1792 item,
3211 1742 3308 1796 pro
3374 1725 3614 1796 synodo,
3669 1737 3809 1793 quam

2217 1840 2311 1877 rex
2344 1828 2682 1894 przeceperat
2709 1819 3023 1874 habendam
3055 1834 3163 1873 non
3197 1818 3250 1871 in
3289 1825 3544 1888 tempore
3572 1829 3813 1888 congruo,

2219 1922 2415 1986 petens
2461 1914 2752 1968 consilium
2795 1913 2926 1982 quid
2982 1911 3109 1965 inde
3149 1927 3314 1983 agere
3365 1910 3588 1974 debeat,
3639 1921 3813 1980 rogans

2219 2007 2382 2060 etiam
2421 2005 2525 2059 sibi
2565 2003 2874 2059 remandari
2921 2003 3054 2073 quid
3099 2018 3190 2056 rex
3227 1999 3577 2070 responderit
3619 1997 3686 2051 de
3726 1995 3813 2048 illis

2219 2098 2536 2153 hominibus
2566 2112 2705 2168 quos
2745 2112 2804 2150 se
2842 2093 3441 2149 excommunicaturum
3483 2088 3811 2164 signiﬁcave-

2221 2196 2322 2255 rat,
2358 2198 2412 2243 et
2459 2190 2529 2243 de
2585 2189 2706 2241 aliis
2767 2186 3097 2241 necessariis
3153 2186 3348 2240 causis.
3382 2185 3460 2238 De
3509 2179 3810 2254 quibusdam

2222 2294 2445 2349 quoque
2474 2278 2710 2348 scriptis,
2745 2285 2799 2331 et
2837 2277 3146 2331 Grarcorum
3188 2273 3610 2345 quaestionibus,
3641 2277 3691 2323 et
3723 2269 3807 2321 ho-

2221 2368 2390 2421 miliis
2413 2368 2557 2422 beati
2591 2367 2735 2420 Petri
2763 2365 3088 2435 caeterisque
3120 2362 3314 2428 rebus;
3345 2362 3479 2416 item
3511 2361 3578 2414 de
3607 2370 3811 2426 respon-

2220 2455 2468 2510 sionibus
2497 2454 2565 2508 ad
2596 2454 2812 2522 objecta
2843 2452 3173 2516 GFEBCOI‘UH),
3199 2466 3336 2520 quas
3367 2450 3517 2503 idem
3543 2447 3652 2502 Odo
3679 2442 3816 2499 colli-

3923 591 3930 595 ’
3940 587 3970 621 id

3968 685 3970 692 .

3925 753 3935 764 ν.

3925 768 3970 782 r51

3939 785 3964 794 1:"

3925 1039 3970 1076 at

3925 1219 3970 1259 ill

3889 1235 3896 1320 Ι
3925 1249 3956 1259 ι..

3888 1321 3895 1368 δ
3929 1314 3961 1348 5F:

3922 1521 3924 1524 ν
3944 1519 3949 1528 ι

3922 1587 3924 1590 .
3945 1578 3966 1592 ἀλ

3887 1511 3894 1642 Ι
3922 1595 3970 1618 ,’,i,L

3920 1854 3970 1889 νιιὲ

3887 1942 3970 1970 ’Ὓῖτ

3889 2019 3893 2080 μ
3925 2035 3970 2058 ,εἴτε

3921 2061 3970 2071 M‘,

3921 2061 3970 2071 καί(

3885 2101 3892 2238 |
3916 2147 3918 2149 .
3927 2123 3967 2149 ‘4‘,"

3920 2216 3961 2238 ’f‘u

3920 2216 3970 2242 ὟἈέ

3921 2237 3970 2254 λς-έει

3879 2275 3886 2310 ί
3917 2308 3970 2346 ῗςῗέὲ

2220 2562 2356 2620 gens
2385 2545 2769 2616 descripserat.
2807 2550 2862 2597 et
2901 2543 3106 2598 domno
3139 2541 3431 2595 Hincmaro
3463 2537 3694 2593 miserat.
3724 2533 3816 2588 Un-
3871 2579 3875 2589 .

2221 2736 2437 2800 potatos
2476 2729 2707 2794 invenit,
2750 2736 2804 2782 et
2834 2728 2966 2799 quid
3012 2727 3079 2781 de
3127 2726 3212 2779 his
3243 2725 3344 2778 sibi
3394 2725 3643 2778 videatur
3669 2715 3814 2771 simul

2219 2820 2617 2875 conferendum
2646 2834 2768 2873 esse
2791 2817 3086 2892 signiﬁcat,
3115 2817 3212 2871 sed
3235 2822 3290 2869 et
3311 2817 3461 2886 apud
3483 2828 3661 2888 regem
3684 2823 3814 2862 sem—
3875 2817 3882 2892 ἰ

2219 2923 2316 2978 per
2345 2924 2469 2962 eum
2502 2917 2820 2962 excusatum
2844 2905 2966 2961 fieri
2997 2913 3170 2978 rogat,
3200 2906 3293 2977 qui
3325 2913 3461 2961 tunc
3487 2905 3539 2958 in
3571 2901 3685 2970 ejus
3709 2912 3810 2952 ser-

2217 3001 2430 3065 vitium,
2483 2998 2717 3054 diversis
2756 2997 3167 3052 inﬁrmitatibus
3204 2999 3488 3062 detentus,
3544 2993 3687 3046 abire
3717 3001 3805 3042 non

2206 3179 2320 3247 jam
2351 3183 2727 3246 mandaverat,
2763 3189 2822 3235 ut
2853 3197 2948 3235 eos
2996 3181 3060 3234 ad
3105 3196 3293 3250 pacem
3345 3181 3532 3236 redire
3563 3178 3806 3234 moneret,

2212 3275 2444 3328 laudans
2464 3290 2587 3328 eum
2622 3273 2766 3344 quod
2790 3272 2858 3326 de
2882 3273 2966 3327 his
2995 3288 3117 3343 quae
3143 3272 3199 3325 in
3220 3272 3421 3326 litteris
3448 3271 3561 3326 suis
3590 3267 3635 3321 ei
3657 3261 3805 3337 signi-

2213 3365 2490 3432 ﬁcaverat,
2529 3373 2590 3420 ut
2624 3366 2793 3419 Deum
2845 3372 2897 3418 et
2933 3364 3155 3419 fratrem
3203 3364 3470 3438 diligens,
3503 3359 3732 3416 studiose
3759 3368 3809 3406 ac

2215 3455 2606 3525 episcopaliter
2638 3454 2836 3527 egerit,
2870 3465 2926 3507 et
2947 3463 3005 3508 ut
3025 3469 3211 3527 regem
3235 3456 3602 3511 commoneat,
3630 3452 3681 3500 et
3699 3440 3808 3496 inde

2216 3541 2580 3596 ministerium
2605 3558 2762 3595 suum
2795 3541 2975 3595 facere
3000 3549 3176 3615 r0gat,
3201 3540 3305 3594 sibi
3339 3553 3563 3610 quoque
3587 3528 3808 3589 rescribi.

2216 3631 2283 3683 de
2312 3631 2664 3702 quibusdam,
2717 3647 2838 3702 quae
2871 3631 3018 3685 inter
3047 3645 3105 3684 se
3133 3639 3186 3684 et
3226 3646 3416 3703 regem
3452 3624 3804 3684 versabantur.

2217 3724 2471 3790 Quaedam
2503 3725 2664 3779 etiam
2689 3724 2971 3790 intimans,
3005 3740 3127 3794 qum
3149 3732 3359 3779 secreto
3390 3721 3589 3779 Joanni
3619 3713 3807 3785 episco-

2223 3828 2294 3883 po
2325 3811 2632 3868 notiﬁcaret
2673 3811 2743 3866 de
2771 3813 2984 3882 synodo
3013 3820 3162 3879 tunc,
3203 3818 3262 3865 ut
3291 3827 3386 3866 rex
3431 3811 3681 3880 jusserat,
3713 3812 3804 3853 non

2220 3905 2456 3979 agenda,
2479 3911 2534 3958 et
2551 3920 2719 3975 quare
2741 3913 2872 3959 tunc
2902 3906 3194 3962 convocari
3215 3921 3324 3961 non
3343 3905 3595 3963 deberet,
3614 3892 3801 3949 addens
3875 3933 3879 3948 .

2219 3994 2288 4048 de
2320 3993 2648 4064 quibusdam
2682 4009 2902 4066 quoque
2940 3995 3179 4064 scriptis,
3223 4010 3344 4064 quae
3375 3993 3455 4047 illi
3496 3980 3798 4043 remittebat,

2219 4087 2302 4140 vel
2337 4103 2459 4157 quae
2509 4086 2613 4141 sibi
2659 4087 2798 4142 mitti
2837 4087 3142 4157 poscebat;
3205 4086 3332 4140 item
3366 4085 3437 4139 de
3483 4072 3800 4137 ordinatione

2218 4177 2544 4246 Willeberti,
2576 4180 2662 4234 cui
2688 4195 2780 4233 rex
2813 4177 3149 4248 episcopium
3194 4174 3628 4229 Cathalaunense
3654 4159 3802 4253 dede.

2219 4279 2319 4336 rat,
2352 4286 2421 4324 ne
2458 4269 2514 4322 in
2545 4268 2719 4338 ipsius
2749 4267 3101 4323 ordinatione
3132 4265 3201 4319 ab
3231 4265 3430 4320 ordine
3454 4259 3636 4317 debito
3659 4245 3802 4306 decli-

2217 4370 2392 4427 naret,
2453 4361 2712 4416 intimans
2739 4359 2885 4432 quod
2932 4357 3382 4414 irrationabiliter
3429 4350 3799 4411 Cathalaunen-
3875 4367 3878 4372 ·

2225 4467 2333 4517 ses,
2367 4460 2488 4523 post
2509 4452 2721 4508 obitum
2753 4452 2836 4506 sui
2860 4451 3126 4522 episcOpi,
3145 4449 3212 4504 de
3234 4464 3331 4504 sua
3359 4449 3477 4519 ipsa
3507 4433 3803 4523 necessitate

2223 4522 2470 4608 fecerint,
2495 4550 2549 4595 et
2579 4540 2728 4612 quod
2751 4541 2820 4594 ad
2847 4555 3032 4612 regem
3058 4539 3266 4593 litteras
3294 4554 3420 4591 suas
3442 4547 3541 4606 pro
3561 4522 3804 4583 electione

2225 4635 2433 4704 praefati
2480 4634 2785 4689 Willeberti
2841 4633 3112 4698 miserint,
3164 4632 3446 4687 decretum
3504 4636 3627 4681 vero
3666 4623 3802 4704 suum

2225 4699 2293 4784 ad
2320 4728 2822 4798 archiepiscOpum,
2851 4725 2992 4779 sicut
3019 4725 3240 4778 mittere
3267 4722 3590 4780 debuerant,
3621 4716 3675 4763 ut
3695 4699 3806 4799 inde

2227 4835 2347 4891 quae
2388 4819 2602 4892 agenda
2636 4822 2822 4871 essent
2861 4813 3126 4868 canonice
3170 4821 3380 4886 ageret,
3414 4823 3521 4864 non
3560 4793 3804 4892 miserm;

2227 4873 2518 4962 insinuans
2549 4904 2782 4976 qualiter
2811 4903 2942 4956 inde
2985 4902 3086 4956 rite
3119 4901 3300 4956 facere
3330 4894 3679 4954 debuissent;
3709 4873 3804 4976 ‘Sed

2228 4996 2360 5068 quia
2418 5010 2530 5050 non
2567 4968 2836 5058 fecerant,
2885 4990 3018 5062 quid
3054 4990 3253 5044 exinde
3307 4987 3516 5044 cautius
3561 4968 3804 5068 agentia“?

2229 5057 2332 5140 sibi
2374 5083 2644 5148 videatur,
2697 5057 2966 5147 edisScrit,
3000 5089 3055 5135 et
3091 5080 3394 5151 prudenter
3447 5057 3806 5151 attendendtmt

2230 5173 2476 5240 mandat,
2511 5180 2569 5226 ut
2600 5143 2868 5245 regularis
2898 5143 3105 5224 electio.
3147 5167 3262 5236 ﬁat,
3297 5175 3350 5221 et
3379 5168 3662 5236 postremo,
3690 5143 3811 5245 siet":

2233 5271 2408 5343 ipsius
2453 5268 2759 5342 prudentiae
2820 5264 3018 5318 melius
3057 5263 3190 5318 inde
3227 5263 3520 5321 videretur,
3578 5251 3708 5343 hanc

2233 5364 2557 5434 disponeret
2586 5379 2602 5428 ;
2652 5360 2804 5424 item,
2833 5365 2900 5412 de
2931 5373 3099 5412 causa
3131 5355 3400 5428 parochiae
3443 5347 3604 5421 ipsius
3631 5333 3812 5425 Οάοηξδ
3861 5333 3872 5384 ί

2234 5433 2356 5527 (μιεὲ
2388 5455 2531 5511 inter
2581 5453 2759 5523 ipsum
2793 5459 2847 5504 et
2877 5449 3186 5504 Rotbadum
3243 5443 3676 5503 Suessionen8<‘In

2235 5519 2464 5613 scopum
2507 5519 2893 5609 ventilabatur,
2942 5540 3222 5612 simulque
3269 5540 3338 5595 de
3365 5533 3684 5609 presbytero,
3727 5519 3807 5578 (ιω

581 5675 693 5742 (14)
734 5675 822 5730 Hae
847 5676 1096 5745 epistolae
1125 5673 1300 5727 Nicol.
1337 5676 1354 5727 l
1395 5682 1450 5731 et
1479 5671 1701 5728 Adriani
1730 5670 1798 5723 ad
1846 5670 2200 5724 llincmarum
2236 5683 2347 5722 non
2375 5672 2606 5722 exstant.
2647 5674 2650 5677 '

3869 2757 3881 2810 ζ
3917 2761 3970 2821 ἓξὶ⁹ἷ

3924 2958 3944 2965 ,.

3917 2967 3930 2979 ι,

3949 2979 3961 2986 ι.

3879 3025 3885 3088 l

3875 3165 3886 3266 Ι

3912 3219 3970 3262 Eam

3910 3585 3970 3625 is:

3873 3605 3883 3714 [
3910 3664 3948 3693 si“
3963 3662 3970 3694 Ε

3922 3755 3970 3782 ἰ’γΓέ

3937 3765 3970 3773 η..

3873 3765 3880 3836 Ι
3915 3773 3970 3802 xiii!
