3970 6218
116 350 223 405 225

762 345 1084 401 HISTORUE
1124 344 1453 400 ECCLESIAE
1495 344 1817 399 REMENSIS
1858 344 2034 398 LIBRI
2072 342 2380 407 QUATUOR

2444 376 2490 383 --—
2533 342 2656 396 LIB.
2702 344 2791 397 Ill.
3331 345 3437 399 226

116 482 406 553 epistolam
439 496 595 552 papae
617 480 789 535 Roma
815 480 1108 543 detulerat,
1146 488 1403 551 utregem
1436 477 1729 533 admoneat
1753 482 1805 547 Α
1830 475 2127 546 quisitione
2146 474 2213 528 ab
2245 474 2362 544 ipso
2384 473 2571 528 Odone
2607 480 2661 527 et
2691 472 2914 543 praefato
2970 470 3275 525 Hedenulfo
3326 481 3433 526 tra-

116 569 443 625 modificans
464 568 585 635 ejus
614 568 879 631 animum,
915 583 984 621 ne
1004 574 1192 620 contra
1215 566 1505 619 Dominum
1519 563 1728 635 aliquid

120 657 281 712 faciat
307 659 363 712 in
398 660 635 714 Ecclesia
667 660 779 724 Dei,
807 658 893 712 vel
926 657 1227 727 episc0pali
1261 657 1456 710 ordine
1490 672 1600 709 non
1636 669 1732 725 pro

123 752 412 807 Hincmaro
443 760 645 822 nepote
671 767 772 806 suo
793 766 851 805 se
879 759 1089 805 tantum
1135 751 1186 803 id
1223 750 1410 803 dicere
1457 764 1733 813 asserens,

119 853 384 915 quantum
418 859 518 915 pro
543 844 664 914 ipso
681 843 903 898 seniore
952 857 1050 896 suo
1091 857 1242 915 rege,
1276 857 1343 894 ne
1402 841 1518 911 ipse
1551 840 1733 894 taliter

122 942 397 1003 peccaret,
430 934 579 988 unde
609 933 939 989 zeternaliter
988 932 1239 1001 periret;
1282 932 1434 997 item,
1495 932 1563 984 de
1608 946 1733 984 cor-

122 1026 369 1080 rectione
406 1025 652 1095 epistola:
681 1041 808 1087 suae,
846 1040 1009 1095 quam
1041 1023 1117 1076 illi
1148 1023 1361 1093 pridem
1386 1023 1631 1088 miserat,
1662 1022 1730 1076 ab

123 1119 381 1189 imperito
410 1118 681 1188 scriptore
720 1128 1053 1188 corruptam,
1076 1124 1131 1172 et
1161 1117 1230 1171 de
1260 1118 1345 1171 his
1359 1134 1480 1187 qum
1511 1116 1734 1185 objicie-

126 1208 327 1261 bantur
363 1207 653 1262 Hincmaro
694 1205 1116 1261 scandalizatori
1161 1220 1261 1260 suo
1286 1246 1300 1269 ,
1336 1206 1487 1271 item,
1547 1204 1615 1257 de
1647 1204 1736 1257 lit-

124 1296 278 1359 teris,
310 1310 448 1366 quas
480 1310 577 1365 pro
614 1295 808 1349 eodem
858 1295 1147 1349 Hincmaro
1206 1293 1321 1367 regi
1352 1292 1624 1352 mittebat,
1678 1298 1738 1346 ut

126 1383 249 1454 ipse
276 1383 391 1438 Odo
424 1399 517 1437 eas
546 1384 623 1436 illi
656 1383 979 1457 porrigeret,
1022 1389 1076 1436 et
1102 1381 1345 1452 qualiter
1382 1395 1475 1434 eas
1507 1393 1736 1448 recepe-

130 1476 219 1537 rit,
262 1476 347 1527 vel
378 1474 464 1528 his
495 1475 774 1540 annuerit,
808 1475 903 1528 sed
961 1483 1016 1529 et
1064 1474 1133 1527 de
1175 1474 1297 1527 aliis
1344 1472 1449 1526 sibi
1496 1470 1739 1525 sciendis

131 1566 268 1637 petit
297 1566 494 1620 litteris
521 1566 625 1619 sibi
660 1566 967 1620 remandari
999 1584 1012 1629 ;
1038 1566 1164 1619 item
1198 1565 1266 1618 de
1322 1580 1486 1619 causa
1510 1563 1735 1633 Erpuini

129 1654 400 1723 epiSCOpi,
441 1654 537 1724 qui
566 1654 635 1707 ad
697 1654 1007 1708 condictam
1052 1653 1323 1723 synodum
1377 1651 1567 1706 venire
1618 1651 1737 1705 hon

130 1742 370 1806 valebat,
402 1751 462 1795 ut
486 1758 707 1796 causam
740 1742 913 1812 ipsius
936 1742 1049 1796 Odo
1094 1741 1238 1795 inter
1292 1740 1412 1808 ejus
1441 1754 1735 1810 personam

130 1841 185 1886 et
212 1842 560 1888 accusatores
590 1834 709 1900 ejus
729 1834 956 1904 exsequi
986 1833 1257 1898 studeret,
1310 1839 1363 1886 et
1411 1832 1456 1886 si
1488 1832 1555 1885 ad
1588 1830 1735 1884 inte-
1768 1797 1817 1864 Β

131 1939 287 1995 grum
308 1923 363 1975 id
385 1938 549 1996 agere
594 1939 706 1977 non
762 1931 965 1993 posset,
1013 1923 1271 1977 eumdem
1327 1922 1628 1992 Erpuinum
1684 1926 1740 1974 et

132 2022 481 2068 accusatores
519 2013 638 2081 ejus
668 2014 734 2068 ad
774 2014 1044 2084 synodum
1076 2014 1222 2084 apud
1256 2012 1430 2068 Pistas
1468 2012 1739 2086 agendam

130 2104 287 2158 abire
313 2113 705 2159 commoneat:
756 2105 904 2167 item,
967 2105 1037 2159 de
1068 2105 1266 2160 litteris
1294 2105 1400 2158 sibi
1456 2105 1523 2158 ab
1552 2104 1739 2159 Odone

133 2197 339 2263 missis,
382 2197 436 2250 in
487 2196 690 2268 quibus
753 2205 1099 2267 compererat
1129 2197 1416 2269 insurgere
1473 2196 1739 2267 quosdam

134 2288 433 2343 monachos
461 2295 653 2343 contra
681 2304 889 2343 sacram
920 2288 1327 2353 auctoritatem,
1379 2294 1433 2341 et
1463 2286 1533 2341 de
1565 2286 1740 2356 privi-

130 2376 290 2449 legiis
317 2376 667 2431 Corbeiensis
686 2376 1008 2432 monasterii
1047 2394 1060 2442 ;
1117 2376 1245 2430 item
1278 2390 1378 2445 pro
1407 2374 1605 2429 itinere
1642 2388 1743 2428 suo

134 2468 199 2522 ad
234 2483 421 2541 regem
455 2485 469 2533 ;
526 2468 654 2522 item
712 2468 912 2542 gratias
958 2467 1205 2521 referens
1233 2468 1367 2533 Deo,
1397 2482 1496 2537 pro
1524 2464 1744 2521 satisfa-

135 2556 337 2611 ctionis
396 2563 450 2610 et
497 2556 860 2611 correctionis
900 2555 1217 2619 dulcedine,
1264 2570 1371 2625 qua
1426 2553 1480 2608 in
1551 2554 1744 2608 litteris

134 2648 307 2717 ipsius
338 2647 543 2703 Odonis
561 2649 788 2702 multam
820 2647 1215 2719 recognitionis
1244 2647 1363 2714 ejus
1385 2646 1455 2701 de
1479 2646 1564 2700 his
1596 2646 1744 2699 unde

135 2742 489 2814 redarguerat
519 2756 643 2795 eum
698 2739 906 2809 reperit
958 2738 1397 2812 benignitatem;
1457 2738 1586 2792 item
1644 2752 1745 2807 pro

134 2832 407 2887 electione
436 2832 763 2886 Suessorum
796 2830 1041 2900 epis00pi
1076 2837 1201 2900 post
1227 2830 1443 2885 obitum
1473 2830 1743 2896 Rothadi;

134 2926 288 2987 item,
321 2940 423 2994 pro
449 2930 725 2979 conventu
768 2922 1019 2993 synodali
1068 2937 1234 2992 super
1282 2922 1645 2992 responsione
1676 2922 1746 2977 ad

127 3014 419 3085 epistolam
452 3012 671 3066 Adriani
705 3028 893 3082 papae;
947 3011 1098 3077 item,
1160 3025 1258 3081 pro
1318 3011 1512 3065 litteris
1578 3011 1743 3085 regis,

129 3107 336 3179 quibus
350 3114 684 3177 praeceperat
702 3107 995 3178 episcopos
1013 3106 1169 3178 regni
1193 3121 1223 3159 a
1236 3104 1439 3159 domno
1454 3104 1745 3158 Hincmaro

130 3198 445 3263 convocari,
468 3204 529 3253 ut
570 3198 930 3268 prohiberent
984 3196 1159 3251 filium
1212 3194 1387 3265 ipsius
1434 3194 1581 3267 regis
1614 3193 1747 3247 Kar—
1773 3160 1823 3229 Ο

132 3290 455 3345 lomannum
486 3304 518 3341 a
544 3287 974 3357 prmsumptione
1013 3300 1253 3350 cessare,
1299 3299 1462 3353 quam
1495 3283 1750 3337 crimina-

136 3380 303 3433 batur
321 3385 513 3433 contra
540 3384 748 3447 patrem
789 3390 1095 3439 exercere;
1150 3374 1303 3439 item,
1362 3386 1461 3441 pro
1518 3369 1747 3425 ordina-

138 3470 290 3522 tione
338 3466 589 3540 Ansegisi
674 3464 960 3519 Rcmensis
1005 3463 1316 3518 dimceseos
1374 3459 1632 3514 monachi
1694 3458 1750 3511 in

137 3561 463 3630 episc0patu
497 3557 771 3612 Senonico
805 3574 819 3622 ;
854 3556 1005 3619 item,
1036 3569 1143 3625 pro
1190 3552 1376 3606 libello
1407 3548 1652 3604 historiae
1683 3548 1751 3601 de

138 3656 265 3704 ortu
297 3648 352 3701 S.
388 3646 586 3710 Maria,
629 3652 684 3699 et
716 3644 939 3699 homilia
972 3644 1028 3697 Β.
1062 3639 1375 3711 Hieronymi
1427 3639 1497 3691 de
1528 3638 1753 3691 Assum-

140 3737 332 3807 ptione
362 3735 536 3805 ipsius
565 3735 661 3788 Dei
689 3734 998 3799 Genitricis,
1030 3746 1152 3803 quae
1191 3730 1416 3801 quidam
1448 3726 1754 3782 monachus

136 3824 491 3880 Corbeiensis
517 3823 836 3879 monasterii
858 3838 969 3879 non
1023 3836 1148 3876 esse
1186 3815 1565 3887 recipiendam
1616 3829 1753 3870 con-

136 3918 429 3974 tendebaL

208 4008 290 4061 Ad
321 4022 444 4078 quae
473 4004 773 4076 respondet
800 4003 945 4058 idem
974 4000 1575 4072 domnusliincmarus,
1610 4010 1752 4066 prae-

134 4094 306 4151 fatam
362 4094 643 4149 historiam
698 4109 800 4149 nos
848 4092 1054 4147 habere
1093 4090 1162 4144 ad
1191 4088 1508 4153 lectionem,
1546 4098 1658 4138 non
1681 4082 1751 4138 ad

134 4186 534 4260 proferendum
566 4186 945 4242 auctoritatem
978 4201 993 4237 :
1030 4181 1309 4237 homiliam
1337 4194 1467 4233 vero
1498 4176 1750 4232 eamdem

138 4304 170 4340 a
200 4291 397 4340 sancto
425 4283 755 4349 Hieronymo
784 4274 982 4330 asserit
1001 4269 1274 4327 catholice
1304 4268 1582 4331 dictatam,
1614 4264 1756 4320 sicut

141 4387 198 4434 et
230 4378 426 4448 stylus,
458 4383 512 4431 et
539 4372 752 4429 cautela
810 4383 1029 4431 sensus,
1092 4372 1147 4420 et
1194 4361 1530 4426 intellectus,
1570 4366 1624 4414 et
1649 4358 1755 4413 alia

140 4474 295 4522 certa
337 4463 543 4518 indicia
567 4465 893 4523 monstrant,
919 4464 973 4511 et
998 4460 1159 4509 certae
1187 4466 1462 4523 personae,
1496 4464 1594 4519 per
1618 4462 1756 4518 quas

1833 567 1964 621 ctari
2011 565 2208 634 judicii
2274 565 2548 619 Auriniaci
2609 564 2976 628 monasterii,
3018 578 3115 633 pro
3166 562 3436 636 regimine

1836 660 2075 714 Ricoarze
2106 657 2414 721 abbatissae,
2442 672 2563 726 quae
2594 663 2783 710 contra
2822 655 2973 726 leges
3008 654 3153 707 idem
3206 669 3437 722 usurpa—

1835 759 1984 806 verat
2004 750 2416 815 monasterium,
2448 755 2743 818 monetque
2795 754 2854 801 ut
2901 751 3155 820 suggerat
3198 745 3335 819 regi,
3368 762 3437 800 ne

1836 850 2020 917 ageret
2069 843 2196 897 inde
2229 842 2463 913 qualiter
2517 840 2715 894 alienis
2771 838 3010 909 peccatis
3041 836 3433 907 implicaretur.

1836 932 1984 984 Idem
2016 932 2086 985 de
2106 931 2304 986 itinere
2321 945 2420 985 suo
2452 944 2562 984 non
2583 928 2649 981 ad
2695 942 2882 999 regem
2909 932 3256 980 terrenorum
3299 943 3439 995 prae-

1832 1019 2088 1085 sentiam,
2118 1020 2213 1073 sed
2265 1019 2332 1072 ad
2383 1018 2528 1088 regis
2586 1015 2774 1070 aeterni
2827 1013 3119 1081 judicium,
3159 1014 3227 1067 ad
3288 1013 3434 1083 quod

1832 1106 1944 1174 jam
1965 1124 2026 1162 se
2057 1108 2321 1162 festinare
2361 1122 2458 1176 per
2487 1104 2779 1159 continuas
2803 1101 3437 1173 indicatmgrotationes;

1840 1196 1991 1261 item,
2024 1211 2120 1265 pro
2140 1194 2490 1251 ordinatione
2509 1192 2796 1256 Hetilonis,
2845 1204 3007 1259 quem
3037 1188 3194 1257 plebs
3239 1188 3441 1243 Novio-

1838 1284 2116 1355 magensis
2146 1284 2467 1353 episcOpum
2488 1280 2594 1335 sibi
2624 1279 2865 1352 elegerat
2884 1276 3275 1341 ordinandum,
3308 1276 3441 1329 alia-

1838 1391 1945 1444 que
1976 1376 2243 1432 nonnulla
2260 1374 2443 1429 eidem
2471 1388 2616 1443 saepe
2633 1370 2900 1425 direxisse
2932 1368 3203 1438 reperitur
3220 1367 3442 1437 scripta.

1840 1466 2151 1539 Hildegario
2212 1465 2477 1519 Meldensi
2543 1463 2807 1534 episc0po
2846 1503 2859 1527 ,
2928 1475 3027 1530 pro
3096 1459 3445 1529 parochianis

1840 1554 2014 1625 ipsius
2044 1554 2399 1626 quibusdam,
2442 1551 2534 1622 qui
2584 1549 2881 1605 homicidia
2906 1548 2983 1618 .in
3024 1548 3280 1601 Hemensi
3310 1564 3442 1617 per-

1840 1653 2122 1715 petravere
2146 1644 2406 1715 parochia
2434 1642 2644 1707 scribit,
2660 1642 2957 1695 exhortans
3006 1646 3065 1693 ut
3095 1654 3192 1693 eos
3235 1640 3445 1692 salvare

1839 1749 2172 1804 quocunque
2234 1734 2412 1788 valeat
2475 1730 2708 1785 consilio
2772 1735 2826 1782 et
2880 1727 3082 1781 auxilio
3146 1734 3443 1795 procuret,

1842 1826 2151 1894 adjuturum
2220 1841 2281 1879 se
2340 1823 2623 1895 spondens
2666 1862 2680 1887 ,
2747 1828 2806 1873 ut
2879 1818 2946 1872 ad
3011 1833 3201 1887 pacem
3258 1818 3445 1871 venire

1840 1926 2061 1989 queanL

1910 2011 2351 2080 Scribitquoque
2383 2009 2447 2062 ad
2476 2005 2734 2061 eumdem
2776 2003 3067 2074 quemdam
3107 2002 3179 2055 De
3228 2001 3440 2069 judicio

1841 2120 1997 2174 aqua).
2024 2102 2234 2175 frigidae
2267 2100 2535 2153 libellum.
2579 2096 2785 2151 Joanni
2814 2093 3192 2149 Cameracensi
3234 2092 3441 2162 petenti

1842 2190 2319 2249 commendatitias
2340 2189 2455 2243 dari
2480 2187 2586 2241 sibi
2618 2186 2843 2240 Romam
2874 2181 3245 2253 proficiscenti
3299 2182 3448 2235 litte-

1844 2304 1949 2353 ras,
1984 2303 2050 2341 ex
2076 2282 2521 2340 nominedomini
2552 2280 2823 2334 Hincmari
2856 2277 3093 2331 Adriano
3126 2290 3283 2345 papa:
3313 2274 3450 2328 oﬂ‘e-

1845 2375 2065 2443 rendas,
2115 2372 2413 2435 rescribit;
2470 2368 2619 2440 quod
2659 2368 2704 2421 si
2744 2366 3059 2420 redditurus
3120 2364 3449 2433 obsequium

1845 2461 2064 2527 Caesari,
2099 2461 2325 2514 Romam
2368 2458 2502 2512 velit
2547 2458 2620 2509 ita
2657 2468 2909 2527 pergere,
2941 2459 3002 2506 ut
3031 2450 3301 2521 obsequio
3342 2452 3454 2504 Deo

1844 2555 2029 2610 debito
2078 2551 2306 2607 Caesaris
2353 2548 2689 2605 contrarium
2729 2560 2837 2599 non
2897 2551 3044 2597 esset
3091 2542 3451 2612 obsequium,

1845 2641 2140 2698 canonicas
2169 2639 2407 2693 libenter
2426 2637 2477 2691 ei
2530 2636 2739 2689 litteras
2768 2632 3077 2695 tribueret;
3129 2631 3215 2684 sin
3265 2638 3449 2683 autem

1848 2750 1945 2806 pro
1967 2749 2131 2788 causa
2151 2729 2388 2786 Lotharii
2414 2727 2582 2801 regis,
2619 2741 2741 2796 qua:
2797 2724 2940 2778 inter
2982 2738 3109 2777 eum
3163 2728 3217 2774 et
3274 2721 3450 2790 ipsius

1844 2841 2071 2881 uxorem
2090 2823 2184 2878 diu
2206 2821 2470 2876 ventilata
2497 2818 2692 2882 fuerat,
2727 2815 2989 2886 quoniam
3043 2811 3451 2867 commendati-

1846 2914 1952 2968 tias
1978 2913 2035 2967 in
2053 2914 2153 2967 hac
2178 2926 2235 2965 re
2264 2910 2394 2964 dare
2447 2907 2660 2961 litteras
2717 2918 2827 2958 non
2868 2900 3107 2968 valebat,
3148 2900 3456 2969 reprehen-

1846 3005 2040 3060 sibiles
2062 3004 2191 3057 dare
2213 3017 2324 3057 non
2347 2999 2569 3063 audeat,
2608 2996 2738 3067 quia
2764 3010 2866 3049 nec
2893 2993 3115 3058 debeat,
3150 2989 3455 3061 praesertim

1847 3111 1970 3149 cum
1998 3108 2174 3164 nuper
2202 3092 2441 3146 domnus
2472 3087 2743 3141 Adrianus
2772 3084 2988 3137 litteras
3042 3082 3093 3135 ei
3125 3096 3237 3134 suae
3263 3087 3458 3133 aucto-

1848 3186 2022 3241 ritatis
2048 3200 2148 3255 per
2175 3182 2467 3237 Actardum
2489 3179 2921 3232 Namnetensem
2958 3172 3282 3242 episcopum
3348 3171 3458 3224 mi-

1847 3277 1981 3331 serit
2006 3278 2255 3340 (ADRIA‘N.
2292 3272 2336 3324 ll
2366 3269 2582 3338 812.13),
2626 3267 2683 3319 in
2736 3263 2940 3334 quibus
2974 3258 3368 3331 significaverit
3397 3276 3459 3312 se

1849 3365 2171 3429 certamina,
2198 3364 2332 3433 {quia
2387 3360 2550 3413 sedes
2580 3356 2883 3427 apostolica
2936 3370 3035 3424 per
3078 3360 3459 3407 antecessores

1854 3472 1984 3513 suos
2003 3455 2360 3509 Benedictum
2382 3458 2437 3505 et
2468 3449 2748 3503 Nicolaum
2784 3446 2839 3499 in
2872 3447 2975 3500 hac
3016 3461 3184 3499 causa
3209 3454 3457 3500 certave-

1852 3553 1954 3609 rat,
1984 3541 2165 3612 sequi,
2206 3551 2441 3594 monens
2469 3550 2619 3599 eum,
2649 3540 2707 3587 ut
2737 3533 2883 3603 quod
2908 3549 3076 3601 super
3108 3534 3212 3587 hoc
3233 3533 3458 3606 negotio

1852 3642 2064 3707 gestum
2095 3640 2199 3698 est,
2255 3628 2570 3683 nullatenus
2627 3622 2877 3679 enervari
2933 3623 3267 3689 consentiat,
3330 3625 3464 3677 inti-

1854 3741 2123 3796 mansque
2153 3721 2392 3794 qualiter
2421 3715 2897 3774 excommunicata
2954 3713 3117 3767 fuerit
3144 3714 3458 3770 Waldrada.

1855 3818 2018 3873 Addit
2046 3814 2232 3881 etiam,
2252 3810 2402 3884 quod
2431 3809 2551 3863 sine
2573 3805 2809 3864 consilio
2834 3804 3226 3875 coepiscopum
3254 3805 3463 3860 litteras

1852 3904 1904 3961 ei
1934 3902 2296 3965 dimissorias,
2320 3898 2557 3954 maxime
2588 3912 2688 3967 pro
2730 3910 2788 3949 re
2827 3894 3037 3949 incerta
3094 3892 3227 3946 dare
3258 3892 3458 3962 nequi-

1853 4006 1937 4052 ret
1977 4014 1991 4061 ;
2033 3996 2189 4061 item,
2228 3994 2298 4048 de
2349 3992 2505 4047 obitu
2552 3987 2790 4045 Lotharii
2843 3985 3010 4058 regis,
3061 3984 3359 4038 exhortans
3402 3990 3462 4038 ut

1853 4094 1974 4148 sine
2013 4090 2277 4145 dilatione
2316 4087 2383 4142 ad
2436 4085 2687 4140 Karolum
2744 4081 2986 4147 (Carolus
3018 4078 3231 4146 Calvus)
3275 4093 3461 4149 regem

1852 4182 2037 4237 veniat
2069 4196 2083 4244 ;
2124 4178 2255 4232 item
2282 4190 2381 4245 pro
2408 4172 2646 4245 quodam
2687 4168 3009 4239 presbytero
3060 4165 3464 4220 Cameracensis

1856 4268 2148 4341 parochias,
2171 4264 2265 4335 qui
2296 4262 2540 4331 seipsum
2580 4262 2928 4321 castraverat,
2971 4252 3244 4323 frequenti
3285 4252 3465 4306 moni-

1857 4367 1943 4414 tus
1970 4358 2025 4411 id
2051 4351 2557 4429 agerevisitatione,
2592 4346 2849 4401 nesciens
2880 4344 3012 4415 quid
3036 4342 3165 4396 inde
3196 4342 3335 4396 sacri
3363 4342 3462 4397 de-

1857 4452 2143 4505 cernerent
2181 4456 2441 4507 canones,
2493 4436 2898 4505 consiliumque
2957 4434 3069 4497 dat,
3110 4447 3365 4497 monens,
3407 4440 3466 4487 ut

137 4556 209 4609 de
226 4552 480 4625 partibus
502 4547 863 4606 orientalibus
892 4554 1140 4613 tempore
1176 4550 1326 4596 certo
1370 4538 1551 4593 delata
1581 4536 1649 4589 ad
1674 4523 1832 4591 re—D
1858 4541 2151 4613 diligenter
2178 4532 2532 4604 investigetur
2563 4526 2765 4599 quibus
2806 4526 2877 4578 sit
2918 4523 3098 4578 modis
3135 4523 3460 4589 admissum,

136 4650 342 4723 giones
371 4652 586 4702 nostras
635 4642 904 4714 pervenit,
951 4638 1115 4693 fidem
1173 4634 1399 4690 faciunt.
1456 4629 1753 4703 Subjungit

135 4721 370 4812 quoque
400 4738 467 4791 de
490 4735 679 4790 libello
729 4732 902 4803 ipsius
954 4730 1157 4785 Odonis
1191 4734 1382 4783 contra
1412 4721 1757 4790 objectiones

135 4836 480 4896 Graecorum,
534 4829 785 4900 quaedam
824 4842 883 4881 se
914 4825 969 4878 in
1002 4838 1068 4878 eo
1098 4832 1542 4878 commemorans
1573 4814 1751 4870 adno-

134 4940 314 4992 tasse,
346 4941 470 4997 quae
495 4923 838 4979 retractanda
869 4928 923 4976 et
958 4916 1287 4993 corrigenda
1314 4913 1498 4969 forent
1527 4928 1541 4976 ;
1595 4909 1753 4977 item,

138 5035 245 5092 pro
267 5017 623 5074 ordinatione
635 5010 921 5067 Hedenulfi
948 5008 1255 5065 secundum
1269 5004 1575 5074 jussionem
1587 5002 1754 5056 Joan-

139 5116 233 5169 nis
262 5128 424 5184 papa:
444 5110 513 5165 ad
555 5108 873 5179 episcopum
908 5104 1329 5159 Laudunensem
1387 5097 1483 5151 diu
1536 5102 1759 5166 pastore

136 5214 486 5268 vacantem;
537 5202 667 5255 item
719 5214 815 5270 pro
870 5197 1085 5252 ratione
1141 5193 1285 5248 lunas
1334 5186 1608 5261 paschalis
1638 5228 1650 5252 ,
1703 5194 1759 5240 et

135 5300 383 5356 lectione
414 5311 578 5368 quam
635 5290 937 5346 Adalardus
990 5289 1164 5343 abbas
1227 5285 1355 5341 inde
1406 5278 1755 5368 composuit;

132 5391 278 5444 item
312 5402 414 5458 pro
440 5384 633 5439 eadem
667 5398 745 5447 re,
774 5379 977 5453 gratias
1022 5391 1194 5451 agens
1223 5375 1333 5429 Deo
1358 5387 1458 5443 pro
1485 5367 1757 5425 sollicitu-

128 5478 271 5531 dine
314 5455 492 5546 ipsius
538 5470 761 5537 Odonis,
794 5484 904 5538 qua
951 5464 1161 5521 studuit
1187 5462 1519 5532 investigare
1568 5455 1759 5526 mysti-

124 5583 255 5623 cam
283 5562 563 5636 paschalis
593 5556 956 5614 solemnitatis
981 5551 1518 5614 observationem,et
1537 5552 1758 5607 caetera;

129 5630 298 5721 item,
334 5668 436 5723 pro
480 5649 681 5703 itinere
720 5662 820 5701 suo
851 5644 919 5698 ad
973 5640 1267 5697 concilium
1300 5651 1455 5707 papas
1508 5630 1759 5695 Joannis,

128 5752 196 5799 ut
215 5718 292 5798 ad:
322 5718 377 5795 id
410 5739 531 5808 ipse
564 5749 783 5805 quoque
825 5732 1016 5788 venire
1048 5727 1271 5783 festinet
1302 5742 1316 5791 ;
1349 5725 1503 5789 item,
1553 5722 1623 5775 de
1680 5718 1763 5771 in-

1858 4639 1912 4687 et
1938 4630 2154 4685 interim
2181 4643 2278 4698 per
2307 4620 2702 4696 indulgentiam
2734 4615 3021 4687 presbyter
3066 4614 3210 4668 idem
3241 4623 3460 4669 maneat

1858 4724 1914 4778 in
1944 4723 2137 4778 ordine
2190 4734 2313 4785 suo,
2371 4717 2551 4771 donec
2595 4711 2649 4765 in
2689 4706 3012 4781 provinciali
3068 4707 3282 4775 synodo
3321 4707 3454 4777 quid

1856 4814 2054 4870 exinde
2076 4810 2377 4866 tenendum
2406 4807 2476 4862 sit
2505 4802 2830 4867 inveniatur,
2863 4797 3009 4869 quod
3036 4812 3141 4850 nec
3171 4794 3466 4864 praeceptis

1856 4901 2188 4976 evangelicis
2214 4898 2567 4963 contrarium,
2608 4909 2711 4949 nec
2748 4890 2984 4946 decretis
3037 4891 3346 4941 sanctorum
3377 4901 3466 4939 re-

1859 5000 2099 5072 periatur
2117 4995 2441 5050 adversum:
2475 4993 2628 5057 item,
2668 4987 2961 5063 gratiarum
2999 4980 3243 5037 referens
3282 4979 3461 5032 aetio-

1860 5071 1960 5147 nes
1980 5103 2077 5161 pro
2105 5084 2396 5140 beneﬁciis
2426 5099 2575 5153 smpe
2606 5080 2712 5135 sibi
2740 5078 2809 5134 ab
2842 5092 2908 5131 eo
2930 5071 3217 5144 impensis,
3268 5076 3463 5139 petens

1861 5190 1920 5239 ut
1970 5179 2210 5251 requirat
2244 5188 2555 5230 sermonem
2615 5170 2788 5226 sancti
2828 5164 3115 5240 Augustini
3176 5163 3252 5216 De
3306 5162 3460 5231 lapsu

1857 5249 2113 5327 monachi
2134 5273 2188 5321 et
2207 5265 2407 5328 viduae,
2441 5277 2508 5315 ae
2528 5259 2636 5314 sibi
2659 5260 2728 5313 ad
2757 5252 3237 5313 transcribendum
3261 5249 3460 5314 mittat,

1857 5361 1942 5416 vel
1973 5352 2260 5412 transcribi
2288 5348 2470 5414 faciat,
2510 5354 2565 5402 et
2610 5344 2677 5400 ad
2708 5342 3012 5413 proximam
3045 5338 3315 5412 synodum
3356 5336 3464 5389 sibi

1861 5444 2064 5501 afferat.
2106 5442 2515 5514 Expositionem
2558 5448 2781 5507 quoque
2833 5431 2992 5486 Bedae
3059 5433 3114 5485 in
3155 5426 3465 5485 Proverbiis

1860 5537 2168 5596 Salomonis
2193 5537 2263 5591 ad
2292 5532 2544 5591 eamdem
2576 5526 2845 5599 synodum
2878 5524 2986 5579 sibi
3014 5522 3215 5577 deferri
3245 5526 3459 5592 petens.

1866 5626 2082 5683 lntimat
2101 5624 2261 5679 etiam
2320 5620 2467 5693 quod
2505 5632 2647 5690 papa
2694 5614 2973 5668 Romanus
3002 5608 3199 5663 Karolo
3244 5606 3382 5679 regi,
3414 5610 3469 5660 et

1864 5713 2142 5787 cpisc0pis
2171 5712 2348 5785 ipsius
2378 5707 2535 5783 regni
2552 5703 2801 5779 quaedam
2840 5694 3097 5753 mandata
3144 5695 3364 5761 direxit,
3399 5694 3467 5747 de
