3970 6218
459 345 562 401 227

1580 336 1946 395 FLODOARDJ
1988 335 2290 392 CANONICI
2334 333 2662 390 REMENSIS

3700 327 3826 380 ΞΒ

459 481 732 553 quibusin
759 479 972 550 synodo
1002 479 1073 532 sit
1103 493 1332 533 necesse
1358 479 1576 533 tractari
1606 496 1619 542 ;
1675 476 1822 531 unde
1875 483 1929 531 et
1977 490 2069 530 rex
2099 480 2145 545 Α
2173 477 2360 530 mitem
2395 475 2546 546 pacis
2573 473 2718 528 inter
2755 487 2852 527 eos
2880 435 3459 542 procuratorem'tanto
3490 464 3824 537 benignius

460 569 898 641 metr0politanis
929 569 1084 642 regni
1117 569 1200 622 sui
1229 569 1436 622 litteras
1456 567 1687 632 miserit,
1721 567 2069 638 praecipiens,

459 661 893 730 utcoepisc0pos
924 673 1055 713 suos
1077 659 1142 712 ad
1188 658 1434 712 eamdem
1494 665 1860 712 convocarent
1909 672 2072 727 syno-

462 752 590 806 dum
623 752 813 816 ;item,
844 765 941 820 pro
975 760 1126 820 parte
1150 751 1402 814 decimae,
1445 766 1608 820 quam
1647 750 1753 804 sibi
1797 747 2076 824 signiﬁca-

465 848 576 896 tum
627 839 820 904 fuerat,
879 838 947 892 ab
1009 839 1234 910 antiqua
1292 837 1441 911 regia
1492 839 1705 909 capella
1752 838 1965 902 tulisse,
2019 843 2073 891 et

462 932 641 998 altari,
683 947 846 1002 quam
886 931 1102 985 noviter
1148 937 1479 995 sacraverat,
1537 928 1868 992 addidisse;
1924 926 2071 997 quod

461 1021 590 1092 quia
615 1027 804 1075 contra
831 1021 1048 1090 regulas
1077 1026 1244 1082 esset,
1293 1018 1614 1082 emendare,
1675 1017 1722 1070 si
1769 1017 1840 1070 sit
1869 1022 2069 1082 actum,

462 1109 684 1174 suadet;
707 1109 859 1173 item,
890 1124 989 1178 pro
1021 1108 1259 1178 quodam
1285 1108 1629 1179 presbytero,
1656 1106 1749 1177 qui
1785 1105 1852 1159 ad
1880 1105 2070 1158 sedem

465 1199 789 1253 Remensem
870 1198 1343 1268 proclamaverat,
1425 1198 1803 1268 praejudicium
1837 1211 1895 1250 se
1964 1194 2076 1265 pati

463 1294 689 1359 questus
719 1287 787 1341 ab
809 1288 1002 1341 eodem
1024 1287 1259 1357 praesule
1301 1303 1424 1352 suo,
1476 1287 1766 1341 interdicto
1817 1285 1920 1339 sibi
1953 1299 2078 1338 cum

466 1375 632 1429 rebus
653 1375 769 1428 suis
812 1373 998 1429 officio
1039 1391 1260 1446 quoque
1310 1376 1658 1441 sacerdotali,
1725 1391 1828 1428 nec
1883 1379 2080 1443 sponte

467 1470 748 1532 confesso,
781 1483 881 1521 nec
931 1468 1256 1542 regulariter
1311 1468 1582 1533 convicto,
1631 1481 1728 1537 pro
1761 1464 1997 1520 tumultu
2023 1470 2077 1517 et

467 1559 764 1615 homicidio
795 1565 1125 1630 perpetrato,
1174 1558 1269 1612 ubi
1326 1558 1670 1624 interfuerat,
1735 1565 1788 1612 et
1840 1556 2077 1610 invictus

469 1664 621 1703 arma
690 1648 1040 1704 defendendo
1110 1665 1168 1702 se
1245 1657 1609 1718 sumpserat,
1685 1647 2078 1716 hominemque

468 1738 866 1804 vulneraverat,
912 1753 1024 1792 non
1049 1745 1233 1792 tamen
1289 1754 1413 1792 eum
1461 1737 1554 1808 qui
1611 1736 1831 1792 occisus
1877 1735 2074 1790 fuerat.

470 1832 529 1884 ln
578 1830 780 1901 quibus
848 1830 1042 1884 litteris
1100 1831 1341 1884 ostendit
1403 1845 1466 1884 ex
1523 1831 1846 1885 auctoritate
1897 1846 2073 1897 sacra,

469 1922 603 1993 quid
650 1921 998 1976 discretionis
1054 1922 1124 1975 sit
1178 1921 1231 1974 in
1293 1921 1610 1990 hujusmodl
1660 1938 1825 1976 causa
1886 1930 2078 1976 tenen-

469 2011 600 2066 dum
631 2051 645 2077 ,
678 2018 732 2065 et
751 2025 872 2082 quze
938 2025 1216 2065 sacrorum
1261 2025 1537 2065 canonum
1595 2012 1707 2066 sint
1764 2011 2082 2067 adhibenda

472 2099 730 2172 capitula.

545 2187 747 2242 Scribit
775 2187 844 2241 ad
891 2188 1146 2242 eumdem
1202 2194 1256 2241 et
1318 2187 1425 2242 alia
1498 2191 1771 2260 quaedam.
1830 2190 2085 2263 Rageno—

475 2281 587 2336 lino
639 2279 1084 2353 Noviomagensi,
1139 2297 1235 2351 pro
1301 2283 1541 2354 quodam
1603 2282 1924 2353 presbytero
1990 2285 2084 2355 qui

474 2373 526 2426 ei
553 2373 760 2428 litteras
791 2372 860 2426 ab
909 2372 1146 2427 Adriano
1188 2390 1330 2444 papa
1381 2375 1654 2428 detulerat
1704 2375 1832 2443 (15),
1892 2376 2086 2445 praeci-

476 2462 693 2531 pientes
733 2467 792 2515 ut
847 2460 892 2513 si
923 2460 1220 2530 episcopus
1252 2463 1398 2516 idem
1442 2462 1587 2533 quod
1651 2462 1854 2532 injuste
1912 2462 2086 2518 fuerat

472 2560 651 2608 actum
694 2553 840 2607 circa
886 2554 1143 2608 eumdem
1213 2553 1596 2624 presbyterum
1646 2554 1922 2628 corrigere
1979 2553 2085 2608 dif-

475 2641 658 2706 ferret,
729 2649 853 2710 post
907 2641 1136 2709 primam
1186 2649 1240 2695 et
1310 2641 1610 2695 secundam
1654 2641 2084 2697 admonitionem

479 2733 717 2786 domnus
799 2732 1122 2786 Hincmarus
1195 2733 1340 2787 hunc
1417 2732 1737 2804 Ragelinum
1822 2736 2088 2790 canonica

477 2840 653 2895 usque
709 2823 777 2877 ad
852 2822 1281 2879 satisfactionem
1342 2824 1671 2895 percelleret
1746 2828 2084 2882 auctoritate.

481 2913 635 2969 Unde
664 2919 720 2967 et
749 2911 946 2966 litteris
997 2928 1120 2965 eum
1177 2921 1387 2982 monet,
1424 2920 1483 2968 ut
1529 2914 1700 2982 jussis
1747 2915 2090 2987 obtemperet

479 3021 656 3076 papae,
681 3010 737 3059 et
758 3019 928 3075 quare
969 3003 1051 3058 vel
1077 3004 1203 3075 ipsi,
1233 3005 1321 3060 vel
1353 3004 1475 3059 aliis
1513 3005 1842 3076 quibusdam
1868 3008 2088 3078 episco-

2175 569 2508 633 admitteret,
2550 575 2756 638 quanto
2793 564 2888 618 Dei
2931 578 3054 618 esse
3095 560 3266 616 ﬁlium
3284 557 3825 630 proEvangeliive-

2173 659 2333 714 ritate
2365 661 2824 728 recognosceret;
2850 654 3004 718 item,
3027 667 3125 723 pro
3157 649 3377 704 duobus
3393 648 3542 700 vasis
3572 645 3818 699 salariis

2175 766 2297 821 quae
2337 764 2429 802 rex
2469 754 2660 801 sancto
2693 745 2972 814 Stephano
3002 739 3276 805 mittebat,
3311 745 3365 792 et
3416 751 3586 792 aurea
3631 750 3819 789 cruce

2176 854 2298 894 cum
2325 841 2638 890 sanctorum
2674 831 2943 903 reliquiis,
2977 846 3141 902 quam
3173 829 3364 902 regina
3384 825 3696 901 delegabat
3724 823 3820 877 al—

2173 929 2276 984 tari
2322 927 2572 997 ejusdem
2601 925 2826 989 sancti-;
2875 923 3031 986 item,
3087 935 3186 992 pro
3216 916 3551 989 inquirenda
3598 929 3813 976 causa,

2168 1021 2324 1090 juxta
2350 1018 2495 1092 regis
2522 1015 2862 1078 mandatum,
2895 1027 3016 1084 quae
3044 1008 3368 1066 versabatur
3393 1006 3538 1060 inter
3569 1004 3820 1074 episco—

2177 1123 2278 1180 pos
2309 1107 2552 1160 Odonem
2607 1113 2662 1158 et
2718 1101 3066 1162 Rothadum;
3120 1099 3250 1152 item
3303 1110 3401 1166 pro
3439 1092 3818 1149 ordinatione

2179 1179 2400 1250 Arnoldi
2431 1192 2703 1248 Tullensis
2724 1188 2995 1261 episcopi,
3045 1194 3104 1242 ut
3144 1194 3233 1240 eat
3285 1183 3503 1239 obviam
3547 1195 3654 1250 pro
3700 1179 3819 1232 hoc

2181 1285 2448 1339 Adventio
2479 1279 2938 1336 etBerardoidem
2958 1275 3296 1347 petentibus,
3323 1272 3388 1326 ad
3403 1270 3664 1325 eamdem
3692 1269 3818 1320 sci-

2184 1375 2313 1430 licet
2359 1372 2766 1430 ordinationem
2817 1365 3206 1423 cclebrandam
3246 1363 3303 1416 in
3357 1375 3497 1435 pago
3537 1357 3814 1420 Metensi,

2177 1462 2482 1520 secundum
2520 1461 2668 1534 regis
2690 1458 3000 1528 jussionem
3039 1473 3052 1520 ;
3107 1454 3259 1518 item,
3313 1467 3438 1505 cum
3478 1449 3697 1510 Odone,
3744 1453 3813 1498 ut

2179 1553 2476 1623 loquantur
2503 1549 2666 1603 simul
2708 1547 2856 1618 apud
2879 1561 3086 1620 regem,
3104 1558 3202 1614 pro
3229 1539 3444 1612 synodo
3459 1535 3809 1608 provinciali

2179 1635 2534 1696 convocanda
2566 1657 2580 1703 ;
2607 1637 2758 1704 item,
2786 1633 3096 1690 consulenti
3140 1631 3186 1685 si
3238 1630 3306 1683 de
3352 1626 3652 1689 monacho,
3705 1638 3814 1677 ne—

2181 1729 2436 1784 cessitate
2473 1720 3382 1802 cogente,valeatarchidiaconum
3402 1715 3754 1772 constituere
3791 1729 3809 1774 ;

2183 1822 2335 1888 item,
2366 1836 2462 1891 pro
2495 1817 2732 1890 quodam
2768 1815 2990 1870 homine
3015 1827 3116 1868 suo
3138 1811 3206 1866 ab
3252 1811 3374 1881 ipso
3411 1804 3813 1862 excommuni-

2180 1922 2322 1980 cato,
2376 1928 2540 1984 quem
2591 1909 2723 1981 quia
2755 1904 3210 1962 irrationabiliter
3263 1901 3512 1956 audierat
3542 1899 3808 1969 ligatum,

2182 2012 2372 2062 monet
2402 2003 2698 2076 diligenter
2725 1997 2934 2054 absolvi
2963 2015 2978 2062 ;
3011 1996 3160 2051 item.
3194 2008 3294 2065 pro
3317 1991 3530 2063 synodo
3562 1987 3809 2044 Joannis

2184 2114 2341 2170 papae
2373 2097 2548 2169 [Joan.
2586 2092 2702 2162 vm]
2737 2092 2942 2146 domno
3001 2088 3295 2142 Hincmaro
3354 2083 3422 2138 ab
3462 2083 3808 2152 imperatore

2187 2190 2380 2245 Karolo
2411 2187 2600 2254 missa,
2619 2200 2783 2256 quam
2823 2182 2969 2236 idem
2992 2178 3321 2234 Villebertus
3350 2174 3804 2244 transcripserat.

2184 2280 2460 2349 Jubetque
2486 2283 2548 2330 ut
2584 2275 2652 2329 ad
2675 2271 2890 2328 vicinos
2925 2268 3032 2323 sibi
3071 2267 3368 2338 episcopos
3394 2262 3701 2317 Berardum
3750 2267 3807 2313 et

2187 2367 2487 2422 Arnoldum
2528 2361 2782 2418 eamdem
2813 2355 3166 2422 transmittat,
3201 2362 3307 2409 etc.

2257 2459 2362 2514 Sed
2401 2465 2455 2512 et
2481 2456 2588 2510 alia
2616 2452 2867 2525 quaedam
2926 2447 3117 2504 scribit
3172 2445 3352 2502 eidem
3388 2461 3403 2509 ;
3470 2439 3807 2496 Hildebaldo

2187 2550 2691 2618 Suessonensi,pro
2704 2545 2941 2617 quadam
2975 2539 3230 2606 ecclesia,
3261 2538 3331 2592 de
3378 2551 3487 2608 qua
3512 2533 3802 2590 contentio

2188 2643 2498 2719 agitabatur
2519 2641 2663 2694 inter
2692 2637 2872 2708 ipsum
2897 2641 2952 2688 et
2981 2633 3228 2688 Odonem
3261 2629 3654 2684 Belvacensem
3672 2624 3802 2695 epi-

2187 2751 2436 2806 scopum,
2466 2749 2631 2805 quam
2663 2745 2760 2785 rex
2790 2726 3000 2783 destrui
3033 2723 3391 2796 praecipiebat
3418 2740 3434 2788 ;
3490 2721 3646 2786 item,
3705 2733 3809 2790 pro

2188 2826 2452 2882 ministris
2493 2819 2816 2878 Orbacensis
2861 2815 3182 2872 monasterii
3239 2811 3588 2876 ordinandis,
3623 2817 3679 2864 et
3734 2810 3808 2863 de

2190 2914 2524 2988 quibusdam
2555 2910 2839 2976 fratribus,
2873 2909 2964 2981 qui
2994 2908 3062 2962 ab
3095 2905 3293 2962 eodem
3326 2901 3811 2959 monasterioirra—

2190 3002 2535 3060 tionabiliter
2571 3001 2840 3065 exierant,
2873 2996 3192 3067 reversique
3224 3001 3418 3065 postea
3449 2989 3655 3060 recepti
3679 2988 3808 3042 fue—

478 3095 566 3166 pis
588 3093 719 3149 talia
756 3093 948 3148 venire
966 3093 1208 3148 solerent
1229 3093 1297 3147 ab
1323 3094 1623 3164 apostolica
1643 3095 1778 3150 sede
1809 3097 2086 3164 mandata,
2111 3104 2161 3173 ρ
2191 3103 2313 3151 rant
2338 3113 2352 3161 ;
2373 3095 2525 3160 item,
2555 3107 2654 3163 pro
2686 3090 3018 3162 quibusdam
3043 3085 3383 3158 presbyteris
3422 3099 3488 3138 ex
3517 3087 3805 3137 monaste-

479 3186 720 3242 declarat
754 3202 768 3239 :
810 3185 939 3256 quia
967 3184 1178 3240 scilicet
1201 3186 1254 3239 in
1304 3185 1620 3254 judicandis
1651 3187 1890 3244 subditis
1928 3205 2089 3264 regu-

481 3278 650 3331 larem
675 3291 784 3331 non
816 3281 1118 3346 sequantur
1145 3275 1416 3330 tramitem
1449 3276 1817 3344 discretionis,
1855 3289 1910 3333 et
1947 3294 2092 3349 quo-

483 3367 630 3420 niam
651 3365 719 3419 ad
749 3363 1128 3419 auctoritatem
1169 3364 1647 3434 metropolitanam
1698 3367 2090 3437 interrogando

483 3462 648 3526 atque
678 3451 997 3508 obediendo
1016 3467 1298 3507 recurrere
1328 3453 1644 3528 negligant;
1667 3454 1818 3519 item,
1843 3470 1941 3524 pro
1967 3455 2093 3510 visi-

483 3542 693 3597 tatione
723 3541 1051 3596 Morinensis
1087 3541 1346 3595 Ecclesiae
1385 3548 1509 3611 post
1572 3541 1784 3596 obitum
1843 3543 2090 3597 Hunfridi

483 3630 756 3703 episcOpi,
791 3630 946 3698 juxta
974 3629 1394 3699 dispositionem
1428 3630 1574 3703 regis
1604 3647 1618 3683 :
1651 3631 1804 3697 item,
1857 3645 1954 3700 pro
1987 3631 2097 3685 lto-

482 3719 650 3773 tbado
679 3717 917 3789 quodam
957 3717 1130 3788 ipsius
1159 3717 1408 3788 episcopi
1425 3719 1624 3785 amico,
1667 3719 1763 3790 qui
1808 3735 1928 3784 sua,
1975 3735 2096 3791 qum

482 3807 630 3861 illius
659 3805 1008 3861 commiserat
1032 3803 1183 3870 fidei,
1218 3820 1279 3859 se
1327 3804 1516 3860 fraude
1546 3806 1858 3876 perdidisse
1899 3823 2093 3878 quere-

486 3898 680 3962 batur;
721 3896 1015 3952 consilium
1047 3894 1187 3948 dans
1210 3896 1343 3966 quid
1376 3897 1506 3952 inde
1534 3897 1760 3965 faceret,
1786 3915 1855 3954 ne
1886 3901 1955 3954 ad
1995 3917 2094 3970 sy-

487 3985 741 4041 nodalem
771 3985 1101 4039 sententiam
1138 3986 1467 4055 perveniret.
1489 3988 1788 4043 Villeberto
1823 3989 1938 4060 [ms.
1965 3990 2094 4044 Gui-

488 4075 721 4145 loberto]
775 4073 1158 4133 Catalaunensi
1194 4076 1448 4132 rescribit
1493 4077 1562 4132 ad
1610 4078 1786 4148 ipsius
1841 4081 2096 4135 consulta

489 4182 590 4239 pro
612 4167 880 4241 Gangulfo
913 4168 1135 4235 comite,
1183 4176 1243 4224 ut
1287 4169 1357 4223 de
1397 4169 1484 4223 his
1513 4185 1634 4240 quae
1669 4177 1858 4226 contra
1879 4187 2004 4226 eum
2031 4187 2090 4226 se

489 4255 685 4310 fecisse
718 4254 802 4309 vel
820 4254 1057 4327 negabat
1085 4256 1359 4327 quaedam,
1391 4256 1473 4310 vel
1492 4255 1860 4312 confitebatur
1884 4258 2091 4328 aliqua,

2192 3191 2273 3246 rio
2301 3189 2476 3245 sancti
2497 3184 2757 3257 Crispini,
2792 3185 2862 3239 de
2880 3182 3082 3255 quibus
3109 3181 3348 3236 domnus
3366 3177 3612 3232 Joannes
3657 3187 3803 3243 papa

2192 3279 2373 3334 eidem
2406 3278 2611 3332 domno
2654 3275 2944 3328 Hincmaro
2987 3269 3305 3339 scripserat,
3365 3273 3421 3319 et
3468 3263 3538 3316 de
3593 3259 3802 3331 quibus

2193 3365 2490 3422 difﬁnitum
2521 3363 2717 3428 fuerat,
2756 3367 2814 3415 ut
2840 3369 2990 3416 extra
3018 3357 3259 3413 claustra
3320 3348 3645 3407 monasterii
3689 3361 3803 3401 non

2193 3461 2507 3527 pergerent,
2548 3460 2604 3506 et
2631 3449 2826 3505 eadem
2856 3461 3094 3503 censura
3125 3444 3207 3498 eis
3249 3448 3480 3513 paterne
3522 3445 3806 3506 tempere-

2197 3555 2325 3610 tur;
2357 3545 2510 3609 item,
2544 3557 2642 3613 pro
2683 3539 3032 3596 ordinatione
3073 3533 3365 3590 Hadeberti
3423 3529 3804 3601 episcOpatum

2197 3630 2632 3688 Silvanectensis
2658 3627 2950 3690 Ecclesiae;
3012 3625 3164 3689 item,
3227 3635 3328 3692 pro
3385 3617 3588 3672 litteris
3637 3615 3807 3668 Joan-

2200 3725 2283 3778 nis
2308 3738 2464 3794 papee
2496 3737 2526 3774 a
2578 3719 2816 3790 quodam
2877 3715 3170 3771 criminato
3224 3710 3551 3783 presbytero
3580 3705 3801 3771 delatis,

2197 3830 2334 3886 quas
2358 3829 2389 3866 a
2417 3811 2588 3866 sacris
2619 3809 2929 3865 canonibus
2973 3813 3029 3862 et
3079 3812 3390 3879 sanctorum
3432 3797 3672 3853 decretis
3704 3796 3806 3849 Pa-

2198 3913 2339 3960 trum
2382 3901 2670 3958 manifeste
2712 3899 3028 3954 discordare
3081 3901 3498 3957 commemorat,
3557 3887 3708 3943 unde
3749 3897 3804 3941 et

2195 3991 2432 4064 qualiter
2459 3989 2734 4062 agendum
2765 3988 2856 4053 sit,
2884 3986 3017 4041 utile
3051 3983 3145 4039 dat
3173 3981 3466 4038 consilium
3502 3997 3517 4044 ;
3569 3979 3725 4041 item,
3747 3985 3806 4030 ut

2195 4095 2379 4135 secum
2410 4078 2575 4133 simul
2606 4077 2675 4132 ad
2701 4075 3049 4147 praesentiam
3071 4071 3299 4128 Joannis
3341 4083 3497 4140 papa?
3528 4072 3805 4140 pergeret,

2191 4169 2286 4243 qui
2311 4170 2505 4224 Trecas
2535 4184 2635 4239 pro
2657 4167 2989 4239 quibusdam
3043 4164 3224 4219 causis
3264 4157 3611 4216 difﬁniendis
3650 4156 3806 4210 adve-

2195 4267 2389 4328 nerat;
2425 4261 2579 4327 item,
2612 4274 2711 4330 pro
2741 4257 3134 4314 constitutione
3172 4269 3384 4328 regum,
3421 4249 3668 4305 filiorum
3699 4247 3802 4300 Lu-

483 4347 637 4442 Ῐιικιξι
661 4351 996 4442 ρτεεοεξριιίηι
1027 4345 1395 4442 apostolicum
1426 4345 1624 4442 leniter
1661 4354 1870 4442 ageret,
1901 4354 2092 4442 quate-
2113 4375 2164 4442 D
2196 4351 2400 4417 dovici,
2431 4350 2582 4405 unde
2612 4348 3008 4403 mandaverant
3044 4344 3096 4399 ei
3127 4342 3401 4414 episcOpi,
3453 4341 3706 4404 abbates,
3755 4349 3806 4395 et

490 4435 666 4488 nusin
683 4435 788 4491 hoc
824 4435 1000 4508 legem
1060 4435 1279 4502 Christi,
1317 4437 1636 4492 charitatem
1669 4435 1865 4503 silicet,
1924 4435 2095 4490 adim-

488 4520 664 4592 pleret
683 4521 826 4588 (Gal.
854 4525 949 4593 γι),
978 4531 1032 4578 et
1059 4524 1128 4578 ad
1168 4523 1604 4580 satisfactionem
1629 4525 2097 4595 dilectionemque

487 4611 575 4666 sui
605 4619 883 4684 utcunque
913 4624 1124 4685 posset,
1174 4623 1226 4670 et
1251 4615 1521 4671 industria
1547 4617 1801 4671 eumdem
1839 4615 2095 4671 comitem

489 4721 814 4777 provocans,
873 4708 951 4762 illi
992 4725 1148 4764 suam
1188 4709 1497 4764 clarescere
1541 4709 1938 4783 benignitatem
1973 4723 2098 4778 per-

489 4799 747 4853 mitteret.
784 4800 993 4855 Decens
1017 4801 1164 4855 enim
1198 4816 1343 4865 esse,
1374 4807 1433 4854 ut
1461 4801 1758 4871 primordia
1789 4801 1870 4855 sui
1915 4816 2102 4856 sacer-

478 4888 627 4968 dotii
647 4889 942 4944 devotione
964 4898 1130 4961 atque
1163 4890 1462 4946 dilectione
1499 4891 1934 4946 commendaret.
1966 4892 2100 4946 ltem

491 4994 591 5050 pro
621 4979 857 5051 quodam
893 4980 1218 5052 presbytero
1241 4989 1669 5055 transgressore,
1704 4990 1762 5038 ut
1791 4984 2100 5038 secundum

491 5069 638 5126 beati
669 5072 918 5145 Gregorii
955 5073 1187 5140 monita,
1237 5075 1304 5128 de
1333 5074 1509 5146 ipsius
1535 5074 1883 5130 absolutione
1913 5075 2097 5142 faciat,

485 5163 640 5231 juxta
678 5161 1054 5235 propheticam
1104 5166 1172 5220 de
1226 5165 1580 5222 confessione
1639 5167 1980 5238 pmnitentis,
2047 5175 2102 5224 et

493 5252 850 5322 apostolicam
884 5254 954 5308 de
969 5255 1180 5324 judicio
1211 5265 1267 5310 et
1319 5256 1697 5312 misericordia
1722 5257 2054 5312 sententiam
2087 5274 2102 5322 ;

497 5344 842 5413 praemissum
870 5361 1000 5402 vero
1039 5347 1318 5414 comitem,
1345 5364 1511 5419 quem
1565 5346 1968 5420 significaverat
1992 5349 2103 5420 jam

498 5434 566 5490 de
597 5437 758 5508 culpa
784 5453 881 5492 sua
898 5455 964 5493 ex
993 5439 1208 5513 integro
1247 5455 1306 5495 se
1347 5455 1774 5515 recognoscere,
1822 5440 1992 5510 patris
2039 5441 2105 5496 il-

497 5520 625 5590 lius,
658 5525 751 5594 qui
780 5523 953 5580 filium
985 5527 1274 5602 prodigum
1329 5527 1484 5582 lzetus
1521 5527 1734 5597 recepit
1785 5529 1931 5597 (Luc.
1991 5527 2104 5598 xv),

496 5605 892 5683 benignitatem
921 5628 1184 5684 sequens,
1216 5613 1458 5688 benigne
1483 5613 1774 5683 suscipiat,
1807 5621 1861 5668 et
1889 5614 2108 5669 viceco-

568 5708 682 5778 (l5)
724 5709 846 5767 Haec
879 5711 1101 5766 Adriani
1129 5713 1363 5781 epistola
1389 5727 1502 5769 non
1533 5717 1731 5766 exstat.

2197 4448 2444 4510 comites,
2475 4446 2569 4517 qui
2600 4461 2723 4499 cum
2755 4443 2893 4514 ipsis
2919 4449 3094 4503 erant,
3127 4448 3188 4494 ut
3243 4438 3312 4493 ad
3366 4452 3463 4492 eos
3503 4436 3716 4490 litteras
3754 4442 3806 4490 et

2197 4535 2426 4589 missum
2481 4548 2641 4587 suum
2671 4530 2957 4603 dirigeret,
2999 4527 3149 4599 quod
3206 4533 3260 4580 et
3313 4523 3464 4590 fecit,
3535 4524 3803 4577 mandans

2199 4627 2328 4681 huic
2357 4625 2730 4696 episcOpo,ut
2757 4622 2824 4676 ad
2847 4636 2944 4675 eos
2974 4616 3354 4690 proﬁciscens,
3387 4630 3510 4686 quze
3557 4615 3673 4669 Deo
3726 4615 3805 4668 in-

2201 4717 2449 4788 spirante
2475 4713 2807 4777 invenerint,
2824 4707 3382 4767 votisetorationibus
3417 4713 3803 4778 prosequatur;

2202 4807 2355 4872 item,
2388 4819 2509 4860 cum
2542 4801 2802 4866 Waltero,
2825 4800 3130 4854 Gisleberto
3163 4805 3217 4852 et
3259 4795 3530 4870 Angelino
3597 4796 3805 4866 episco—

2202 4895 2308 4966 pis,
2339 4900 2400 4949 ut
2429 4891 2789 4947 convenirent
2817 4904 3003 4944 secum
3035 4887 3102 4942 ad
3115 4884 3490 4957 peragendam
3500 4883 3804 4952 jussionem

2202 4985 2411 5057 praefati
2425 4981 2817 5055 papaeJoannis
2831 4980 2975 5035 inter
3010 4975 3377 5034 Hedenulfum
3397 4983 3449 5029 et
3464 4975 3808 5029 Hincmarum

2200 5078 2596 5133 Laudunenses
2618 5075 2932 5146 episcOpos,
2965 5088 3090 5128 cum
3120 5085 3402 5126 sacrorum
3433 5067 3809 5123 observatione

2203 5185 2473 5226 canonum
2506 5186 2521 5235 ;
2573 5167 2726 5234 item,
2758 5164 3182 5220 exhortatoriam
3214 5162 3283 5217 ad
3335 5159 3598 5216 eumdem
3634 5159 3806 5213 Hilde-

2206 5259 2429 5315 baldum
2449 5271 2714 5328 corporea
2742 5253 3062 5309 inﬁrmitate
3093 5251 3403 5315 detentum,
3440 5250 3494 5303 in
3528 5264 3643 5318 qua
3665 5249 3806 5316 juxta

2206 5345 2532 5418 petitionem
2564 5345 2868 5399 litterarum
2917 5339 3283 5397 confessionis
3341 5336 3527 5402 illius,
3583 5335 3804 5390 absolvit

2205 5451 2332 5490 eum
2363 5433 2799 5498 reconciliando,
2829 5431 2959 5486 licet
2988 5445 3087 5501 per
3107 5425 3418 5482 absentiam
3450 5424 3802 5494 corporalem,

2206 5532 2261 5581 et
2280 5525 2386 5579 alia
2414 5525 2684 5580 nonnulla
2711 5522 2900 5578 scribit
2928 5521 2998 5578 ad
3027 5520 3231 5590 ipsum.
3265 5514 3446 5570 Atulfo
3491 5515 3552 5586 [i,
3583 5514 3803 5572 Octullo.

2206 5620 2258 5670 et
2275 5616 2451 5685 infra]
2473 5615 2816 5677 Trecassino,
2876 5613 2948 5668 de
2993 5608 3252 5680 reliquiis
3304 5615 3647 5668 sanctorum,
3685 5621 3805 5676 quas
