3970 6218
190 299 303 355 229

832 301 1157 359 HISTORUE
1196 304 1523 360 ECCLESl/E
1561 303 1890 361 REMENSIS
1932 309 2107 369 LIBRI
2150 315 2476 381 QUATUOR.
2520 353 2589 365 —
2629 324 2754 381 LIB.
2800 329 2892 384 Ill.

3417 342 3523 398 230

185 452 285 507 ille
316 452 745 526 significaverat,
769 458 1008 512 ostensis
1028 460 1390 527 mirabilibus,
1420 478 1480 517 se
1512 478 1804 533 reperisse,
1828 448 1882 515 A
1907 452 2291 547 ":aflsmiserit,
2332 472 2567 513 monens
2615 471 2675 516 ιιι
2714 470 2862 532 Pemt
2900 480 3079 539 reges.
3139 478 3194 524 οι
3235 470 3517 547 "ligonem

187 541 431 611 qualiter
469 541 689 596 easdem
720 543 994 613 disponat,
1043 557 1096 601 et
1127 548 1193 602 de
1224 550 1456 604 ecclesia
1499 552 1672 605 sancti
1705 552 1807 607 Pe-

189 634 283 700 tri,
317 649 481 704 quam
524 644 798 689 restrucre
856 638 1141 705 tractabat,
1199 641 1434 711 qualiter
1463 649 1689 715 ageret;
1744 660 1806 699 ac

184 725 259 779 de
307 724 644 789 inﬁrmitate,
678 728 762 781 vel
813 730 1072 785 evasione
1103 748 1221 798 sua,
1253 740 1307 786 ct
1357 742 1594 799 catera;
1652 736 1803 802 item,

182 817 259 871 de
286 818 430 872 villis
464 819 704 874 Boletico
751 827 805 875 et
833 822 993 894 Fago,
1033 840 1152 894 qua
1195 825 1409 880 debitas
1449 828 1803 897 presbyteris,

181 908 437 964 decimas
454 912 779 966 recusabant
806 914 958 979 dare,
984 915 1113 984 quid
1146 923 1291 970 esset
1314 918 1624 991 agendum;
1650 920 1802 986 item,

181 1015 290 1069 pro
334 1002 608 1056 mandatis
667 1019 824 1074 papa
860 1005 1089 1059 Joannis
1144 1007 1212 1060 de
1244 1007 1532 1064 Hincmaro
1580 1010 1801 1065 Laudu-

180 1089 349 1142 nensi
405 1090 471 1143 ad
502 1092 758 1145 eumdem
814 1092 1051 1147 Atulfum
1107 1095 1174 1148 ab
1214 1096 1335 1166 ipso
1374 1113 1514 1167 papa
1570 1098 1800 1165 directo,

178 1177 323 1246 quid
355 1178 433 1232 illi
473 1178 543 1232 sit
573 1179 998 1235 observandum.
1032 1182 1245 1237 Waloni
1298 1184 1630 1240 Metensium
1662 1202 1803 1255 pra-

176 1270 316 1335 suli,
351 1272 417 1323 ad
454 1271 661 1326 litteras
692 1288 827 1342 quas
884 1275 961 1327 illi
994 1276 1269 1332 direxerat
1320 1294 1418 1348 pro
1458 1280 1802 1335 documentis

176 1359 312 1413 vita
360 1360 665 1429 pastoralis.
700 1368 753 1415 et
808 1363 1278 1421 confaderatione
1309 1366 1560 1421 fraterna
1603 1369 1801 1423 unani-

176 1447 413 1513 mitatis,
446 1458 609 1519 atque
658 1449 725 1503 de
753 1452 1042 1521 repentina
1098 1454 1271 1523 ipsius
1323 1458 1698 1526 provectione,
1744 1466 1801 1513 ut

175 1536 571 1591 confortabilia
592 1538 697 1591 sibi
728 1538 894 1593 verba
920 1542 1268 1597 remandaret
1297 1546 1611 1614 expetenti;
1645 1546 1797 1611 item,

175 1642 285 1697 pro
325 1628 563 1698 quodam
610 1630 971 1701 presbytero,
1030 1635 1118 1689 cui
1179 1636 1415 1692 domnus
1483 1638 1804 1694 Hincmarus

1908 540 2188 611 abbatem,
2221 555 2281 600 ut
2302 552 2628 618 quantocius
2652 552 2758 607 sibi
2790 554 2986 611 littera
3025 574 3054 611 a
3088 540 3522 637 regibus—super

1910 629 2011 685 hac
2042 647 2205 688 causa
2244 636 2552 704 mittantur,
2585 642 2716 711 quia
2758 643 2876 712 ipsa
2917 629 3178 701 Ecclesia.
3202 650 3319 705 sine
3352 629 3521 707 detri-

1909 730 2093 779 mento
2133 726 2226 780 diu
2272 744 2464 785 vacare
2516 742 2740 801 pastore
2781 751 2890 790 non
2934 744 3184 807 poterat;
3220 741 3367 808 item,
3419 761 3519 815 pro

1907 816 2099 871 eadem
2130 835 2210 885 re,
2234 828 2287 875 et
2305 822 2427 877 aliis
2458 825 2807 895 quibusdam.
2842 829 3170 891 Adalberno.
3203 850 3301 904 pro
3330 836 3520 892 visita-

1907 904 2055 961 tione
2087 908 2324 978 prafata
2354 912 2711 969 Tornacensis
2752 916 3028 985 Ecclesia,
3056 928 3116 974 ut
3145 921 3323 977 eidem
3360 941 3514 979 suam

1906 997 2273 1055 visitationem
2320 1005 2550 1059 solerter
2596 1007 2904 1077 impendat,
2953 1018 3008 1066 et
3049 1011 3370 1083 frequenter
3399 1018 3516 1072 ele-

1905 1086 2105 1141 ctionis
2137 1088 2365 1145 formam
2406 1095 2552 1149 clero
2598 1096 2859 1168 plebique
2890 1100 3117 1173 relegat,
3158 1113 3211 1157 et
3254 1106 3512 1174 inculcet,

1904 1190 1974 1228 ne
1998 1191 2096 1244 per
2144 1178 2502 1249 ignorantiam
2550 1182 2619 1236 ab
2663 1184 2855 1239 eadem
2889 1186 3061 1241 forma
3110 1190 3165 1242 in
3195 1191 3379 1262 aliquo
3410 1195 3511 1250 de-

1902 1266 2053 1320 vient
2086 1282 2101 1334 ;
2137 1269 2288 1338 item,
2322 1288 2418 1341 pro
2448 1273 2716 1329 electione
2758 1279 2994 1346 pastoris
3023 1280 3193 1349 ipsius
3232 1283 3508 1354 Ecclesia,

1904 1359 2103 1428 etquia
2122 1361 2277 1415 multi
2307 1362 2641 1432 laborarent,
2674 1374 2733 1420 ut
2756 1383 2861 1421 non
2896 1385 2995 1438 per
3010 1370 3212 1424 ostium
3245 1372 3511 1431 intrarent

1902 1454 2075 1517 (Joan.
2120 1457 2190 1519 x),
2226 1471 2335 1510 non
2365 1457 2645 1524 timentes,
2680 1477 2858 1532 neque
2892 1465 3329 1521 verecundantes
3362 1468 3508 1523 fures

1903 1538 2022 1594 ﬁeri
2054 1549 2108 1597 et
2139 1543 2401 1613 latrones,
2439 1555 2493 1601 et
2522 1549 2651 1618 quia
2686 1551 3031 1605 mandandus
3062 1554 3133 1608 sit
3169 1555 3235 1607 ad
3270 1572 3510 1625 prasen-

1903 1629 2034 1683 tiam
2063 1647 2274 1704 regum,
2307 1650 2415 1704 quo
2445 1652 2566 1689 cum
2600 1640 2900 1707 perrexerit
2930 1641 3186 1711 loquatur
3213 1660 3420 1711 secum,
3453 1654 3511 1701 ut

173 1717 450 1787 quasdam
483 1734 571 1771 res
616 1718 905 1776 Remensis
939 1722 1192 1778 Ecclesia
1224 1727 1578 1795 conjacemes
1609 1729 1665 1782 in
1698 1728 1799 1782 Vo-
1828 1762 1877 1829 Β
1904 1720 3057 1802 qualiterbincdecaterosibisitagendum
3078 1733 3509 1791 simulconside-

171 1823 316 1881 sago
348 1810 719 1876 commiserat,
753 1814 847 1883 qui
889 1830 982 1869 eas
1011 1817 1152 1871 male
1184 1826 1525 1884 tractaverat,
1575 1828 1629 1873 et
1660 1835 1801 1874 non-

172 1900 334 1953 nulla
367 1910 647 1957 contracta
692 1903 907 1960 fuerant
936 1922 1001 1961 ex
1032 1908 1239 1963 eisdem
1273 1910 1443 1965 rebus
1471 1911 1525 1965 in
1560 1916 1799 1981 potesta-

174 1998 292 2045 tem
323 1991 581 2048 Metensis
612 1995 859 2051 ecclesia
893 2015 907 2062 ;
956 1998 1111 2066 item,
1139 2015 1240 2069 pro
1272 2001 1527 2070 consilio,
1555 2004 1703 2074 quod
1729 2006 1798 2059 ab

169 2097 243 2137 eo
280 2084 532 2152 petierat,
566 2086 635 2140 de
665 2089 1018 2144 contentione
1049 2093 1411 2161 quarumdam
1437 2110 1639 2160 rerum,
1672 2112 1794 2167 qua

160 2175 496 2230 versabatur
544 2177 686 2232 inter
715 2179 1009 2235 Metensem
1054 2192 1107 2237 et
1152 2183 1540 2239 Treverensem
1598 2186 1784 2242 Eccle-

161 2262 331 2330 siam,
368 2272 421 2319 et
446 2266 514 2319 de
542 2266 704 2336 pallio
734 2285 763 2323 a
793 2270 927 2324 sede
958 2271 1201 2326 Romana
1232 2273 1335 2327 sibi
1364 2275 1611 2339 obtento,
1644 2277 1792 2331 unde

161 2352 626 2426 archiepiscopus
656 2356 828 2427 ipsius
856 2359 1063 2414 litteras
1088 2377 1243 2431 papa
1275 2363 1558 2433 suscipere
1582 2366 1789 2433 noluit;

160 2440 327 2507 item,
382 2458 479 2512 pro
510 2444 861 2500 ordinatione
911 2447 1269 2503 Virdunensis
1300 2451 1568 2523 episcopi,
1621 2470 1782 2524 quem

160 2538 293 2600 post
321 2533 529 2587 obitum
563 2536 785 2590 Berardi
830 2547 1020 2593 contra
1050 2540 1267 2611 regulas
1298 2543 1525 2612 provehi
1568 2560 1788 2616 compe-

158 2629 336 2689 rerat,
393 2624 534 2678 hanc
589 2625 877 2695 epistolam
936 2644 1089 2682 suam
1130 2630 1298 2684 sacris
1343 2631 1783 2689 institutionibus

159 2710 469 2779 instruens,
500 2720 555 2766 et
581 2714 818 2784 qualiter
856 2716 1219 2784 ordinandus,
1259 2719 1346 2773 vel
1377 2734 1488 2775 non
1519 2706 1783 2776 ordinan-

156 2802 271 2856 dus
301 2802 372 2856 sit
398 2803 710 2874 episcopus,
754 2805 954 2861 divinis
998 2810 1415 2865 auctoritatibus
1454 2815 1780 2881 ostendens,

158 2900 214 2947 et
269 2893 377 2948 alia
425 2901 689 2964 praterea
746 2899 1016 2968 quadam.
1073 2901 1399 2968 Hedenulfo,
1434 2920 1597 2975 quem
1659 2914 1783 2977 post

157 2981 518 3036 Hincmarum
569 2983 819 3039 Lauduui
885 2987 1236 3044 ordinaverat
1283 2991 1627 3063 episcOpum,
1683 3010 1781 3064 pro

1902 1819 2045 1878 rent,
2078 1822 2133 1868 et
2166 1823 2401 1881 catera;
2435 1818 2582 1883 item,
2613 1836 2714 1889 pro
2744 1822 3088 1891 querimonia
3118 1832 3171 1878 et
3201 1827 3507 1894 proclama-

1900 1901 2050 1956 tione
2076 1903 2359 1971 cujusdam
2388 1906 2847 1977 presbyterijejus
2878 1911 3173 1979 parochia,
3204 1916 3505 1969 ostendens

1898 1994 2135 2063 qualiter
2164 1996 2411 2067 episcOpi
2456 1999 2857 2054 rusticanarum
2900 2004 3284 2071 parochiarum
3318 2007 3505 2061 Eccle-

1897 2081 2006 2135 sias
2036 2082 2331 2153 disponere
2362 2086 2620 2154 debeant,
2661 2097 2715 2142 et
2752 2088 3061 2161 gubernare
3092 2108 3107 2142 :
3146 2108 3403 2159 monens,
3444 2102 3503 2149 ut

1895 2168 2040 2243 legat
2069 2171 2270 2241 sapius
2298 2172 2575 2229 homiliam
2607 2174 2752 2229 beati
2795 2176 3037 2251 Gregorii
3078 2195 3143 2232 ex
3175 2182 3499 2254 evangelio:

1895 2258 2207 2333 Designavit
2248 2261 2429 2329 Jesus,
2462 2271 2517 2317 et
2542 2263 2679 2318 alios
2718 2266 3064 2335 septuaginta
3094 2267 3254 2322 duos.
3298 2270 3504 2343 Regula

1893 2367 2114 2423 quoque
2141 2355 2431 2424 pastoralis
2462 2356 2713 2424 ejusdem
2756 2356 2902 2411 beati
2944 2358 3188 2431 Gregorii
3238 2361 3496 2428 (Gascon.

1887 2444 2027 2499 hom.
2081 2446 2145 2500 17
2210 2449 2269 2500 in
2307 2451 2568 2517 Evang.),
2623 2465 2745 2503 cum
2803 2450 2973 2504 sacris
3030 2452 3335 2507 canonibus
3391 2454 3501 2508 fre-

1886 2538 2152 2605 quentius
2186 2539 2476 2611 relegatur,
2510 2547 2564 2594 et
2585 2556 2706 2611 qua
2743 2542 2799 2611 [i.
2831 2542 3068 2616 regulas,
3106 2550 3190 2597 etc
3221 2585 3234 2610 ,
3268 2544 3496 2617 relegat,

1885 2636 1943 2685 ut
1972 2632 2111 2703 qua]
2139 2631 2213 2685 ibi
2236 2634 2815 2707 sequendaleguntur,
2838 2636 3068 2689 viriliter
3084 2647 3458 2708 exsequantur
3483 2656 3496 2692 :

1885 2732 1938 2779 et
1967 2742 2090 2797 qua
2110 2727 2353 2782 cavenda
2384 2728 2759 2791 inveniuntur,
2782 2728 3017 2783 sollicite
3048 2739 3366 2785 caveantur.
3394 2733 3500 2786 He-

1883 2813 2038 2869 tiloni
2075 2815 2166 2885 [αι.
2212 2815 2408 2886 Redit]
2444 2816 2889 2891 Noviomagensi,
2912 2825 2972 2871 ut
3001 2818 3056 2871 in
3089 2818 3421 2885 adiutorium
3446 2831 3501 2876 et

1882 2901 2205 2957 fidelitatem
2246 2919 2461 2979 regum,
2512 2912 2568 2959 et
2596 2905 2963 2969 orationibus,
3021 2914 3075 2961 et
3132 2909 3331 2964 auxilio
3390 2927 3499 2981 quo

1883 2998 2123 3068 potuerit
2154 3006 2385 3072 satagat,
2409 2999 2728 3070 signiﬁcans
2752 3001 2808 3054 in
2840 3017 3039 3075 magna
3063 3018 3119 3057 se
3142 3004 3499 3060 tribulatione

153 3069 492 3141 quibusdam
537 3072 805 3140 diaconis,
838 3089 977 3145 quos
1028 3076 1078 3131 ei
1123 3077 1395 3149 dirigebat
1424 3080 1493 3134 ad
1524 3083 1780 3137 sacerdo-
1805 3077 1853 3145 C
1878 3091 2134 3146 vallatum
2167 3109 2197 3145 a
2237 3069 2486 3146 barbaris
2517 3108 2660 3158 esse,
2706 3102 2759 3149 et
2797 3095 2945 3166 quod
2978 3096 3190 3150 caeteris
3240 3097 3499 3153 omnibus

155 3158 303 3213 tium
336 3160 723 3229 provehendos
751 3180 765 3228 ;
806 3163 960 3230 item,
994 3180 1095 3234 pro
1125 3166 1363 3237 quodam
1392 3168 1662 3238 orphano,
1690 3170 1777 3225 cui

152 3266 319 3305 suam
353 3250 612 3307 afferebat
646 3253 787 3308 idem
821 3256 1115 3326 episcOpus
1146 3259 1544 3325 bareditatem,
1592 3268 1647 3315 et
1673 3261 1778 3315 alia

154 3338 440 3409 quaedam.
465 3341 706 3396 Arnoldo
739 3342 1021 3414 episcopo,
1050 3360 1152 3415 pro
1181 3347 1530 3417 quibusdam,
1561 3349 1654 3419 qui
1682 3351 1780 3406 bo-

153 3426 447 3482 micidium
506 3437 957 3500 perpetraverant
988 3433 1044 3487 in
1096 3435 1353 3489 Remensi
1412 3438 1693 3507 parochia,
1726 3446 1780 3493 et

154 3531 357 3587 pacem
400 3516 652 3572 obtinere
683 3534 793 3573 non
824 3520 1106 3589 valebant,
1159 3524 1257 3577 sed
1290 3525 1669 3594 panitentiam
1701 3527 1782 3581 fa-

152 3623 291 3662 cere
318 3609 656 3679 quarebant,
690 3626 852 3681 quam
880 3612 937 3665 in
970 3613 1069 3669 hac
1094 3615 1355 3684 parochia
1385 3632 1496 3672 non
1526 3626 1783 3687 poterant

150 3715 348 3772 agere,
378 3700 509 3771 quid
541 3701 608 3755 de
652 3702 786 3772 ipsis
826 3704 1226 3760 observandum
1283 3707 1464 3776 foret;
1497 3709 1648 3775 item,
1682 3727 1779 3781 pro

148 3793 391 3850 consilio
448 3795 595 3865 quod
627 3797 858 3866 petierat
883 3798 987 3852 sibi
1030 3800 1148 3854 dari
1190 3816 1357 3871 super
1402 3804 1640 3859 adventu
1671 3805 1776 3860 Lu-

148 3882 335 3939 dovici
360 3884 845 3955 Transrhenensis,
870 3895 924 3943 et
952 3889 1086 3960 quid
1115 3890 1234 3961 ipse
1256 3892 1494 3949 domnus
1517 3894 1776 3950 Hincma-

144 3989 241 4028 rus
278 3973 461 4027 eidem
494 3975 610 4048 regi
639 3991 763 4030 eum
796 3977 864 4031 ad
892 3994 952 4032 se
992 3980 1181 4035 venire
1205 3981 1422 4049 jubenti
1457 3985 1775 4040 remandas—

147 4068 259 4116 set.
317 4062 583 4118 Franconi
622 4064 904 4136 episcOpo,
940 4082 1039 4137 pro
1090 4068 1285 4124 litteris
1314 4074 1769 4139 commonitoriis,

149 4170 297 4225 quas
322 4154 575 4223 jussione
608 4157 753 4232 regis
785 4159 1032 4215 mittebat
1064 4161 1279 4236 Hugoni
1305 4164 1653 4234 imperatoris
1683 4166 1777 4222 Lo-

152 4243 324 4298 tharii
379 4245 589 4314 nepoti,
623 4262 822 4319 rogans
876 4255 937 4302 ut
984 4256 1038 4303 et
1090 4249 1237 4304 idem
1289 4251 1496 4309 Franco
1549 4255 1776 4309 missum

149 4346 319 4386 suum
346 4332 509 4397 talem
540 4350 664 4388 cum
699 4335 865 4391 misso
895 4338 1070 4407 ipsius
1099 4339 1360 4407 mitteret,
1395 4342 1489 4412 qui
1521 4359 1644 4397 eum
1674 4344 1778 4398 sal-

1878 3179 2226 3250 depradatis,
2245 3185 2395 3233 tanta
2420 3180 2766 3249 quarebatur
2786 3198 2885 3252 pro
2917 3183 3137 3238 civitate
3168 3184 3497 3256 redemptio,

1879 3281 2138 3342 quantam
2160 3273 2383 3342 explere
2408 3287 2517 3326 non
2550 3274 2758 3326 valeret
2785 3291 2799 3337 ;
2844 3275 2995 3340 item,
3026 3275 3155 3344 quia
3189 3276 3497 3332 Ludovicus

1879 3374 1972 3412 rex
2012 3358 2316 3414 Germania
2372 3359 2727 3412 mandaverat
2758 3359 2858 3426 illi,
2910 3368 2970 3414 ut
3022 3360 3123 3415 iret
3166 3362 3215 3416 ei
3257 3364 3497 3433 obviam,

1882 3453 2031 3523 quod
2089 3461 2271 3506 tamen
2327 3468 2438 3507 non
2493 3462 2642 3507 esset
2681 3460 2903 3507 acturus
2952 3454 3007 3507 in
3046 3456 3208 3527 cippo
3272 3459 3499 3514 inﬁrmi-

1882 3542 2006 3595 tatis
2037 3542 2317 3607 detentus,
2353 3541 2621 3595 mandans
2653 3541 2779 3595 huic
2807 3542 3093 3611 episc0po,
3126 3554 3185 3599 ut
3213 3554 3267 3601 et
3289 3564 3388 3619 per
3416 3566 3499 3617 se,

1882 3640 1937 3686 et
1965 3648 2064 3702 per
2089 3630 2196 3684 sibi
2228 3631 2551 3686 commissos
2582 3631 2842 3701 precibus
2872 3631 3114 3699 insistat,
3148 3651 3245 3704 pro
3276 3654 3409 3706 pace
3442 3649 3497 3695 et

1881 3725 2205 3781 defensione
2257 3725 2538 3793 Ecclesia,
2577 3732 2632 3779 et
2670 3725 2717 3779 si
2767 3724 2976 3795 aliquid
3020 3726 3268 3783 utilitatis
3314 3738 3501 3789 contra

1880 3831 2123 3888 paganos
2152 3814 2332 3870 facere
2364 3814 2621 3887 potuerit,
2655 3821 2780 3889 agat
2820 3829 2944 3868 cum
2978 3813 3312 3884 primoribus
3344 3824 3496 3893 regni

1880 3920 2143 3981 quantum
2174 3911 2431 3966 valuerit.

1946 4008 2020 4061 De
2051 4006 2291 4062 incensis
2347 4021 2569 4077 quoque
2608 4004 2980 4072 monasteriis,
3014 4004 3160 4075 quod
3196 4005 3287 4059 ille
3335 4023 3491 4061 man-

1877 4097 2119 4163 daverat,
2147 4113 2206 4151 se
2236 4097 2443 4161 dolere,
2478 4102 2531 4149 et
2560 4095 2628 4149 de
2661 4095 2747 4148 his
2779 4110 2900 4166 qua
2943 4094 3178 4147 necdum
3210 4103 3368 4149 erant
3402 4096 3492 4150 in-

1877 4208 2042 4247 censa
2070 4190 2202 4245 satis
2233 4190 2548 4246 formidare.
2596 4189 2933 4260 Sigemundo
2983 4189 3268 4259 episcOpo,
3298 4190 3366 4243 de
3408 4207 3496 4246 re-

1877 4278 2260 4335 conciliatione
2300 4276 2707 4348 panitentium,
2738 4285 2792 4330 et
2821 4276 2942 4329 aliis
2980 4276 3045 4329 ad
3078 4292 3291 4330 sacrum
3331 4278 3497 4333 mini-

1877 4374 2104 4430 sterium
2176 4370 2601 4443 pertinentibus,
2684 4369 2751 4423 dc
2826 4369 3028 4440 quibus
3116 4370 3488 4445 Hildegarium

151 4440 289 4479 vum
317 4425 520 4480 ducere
545 4433 599 4481 et
628 4427 894 4484 reducere
936 4439 1123 4530 Ροῗδθξ
1153 4450 1167 4495 ³
1200 4432 1354 4536 ίξθξη²
1386 4450 1483 4505 Ι)Γο
1510 4435 1775 4504 Ευτδτάον
1801 4446 2196 4536 Depisc0pum
2221 4477 2280 4517 se
2306 4460 2579 4535 significat
2602 4460 2941 4514 instruxisse.
2979 4461 3110 4514 ltem
3130 4476 3227 4531 pro
3250 4461 3491 4536 benigne

147 4529 322 4584 quem
354 4529 703 4571 communem
733 4532 891 4572 suum
923 4527 978 4574 et
1009 4520 1182 4590 ipsius
1214 4520 1385 4576 filium
1419 4533 1597 4591 vocat,
1630 4533 1684 4580 et
1714 4532 1773 4580 ut

148 4621 255 4675 pro
288 4620 355 4660 eo
376 4607 522 4677 apud
555 4608 887 4665 Ludovicum
920 4626 1106 4685 regem
1154 4613 1683 4683 Transrhenensem,
1718 4624 1772 4671 et

149 4697 404 4770 reginam
464 4699 789 4768 intercedat,
842 4703 1118 4771 obsecrat,
1156 4713 1211 4761 et
1251 4715 1468 4761 catcra.
1533 4709 1768 4764 Bernoni

148 4787 600 4859 Catbalaunensi,
656 4808 755 4862 pro
786 4794 1237 4869 Noviomagensis
1284 4798 1538 4855 Ecclesia
1569 4800 1768 4867 missis,

147 4881 246 4951 qui
273 4881 341 4934 ad
380 4897 439 4935 se
470 4890 594 4953 post
631 4883 841 4941 obitum
882 4886 1157 4942 Rainelini
1196 4889 1441 4961 episcopi
1470 4892 1557 4946 sui
1589 4909 1765 4948 vene-

149 4976 295 5035 rant,
340 4978 400 5025 ut
428 4987 526 5027 eos
552 4972 699 5028 idem
733 4976 908 5031 Berno
939 4977 1008 5031 ad
1036 4979 1389 5047 praesentiam
1424 4995 1609 5054 regum
1644 4998 1771 5051 per-

152 5060 340 5125 ducat,
371 5069 426 5116 et
455 5063 667 5119 eisdem
700 5066 924 5139 regibus
956 5067 1164 5123 litteras
1193 5070 1358 5138 hujus
1387 5069 1576 5126 domni
1606 5072 1773 5129 Hinc-

154 5153 291 5208 mari
324 5155 554 5229 relegat,
581 5164 636 5211 et
674 5158 980 5232 intelligere
1021 5161 1202 5229 faciat,
1243 5169 1298 5217 et
1336 5178 1434 5234 pro
1474 5166 1575 5221 hac
1607 5182 1769 5221 causa

152 5248 261 5298 tam
310 5246 459 5316 apud
492 5262 672 5319 reges,
716 5266 879 5320 quam
935 5253 1079 5322 apud
1138 5254 1428 5324 palatinos,
1465 5257 1768 5311 secundum

154 5336 523 5392 ministerium
563 5355 719 5393 suum
767 5340 1112 5398 intercedere
1168 5351 1416 5418 satagat;
1466 5347 1618 5414 item,
1670 5364 1770 5419 pro

152 5422 427 5481 electione
444 5426 683 5497 pastoris
703 5429 999 5497 pramissa
1026 5432 1491 5506 Noviomagensis,
1530 5436 1615 5489 vel
1637 5436 1769 5491 Tor-

151 5514 406 5569 nacensis
454 5516 731 5580 Ecclesia,
765 5527 819 5571 et
864 5520 995 5589 quia
1036 5520 1263 5576 formam
1306 5522 1653 5591 visitationis,
1683 5527 1768 5580 vel

150 5601 437 5660 electionis
474 5606 791 5663 Adalberno
828 5610 1107 5681 episc0po
1165 5621 1219 5667 et
1273 5613 1453 5668 eidem
1514 5614 1767 5671 Ecclesia

221 5723 331 5793 (16)
372 5724 499 5780 Haec
525 5726 771 5795 synodus
800 5727 958 5786 deest
990 5730 1045 5784 in
1074 5737 1206 5785 tom.
1240 5729 1447 5787 Concil.

1873 4556 2094 4611 tuendis
2148 4570 2211 4610 ac
2253 4553 2551 4609 tractandis
2587 4552 2844 4615 subditis,
2902 4567 3341 4609 commemorans
3365 4571 3489 4610 eum

1872 4648 1941 4702 de
1968 4646 2238 4717 corporali
2269 4644 2487 4701 medico
2526 4643 2827 4715 spiritalem
2870 4659 2901 4696 a
2933 4642 3042 4697 Deo
3069 4642 3271 4698 factum
3303 4664 3316 4711 ;
3358 4649 3486 4704 item

1876 4739 1943 4795 ad
1974 4738 2458 4813 interrogationem
2486 4738 2626 4805 ejus,
2677 4734 2820 4806 quid
2867 4734 2984 4805 ipse
3014 4735 3257 4791 scientia
3312 4743 3491 4812 requi-

1875 4835 2018 4883 reret
2047 4844 2077 4882 a
2110 4827 2447 4898 presbyteris
2478 4842 2591 4880 sua
2632 4823 2924 4896 parochia.
2962 4824 3247 4896 Episcopis
3292 4829 3358 4881 ad
3390 4845 3487 4899 sy-

1872 4920 2080 4978 nodum
2132 4919 2449 4974 Suessionis
2480 4919 2591 4987 (16)
2641 4934 2708 4972 ex
2738 4916 2991 4985 jussione
3031 4918 3176 4990 regis
3230 4914 3488 4977 Ludovici

1871 5007 2334 5063 Transrhenensis
2362 5005 2825 5061 convenientibus
2856 5005 3090 5080 legatum
3123 5021 3279 5059 suum
3301 5023 3487 5063 sacer,

1871 5096 2055 5151 dotem
2116 5095 2408 5164 quemdam
2455 5096 2723 5169 dirigens,
2766 5102 2819 5149 et
2873 5109 2972 5165 pro
3012 5092 3344 5149 infirmitatis
3383 5098 3487 5150 im-

1870 5188 2242 5261 possibilitate
2287 5196 2463 5242 semet
2493 5205 2780 5255 excusans,
2822 5188 3092 5261 quidquid
3134 5187 3347 5244 favente
3379 5191 3484 5246 Do-

1870 5282 2020 5335 mino
2071 5280 2376 5335 secundum
2422 5281 2746 5337 canonicam
2806 5281 3230 5347 institutionem,
3265 5291 3318 5336 et
3361 5284 3482 5353 epi-

1871 5368 2092 5439 sc0pale
2122 5367 2489 5422 ministerium
2514 5369 2661 5436 juste
2693 5375 2747 5423 et
2775 5368 3193 5434 rationabiliter,
3226 5370 3482 5441 aequitate

1870 5458 2129 5521 dictante,
2186 5456 2550 5523 decreverint,
2600 5472 2787 5510 eorum
2844 5457 3080 5510 decretis
3130 5473 3191 5511 se
3234 5474 3482 5513 annuere

1870 5548 2180 5620 profitens;
2222 5549 2495 5621 quidquid
2553 5564 2682 5604 vero
2713 5549 2884 5603 sacris
2935 5552 3242 5607 canonibus
3283 5553 3483 5625 poterit

1869 5641 2112 5706 obviare,
2147 5649 2199 5697 et
2247 5658 2278 5698 a
2308 5649 2454 5697 recta
2484 5639 2593 5697 fide
2632 5657 2695 5697 ac
2724 5641 2998 5711 aquitate,
3040 5652 3094 5700 et
3118 5645 3341 5714 justitia
3372 5654 3479 5701 tra-
