3970 6218
421 311 518 364 231

1542 295 1905 352 FLODOARDI
1947 292 2248 349 CANONICI
2290 292 2621 348 REMENSIS

3637 290 3748 347 232

420 455 550 508 mite
594 449 824 507 valuerit
865 446 1106 511 deviare,
1148 459 1206 498 se
1264 443 1318 496 in
1347 441 1498 496 nullo
1545 454 1829 494 assensum
1878 453 2025 507 pras-
2051 442 2104 507 Α
2131 451 2228 506 pro
2268 435 2502 505 epistola
2528 433 2672 508 regis
2705 433 2904 497 Karoli,
2946 440 3001 489 et
3049 434 3218 489 misso
3248 449 3350 489 suo
3390 448 3515 488 cum
3547 433 3752 487 litteris

422 544 574 609 bere,
608 559 709 598 nec
753 547 810 594 ut
849 538 993 591 idem
1037 533 1270 589 vicarius
1309 531 1430 599 ejus
1467 545 1756 584 assensum
1787 525 2031 598 praebeat

419 637 506 690 vel
533 641 774 697 coactus,
822 644 1088 692 annuere,
1127 625 1406 697 episcopis
1445 623 1748 677 dioeceseos
1780 619 2030 674 Ecclesia:

423 723 704 777 Senonicae
760 719 950 774 scribit
993 733 1090 788 pro
1130 714 1399 770 electione
1441 711 1687 784 Ansegisi
1745 706 2032 762 Remensis

423 813 730 868 dicacescos
755 809 1009 866 monachi
1033 809 1102 862 ad
1125 807 1498 878 episcopatum
1529 802 1884 866 Senonicum,
1903 812 2030 853 con-

421 919 644 958 sensum
673 918 830 955 suum
865 900 920 954 in
961 899 1133 969 ipsius
1185 895 1459 951 adhibens
1495 893 1861 948 ordinatione.
1911 889 2030 960 Epi-

420 994 603 1064 scopis
633 1007 853 1064 quoque
886 991 1053 1046 totius
1079 990 1233 1064 regni
1265 987 1617 1058 primoribus,
1649 1001 2028 1049 eommonens,

419 1089 474 1136 et
500 1082 794 1136 exhortans
834 1097 930 1135 eos
958 1081 1334 1133 intemeratam
1367 1076 1532 1130 ﬁdem
1562 1077 1676 1150 regi
1709 1091 1808 1130 suo
1841 1076 2031 1131 Karolo

420 1189 763 1242 conservare,
791 1172 1014 1243 quando
1041 1170 1186 1225 idem
1210 1186 1302 1224 rex
1331 1171 1554 1224 Romam
1580 1169 1818 1240 perrexit
1845 1187 1858 1230 ;
1902 1171 2030 1223 item

421 1263 716 1335 episcopis,
751 1259 1062 1324 abbatibus,
1094 1258 1406 1321 comitibus,
1442 1265 1495 1313 et
1526 1259 1737 1313 caeteris
1768 1258 1861 1311 Dei
1895 1256 2030 1311 fide-

423 1353 570 1406 libus
589 1351 656 1405 ad
675 1349 951 1421 quoddam
981 1348 1272 1422 collegium
1296 1347 1772 1411 convenientibus,
1787 1362 1896 1417 quo
1913 1347 2030 1416 ipse

425 1440 669 1510 corporis
707 1437 1020 1492 infirmitate
1051 1438 1384 1508 praepeditus
1428 1437 1579 1490 abire
1612 1452 1722 1490 non
1768 1437 2034 1497 valuerat,

425 1530 627 1603 gratias
655 1543 826 1599 agens
855 1527 964 1581 Deo
995 1541 1092 1595 pro
1130 1526 1461 1597 quibusdam
1495 1523 1828 1595 primoribus
1859 1525 2034 1597 regni,

427 1619 520 1689 qui
551 1617 619 1671 ab
641 1616 919 1686 episcopis
950 1615 1350 1686 aliquantulum
1381 1615 1776 1680 dissenserant,
1800 1621 1853 1666 at
1884 1621 2034 1678 tunc,

424 1709 597 1780 gratia
647 1708 740 1761 Dei
791 1708 1078 1782 largiente,
1137 1706 1498 1777 beneplacitae
1537 1705 1647 1759 sint
1689 1703 2036 1758 unanimitati

426 1799 723 1867 conjuncti.
785 1796 1112 1873 Significans
1161 1815 1259 1870 per
1306 1799 1400 1852 has
1440 1798 1668 1861 litteras,
1710 1804 1766 1849 et
1810 1797 2038 1849 missum

427 1888 675 1942 ecclesia;
704 1903 816 1941 suae
847 1888 1306 1952 comministrum,
1335 1903 1394 1942 se
1424 1887 1492 1941 de
1523 1886 1686 1942 bonis
1707 1902 1895 1942 eorum
1920 1893 2038 1941 stu-

427 1980 535 2034 diis
564 1995 628 2034 ac
664 1979 1123 2048 dispositionibus
1161 1980 1532 2054 congaudere,
1575 1980 1924 2050 suadensque
1981 1985 2040 2032 ut

427 2069 731 2125 secundum
763 2068 1090 2138 sapientiam
1119 2069 1202 2122 eis
1232 2085 1261 2121 a
1294 2069 1403 2123 Deo
1435 2069 1638 2133 datam,
1678 2068 1880 2122 divinis
1912 2067 2041 2122 obe-

429 2160 648 2215 dientes
698 2161 1010 2231 praeceptis,
1045 2159 1266 2215 remotis
1305 2161 1530 2230 privatis
1578 2161 1796 2228 studiis,
1856 2167 1909 2215 et
1953 2161 2041 2215 in-

430 2251 628 2306 debitis
653 2251 1064 2320 cupiditatibus,
1099 2267 1160 2305 ac
1194 2251 1371 2305 noxiis
1421 2253 1893 2319 contentionibus,
1925 2255 2041 2324 pri-

430 2355 578 2394 mum
615 2355 736 2410 quae
763 2339 830 2392 ad
859 2339 1231 2412 generalitatis
1261 2340 1515 2406 salutem,
1550 2357 1763 2411 pacem,
1795 2351 1849 2398 et
1893 2345 2039 2399 utili-

429 2435 593 2483 tatem
627 2428 956 2499 pertineant,
1007 2428 1308 2499 inquirant,
1349 2437 1402 2485 et
1440 2433 1666 2503 exsequi
1710 2440 2040 2503 procurent:

430 2518 733 2572 adnectens
762 2535 944 2573 sacras
974 2519 1325 2574 auctoritates
1377 2521 1446 2575 de
1477 2529 1626 2577 veste
1671 2522 1889 2588 Christi,
1922 2538 2043 2593 quae

433 2616 516 2664 est
545 2609 788 2664 Ecclesia
831 2610 947 2676 Dei,
985 2610 1321 2681 hortansque
1372 2619 1428 2666 ut
1465 2614 1680 2685 seipsos
1711 2622 1820 2669 tota
1846 2617 2043 2672 virtute

431 2705 705 2752 armantes
729 2699 958 2767 justitize
986 2700 1105 2754 zelo
1134 2701 1367 2774 erigant,
1402 2709 1455 2756 et
1488 2704 1682 2776 jugum
1711 2705 1896 2760 oneris
1927 2722 2044 2760 ma-

431 2785 528 2839 tris
593 2801 783 2840 eorum
857 2787 1135 2854 Ecclesiae,
1213 2804 1277 2842 ac
1333 2789 1536 2862 virgam
1590 2793 1858 2846 exactoris
1924 2793 2045 2862 ejus

431 2878 579 2941 (Isai.
613 2877 684 2946 ιχ)
715 2876 1082 2951 confringant,
1131 2884 1185 2932 et
1212 2879 1429 2934 vincula
1470 2882 1595 2936 colli
1635 2881 1872 2938 filiorum
1927 2885 2046 2953 ejus

431 2965 735 3021 dissolvant
786 2967 937 3038 (Isai.
972 2971 1102 3034 Lul;
1153 2969 1198 3023 si
1237 2970 1330 3041 qui
1365 2971 1475 3026 sint
1524 2967 1772 3044 Oppressi
1821 2991 2041 3030 manum

431 3057 774 3113 allevationis
824 3059 1133 3132 porrigant;
1175 3061 1219 3115 si
1269 3063 1362 3132 qui
1412 3063 1548 3120 forte
1615 3066 1898 3137 depravati
1948 3084 2042 3122 cu-

432 3155 662 3224 piditate
714 3153 799 3208 vel
855 3153 1048 3226 gratia,
1097 3156 1165 3210 ad
1219 3157 1633 3214 unanimitatem
1690 3161 1875 3233 gregis
1943 3160 2043 3216 Do-

437 3244 622 3298 minici
663 3243 926 3297 reducere
959 3248 1213 3298 studeant
1244 3263 1258 3310 ;
1318 3249 1715 3316 amplectantur
1750 3250 2038 3304 consilium

433 3329 580 3385 beati
629 3330 895 3402 Gregorii,
935 3337 1366 3404 eaeterorumque
1425 3344 1738 3392 sanctorum
1786 3338 2041 3406 Patrum;

433 3427 488 3475 et
540 3420 657 3491 ipse
711 3436 932 3491 quoque
985 3423 1132 3492 quod
1186 3424 1264 3478 illi
1317 3425 1384 3480 ad
1441 3444 1631 3498 pacem
1696 3431 1882 3500 populi
1947 3431 2042 3486 Dei

431 3515 486 3562 et
552 3509 818 3576 justitiam
883 3513 1283 3580 procurandam
1360 3516 1725 3586 decreverint,
1792 3519 1932 3576 votis
1989 3530 2046 3575 et

429 3596 739 3669 obsequiis,
767 3605 1028 3670 quantum
1047 3601 1308 3657 Dominus
1331 3603 1634 3673 donaverit,
1658 3615 2039 3679 prosequetur.

433 3688 726 3763 Subjungit
773 3707 993 3762 quoque
1059 3709 1242 3749 sacras
1285 3697 1636 3754 auctoritates
1675 3699 1744 3755 de
1781 3702 2044 3758 canonice

434 3779 830 3846 promovendo,
857 3780 944 3835 vel
977 3780 1236 3854 eligendo
1268 3785 1553 3856 episcOpo.

1024 3897 1234 3951 CAPUT
1277 3898 1447 3953 XXIV.

575 3965 702 4031 Quae
726 3965 1012 4022 abbatibus
1039 3969 1367 4037 quibusdam
1392 3974 1598 4042 scripta
1617 3974 1899 4034 diremerit.

507 4054 640 4108 Aliis
708 4069 930 4126 quoque
1009 4056 1237 4112 diversis
1304 4062 1598 4129 personis,
1665 4071 1775 4120 tam
1833 4068 2047 4126 clericis

434 4161 598 4215 quam
633 4145 806 4208 laicis,
844 4147 1090 4202 honestis
1111 4148 1273 4225 etiam
1307 4149 1548 4222 feminis,
1573 4154 1786 4213 diversa
1818 4176 1916 4230 pro
1945 4164 2048 4218 uti-

434 4236 586 4290 litate
625 4237 894 4307 cujusque
935 4239 1209 4309 reperitur
1245 4241 1450 4313 scripta
1487 4245 1774 4316 direxisse,
1836 4254 2045 4308 nemini

431 4323 708 4380 adulando
731 4341 985 4395 parcens,
1019 4328 1116 4382 sed
1145 4332 1440 4387 commoda
1471 4335 1671 4407 cuique
1699 4354 1797 4408 pro
1831 4341 1908 4394 rei
1941 4357 2044 4413 0p-

431 4417 763 4488 portunitate
816 4435 1119 4493 suggerere
1184 4429 1454 4498 satagens.
1524 4427 1797 4486 Ludovico
1858 4419 2044 4490 abbati

429 4519 529 4559 suo
561 4505 766 4560 litteras
795 4507 941 4561 misit
965 4524 1063 4578 pro
1095 4513 1399 4580 repetendo
1447 4531 1676 4587 corpore
1705 4521 1883 4576 sancti
1911 4523 2048 4579 Deo-

429 4596 563 4663 dati,
617 4599 764 4669 quod
807 4600 1026 4670 quidam
1085 4602 1233 4669 Giso,
1285 4608 1587 4677 cupiditate
1642 4626 1825 4667 rerum
1874 4614 2049 4686 ipsius

429 4689 601 4743 sancti
645 4689 862 4756 ductus,
915 4707 981 4746 ex
1021 4691 1246 4750 dioecesi
1312 4696 1568 4754 Remensi
1627 4699 1816 4758 furtim
1863 4711 2046 4763 trans-

431 4774 560 4830 ferri
605 4775 808 4834 fecerat
856 4780 911 4834 in
970 4783 1404 4843 Parisiacensem
1447 4793 1787 4861 parochiam,
1844 4797 2044 4856 incon-

428 4865 572 4919 sulto
622 4867 887 4955 episc0po
928 4871 984 4924 in
1029 4874 1187 4942 cujus
1220 4877 1442 4944 jacebat
1487 4881 1796 4955 episcopio.
1837 4888 2044 4946 Asserit

427 4959 608 5052 autem
645 4954 699 5008 in
739 4956 824 5010 his
861 4958 1058 5015 litteris
1082 4978 1141 5016 se
1177 4965 1408 5034 nemini,
1441 4985 1625 5043 neque
1657 4954 1764 5029 sibi
1799 4977 1882 5032 vel
1914 4995 2044 5049 pro-

429 5047 549 5132 prio
579 5059 679 5132 suo
709 5047 988 5119 sanguini,
1041 5060 1230 5107 contra
1261 5055 1446 5112 divina
1491 5076 1715 5130 parcere
1740 5065 1888 5132 jura.
1915 5047 2040 5125 VSed

429 5138 484 5184 et
515 5130 893 5206 indignantem
916 5153 1015 5208 pro
1045 5140 1130 5193 his
1172 5142 1427 5200 abbatem
1461 5148 1655 5205 iterum
1689 5130 1891 5211 litteris
1920 5174 2042 5215 mo-

431 5233 562 5273 nere
594 5236 704 5276 non
735 5222 964 5293 destitit,
995 5229 1219 5286 hortans
1245 5241 1299 5289 et
1327 5236 1651 5306 admonens,
1686 5250 1744 5298 ut
1779 5245 2043 5303 ecclesia-

429 5309 586 5410 s‘ticis
609 5313 814 5387 regulis
845 5319 1163 5378 satisfacere
1202 5337 1560 5397 procuraret;
1596 5332 1747 5398 item,
1776 5353 1875 5406 pro
1905 5357 2046 5410 quo-

431 5395 555 5451 dam
589 5409 794 5471 nepote
825 5423 944 5474 suo,
977 5427 1139 5481 quem
1173 5417 1524 5474 commiserat
1554 5421 1625 5487 ei,
1659 5430 1713 5477 et
1752 5395 1850 5494 pro
1882 5395 2046 5486 rebus

429 5498 460 5536 ει
509 5502 637 5560 rege
687 5507 786 5560 per
831 5495 1249 5568 dispositionem
1305 5504 1482 5576 ipsius
1541 5509 1729 5566 domni
1768 5513 2043 5574 Hincmari

431 5577 720 5632 monachis
752 5587 926 5639 sancti
969 5588 1212 5660 Dionysii
1264 5594 1496 5650 traditis.
1555 5597 1814 5657 Hilduino
1853 5606 2041 5664 abbati

511 5672 622 5741 (17)
665 5673 855 5733 Habita
885 5691 968 5736 est
999 5699 1144 5740 anno
1173 5688 1296 5753 855,
1326 5691 1428 5748 sub
1467 5696 1674 5754 Bened.
1710 5701 1798 5753 ΙΙΙ.

2129 527 2196 580 ad
2214 527 2601 596 imperatorem
2630 525 2942 580 Lotharium
2969 525 3356 596 perducendis.
3383 526 3440 578 [n
3469 525 3682 596 quibus
3695 540 3752 578 se

2131 617 2377 687 quaedam
2411 618 2479 672 de
2509 617 2684 671 salute
2715 616 2888 687 ipsius
2918 617 3265 687 imperatoris
3295 632 3596 691 suggerere
3625 632 3750 669 ma-

2131 705 2372 770 nifestat,
2405 713 2465 760 ut
2494 705 2772 771 emendet,
2807 723 2927 778 qua:
2955 705 3062 776 ipsi
3096 703 3343 760 notiﬁcat
3374 704 3750 769 emendanda,

2130 802 2183 849 et
2211 795 2279 850 de
2310 812 2476 851 censu
2508 797 2774 852 solvendo
2805 812 2868 850 ex
2900 796 3028 852 villa
3058 795 3389 850 Dudeciaco.
3419 795 3556 848 Item
3585 794 3752 848 simul

2130 904 2254 942 cum
2300 889 2510 958 synodo
2551 888 2936 959 episcoporum
2983 889 3129 958 apud
3190 887 3520 943 Carisiacum
3583 885 3750 938 habi-

2131 985 2183 1033 ta
2207 979 2342 1048 (17),
2375 979 2566 1034 scribit
2600 979 2859 1034 Hilduino
2891 979 3067 1033 Karoli
3104 978 3252 1052 regis
3300 977 3753 1047 archicapellano

2133 1076 2186 1123 et
2217 1085 2313 1140 pro
2346 1070 2587 1125 Ecclesia
2618 1071 2935 1143 Lingonica,
2977 1087 3140 1141 quam
3172 1069 3442 1124 Wilfadus
3491 1068 3754 1123 Ecclesiae

2133 1157 2393 1211 Remensi
2425 1159 2682 1212 alumnus
2713 1166 2905 1213 contra
2949 1158 3214 1213 canonica
3243 1164 3611 1227 occupaverat
3658 1157 3755 1210 de-

2133 1257 2300 1302 creta.
2338 1249 2492 1303 Unde
2532 1255 2881 1322 suggesserat
2919 1247 3111 1304 eadem
3144 1248 3388 1319 synodus
3419 1248 3558 1320 regi,
3593 1255 3654 1301 ut
3685 1247 3757 1301 al-

2132 1342 2307 1392 terum
2327 1339 2394 1393 ad
2418 1339 2718 1412 regendam
2742 1338 3022 1410 praefatam
3045 1339 3405 1394 constitueret
3429 1338 3753 1399 Ecclesiam,

2138 1439 2192 1484 et
2231 1446 2321 1484 rex
2375 1431 2614 1499 jusserat
2658 1439 2716 1486 ut
2773 1432 3022 1502 episcopi
3068 1438 3386 1503 quaererent
3423 1430 3615 1496 talem,
3661 1430 3755 1501 qui

2137 1531 2322 1592 posset
2352 1523 2407 1576 in
2438 1523 2743 1593 episcopali
2781 1523 3091 1579 ministerio
3121 1524 3301 1579 eidem
3336 1522 3594 1578 Ecclesiae
3627 1538 3757 1592 pro—

2139 1611 2324 1679 ficere,
2357 1630 2659 1686 eorumque
2684 1623 2811 1671 vota
2843 1615 2899 1669 in
2929 1616 3078 1671 Isaac
3107 1615 3281 1686 ipsius
3311 1613 3557 1668 Hilduini
3585 1613 3756 1668 disci-

2062 1704 2326 1794 Bpulum
2371 1714 2764 1768 convenerant,
2806 1706 3163 1762 obsecrantes
3199 1706 3364 1775 hujus
3404 1705 3456 1759 in
3509 1705 3619 1759 hoc
3651 1704 3761 1758 Hil-

2139 1796 2294 1850 duini
2344 1812 2697 1862 consensum,
2725 1804 2780 1852 et
2826 1797 3277 1868 deprecationem
3323 1795 3499 1865 ipsius
3555 1810 3657 1865 pro
3695 1810 3760 1848 eo

2139 1887 2285 1956 apud
2319 1903 2538 1960 regem;
2584 1888 2902 1943 Brunuardo
2950 1887 3158 1952 abbati,
3217 1902 3318 1958 pro
3362 1885 3530 1940 rebus
3585 1887 3759 1940 sancti

2141 1975 2375 2049 Remigii
2405 1975 2490 2029 vel
2521 1976 2735 2030 colonis
2767 1975 3056 2030 Remensis
3088 1974 3341 2030 Ecclesiae
3373 1973 3428 2027 in
3460 1972 3762 2046 Thoringia

2140 2067 2451 2122 constitutis
2485 2085 2498 2134 ;
2533 2067 2803 2123 Adalardo
2827 2066 3113 2132 abbati,de
3141 2065 3384 2120 amicitia
3412 2066 3554 2119 inter
3587 2066 3761 2136 ipsos,

2142 2163 2195 2208 et
2225 2154 2464 2226 qualiter
2511 2155 2676 2210 debet
2707 2172 2828 2210 esse
2858 2171 3020 2211 verus
3049 2155 3262 2209 amicus
3291 2171 3306 2220 ;
3355 2153 3639 2208 Grunoldo
3672 2152 3764 2206 ab-

2142 2244 2277 2311 bati,
2301 2261 2398 2315 pro
2428 2245 2715 2320 Sigeberto
2747 2244 2893 2299 fideli
2927 2260 3050 2311 suo,
3082 2251 3138 2297 ut
3171 2259 3260 2298 res
3283 2243 3402 2311 ejus
3422 2258 3546 2313 qua:
3578 2242 3762 2310 conja—

2141 2335 2341 2389 cebant
2380 2334 2436 2388 in
2496 2350 2666 2407 regno
2707 2333 2990 2401 Ludovici,
3034 2332 3090 2386 in
3136 2348 3234 2386 sua
3276 2330 3659 2386 dominatione
3711 2337 3760 2383 et

2142 2423 2312 2478 tutela
2351 2423 2764 2479 commendatas
2802 2421 3129 2492 susciperet,
3163 2427 3218 2474 et
3246 2430 3305 2474 ut
3338 2421 3451 2493 regi
3485 2420 3762 2476 Lud0vic0

2143 2513 2392 2578 suadeat,
2431 2528 2499 2566 ne
2530 2527 2913 2583 perversorum
2954 2509 3188 2565 credens
3226 2508 3488 2570 consiliis,
3542 2508 3602 2561 in
3634 2509 3761 2562 talia

2143 2616 2200 2655 se
2257 2600 2492 2655 ulterius
2549 2601 2822 2668 immittat,
2866 2599 3049 2671 qualia
3093 2605 3282 2652 contra
3320 2596 3541 2650 fratrem
3601 2612 3759 2651 suum

2144 2693 2397 2750 Karolum
2432 2702 2563 2750 tunc
2592 2702 2813 2768 egerat;
2846 2695 2996 2747 unde
3023 2693 3130 2747 tale
3161 2691 3403 2746 dedecus
3434 2690 3763 2760 ipsiaccide—

2144 2794 2246 2854 rat,
2287 2786 2449 2856 quale
2478 2801 2588 2841 non
2643 2785 2955 2852 accidisset,
2997 2785 3041 2839 si
3083 2783 3559 2839 exhortationibus
3602 2783 3764 2850 hujus

2145 2875 2334 2930 domni
2363 2874 2642 2929 Hincmari
2673 2873 2990 2944 aquiescere
3020 2871 3304 2928 voluisset.

2214 2966 2458 3020 Trasulfo
2523 2962 2584 3032 li,
2630 2964 2933 3035 Transulfo]
2979 2963 3296 3019 Corbeiensi
3338 2978 3462 3018 cum
3505 2961 3767 3016 fratribus

2143 3053 2250 3108 sibi
2277 3053 2562 3123 subjectis,
2596 3068 2695 3124 pro
2726 3053 2962 3124 quodam
3017 3053 3202 3120 fratre,
3235 3051 3326 3124 qui
3374 3052 3765 3124 prmsumptive

2144 3145 2489 3200 abscesserat
2513 3161 2545 3200 a
2579 3144 2934 3207 monasterio,
2970 3159 3130 3214 quem
3173 3160 3205 3199 a
3234 3158 3363 3216 rege
3392 3151 3680 3214 receptum
3712 3143 3766 3196 in

2144 3237 2316 3310 gratia
2356 3246 2691 3309 prmceperat
2748 3237 2895 3290 idem
2945 3236 3190 3306 pontifex
3245 3236 3312 3290 ad
3363 3238 3765 3292 monasterium

2145 3329 2343 3383 festine
2369 3329 2590 3395 reverti,
2623 3344 2722 3399 pro
2753 3343 2862 3399 quo
2896 3344 2989 3382 rex
3028 3335 3332 3401 rogaverat,
3362 3337 3422 3381 ut
3451 3330 3762 3392 mandaret,

2145 3427 2419 3490 quatenus
2445 3420 2499 3474 in
2534 3420 2868 3476 monasterio
2901 3418 3128 3490 paciﬁce
3157 3420 3555 3491 susciperetur.
3584 3421 3764 3476 donec

2144 3511 2578 3566 conversationis
2626 3511 2746 3579 ejus
2780 3511 2979 3566 modus
3003 3527 3034 3564 a
3065 3525 3219 3583 rege,
3251 3517 3306 3565 et
3348 3510 3549 3564 eodem
3577 3511 3763 3565 archi-

2144 3602 2406 3674 episcopo
2440 3609 2686 3674 tempore
2717 3610 3028 3674 opportuno
3055 3601 3480 3672 disponeretur;
3514 3603 3675 3668 item,
3699 3603 3765 3656 ad

2143 3690 2368 3745 eosdem
2409 3691 2706 3765 gratiarum
2769 3689 3015 3745 referens
3048 3691 3301 3746 actiones
3349 3707 3448 3763 pro
3509 3692 3766 3763 impensa

2145 3780 2253 3835 sibi
2289 3781 2358 3835 ab
2391 3781 2472 3836 eis
2524 3782 2889 3854 benignitate,
2937 3798 3254 3838 memorans
3284 3799 3343 3837 se
3373 3784 3678 3854 plurimum
3715 3785 3768 3837 in

2147 3887 2338 3928 eorum
2392 3873 2737 3930 orationibus
2780 3874 3080 3940 confidere,
3115 3883 3169 3931 et
3213 3876 3294 3930 eis
3320 3875 3582 3930 devotum
3641 3876 3769 3930 exi-

2148 3971 2314 4028 stere,
2361 3963 2891 4035 commonitoriaque
2946 3965 3136 4019 salutis
3165 3965 3247 4018 eis
3299 3963 3547 4036 dirigens
3579 3965 3770 4021 horta-

2149 4060 2352 4122 menta,
2402 4059 2462 4109 ut
2513 4055 2718 4127 quique
2777 4056 2828 4111 in
2889 4057 3024 4127 ipsis
3068 4072 3263 4111 navem
3312 4055 3615 4112 Dominicae
3664 4073 3770 4132 gu-

2148 4143 2489 4202 bernationis
2538 4152 2894 4217 susceperant
2951 4147 3270 4220 regendam,
3320 4152 3513 4201 contra
3571 4147 3765 4202 insur-

2145 4239 2392 4310 gentium
2429 4243 2810 4310 tempestatum
2840 4238 3078 4309 impetus
3128 4239 3360 4312 impigra
3388 4240 3769 4296 sollicitudine

2147 4327 2386 4400 dirigere
2416 4328 2695 4394 studeant,
2725 4333 2780 4380 et
2807 4332 2865 4380 ut
2897 4327 3286 4396 persecutione
3313 4327 3627 4386 imminenti
3679 4347 3771 4402 pa-

2146 4434 2413 4494 ganorum
2445 4434 2778 4491 quacunque
2799 4419 3171 4474 recedendum
3203 4420 3292 4487 sit,
3318 4437 3349 4475 a
3371 4421 3522 4477 bono
3556 4437 3770 4493 propo-

2188 4471 2412 4475 μνη-τίη
2454 4471 2771 4491 rma,“
3206 4471 3292 4487 π,
3321 4471 3517 4477 ηπ--
3559 4471 3734 4493 τη.-

2066 4471 2123 4540 D
2146 4471 2250 4563 :ito
2281 4523 2391 4563 non
2437 4507 2718 4573 recedant,
2753 4516 2892 4574 etc.;
2939 4507 3096 4576 item,
3135 4508 3416 4576 Hilduino,
3465 4517 3526 4564 ut
3556 4519 3771 4566 certare

2147 4608 2407 4672 procuret
2437 4600 2582 4672 apud
2610 4616 2794 4675 regem
2845 4617 2950 4672 pro
2975 4602 3248 4658 electione
3277 4602 3552 4658 canonica
3585 4604 3773 4659 Eccle-

2147 4694 2242 4749 sim
2282 4693 2614 4750 Morinensis
2639 4692 3018 4760 concedenda,
3072 4695 3201 4766 quia
3233 4703 3286 4751 et
3315 4697 3433 4766 ipse
3465 4695 3575 4751 hoc
3602 4712 3770 4771 agere

2147 4791 2422 4857 satageret
2439 4789 2702 4854 quantum
2734 4789 2936 4854 posset.

2213 4893 2500 4966 Adalgario
2516 4891 2726 4959 abbati,
2749 4892 2953 4967 gratias
2971 4891 3218 4947 referens
3233 4890 3304 4946 de
3334 4891 3687 4948 orationibus
3704 4893 3773 4949 ab

2142 4985 2262 5056 ipso
2289 4993 2346 5039 et
2374 4983 2634 5040 fratribus
2665 4983 2771 5038 sibi
2817 4983 3126 5039 commissis
3162 4983 3274 5039 Deo
3308 4999 3406 5054 pro
3448 5000 3510 5038 se
3540 4985 3768 5052 oblatis,

2143 5082 2197 5128 et
2228 5073 2296 5128 de
2327 5071 2719 5128 benedictione
2761 5072 3030 5128 donorum
3086 5072 3262 5143 ipsius
3318 5071 3557 5139 abbatis,
3618 5089 3772 5129 com-

2141 5179 2457 5219 memorans
2504 5162 2673 5218 etiam
2725 5163 2793 5218 de
2851 5163 3018 5219 rebus
3070 5163 3330 5219 Ecclesiae
3377 5163 3673 5220 Remensis
3718 5167 3770 5220 in

2140 5255 2440 5328 Thoringia
2471 5253 2610 5320 sitis,
2652 5271 2789 5325 quas
2821 5255 3036 5311 cuidam
3076 5255 3346 5310 Amalrico
3391 5258 3770 5322 commiserat,

2147 5346 2245 5401 sed
2275 5346 2391 5415 ipse
2415 5345 2557 5400 male
2595 5344 2799 5400 abusus
2829 5345 2909 5400 eis
2940 5345 3188 5401 divinum
3234 5345 3471 5416 proinde
3493 5347 3768 5415 judicium

2146 5434 2470 5504 susceperit,
2503 5449 2752 5506 quasque
2785 5434 2928 5490 idem
2969 5435 3142 5491 abbas
3171 5435 3276 5491 sub
3305 5451 3478 5492 censu
3510 5437 3620 5492 sibi
3653 5437 3770 5492 dari

2144 5524 2389 5595 petebat.
2417 5527 2524 5583 Sed
2554 5527 2700 5582 idem
2720 5527 2960 5583 domnus
2990 5528 3314 5585 Hincmarus
3344 5528 3404 5583 id
3433 5545 3602 5604 agere
3647 5529 3773 5583 sine

2143 5613 2468 5671 clericorum
2527 5630 2749 5672 suorum
2810 5617 3042 5674 consilio
3095 5631 3360 5683 renuens,
3426 5619 3656 5673 mandat
3715 5625 3775 5672 ut
