3970 6218
153 241 252 296 233

766 230 1090 287 HISTORUE
1130 227 1456 283 ECCLESI/E
1493 223 1821 282 REMENSIS
1862 224 2039 280 LIBRI
2080 226 2405 291 QUATUOR.
2446 258 2515 270 —
2554 229 2680 284 LIB.
2724 229 2815 283 Ill.

3358 231 3465 286 234

157 393 367 450 easdem
393 390 461 444 ad
486 387 913 445 custodiendum
963 386 1182 441 interim
1248 384 1531 455 suscipiat,
1564 391 1618 437 et
1672 382 1763 435 de-
1784 361 2120 431 Armorum
2188 366 2649 421 monasteriorum
2698 382 2797 436 Per
2824 366 3239 421 00n0093ionem
3273 383 3460 441 regum

159 480 500 553 scriptionem
567 477 889 533 earumdem
947 476 1053 529 sibi
1106 474 1320 528 mittere
1387 472 1652 537 studeat,
1710 478 1764 525 et

158 582 342 645 postea
367 569 512 642 quod
543 584 667 623 cum
733 564 1235 622 ecclesiasticorum
1305 562 1537 618 consilio
1600 561 1763 623 mini-

159 675 379 719 strorum
424 658 808 716 rationabilius
837 655 1295 721 consideraverit,
1328 655 1378 709 ei
1408 654 1764 709 remandatu-

159 772 245 811 rus
270 755 356 809 sit.
397 754 531 808 Item
563 767 633 822 po
664 750 858 804 eadem
896 765 952 803 re
986 754 1109 818 post
1141 747 1367 801 missam
1399 746 1504 801 sibi
1550 744 1765 799 descri-

164 847 425 917 ptionem,
456 839 778 916 signiﬁcans
810 840 1035 909 insuper
1098 837 1373 893 Ludovico
1414 837 1527 909 regi
1575 850 1634 888 se
1668 849 1764 904 pro

159 936 345 991 iisdem
379 933 770 989 rebuslitteras
830 930 1074 994 misisse,
1116 929 1179 983 ad
1230 929 1551 999 petitionem
1589 926 1765 996 ipsius

159 1028 383 1091 abbatis,
408 1023 745 1080 notiﬁcando
777 1023 926 1093 ipsas
960 1036 1047 1075 res
1075 1021 1257 1075 cidem
1290 1020 1473 1075 abbati
1505 1036 1565 1073 se
1597 1035 1754 1073 com—

162 1118 387 1181 misisse,
440 1116 683 1187 petendo
746 1129 986 1185 quoque,
1043 1118 1102 1166 ut
1158 1112 1208 1166 ei
1260 1112 1514 1166 solatium
1568 1109 1755 1175 ferret,

161 1218 417 1281 quatenus
445 1205 594 1277 ipsas
631 1204 889 1259 ordinare
930 1204 1118 1274 quiete
1150 1203 1375 1257 valeret.
1410 1201 1516 1255 Sed
1542 1209 1596 1255 et
1616 1201 1759 1271 Pep—

162 1298 282 1369 poni
311 1295 550 1359 cuidam,
583 1292 988 1363 compescendo
1021 1307 1145 1347 eum
1176 1292 1244 1345 ab
1276 1291 1467 1344 barum
1489 1290 1758 1361 inquieta-

162 1388 300 1442 tione
326 1401 508 1440 rerum
536 1402 550 1447 ;
582 1382 806 1436 familiae
838 1397 1059 1453 quoque
1092 1381 1146 1434 in
1185 1380 1393 1434 eisdem
1425 1380 1590 1434 rebus
1621 1395 1753 1434 con-

159 1470 356 1525 sistenti
389 1470 587 1525 litteris
612 1470 902 1536 mandans,
964 1486 1074 1539 quo
1137 1469 1319 1523 eidem
1370 1468 1556 1525 abbati
1618 1468 1755 1522 obe-

158 1561 360 1616 dientes
387 1563 445 1616 in
474 1562 687 1616 cunctis
739 1561 1056 1615 existerent.
1092 1552 1379 1614 Anastasio
1445 1559 1753 1613 venerabili

1863 455 2118 509 abbatem
2152 456 2517 511 constituerit.
2568 456 2764 511 Contra
2794 472 2914 527 quae
2944 457 3035 511 ille
3069 458 3318 528 potentia
3349 459 3468 514 ele-

1862 552 2037 610 vatus,
2065 544 2391 600 seditionem
2423 561 2541 616 qum
2566 546 2621 599 in
2678 546 2779 600 hac
2831 544 3091 612 Ecclesia,
3141 546 3225 600 vel
3282 549 3338 601 in
3372 548 3466 603 illo

1866 649 2036 705 regno
2062 633 2206 687 male
2236 634 2586 708 grassabatur
2641 634 2980 699 excitaverit,
3040 633 3358 706 quibusque
3389 636 3465 689 si-

1867 723 2019 777 milia
2039 724 2294 795 gesserit,
2328 731 2381 777 et
2420 722 2642 794 quantis
2671 724 2828 777 malis
2856 722 3131 777 obnoxius
3152 723 3241 787 sit,
3276 740 3468 793 prose-

1866 811 2089 882 quendo
2128 810 2481 876 manifestat;
2515 811 2812 866 obsecrans
2838 818 2900 864 ut
2928 811 3122 864 horum
3155 811 3471 867 reminisca-

1867 914 1971 971 tur,
2005 913 2058 961 et
2078 920 2265 962 vocem
2292 907 2524 975 Domini]
2549 923 2609 959 se
2650 905 2958 961 revocantis
3004 906 3211 971 audiat,
3243 908 3469 962 animae-

1865 1013 1971 1068 que
2002 1012 2114 1051 suae
2146 996 2826 1065 misereatur(Eccli.xxxi,
2860 1002 2917 1049 ut
2947 996 3176 1050 salutem
3202 998 3467 1068 consequi

1859 1091 2133 1139 mereatur
2166 1102 2179 1151 ;
2222 1084 2373 1150 item,
2408 1098 2505 1154 pro
2536 1083 2876 1138 correctione
2910 1083 3085 1153 ipsius
3120 1085 3230 1138 Deo
3260 1084 3469 1157 gratias

1859 1195 2048 1249 agens,
2080 1185 2133 1233 et
2163 1195 2326 1233 orans
2347 1186 2404 1232 ut
2429 1176 2719 1233 conﬁrmet
2751 1179 2893 1231 Deus
2926 1179 3073 1248 quod
3108 1186 3367 1248 Operatus
3385 1188 3468 1233 est

1860 1268 1917 1321 in
1949 1284 2014 1323 eo
2038 1269 2199 1337 (Psal.
2225 1266 2405 1337 vau),
2440 1276 2497 1320 et
2555 1267 2648 1320 det
2693 1266 2771 1319 illi
2827 1274 2881 1319 et
2939 1266 3078 1320 velle
3111 1274 3163 1320 et
3204 1265 3468 1336 perﬁcere

1860 1360 2057 1429 (Philip
2089 1359 2147 1429 ιι)
2180 1375 2301 1430 quae
2334 1358 2438 1412 sibi
2466 1364 2591 1411 sunt
2620 1356 2817 1428 placita
2847 1373 2944 1427 pro
2968 1356 3114 1410 bona
3170 1357 3470 1424 voluntate,

1855 1458 1910 1503 et
1934 1455 2130 1503 caetera
2148 1448 2733 1519 quaedamGrunhario
2768 1447 2886 1516 [τηε.
2907 1445 3231 1516 Grimbario]
3256 1446 3466 1512 abbati,

1858 1554 1956 1607 pro
1988 1538 2152 1592 rebus
2180 1545 2381 1592 sancta:
2411 1536 2588 1590 Mariae
2620 1543 2673 1589 et
2703 1536 2876 1592 sancti
2906 1534 3139 1608 Remigii
3190 1536 3245 1588 in
3297 1537 3472 1590 Aver—

160 1652 331 1707 abbati
360 1670 425 1708 ac
454 1652 881 1707 bibliothecario
921 1657 1121 1705 sancta}
1182 1652 1439 1706 Romanae
1480 1651 1755 1716 Ecclesiae,
1784 1673 1835 1741 Β
1859 1631 1984 1685 nico
2006 1630 2325 1741 ιρδὲοιδίξίδν
2359 1645 2507 1741 fit”?
2527 1628 2884 1741 ίηξθΓδίΧξΓδί
2926 1628 3223 1741 ,ξδθτηξηάίξ
3254 1629 3469 1693 Commi

160 1740 439 1812 gratiarum
458 1738 705 1794 referens
730 1738 978 1793 actiones
996 1754 1093 1807 pro
1109 1737 1595 1792 benedictionibus
1630 1754 1757 1792 san-

160 1827 400 1881 ctissimis
432 1828 502 1881 ab
536 1842 600 1882 eo
622 1826 728 1881 sibi
755 1842 853 1897 per
907 1826 1197 1880 Actardum
1256 1827 1580 1897 episcopum
1615 1828 1757 1881 dire-

158 1919 286 1983 ctis;
337 1935 470 1973 suas
500 1918 682 1973 eidem
716 1933 936 1989 quoque
969 1918 1153 1971 abbati
1188 1919 1413 1972 mittens
1466 1935 1756 1972 munerum

159 2010 583 2065 benedictiones.
623 2010 877 2075 Quaedam
913 2008 1077 2063 etiam
1137 2010 1401 2079 epuscula
1437 2025 1536 2064 suo
1569 2010 1757 2065 labore

159 2101 387 2157 confecta
420 2102 527 2172 ipsi
562 2101 824 2171 delegans
851 2118 864 2165 ;
895 2101 1048 2164 item,
1088 2116 1185 2171 pro
1233 2101 1521 2156 beneﬁciis
1553 2102 1655 2156 sibi
1689 2102 1755 2155 ab

160 2204 220 2243 eo
239 2190 469 2257 collatis,
506 2198 561 2244 et
582 2200 641 2244 ut
661 2190 1069 2264 suggestionem
1086 2207 1239 2244 suam
1266 2192 1468 2246 domno
1493 2208 1645 2262 papae
1675 2207 1759 2246 ac-

158 2284 476 2353 ceptabilem
525 2282 706 2346 faciat,
763 2290 817 2336 et
866 2281 935 2335 de
995 2282 1261 2336 memoria
1312 2282 1755 2350 benedictionis,

160 2385 306 2438 quam
338 2368 617 2443 dirigebat
648 2369 699 2423 ei
734 2369 814 2436 (de
844 2370 937 2422 hoc
966 2385 1136 2438 supra
1164 2386 1282 2439 cap.
1333 2370 1444 2438 2'1.)
1500 2370 1758 2445 Gregorio

158 2459 386 2527 ejusdem
410 2461 674 2515 Romanae
704 2460 960 2515 Ecclesiae
986 2462 1412 2528 nomenclatori,
1456 2469 1510 2516 et
1543 2462 1759 2532 apocri-

162 2551 331 2618 siario,
356 2568 617 2606 asserens
643 2552 793 2622 quod
814 2552 1074 2621 praefatus
1103 2552 1422 2607 Anastasius
1457 2555 1626 2608 multa
1659 2553 1760 2609 bo-

165 2640 333 2695 nitatis
358 2640 604 2712 insignia
635 2640 740 2693 sibi
767 2639 833 2693 de
866 2640 986 2710 ipso
1014 2639 1131 2693 suis
1163 2640 1364 2694 litteris
1397 2640 1754 2711 intimaverit,

166 2738 213 2785 et
240 2733 376 2802 quod
408 2748 671 2795 magnam
705 2728 960 2785 ﬁduciam
996 2730 1052 2783 in
1086 2730 1263 2801 ipsius
1316 2731 1521 2786 habere
1574 2742 1759 2802 posset

163 2823 381 2878 amicitia
428 2822 730 2877 sinceriter
786 2822 1172 2885 mandaverit;
1236 2822 1383 2875 unde
1436 2828 1489 2875 et
1537 2823 1671 2892 petit
1702 2833 1761 2880 ut

164 2909 321 2964 isdem
344 2910 648 2985 Gregorius
666 2926 723 2964 se
748 2910 890 2963 inter
919 2908 1110 2964 ﬁdeles
1149 2910 1358 2964 amicos
1390 2926 1520 2965 suos
1569 2918 1759 2967 tenere

1858 1723 2126 1776 mandans
2157 1722 2287 1777 huic
2324 1721 2508 1776 abbati
2539 1729 2712 1775 uteas
2764 1718 3122 1783 describeret,
3173 1728 3227 1773 ct
3281 1736 3469 1774 earum

1857 1811 2286 1881 descriptionem
2314 1810 2419 1863 sibi
2442 1810 2701 1863 deferret.
2726 1808 3221 1882 Adalgariovocato
3255 1810 3474 1879 episco-

1859 1919 2056 1974 po,pro
2078 1902 2244 1956 rebus
2266 1900 2553 1956 Remensis
2570 1899 2819 1953 ecclesiae
2839 1898 2894 1951 in
2910 1897 3197 1968 Aquitanis
3226 1899 3474 1968 partibus

1857 1993 2293 2062 conjacentibus,
2354 2008 2490 2064 quas
2538 1990 2847 2045 Bernardus
2920 1988 3226 2043 Tolosanus
3283 2005 3472 2044 comes

1858 2091 2242 2155 occupaverat,
2275 2092 2329 2138 et
2358 2084 2486 2155 quia
2518 2084 2696 2153 pretio
2728 2097 2822 2136 eas
2840 2081 3095 2137 obtinere
3129 2096 3239 2135 non
3272 2080 3468 2150 potuil,

1861 2178 2274 2249 depraedatione
2308 2174 2709 2248 pessumdedit,
2740 2173 2917 2227 donec
2972 2172 3116 2226 Deus
3145 2170 3273 2224 inde
3306 2186 3463 2223 suum

1856 2270 2127 2340 judicium
2159 2268 2405 2323 exercuit
2438 2284 2449 2319 :
2485 2280 2733 2336 quasque
2767 2264 2910 2317 idem
2945 2264 3181 2317 domnus
3214 2262 3469 2316 Hincma-

1860 2382 1953 2419 rus
1972 2364 2246 2435 Agilmaro
2269 2363 2532 2433 episcopo
2564 2359 2935 2424 commiserat,
2961 2358 3183 2428 quando
3198 2358 3365 2410 etiam
3399 2356 3468 2410 de

1862 2459 2105 2523 incestis,
2164 2466 2219 2513 et
2277 2454 2702 2527 usurpatoribus
2734 2469 2916 2507 rerum
2973 2451 3467 2506 ecclesiasticarum

1864 2547 2379 2615 libellum,jubente
2401 2561 2549 2618 rege,
2576 2543 2680 2613 ipsi
2706 2543 2968 2613 episcopo
2982 2542 3227 2596 dederat.
3254 2542 3473 2595 Manda-

1863 2651 1917 2697 ta
1935 2657 2154 2714 quoque
2186 2655 2285 2711 pro
2315 2637 2526 2692 eisdem
2555 2636 2720 2690 rebus
2750 2636 2817 2689 ad
2857 2634 3112 2688 eumdem
3147 2634 3467 2704 episcopum

1864 2734 1989 2787 data
2009 2733 2139 2787 huic
2160 2731 2351 2805 dirigit
2384 2748 2396 2783 :
2428 2737 2562 2783 etut
2606 2743 2730 2781 cum
2788 2726 2986 2780 eodem
3049 2726 3151 2780 iste
3219 2741 3469 2797 quoque,

1862 2827 2189 2897 participato
2218 2823 2474 2887 consilio,
2512 2837 2610 2891 pro
2634 2821 2771 2891 ipsis
2816 2819 2981 2874 rebus
3011 2827 3243 2893 satagat,
3290 2821 3474 2875 horta-

1864 2928 1970 2984 tur,
2000 2917 2265 2989 quosdam
2295 2914 2596 2987 designans
2630 2928 2820 2984 pagos,
2852 2912 2905 2965 in
2935 2911 3139 2983 quibus
3157 2912 3365 2965 eaedem
3389 2928 3475 2966 res

165 2999 418 3072 dignetur.
466 3000 727 3054 Guntario
751 2999 960 3068 abbati,
1011 3016 1108 3069 pro
1152 3001 1391 3070 quodam
1448 3001 1759 3075 irreligioso
1785 3037 1835 3105 C
1863 3009 2238 3077 conjacerent,
2280 3004 2606 3059 Avernicum
2649 3004 2924 3069 videlicet,
2980 3002 3473 3076 Nigrummonten-

163 3092 429 3159 monacho,
472 3107 636 3162 quem
670 3091 739 3145 de
766 3091 1103 3145 monasterio
1137 3091 1503 3146 irreverenter
1534 3093 1757 3163 proprio

162 3178 304 3235 libitu
331 3180 600 3237 recedere
614 3179 866 3234 sciverat.
885 3179 1039 3233 Unde
1068 3178 1227 3234 valde
1244 3180 1756 3250 reprehenditeum,

162 3271 439 3326 ostendens
480 3287 545 3324 ex
599 3270 921 3324 auctoritate
976 3271 1177 3344 regulae
1217 3271 1363 3341 quod
1400 3271 1470 3326 ita
1524 3288 1632 3325 non
1664 3272 1762 3324 de-

166 3360 361 3417 buisset
388 3379 519 3417 eum
553 3362 879 3425 dimittere;
940 3369 1239 3432 monetque
1298 3370 1358 3416 ut
1409 3379 1532 3416 cum
1591 3363 1760 3417 misso

172 3453 303 3526 regis
330 3454 700 3526 perquiratur,
734 3459 787 3507 et
817 3453 1339 3523 comprehendatur,
1375 3463 1540 3523 atque
1564 3453 1617 3507 in
1655 3469 1765 3508 mo-

175 3546 459 3600 nasterium
494 3545 810 3613 reducatur,
829 3552 883 3600 et
915 3544 967 3598 in
1014 3545 1319 3599 arctissima
1363 3544 1611 3599 custodia
1669 3561 1763 3599 re-

174 3632 423 3699 trudatur,
450 3634 883 3704 ejusqueculpae
934 3631 1341 3698 describantur,
1396 3632 1619 3703 sibique
1674 3633 1773 3686 de-

173 3725 521 3796 scriptioipsa
552 3741 674 3780 cum
707 3724 915 3795 proprii
950 3724 1199 3794 episcopi
1252 3725 1450 3778 litteris
1480 3725 1769 3797 dirigatur,

174 3823 227 3868 ut
251 3818 551 3872 secundum
592 3833 773 3871 sacras
800 3816 1018 3891 regulas
1042 3832 1165 3871 cum
1199 3816 1429 3871 consilio
1480 3816 1772 3886 coepisco-

176 3922 362 3976 porum
394 3910 461 3965 de
484 3910 610 3981 ipso
642 3909 922 3963 decernat.
957 3908 1202 3971 Gozlino,
1234 3924 1333 3979 pro
1369 3908 1648 3963 Bernardo
1679 3924 1772 3963 ne-

178 4007 297 4069 pote
327 4002 522 4073 ipsius,
545 4001 639 4073 qui
660 4002 992 4057 seditionem
1033 4007 1223 4057 contra
1255 4017 1439 4073 regem
1464 4001 1645 4056 moliri
1691 4000 1772 4055 fe-

179 4089 410 4159 rebatur,
442 4093 672 4147 hortans
691 4098 750 4145 ut
779 4091 847 4145 ab
878 4090 982 4145 hac
1039 4090 1348 4145 intentione
1379 4090 1599 4146 studeat
1649 4107 1771 4146 eum

181 4196 445 4244 revocare.
510 4192 567 4238 et
619 4192 679 4238 ut
736 4184 859 4254 ipse
916 4181 1176 4237 Gozlinus
1224 4198 1323 4252 pro
1381 4184 1535 4239 nullo
1568 4183 1771 4237 carnali

177 4271 360 4329 aﬂectu
384 4291 415 4329 a
441 4281 592 4331 recta
616 4275 706 4329 via
736 4275 1011 4341 declinet;
1060 4273 1282 4328 fratrem
1343 4291 1567 4347 quoque
1614 4292 1773 4329 suum

179 4360 480 4418 Gozfridum
515 4373 887 4431 commoneat,
919 4372 978 4419 ut
999 4365 1163 4420 ambo
1191 4380 1466 4420 memores
1486 4375 1774 4437 parentum

178 4464 393 4506 suorum
442 4469 473 4508 a
495 4451 645 4507 ﬁdeli
668 4452 987 4507 sinceritate
1010 4453 1149 4523 gnon
1210 4453 1549 4528 degenerent
1577 4473 1591 4521 ;
1625 4456 1777 4523 item,

180 4541 465 4609 quierendo
498 4557 598 4595 cur
617 4540 685 4595 ad
720 4555 778 4595 se
808 4542 1034 4595 missum
1066 4541 1151 4596 vel
1186 4543 1392 4597 litteras
1420 4559 1527 4599 non
1573 4545 1783 4619 dirige-

178 4636 276 4694 ret,
299 4637 359 4683 ut
400 4628 583 4685 facere
614 4630 809 4686 solitus
868 4630 1067 4697 fuerat,
1108 4632 1405 4687 exhortans
1450 4640 1508 4686 ut
1566 4632 1619 4685 id
1669 4633 1783 4686 fre-

180 4726 406 4789 quenter
453 4737 554 4791 pro
598 4728 793 4777 mutua
834 4722 1136 4779 dilectione
1186 4730 1351 4795 atque
1401 4724 1783 4779 consolatione

181 4805 357 4865 facere
385 4810 628 4877 studeat;
658 4809 1149 4884 item,!signiﬁcans
1173 4814 1451 4884 quomodo
1482 4814 1552 4868 de
1584 4813 1785 4868 dilecto

184 4893 292 4952 ﬁlio
314 4898 366 4952 ei
397 4899 660 4955 Gozlinus
681 4900 827 4955 idem
858 4900 1033 4957 factus
1093 4902 1166 4956 sit
1196 4902 1479 4967 inimicus,
1512 4909 1567 4957 et
1606 4904 1788 4957 adhuc

184 4984 405 5042 charum
439 4987 617 5045 ﬁlium
645 4992 903 5047 eumdem
934 4991 1207 5059 nominat,
1238 5001 1295 5047 et
1324 4991 1554 5060 injurias
1579 4992 1685 5046 sibi
1717 4992 1784 5046 ab

184 5088 246 5129 eo
276 5075 456 5133 illatas
478 5094 589 5134 non
629 5080 806 5135 solum
850 5083 1143 5151 patienter,
1200 5083 1298 5136 sed
1352 5088 1407 5137 et
1452 5081 1691 5136 libenter
1727 5096 1786 5135 se

182 5161 317 5221 ferre
340 5169 642 5239 depromit,
665 5173 883 5243 acpetit
909 5181 967 5228 ut
1023 5172 1428 5240 reminiscatur,
1490 5174 1621 5243 quia
1679 5172 1787 5226 Re-

182 5257 383 5311 mensis
404 5260 644 5315 ecclesia
676 5277 802 5316 eum
865 5263 1211 5337 regeneravit
1254 5263 1311 5316 in
1372 5262 1606 5330 Christo,
1666 5270 1791 5317 ton-

182 5360 409 5421 sumque
426 5350 484 5405 in
514 5353 772 5409 clericum
796 5353 899 5409 sub
940 5353 1210 5427 religione
1257 5354 1548 5408 nutriverit
1605 5360 1659 5407 et
1691 5354 1793 5409 do-

180 5438 368 5506 cuerit,
403 5440 474 5494 de
507 5443 763 5515 captione
784 5460 1122 5517 paganorum
1147 5444 1463 5507 redemerit,
1494 5443 1559 5497 ad
1590 5444 1793 5515 gradus

180 5524 597 5590 Ecclesiasticos
633 5551 810 5607 usque
835 5537 905 5591 ad
934 5538 1288 5594 diaconatum
1310 5535 1644 5607 provexerit,
1666 5535 1793 5606 plu-

1869 3095 2390 3165 sem,Lemovicum,
2416 3101 2471 3147 et
2494 3094 2794 3147 Pictavum.
2813 3094 2870 3146 In
2905 3092 3029 3147 aliis
3056 3110 3275 3164 quoque
3298 3094 3476 3167 pagis,

1871 3205 2104 3263 quorum
2134 3203 2243 3242 non
2274 3186 2548 3250 meminit,
2572 3186 2670 3239 sed
2700 3186 2769 3239 ab
2801 3186 2907 3240 hoc
2937 3186 3145 3255 requiri
3174 3193 3341 3257 atque
3381 3188 3481 3240 de-

1870 3280 2060 3341 scribi,
2083 3276 2492 3347 sibiqueipsam
2526 3273 2955 3343 descriptionem
2987 3276 3130 3327 mitti
3151 3276 3302 3343 petit.
3332 3276 3482 3329 Lam-

1866 3371 2025 3424 bcrto
2056 3380 2298 3437 quoque,
2340 3378 2503 3433 quem
2552 3361 2716 3415 unice
2773 3360 3033 3416 dilectum
3066 3377 3129 3415 ac
3154 3362 3477 3418 visceralem

1865 3460 2035 3514 ﬁlium
2068 3472 2224 3511 suum
2259 3462 2544 3519 memorat,
2578 3453 2885 3509 admonens
2916 3466 2972 3511 et
3009 3460 3308 3513 exhortans
3341 3476 3484 3529 qua-

1868 3555 1997 3609 liter
2026 3566 2188 3623 agere
2211 3548 2413 3602 debeat
2435 3563 2564 3619 erga
2592 3546 2736 3612 illos,
2770 3547 2916 3602 inter
2945 3566 3085 3619 quos
3117 3550 3483 3606 conversaba-

1874 3652 1982 3711 tur,
2005 3653 2060 3698 et
2089 3641 2183 3714 qui
2216 3657 2337 3696 cum
2371 3638 2599 3693 eiecturi
2659 3654 2781 3693 esse
2811 3639 3146 3695 videbantur
3174 3643 3239 3696 ad
3270 3642 3489 3712 episco-

1874 3742 2060 3807 patum
2093 3735 2451 3788 Mettensem:
2495 3729 2772 3801 praecipue
2812 3746 3047 3785 monens
3070 3740 3280 3803 pestem
3308 3732 3490 3788 Simo-

1875 3824 2045 3878 niacae
2111 3823 2385 3875 haereseos
2462 3818 2516 3872 in
2583 3818 2840 3872 omnibus
2903 3835 3263 3889 prmcavere.
3356 3821 3491 3883 Quia

1872 3914 2161 3987 proﬁcere,
2194 3912 2391 3984 inquit,
2425 3911 2481 3964 in
2509 3910 2887 3966 ecclesiastico
2920 3912 3093 3984 gradu
3126 3928 3235 3967 non
3261 3914 3486 3982 poterit,

1874 4004 1967 4076 qui
2000 4004 2067 4058 ad
2098 4004 2202 4058 hoc
2230 4009 2287 4056 ut
2326 4001 2617 4055 hmreticus
2672 3999 2785 4067 ﬁat,
2847 4008 3221 4069 promovetur.
3282 4000 3493 4056 Suadet

1877 4096 2040 4151 etiam
2067 4102 2125 4149 ut
2164 4093 2410 4168 regulam
2451 4091 2781 4162 pastoralem
2836 4091 3009 4146 sancti
3065 4091 3307 4166 Gregorii
3337 4091 3492 4146 festi-

1874 4196 2072 4242 nanter
2101 4186 2246 4260 legat
2276 4201 2337 4239 ac
2356 4190 2544 4238 mente
2603 4183 2883 4245 recondat,
2919 4190 2973 4237 et
3003 4184 3309 4238 secundum
3344 4199 3493 4237 eam-

1876 4281 2001 4335 dem
2026 4277 2271 4351 regulam
2318 4292 2377 4329 se
2432 4273 2667 4328 interius
2727 4280 2782 4328 et
2834 4273 3073 4328 exterius
3106 4275 3160 4327 in
3189 4275 3352 4337 viam,
3390 4292 3497 4345 qua

1878 4375 1944 4430 ad
1985 4372 2363 4443 episcopatum
2394 4368 2730 4439 pervenitur,
2766 4368 2987 4441 dirigat,
3022 4376 3075 4423 et
3110 4384 3206 4439 per
3240 4385 3405 4440 quam
3440 4370 3497 4424 in

1887 4462 2206 4533 episcopatu
2232 4457 2300 4511 ad
2334 4457 2495 4511 vitam
2528 4462 2787 4510 aeternam
2824 4455 3087 4521 tenditur,
3123 4457 3389 4530 corrigat,
3422 4458 3501 4511 si-

1882 4552 2151 4627 gniﬁcans
2171 4566 2228 4604 se
2252 4547 2443 4603 amicis
2469 4547 2603 4609 suis,
2634 4553 2740 4600 tam
2770 4546 3051 4616 episCOpis
3080 4564 3247 4617 quam
3278 4549 3501 4603 comiti-

1882 4647 1990 4701 bus
2019 4643 2173 4718 regni
2241 4640 2479 4697 Lotharii
2536 4654 2635 4709 pro
2692 4654 2758 4693 eo
2789 4639 3001 4692 litteras
3041 4638 3306 4712 dirigere,
3336 4638 3498 4695 ﬁdem

1888 4738 2089 4800 facere,
2123 4735 2252 4807 quia
2274 4735 2342 4789 de
2371 4732 2619 4789 consiliis
2649 4739 2703 4785 et
2732 4728 3048 4785 salubribus
3101 4728 3277 4799 ipsius
3295 4731 3500 4786 exhor-

1884 4826 2191 4882 tationibus
2216 4841 2327 4880 non
2343 4822 2609 4886 deviabit,
2636 4820 2885 4892 petitque
2900 4834 2967 4873 ne
2995 4819 3319 4874 mendacem
3336 4836 3506 4889 super

1891 4917 1977 4971 his
2041 4916 2184 4986 apud
2244 4915 2449 4969 amicos
2484 4930 2608 4968 eum
2666 4912 2847 4967 iaciat.
2898 4910 3109 4981 Hugoni
3152 4910 3363 4976 abbati,
3408 4929 3504 4981 pro

1887 5007 2157 5062 electione
2184 5005 2566 5061 Noviomensis
2598 5004 2843 5074 episcopi
2863 5009 2985 5073 post
3007 5002 3296 5057 decessum
3331 5003 3508 5075 Bage-

1888 5094 2085 5160 nelini,
2115 5100 2311 5163 petens
2340 5104 2401 5146 ut
2431 5093 2681 5149 hortetur
2723 5108 2883 5164 reges
2932 5089 3266 5145 Ludovicum
3299 5100 3354 5144 et
3378 5090 3507 5144 Kar-

1890 5185 2208 5238 lomannum
2256 5182 2383 5248 (18),
2429 5188 2705 5251 quatenus
2759 5182 3094 5235 voluntatem
3127 5179 3245 5242 Dei,
3281 5188 3510 5233 etante-

1892 5286 2170 5326 cessorum
2238 5285 2460 5324 suorum
2527 5269 2987 5323 consuetudinem
3058 5268 3112 5321 in
3183 5268 3285 5322 hac
3345 5284 3509 5322 causa

1851 5366 2237 5422 conservent.
2294 5358 2548 5415 Notiﬁcat
2601 5359 2764 5413 etiam
2827 5360 2904 5412 illi
2965 5359 3177 5414 obitum
3236 5358 3507 5414 Hincmari

1895 5449 2115 5520 nepotis
2176 5449 2259 5503 sui
2318 5447 2699 5503 Laudunensis
2748 5446 3017 5516 episcopi,
3069 5464 3270 5520 rogans
3300 5457 3359 5502 ut
3408 5465 3512 5519 pro

1896 5536 2017 5604 ejus
2055 5535 2252 5591 animm
2275 5535 2522 5591 remedio
2553 5552 2653 5605 per
2679 5533 2959 5601 subjectos
2980 5550 3044 5589 ac
3062 5535 3359 5592 familiares
3375 5554 3507 5593 suos

257 5628 365 5699 (18)
408 5630 470 5686 lli
504 5639 664 5689 erant
694 5634 789 5689 ﬁlii
822 5636 1082 5692 Ludovici
1109 5635 1263 5691 Balbi
1294 5650 1355 5689 ac
1373 5640 1611 5703 nepotes
1638 5633 1811 5688 Caroli
1845 5634 2009 5689 Calvi.

478 5737 764 5800 PATROL.
815 5739 1146 5802 CXXXV.

3074 5738 3112 5795 8
