3970 6218
483 207 589 266 935

1579 211 1952 264 FLOI)OARDI
1995 207 2299 262 CANONICI
2342 209 2686 264 REMENSIS.

3705 214 3815 268 236

485 343 699 400 Domini
738 340 1172 398 misericordiam
1203 339 1489 410 deprecari
1520 345 1731 412 satagat
1789 339 1904 409 [ms,
1937 345 2086 391 sata-
2121 341 2168 407 Α
2195 341 2389 394 eodem
2422 349 2697 410 coempta,
2755 355 2917 410 quam
2974 339 3196 410 quidam
3242 355 3432 394 eorum
3487 341 3597 394 sibi
3629 340 3814 394 subri-

483 431 654 506 gaut].
684 433 840 495 ltem,
875 437 933 484 ut
963 427 1204 499 praefatis
1251 428 1476 502 regibus
1509 428 1849 483 necessarios
1878 428 2088 482 consti-

482 529 600 576 tuat
626 520 905 586 nutritios,
937 520 1065 590 quia
1091 521 1255 574 nimis
1286 520 1548 588 juvenem
1593 520 1874 574 habebant
1905 520 2090 574 consi-

482 610 724 675 liarium,
752 616 806 664 et
837 610 905 663 de
938 610 1024 662 his
1044 625 1164 679 qua!
1195 608 1301 661 sibi
1322 609 1489 662 iidem
1521 624 1680 680 reges
1712 622 1809 677 pro
1839 605 2088 660 custodia

481 698 840 753 Tornacensis
865 698 1140 769 parochia:
1167 697 1228 768 [j,
1253 714 1350 768 pro
1381 697 1745 752 custodienda
1775 696 2086 764 Tornacen-

482 789 527 842 si
560 789 838 861 parochia]
889 791 1302 855 mandaverant,
1357 797 1412 844 et
1460 789 1593 860 quid
1649 789 1767 858 ipse
1795 803 1965 857 super
2004 787 2090 840 his

483 891 688 955 egerat,
718 882 922 953 quidve
979 883 1057 936 illi
1117 890 1310 952 postea
1341 881 1804 945 remandaverint,
1847 881 1931 934 vel
1955 879 2089 950 quid

485 969 604 1039 ipse
633 970 983 1041 rescripserit
1025 971 1107 1025 eis
1156 971 1475 1026 nolentibus
1528 985 1814 1025 assensum
1839 966 2088 1039 praebere

482 1074 650 1129 super
675 1059 947 1114 electione
976 1059 1240 1114 canonica
1256 1059 1491 1129 przefatze
1506 1057 1886 1113 Noviomensis
1905 1056 2090 1110 Eccle—

482 1147 579 1202 size
610 1165 624 1213 ;
659 1157 713 1203 et
739 1148 870 1218 quia
901 1149 1018 1218 ipse
1051 1147 1186 1200 nihil
1218 1147 1346 1200 inde
1371 1147 1758 1220 aliud,egerat,
1791 1145 1898 1200 nisi
1940 1146 2089 1216 quod

484 1251 583 1305 per
621 1238 844 1310 triginta
882 1244 936 1291 et
961 1237 1208 1307 quinque
1230 1251 1404 1290 annos
1432 1235 1487 1288 in
1519 1235 1831 1302 hujusmodi
1866 1234 2088 1308 negotio

485 1328 681 1382 solitus
703 1336 838 1382 erat.
870 1329 1082 1399 thuid
1123 1328 1226 1382 sibi
1278 1328 1593 1382 mandatum
1627 1335 1816 1398 postea
1847 1345 1912 1382 ex
1937 1336 2088 1396 parte

487 1431 701 1486 regum,
735 1417 819 1469 vel
849 1416 1024 1486 ipsius
1079 1415 1323 1490 llugonis
1354 1417 1407 1470 in
1463 1417 1564 1471 hac
1591 1433 1756 1471 causa
1787 1433 1885 1487 per
1907 1416 2090 1470 Wari-

488 1519 622 1557 num
660 1504 919 1559 clericum
949 1504 1134 1570 fuerit,
1169 1521 1415 1574 quasque
1442 1505 1651 1558 litteras
1665 1505 1866 1558 deinde
1885 1505 2094 1575 praefati

487 1611 645 1667 reges
674 1595 852 1649 cidem
881 1596 1150 1650 miserint.
1174 1595 1494 1668 Adjungens
1514 1613 1793 1651 sacrorum
1821 1613 2091 1652 canonum

488 1686 861 1758 promulgatas
901 1701 1078 1756 super
1125 1686 1394 1740 electione
1423 1687 1690 1741 canonica
1721 1688 2093 1755 auctoritates,

487 1787 542 1834 et
569 1779 889 1844 ostendens,
922 1779 1070 1848 quod
1111 1793 1221 1832 non
1253 1778 1501 1848 episc0pi
1560 1779 1629 1834 de
1663 1780 1864 1849 palatio
1899 1781 2096 1852 praeci-

485 1873 709 1942 piantur
739 1871 892 1944 eligi,
925 1871 1023 1924 sed
1053 1871 1122 1924 de
1169 1871 1391 1940 propria
1441 1871 1691 1940 qualibet
1748 1871 2011 1939 Ecclesia,
2041 1881 2096 1928 et

487 1964 636 2034 quod
668 1963 736 2016 de
767 1962 1078 2017 ordinando
1105 1961 1388 2032 episcOpo,
1421 1977 1530 2016 non
1564 1963 1708 2034 regis
1731 1964 2097 2033 velpalatino—

487 2075 606 2112 rum
637 2057 804 2111 debet
831 2072 951 2111 esse
970 2055 1498 2118 commendatio,sed
1525 2055 1655 2110 cleri
1699 2065 1754 2110 et
1780 2057 1959 2128 plebis
1981 2058 2096 2111 ele-

486 2147 616 2216 ctio,
648 2155 702 2201 et
729 2145 1138 2215 metropolitani
1161 2145 1214 2196 in
1233 2144 1503 2198 electione
1529 2143 2094 2212 dijudicatio,deinde

486 2239 690 2292 terreni
722 2237 990 2308 principis
1017 2236 1330 2298 consensio,
1363 2245 1418 2290 et
1447 2234 1657 2290 sicfieri
1707 2236 2093 2306 episcoporum

486 2347 684 2386 manus
713 2329 1015 2400 impositio;
1069 2343 1324 2382 asserens
1379 2342 1477 2397 pro
1506 2333 1657 2382 certo
1710 2327 1857 2398 quod
1891 2328 2007 2397 ipse
2038 2328 2095 2381 in

486 2423 764 2477 neminem
795 2419 1107 2492 specialiter
1135 2417 1468 2484 intenderet,
1511 2418 1614 2472 nisi
1646 2427 1706 2472 ut
1732 2418 1969 2490 quisque
2000 2420 2093 2487 sit,

485 2516 791 2571 secundum
823 2529 1030 2568 sacram
1089 2511 1469 2566 auctoritatem
1525 2511 1593 2565 ad
1653 2512 1757 2567 hoc
1807 2514 2095 2569 accederet

487 2606 753 2671 officium,
785 2613 841 2659 et
894 2603 1042 2674 quod
1081 2602 1330 2673 spiritale
1395 2601 1759 2657 ministerium
1828 2604 2088 2674 postulat,

487 2694 655 2750 sciret
705 2709 768 2748 ac
812 2692 1036 2758 faceret,
1083 2701 1188 2746 etc.
1253 2693 1386 2746 item
1447 2693 1674 2746 mittens
1733 2693 1783 2746 ei
1814 2694 2095 2764 exemplar

487 2782 755 2852 epistolae,
783 2796 946 2852 quam
974 2779 1088 2851 regi
1121 2779 1339 2842 Karolo,
1383 2777 1642 2834 Ludovici
1671 2780 2093 2834 Transrhenen-

486 2871 562 2925 sis
586 2867 702 2925 filio
729 2869 1026 2932 direxerat,
1061 2882 1159 2937 pro
1215 2865 1442 2938 regibus
1489 2866 1670 2921 adhuc
1698 2868 1888 2938 pueris
1913 2868 2094 2924 Ludo-

2190 430 2370 502 piens,
2395 435 2769 496 usurpaverat.
2829 427 2979 480 Unde
3011 427 3266 494 miratur,
3295 427 3340 480 si
3373 428 3478 482 hoc
3510 427 3718 482 fratres
3745 430 3815 483 ita

2189 521 2308 576 ﬁeri
2340 519 2692 576 cohibuerint
2723 519 2791 572 de
2809 533 2896 583 eo,
2918 517 3011 588 qui
3040 519 3095 571 in
3118 519 3294 584 nullo,
3319 527 3590 590 quantum
3623 522 3814 574 memi-

2189 611 2290 676 nit,
2315 609 2523 663 inutilis
2571 609 2651 662 cis
2684 607 2801 670 fuit,
2861 607 2959 661 sed
2991 607 3133 661 sicut
3165 607 3275 661 illis
3303 613 3435 661 tunc
3462 609 3650 660 visum
3696 605 3814 660 fue-

2192 709 2292 768 rat,
2328 702 2382 754 in
2407 701 2594 754 multis
2620 699 2773 752 utilis
2806 707 2860 752 et
2912 698 3259 753 necessarius
3285 698 3430 769 apud
3461 713 3563 752 eos
3589 699 3812 762 mansit,

2191 800 2244 846 et
2271 808 2380 847 non
2415 791 2630 846 modica
2677 791 2759 845 cis
2806 789 3051 845 obtinuit
3099 796 3153 844 et
3180 789 3506 844 reobtinuit.
3544 789 3669 844 Non
3703 790 3816 844 haec

2190 883 2316 938 ideo
2347 884 2561 949 dicens,
2593 891 2651 938 ut
2679 883 2786 936 sibi
2816 881 3145 953 pretiosasit
3166 882 3258 936 illa
3288 881 3488 937 domus
3523 881 3594 936 ad
3626 891 3816 936 tenen-

2190 975 2342 1041 dum,
2366 975 2450 1030 vel
2473 975 2752 1041 corticula,
2793 975 2914 1029 sine
2961 974 3248 1040 charitate,
3281 973 3483 1044 tnquit,
3527 980 3743 1038 vestra,
3769 983 3816 1026 et

2190 1072 2385 1120 caatera
2419 1083 2432 1129 ;
2467 1066 2615 1129 item,
2648 1063 2900 1136 Wiligiso
2929 1079 3052 1117 cum
3086 1062 3300 1118 caeteris
3331 1061 3584 1131 ejusdem
3621 1078 3818 1117 mona-

2190 1154 2342 1208 sterii
2366 1152 2672 1221 monachis,
2702 1151 2770 1205 de
2803 1167 2868 1206 eo
2901 1151 3050 1222 quod
3100 1151 3353 1205 audierat
3381 1166 3478 1205 eos
3507 1167 3540 1205 a
3570 1151 3815 1221 quodam

2190 1245 2508 1316 presbytero
2539 1244 2774 1314 pretium
2798 1258 3044 1314 quaerere
3058 1259 3156 1312 pro
3185 1242 3595 1307 decima;unde
3642 1247 3818 1297 maxi-

2190 1349 2333 1386 mam
2366 1349 2426 1385 se
2451 1331 2839 1386 verecundiam
2870 1330 3004 1385 dicit
3033 1331 3237 1384 habere
3284 1339 3511 1400 propter
3547 1330 3697 1386 alios
3723 1333 3818 1386 ho-

2193 1423 2393 1488 mines,
2419 1425 2513 1494 qui
2543 1425 2647 1478 hoc
2678 1423 2918 1478 audituri
2973 1430 3149 1477 erant.
3181 1422 3334 1487 Quod
3367 1429 3637 1494 quantum
3678 1424 3820 1493 peri-

2193 1515 2376 1571 culum
2408 1515 2597 1581 sit,eis
2627 1532 2693 1569 ex
2739 1515 2927 1570 divina
2961 1513 3202 1569 ostendit
3254 1514 3607 1579 auctoritate,
3644 1525 3704 1568 et
3729 1532 3817 1568 ca-

2193 1619 2397 1658 nonum
2435 1601 2898 1673 promulgatione,
2939 1618 3001 1655 ac
3039 1601 3243 1656 deinde
3277 1619 3289 1654 :
3331 1626 3356 1648 ιι
3397 1601 3574 1664 Absit,
3609 1603 3814 1674 inquit,

2194 1695 2410 1762 fratres,
2456 1702 2516 1749 ut
2569 1694 2660 1748 alii
2704 1693 3063 1748 ecclesiastici
3093 1701 3148 1747 et
3178 1693 3420 1767 religiosi
3447 1693 3551 1746 viri
3575 1695 3691 1749 hoc
3716 1712 3817 1749 au-

2195 1783 2364 1848 diant,
2401 1783 2530 1854 quia
2573 1781 2824 1837 monachi
2857 1781 2926 1835 de
2989 1781 3320 1836 monasterio
3359 1781 3537 1836 sancti
3568 1781 3816 1852 Dionysii

2195 1872 2465 1927 decimam
2511 1873 2749 1926 vendere
2799 1877 3072 1941 quaerunt,
3124 1879 3183 1924 ut
3234 1871 3303 1923 de
3353 1871 3472 1940 ipso
3518 1871 3707 1941 pretio
3737 1873 3816 1925 in-

2195 1962 2409 2018 fernum
2440 1969 2778 2034 comparent.
2814 1962 2980 2016 Multo
3012 1962 3188 2035 magis
3215 1971 3397 2015 autem
3425 1961 3592 2028 absit,
3630 1971 3691 2017 ut
3721 1964 3818 2018 hoc

2197 2055 2320 2109 laici
2377 2054 2622 2119 audiant,
2670 2051 2817 2123 quod
2849 2067 3012 2106 nemo
3061 2051 3224 2105 etiam
3277 2051 3518 2120 peccatis
3574 2051 3818 2120 publicis

2195 2146 2573 2216 implicatusin
2589 2143 2983 2214 meaparochia
3021 2143 3199 2197 facere
3228 2143 3410 2196 audet.
3447 2143 3500 2196 Si
3525 2144 3684 2196 enim
3720 2145 3820 2198 ali-

2195 2238 2318 2308 quis
2347 2237 2416 2291 de
2447 2237 2552 2291 alio
2598 2236 2934 2291 monasterio
2975 2251 3138 2306 quam
3169 2235 3237 2288 de
3295 2240 3485 2288 nostro
3551 2235 3659 2289 hoc
3695 2243 3816 2289 ten-

2195 2338 2331 2395 tare,
2368 2338 2574 2400 quanto
2624 2329 2797 2399 magis
2843 2327 3022 2381 facere
3080 2335 3440 2397 praesumeret
3478 2370 3492 2392 ,
3552 2326 3624 2379 ab
3671 2328 3816 2380 omni

2195 2420 2586 2475 communione
2617 2419 2769 2473 illum
2803 2419 2871 2473 de
2903 2418 3164 2488 parochia
3193 2434 3315 2472 mea
3355 2419 3816 2471 excommunica-

2197 2525 2330 2575 rem,
2371 2530 2390 2557 ο
2425 2517 2528 2562 etc.
2556 2508 2710 2573 item,
2771 2506 2979 2560 eisdem
3027 2505 3334 2570 monachis,
3370 2520 3468 2574 pro
3499 2505 3816 2560 visitatione

2194 2596 2393 2649 divina:
2438 2593 2835 2658 miserationis,
2861 2609 2969 2663 qua
3011 2592 3325 2646 admonitus
3356 2591 3479 2645 dies
3512 2607 3651 2647 suos
3679 2594 3816 2647 sicut

2194 2687 2444 2741 umbram
2471 2686 2776 2740 declinasse
2821 2685 2972 2751 dicit,
3027 2692 3080 2738 et
3127 2700 3186 2738 se
3214 2684 3354 2738 sicut
3385 2683 3578 2737 fenum
3612 2686 3818 2739 arruis-

2193 2798 2253 2837 se
2293 2784 2454 2848 (Psal.
2516 2781 2626 2850 cu):
2682 2780 2906 2834 mittens
2952 2794 3142 2834 eorum
3201 2779 3489 2849 obsequiis
3548 2771 3814 2836 tantulam

2195 2876 2662 2941 benedictionem,
2698 2875 2968 2929 ducentos
3016 2874 3224 2928 scilicet
3276 2873 3484 2927 solidos
3533 2873 3604 2928 de
3647 2875 3815 2930 meris

486 2917 698 2925 --υ---ςν
1063 2917 1151 2937 τη
1218 2917 1439 2938 --πηη
1492 2917 1666 2921 ww-
1701 2917 1886 2938 ι--ν---
1913 2917 2058 2924 --η
2195 2917 2662 2941 υν..νμ.ν..υ..ν...,
2699 2917 2967 2929 ww...“
3016 2917 3224 2928 νυν-η.
3276 2917 3484 2927 υνυς..-
3534 2917 3604 2928 ην
3650 2917 3815 2930 ...ρης

486 2961 608 3015 vico
640 2968 694 3013 ct
724 2956 1114 3020 Karlomanno,
1142 2955 1479 3024 hortansque
1511 2962 1572 3008 ut
1599 2955 1645 3008 si
1678 2957 1921 3026 potuerit
1951 2957 2095 3012 obti-
2124 2917 2173 2985 Ε
2196 2965 2473 3031 denariis;
2507 2971 2814 3035 petensque
2843 2968 2904 3016 ut
2963 2962 3108 3032 apud
3139 2976 3490 3016 communem
3516 2969 3816 3032 patronum

488 3055 636 3115 neat,
649 3044 1078 3118 quatenusidem
1093 3042 1322 3097 Karolus
1336 3042 1487 3114 (quia
1509 3041 1684 3097 filium
1704 3059 1816 3099 non
1831 3044 2094 3117 habebat)

486 3157 657 3196 unum
688 3157 754 3194 ex
784 3139 872 3193 his
913 3135 1118 3208 regulis
1165 3133 1272 3189 sibi
1304 3134 1529 3204 adoptet
1579 3134 1634 3189 in
1679 3134 1874 3202 tilium,
1907 3144 1960 3191 et
1990 3137 2092 3192 sub

483 3247 649 3288 manu
677 3229 809 3285 boni
863 3242 926 3281 ac
963 3224 1170 3281 strenui
1204 3223 1376 3292 bajuli
1433 3224 1501 3277 ad
1563 3224 1669 3279 hoc
1709 3239 1835 3279 eum
1895 3227 2093 3281 nutriri

483 3324 670 3388 faciat,
701 3327 758 3376 ut
777 3318 885 3374 sibi
916 3315 1190 3371 haeredem
1220 3321 1314 3369 aut
1353 3314 1408 3368 in
1429 3321 1628 3382 totum,
1669 3326 1765 3372 aut
1795 3318 1849 3372 in
1880 3330 2093 3391 partem

479 3421 716 3478 statuat;
750 3418 804 3466 et
831 3416 890 3464 ut
911 3417 1123 3463 secrete
1173 3407 1328 3481 Hugo
1357 3405 1504 3476 apud
1545 3406 1798 3462 Karolum
1823 3410 2094 3479 obtineat,

481 3518 592 3574 quo
622 3510 676 3556 et
705 3502 902 3555 horum
928 3510 1244 3567 puerorum,
1274 3502 1329 3549 et
1360 3495 1516 3569 regni
1557 3495 1722 3563 hujus
1744 3513 1965 3552 causam
1995 3515 2093 3553 su-

483 3609 582 3664 per
607 3608 668 3646 se
693 3601 862 3646 totam
887 3585 1174 3657 suscipiat,
1208 3592 1266 3639 et
1303 3601 1537 3656 quaeque
1565 3585 1913 3657 disponenda
1942 3590 2094 3664 regio

481 3689 611 3736 sunt
629 3681 683 3734 in
704 3675 1170 3745 ministerio,ipse
1201 3673 1478 3744 disponat.
1525 3674 1872 3730 Praamittens
1901 3679 2090 3747 etiam,

478 3785 539 3831 ut
590 3775 794 3844 scripta
858 3787 960 3825 sua
998 3812 1014 3832 ,
1102 3783 1226 3839 qua:
1304 3767 1499 3824 Karolo
1586 3768 1903 3836 mittebat,
1975 3772 2093 3841 ipse

481 3869 656 3941 Hugo,
704 3864 750 3918 si
797 3861 1136 3916 haberentur
1185 3858 1362 3928 utilia,
1440 3866 1495 3914 et
1551 3858 1925 3926 rationabilia,
1988 3877 2090 3917 suo

478 3955 718 4029 sapienti
765 3951 998 4008 consilio
1079 3956 1135 4004 et
1206 3948 1465 4020 prudenti
1534 3957 1901 4022 prosequatur
1967 3960 2090 4008 stu-

479 4051 571 4105 dio
627 4066 642 4113 ;
699 4047 785 4101 sin
851 4059 1011 4099 secus
1075 4057 1238 4112 quam
1304 4041 1446 4095 inibi
1507 4041 1736 4098 deberet
1799 4045 2084 4101 invenire-

475 4145 584 4204 tur,
652 4135 933 4205 sapienter
1007 4130 1141 4184 illud
1222 4137 1580 4198 commutare,
1673 4132 1759 4186 vel
1833 4133 1878 4187 si
1946 4133 2088 4190 foret

478 4239 705 4280 necesse
727 4221 859 4293 quid
913 4219 1141 4286 addere,
1189 4219 1274 4273 vel
1314 4219 1571 4274 obtinere
1599 4226 1890 4293 satageret.
1926 4224 2083 4293 Item,

478 4329 577 4386 pro
625 4310 898 4366 mandatis
947 4306 1205 4363 Ludovici
1238 4307 1542 4363 Germaniae
1572 4310 1738 4381 regis,
1775 4327 1842 4366 ac
1872 4313 2086 4368 suasio-

476 4402 643 4458 nibus
673 4417 687 4464 ;
721 4398 897 4470 primo
927 4397 1141 4452 scilicet
1168 4402 1228 4451 ut
1245 4396 1539 4468 episc0pos
1564 4397 1853 4453 Remensis
1873 4398 2084 4455 dicace-

475 4510 602 4550 seos
631 4491 813 4546 eidem
841 4489 958 4564 regi
990 4487 1136 4559 apud
1168 4488 1499 4544 Attiniacum
1538 4487 1733 4545 obvios
1771 4491 1850 4546 ire
1887 4494 2084 4562 praeci-

474 4581 916 4658 piat;secundo
937 4590 997 4634 ut
1027 4580 1077 4634 ei
1133 4579 1426 4635 consilium
1482 4581 1787 4648 remandet,
1845 4583 2086 4654 qualiter

475 4677 626 4733 istud
654 4691 884 4750 regnum
915 4674 1194 4743 disponat,
1219 4672 1354 4743 quid
1377 4671 1638 4728 videlicet
1665 4673 1733 4728 ad
1765 4674 1882 4731 hac
1902 4675 2088 4732 missis

474 4766 722 4835 ejusdem
754 4763 900 4836 regis
922 4760 1275 4831 respondeat,
1301 4769 1357 4815 et
1385 4759 1432 4814 si
1457 4759 1765 4817 Ludovicus
1787 4761 2085 4832 ipseadve—

473 4858 639 4923 nerit,
671 4863 728 4911 et
753 4852 1031 4929 rOgaverit
1059 4858 1118 4907 ut
1147 4867 1273 4906 eum
1307 4850 1365 4906 in
1394 4866 1581 4926 regem
1625 4862 1930 4921 consecret,
1947 4857 2082 4927 quid

471 4958 526 5006 et
565 4945 802 5020 qualiter
828 4945 960 4999 inde
1002 4943 1073 4998 sit
1123 4941 1204 4996 illi
1258 4942 1557 5017 agendum,
1588 4949 1695 4998 etc.
1727 4943 2001 5002 Praeterea
2027 4955 2082 5002 et

468 5037 578 5093 alia
606 5034 858 5108 quaedam
883 5031 1069 5088 abbati
1099 5029 1294 5087 scribit
1322 5031 1525 5086 eidem.

1092 5137 1300 5194 CAPUT
1330 5138 1462 5193 XXV

599 5231 727 5298 Qua
752 5229 1139 5296 sacerdotibus,
1157 5229 1240 5283 vel
1257 5229 1598 5285 monasteriis
1625 5227 1950 5298 quibusdam

1161 5320 1405 5388 scripsit.

535 5424 838 5482 Gautsuino
867 5427 1143 5482 sacerdoti
1209 5434 1266 5482 et
1322 5425 1537 5482 caeteris
1593 5424 1855 5481 fratribus
1885 5425 1998 5480 Deo
2017 5431 2072 5481 et

464 5523 652 5570 sancto
692 5517 964 5589 Dionysio
1014 5517 1388 5572 servientibus
1439 5515 1632 5572 scribit
1676 5531 1776 5588 pro
1831 5517 2068 5586 quadam

464 5592 626 5656 domo
654 5603 761 5659 sibi
782 5603 1060 5674 quondam
1084 5603 1151 5656 ab
1179 5603 1316 5674 ipsis
1344 5618 1629 5670 concessa,
1652 5612 1707 5659 et
1735 5619 1801 5658 ex
1825 5610 1982 5672 parte
1999 5603 2066 5657 ab

2193 3057 2570 3111 beatissimum
2615 3054 2931 3126 Dionysium
2988 3053 3041 3106 in
3113 3052 3281 3106 sacris
3337 3053 3691 3108 orationibus
3736 3055 3816 3108 sui

2196 3147 2513 3202 memoriam
2556 3146 2764 3220 jugiter
2810 3144 3080 3199 haberent
3138 3159 3152 3208 ;
3205 3157 3441 3212 poscens
3498 3143 3670 3197 etiam
3721 3161 3816 3214 pro

2197 3243 2460 3298 Haimone
2490 3240 2642 3296 ﬁdeli
2690 3255 2788 3296 suo
2829 3254 2970 3310 pene
3010 3238 3064 3291 in
3095 3237 3356 3292 extremis
3395 3237 3601 3307 posito,
3649 3255 3810 3310 quem

2195 3333 2455 3388 dilectum
2487 3331 2660 3387 filium
2689 3347 2848 3386 suum
2908 3328 3174 3384 nominat.
3219 3327 3541 3383 Fulcramno
3565 3329 3650 3399 [i.,
3688 3330 3814 3383 Ful-

2196 3427 2419 3498 cranno]
2476 3425 2793 3498 praeposito,
2841 3429 2896 3477 et
2961 3421 3222 3475 fratribus
3299 3420 3626 3474 monasterii
3683 3421 3812 3476 Cor-

2197 3519 2456 3585 beiensis,
2526 3515 2773 3571 scribens
2825 3528 2922 3584 pro
2962 3512 3234 3567 electione
3263 3510 3482 3564 abbatis
3511 3511 3594 3564 eis
3622 3527 3652 3565 a
3688 3528 3812 3585 rege

2196 3627 2478 3676 concessa,
2504 3625 2714 3681 proque
2744 3608 2950 3662 litteris
2996 3606 3163 3680 regiis
3210 3621 3380 3675 super
3409 3605 3609 3658 eadem
3645 3623 3725 3668 re,
3761 3617 3811 3660 et

2195 3703 2430 3757 adventu
2466 3701 2641 3771 ipsius
2667 3699 2856 3754 domni
2911 3697 3184 3753 Hincmari
3217 3697 3284 3750 ad
3311 3711 3424 3752 eos.
3471 3697 3630 3752 Unde
3658 3699 3808 3753 illum

2195 3794 2608 3856 consuluerant,
2639 3791 2857 3846 instruit
2913 3791 3083 3861 ipsos,
3136 3788 3372 3859 qualiter
3431 3788 3486 3841 in
3546 3788 3653 3843 hac
3701 3791 3813 3844 ele-

2193 3886 2373 3941 ctione
2405 3885 2487 3940 eis
2514 3885 2585 3939 sit
2615 3884 2889 3957 agendum
2945 3881 3249 3937 secundum
3301 3879 3613 3960 doctrinam
3667 3881 3810 3937 beati

2192 3978 2362 4032 Patris
2385 3975 2688 4041 Benedicti,
2720 3981 2780 4030 ut
2829 3976 2885 4029 in
2932 3973 3192 4029 omnibus
3223 3972 3540 4043 magistram
3563 3988 3810 4044 sequan-

2187 4076 2277 4124 tur
2296 4068 2564 4144 regulam,
2596 4083 2700 4123 nec
2746 4053 2954 4122 temere
3005 4065 3076 4120 ab
3132 4081 3198 4119 ea
3231 4063 3542 4118 declinetur
3599 4082 3631 4118 a
3664 4083 3810 4138 quo-

2187 4174 2372 4230 quam,
2404 4163 2597 4229 utpote
2633 4155 2900 4212 rationem
2934 4153 3199 4208 reddituri
3254 4168 3352 4222 pro
3385 4153 3653 4209 omnibus
3683 4166 3810 4212 ante

2185 4246 2424 4302 tribunal
2478 4246 2695 4302 Domini
2771 4242 2941 4299 nostri
3001 4241 3131 4296 Jesu
3183 4239 3407 4295 Christi.
3475 4241 3809 4314 Magenardo

2103 4378 2159 4446 Ι)
2187 4337 2483 4408 praeposito
2529 4337 2615 4409 (de
2671 4337 2766 4392 hoc
2803 4350 2991 4404 supra,
3031 4348 3153 4403 cap,
3207 4332 3318 4402 23),
3371 4339 3425 4386 et
3458 4332 3728 4391 fratribus
3757 4339 3808 4392 in

2127 4442 2134 4446 .
2191 4425 2518 4446 μωμη-ε-
2553 4426 2583 4446 ο
2632 4423 2866 4446 n:-t--_::
2903 4421 3235 4446 annm.--
3292 4422 3616 4446 __-.:..-_=_
3683 4444 3803 4446 ω--

2190 4425 2524 4482 monasterio
2552 4426 2604 4480 S.
2632 4423 2870 4480 Richarii
2899 4421 3257 4495 degentibus,
3292 4436 3389 4492 pro
3413 4422 3639 4491 litteris,
3673 4444 3810 4498 quas

2188 4517 2523 4588 apostolicus
2567 4533 2708 4588 papa
2745 4515 2861 4590 regi
2893 4513 3108 4581 Karolo,
3144 4513 3362 4584 sibique
3394 4513 3651 4584 miserat,
3710 4535 3808 4589 pro

2187 4609 2448 4682 quodam,
2480 4609 2576 4681 qui
2607 4607 2962 4674 monachum,
3011 4613 3176 4677 atque
3207 4604 3594 4676 presbyterum
3619 4609 3807 4664 inter-

2182 4698 2388 4754 fecerat
2415 4698 2509 4765 ;in
2548 4696 2755 4769 quibus
2793 4694 2994 4751 litteris
3022 4701 3270 4750 tenorem
3319 4693 3584 4762 injunctze
3625 4700 3808 4767 poeni-

2184 4790 2368 4846 tentiae
2398 4795 2744 4859 exposuerat,
2796 4786 3102 4842 admonens
3155 4793 3215 4839 ut
3247 4784 3450 4840 divinis
3489 4787 3725 4844 monitis
3752 4790 3805 4842 in

2183 4881 2271 4936 his
2298 4879 2570 4952 quaaipsaa
2609 4879 2804 4934 litterae
2835 4877 3164 4949 praecipiunt
3215 4875 3446 4931 obedire
3476 4890 3800 4947 procurent.

2180 4969 2462 5024 Monachis
2509 4965 2749 5022 caenobii
2798 4965 2973 5020 sancti
3027 4964 3270 5019 Medardi
3329 4978 3428 5034 pro
3486 4965 3804 5022 Hainoardo

2178 5061 2473 5125 monacho,
2503 5057 2597 5130 qui
2637 5057 2855 5113 veniam
2905 5072 3004 5128 pro
3031 5055 3353 5112 excessibus
3391 5057 3509 5111 suis
3538 5059 3692 5128 apud
3718 5074 3804 5113 re-

2181 5166 2304 5224 gem
2333 5149 2744 5220 postulaverat;
2785 5146 2854 5200 de
2884 5159 2996 5216 quo
3044 5161 3112 5200 ex
3158 5145 3328 5201 verbo
3372 5145 3520 5218 regis
3550 5149 3800 5212 mandat,

2177 5251 2241 5297 ut
2265 5257 2391 5297 eum
2431 5239 2515 5296 vel
2571 5240 2641 5294 ad
2687 5238 3048 5294 habitandum
3092 5237 3422 5311 regulariter
3475 5237 3624 5292 inter
3655 5239 3802 5308 ipsos

2177 5329 2465 5400 recipiant.
2490 5327 2577 5384 vel
2600 5327 2757 5397 juxta
2805 5326 3131 5398 petitionem
3164 5325 3313 5380 illius
3343 5325 3555 5380 litteras
3605 5325 3800 5380 dimis-

2171 5423 2348 5478 sOrias
2377 5422 2456 5476 illi
2507 5422 2575 5477 ad
2617 5429 2825 5476 certum
2865 5421 3047 5477 locum
3105 5420 3328 5486 faciant,
3367 5428 3423 5475 et
3472 5420 3794 5476 absolutum

2171 5513 2325 5569 abire
2354 5529 2479 5570 cum
2510 5528 2646 5585 pace
2676 5513 3013 5584 permittant.
3073 5511 3352 5587 Sigebodo
3410 5513 3694 5568 sacerdoti
3745 5520 3796 5565 et

2170 5603 2466 5674 praeposito
2526 5604 2850 5662 monasterii
2905 5601 3410 5659 sanctimonialium
3451 5603 3795 5678 Lugdunen-

2986 5715 3011 5730 δ’
