3970 6218
148 245 255 297 237

794 246 1120 301 ΗΙΞΤΟΗΙᾹΞ
1160 247 1484 302 ECCLESUE
1524 248 1847 303 REMENSIS
1888 252 2060 306 LIBRI
2104 253 2425 317 QUATUOR.
2454 289 2524 297 —
2564 257 2687 321 LIB.
2732 257 2820 310 lll.

3358 256 3466 311 238

148 376 226 428 sis
254 374 528 439 Ecclesiae,
570 390 738 445 super
785 375 1216 445 interrogatione
1276 394 1384 447 qua
1431 377 1761 447 requisierat
1789 384 1837 449 Α
1865 380 2029 435 habet
2066 383 2133 436 ad
2180 385 2286 439 ima
2346 386 2534 439 relabi.
2582 386 2808 440 Studeat
2862 392 3043 439 autem
3078 385 3376 455 prazcipue,
3408 396 3471 439 ut

149 465 218 518 ab
251 481 337 531 eo,
369 466 608 537 qualiter
633 476 913 537 oporteret
934 484 1060 521 eum
1101 484 1266 541 agere
1297 469 1365 523 de
1402 469 1760 538 inquisitione

148 559 253 612 sibi
277 559 569 613 commissa
598 560 655 613 in
699 560 951 615 Oriniaco
1000 562 1395 616 monacharum
1427 562 1759 617 monasterio

146 666 313 719 super
331 650 609 705 abbatissa
634 658 689 705 et
717 652 1010 722 praeposito
1042 653 1218 721 ipsius
1248 653 1588 711 monasterii.
1614 653 1759 706 unde

147 740 501 812 interroganti
532 742 910 812 responderat,
944 743 1037 812 qui
1058 757 1168 796 non
1198 744 1382 798 verbis
1435 744 1503 797 de
1530 744 1755 809 talibus,

144 830 241 884 sed
264 830 483 899 scriptis
505 833 841 900 respondere
876 832 1124 886 deberet.
1159 835 1423 896 Quocirca
1446 834 1760 889 rescribens

147 941 369 997 quoque
396 926 635 980 ostendit
663 943 789 997 qua?
826 927 882 980 in
923 926 1159 999 legibus,
1182 944 1318 998 quas
1344 928 1613 982 catholica
1634 944 1757 999 pro-

147 1014 238 1068 bat
270 1014 604 1079 Ecclesia,et
636 1015 690 1068 in
723 1016 929 1088 regulis
944 1016 1340 1071 ecclesiasticis
1356 1017 1425 1070 de
1452 1017 1534 1070 his
1550 1019 1752 1087 scripta

143 1106 252 1160 sint
286 1123 299 1159 :
335 1106 666 1175 praecipiens
697 1106 887 1172 etiam,
936 1106 1363 1179 utprivilegium
1412 1108 1587 1177 ipsius
1630 1124 1753 1163 mo-

143 1192 363 1247 nasterii
393 1193 501 1248 sibi
548 1191 824 1260 afferetur,
879 1202 933 1249 et
959 1194 1311 1250 notificentur
1364 1196 1414 1249 ei
1450 1212 1548 1266 per
1577 1204 1753 1250 certas

141 1297 406 1352 personas
430 1283 499 1336 de
520 1282 687 1336 certis
733 1282 901 1336 rebus
957 1284 1339 1338 accusationes
1364 1283 1542 1353 ipsius
1568 1283 1749 1337 abba-

139 1374 282 1429 tissa
313 1381 479 1443 atque
509 1374 811 1444 praepositi,
869 1383 928 1429 ut
956 1375 1258 1429 secundum
1307 1392 1489 1430 sacras
1536 1375 1753 1449 regulas

138 1480 259 1520 cum
291 1465 525 1521 consilio
579 1465 1031 1535 coepiscoporum
1082 1475 1136 1521 et
1182 1466 1481 1521 visitatoris
1531 1466 1750 1522 Laudu-

139 1556 322 1612 nensis
355 1555 645 1625 episc0pii,
680 1556 811 1626 quia
842 1563 970 1610 tunc
997 1557 1289 1627 episcOpus
1320 1556 1396 1610 ibi
1431 1573 1540 1612 non
1564 1558 1744 1613 habe-

137 1650 315 1716 batur,
360 1650 490 1704 inde
538 1650 768 1704 Domino
824 1649 1125 1721 inspirante
1173 1651 1434 1705 decernat
1463 1650 1520 1721 [i,
1550 1650 1745 1705 decer-

1864 476 1972 529 Deo
2015 492 2183 545 super
2234 478 2419 531 omnia
2468 478 2679 547 placeat
2712 495 2724 540 ;
2759 477 2959 530 deinde
2990 485 3047 530 ut
3088 477 3344 532 Ecclesia:
3374 494 3469 547 pa-

1861 577 1977 615 cem
2007 562 2292 632 provideat
2324 582 2337 628 ;
2373 572 2483 618 tum
2511 571 2569 618 ut
2599 564 2942 634 principibus
2974 564 3117 619 bona
3153 580 3262 619 non
3287 565 3464 619 solum

1859 660 2138 723 suggerat,
2190 652 2287 705 sed
2328 653 2491 706 etiam
2548 653 2777 725 ingerat.
2831 652 2970 705 Viris
2999 652 3382 707 ecclesiasticis
3414 660 3469 707 et

1863 740 1998 795 locis
2035 742 2241 795 sanctis
2297 741 2483 797 debita
2546 742 2831 813 privilegia
2888 744 3172 811 acquirere
3229 744 3465 811 insistat,

1861 832 2065 901 populo
2132 832 2437 886 Christiano
2496 847 2684 901 pacem
2750 838 2803 884 et
2860 833 3199 885 unanitatem
3265 850 3467 901 procu—

1861 932 1960 985 ret,
2002 923 2147 977 bene
2199 924 2493 997 agentibus
2550 924 2914 997 congaudeat,
2975 925 3117 979 male
3152 926 3467 997 fagentibus

1859 1015 2098 1081 resistat,
2163 1016 2431 1086 seipsum,
2497 1016 2699 1083 sobrie,
2755 1015 2901 1083 juste
2969 1024 3022 1069 et
3087 1017 3174 1086 pie
3232 1018 3465 1075 vivendo

1856 1107 1983 1175 (Tit.
2043 1111 2121 1174 ιι),
2188 1108 2418 1161 solerter
2480 1108 2773 1169 custodiat,
2834 1114 2888 1160 et
2945 1116 3140 1161 caetera
3200 1111 3463 1165 exhorta-

1854 1196 2062 1250 tionum
2094 1196 2251 1250 valde
2302 1196 2629 1249 necessaria.
2690 1196 2817 1248 Post
2870 1210 2990 1265 qua:
3019 1197 3267 1267 suggerit
3296 1200 3459 1252 etiam

1854 1284 1921 1338 de
1950 1284 2280 1355 quibusdam
2329 1284 2772 1349 necessitatibus,
2822 1292 2929 1336 tam
2987 1298 3053 1335 ex
3093 1285 3462 1348 monasteriis,

1854 1390 2016 1443 quam
2050 1382 2104 1427 et
2132 1372 2277 1437 aliis,
2342 1387 2440 1442 pro
2489 1372 2709 1443 quibus,
2778 1380 2831 1425 et
2885 1371 3199 1439 imperatori
3250 1372 3462 1428 litteras

1853 1464 2147 1528 direxerat,
2199 1478 2320 1534 quae
2372 1462 2427 1516 in
2482 1462 2743 1533 parochia
2819 1478 2917 1515 sua
2982 1463 3049 1516 ab
3099 1462 3249 1516 illius
3306 1474 3461 1521 erant

1850 1554 2173 1609 auctoritate
2248 1554 2598 1625 corrigenda,
2668 1562 2722 1607 et
2804 1553 3016 1625 reliqua
3102 1555 3172 1609 de
3222 1556 3459 1612 utilitate

1847 1642 2092 1708 animae,
2151 1648 2205 1696 et
2274 1642 2505 1696 consilio
2576 1640 2808 1711 Spiritali
2865 1643 3245 1698 conservando
3330 1645 3460 1699 Ful-

136 1735 334 1807 natur].
373 1735 709 1801 Quibusdam
764 1736 989 1790 decanis
1044 1738 1316 1806 parochiae
1372 1730 1991 1810 Suessonicze,BcriCO
2056 1730 2273 1784 caldam
2340 1730 2425 1791 (de
2488 1729 2671 1782 eodem
2744 1744 2935 1798 supra,
3006 1746 3055 1795 c,
3126 1730 3236 1798 20),
3308 1749 3455 1803 prte-

136 1841 230 1896 pro
277 1824 520 1895 quodam
568 1823 915 1895 presbytero,
956 1825 1051 1895 qui
1107 1826 1488 1894 praeiudicium
1547 1840 1742 1896 passus

128 1912 395 1982 justitiam
414 1921 468 1967 et
491 1912 759 1980 judicium
790 1913 936 1982 apud
982 1912 1305 1982 episcOpum
1337 1929 1497 1967 suum
1528 1913 1738 1967 Rotha-

132 2002 255 2056 dum
287 2016 403 2055 non
425 2001 645 2055 valebat
673 2000 945 2067 obtinere,
1004 2002 1152 2055 unde
1219 2009 1274 2056 et
1333 2001 1451 2071 ipse
1504 2002 1741 2056 domnus

133 2088 455 2144 Hincmarus
524 2088 778 2143 eumdem
856 2089 1148 2159 praesulem
1215 2098 1523 2157 monuerat,
1582 2100 1635 2145 ut
1694 2091 1740 2145 si

132 2191 352 2252 propter
382 2181 758 2236 inﬁrmitatem
792 2197 902 2237 non
952 2183 1158 2237 valeret
1207 2183 1327 2253 ipse
1379 2183 1443 2236 ad
1466 2184 1741 2254 synodum

130 2273 330 2336 venire,
392 2274 481 2329 vel
536 2274 731 2328 missos
806 2289 956 2340 suos,
1030 2273 1434 2329 comministros
1486 2274 1743 2330 videlicet

131 2365 378 2421 Ecclesia:
445 2365 550 2419 sibi
582 2366 910 2431 commissae,
944 2366 1205 2431 mitteret,
1251 2376 1309 2420 ut
1339 2382 1423 2420 res
1469 2367 1735 2423 canonice

129 2452 345 2510 diffiniri
368 2454 579 2509 valeret
608 2472 621 2519 ;
650 2453 1022 2525 admonetque
1079 2471 1178 2524 per
1233 2455 1333 2508 has
1375 2456 1581 2509 litteras
1608 2471 1735 2511 eos-

128 2545 245 2600 dem
272 2544 537 2609 decanos,
562 2553 615 2600 et
645 2546 1069 2616 metropolitana
1097 2546 1344 2616 prmcipit
1383 2548 1730 2614 auctoritate,

128 2639 184 2687 ut
203 2632 558 2704 presbyteros
589 2633 833 2688 decaniae
863 2650 972 2687 suae
998 2633 1066 2687 ad
1112 2634 1493 2687 denuntiatum
1546 2636 1727 2705 placi-

128 2734 232 2782 tum
260 2727 457 2782 venire
489 2734 892 2791 commoueant,
922 2733 976 2779 et
1025 2741 1148 2779 cum
1181 2724 1263 2777 eis
1317 2725 1424 2794 ipsi
1478 2726 1724 2782 veniant.

128 2822 269 2887 Quod
300 2823 346 2878 si
399 2835 515 2877 non
567 2820 820 2887 fecerint,
865 2820 1183 2891 synodalem
1216 2822 1546 2875 sententiam
1578 2822 1724 2892 apud

126 2916 360 2983 proxime
396 2914 634 2969 futuram
690 2913 958 2984 synodum
1005 2929 1064 2966 se
1095 2912 1350 2967 noverint
1380 2923 1721 2981 accepturos.

124 3001 401 3077 Sigeberto
423 3003 645 3059 cuidam
685 3001 976 3065 sacerdoti,
1020 3016 1117 3072 pro
1147 3001 1437 3056 Heidilone
1460 3002 1722 3073 episcopo
1755 3002 1785 3077 r’

125 3090 306 3161 ipsius,
342 3094 418 3149 de
450 3107 562 3164 quo
593 3090 720 3147 talia
775 3105 835 3145 se
892 3090 1111 3145 audisse
1170 3090 1411 3152 dolebat,
1442 3092 1627 3161 qualia
1652 3093 1719 3148 de

124 3180 259 3239 bono
288 3183 435 3240 laico
455 3182 564 3238 dici
598 3196 709 3237 non
735 3181 1071 3245 conveniret,
1112 3188 1167 3235 et
1207 3181 1337 3251 quia
1393 3182 1722 3253 culpabatur

123 3273 256 3341 quod
278 3274 448 3327 talem
479 3271 804 3343 episcopum
834 3271 1191 3335 ordinaverit,
1251 3286 1506 3325 asserens
1559 3288 1620 3327 se
1650 3272 1719 3325 de

122 3362 228 3427 illo,
259 3380 426 3434 quem
455 3368 581 3417 ante
615 3377 723 3416 non
753 3370 1101 3435 cegnoverat.
1143 3360 1296 3424 fidei,
1326 3369 1380 3418 et
1402 3362 1719 3417 testimonio

120 3449 576 3527 ipsiusSigeberti
620 3449 945 3516 credidisse,
975 3451 1371 3521 .przecepitque
1421 3451 1525 3520 ipsi
1558 3451 1717 3525 Sige-

118 3540 262 3598 berto
289 3544 354 3597 ad
387 3558 452 3597 se
479 3542 688 3605 venire,
715 3549 775 3596 ut
797 3557 892 3597 ore
922 3541 1141 3612 preprio
1200 3541 1251 3594 ei
1302 3541 1488 3596 dicere
1520 3542 1713 3612 possit,

118 3648 230 3702 quae
255 3633 322 3688 de
353 3632 621 3704 episcopo
665 3630 893 3697 audivit,
925 3640 979 3685 et
1032 3630 1077 3684 si
1137 3646 1265 3684 vera
1316 3629 1517 3694 forent,
1549 3631 1713 3686 simul

116 3730 541 3794 considerarent,
591 3727 827 3799 qualiter
860 3726 952 3781 illa
990 3726 1296 3796 corrigeret
1327 3726 1410 3790 ;si
1442 3742 1571 3780 vera
1601 3742 1713 3781 non

113 3828 302 3887 essent,
337 3820 581 3893 qualiter
602 3817 891 3873 mendacia
920 3834 1041 3872 esse
1070 3818 1425 3873 docerentur.

698 3930 906 3985 CAPUT
945 3930 1119 3983 XXVI.

397 4002 529 4069 Qua:
557 4003 693 4057 viris
714 4002 1043 4071 quibusdam
1073 4001 1399 4056 illustribus.

174 4091 294 4147 Viro
325 4090 701 4147 illustrissimo
731 4090 1028 4155 Eberardo,
1057 4104 1121 4142 ex
1155 4088 1502 4159 principibus
1534 4088 1715 4157 impe-

112 4186 294 4241 ratoris
319 4183 587 4249 Lotharii,
647 4182 857 4237 litteras
908 4182 1151 4254 dirigens
1208 4195 1307 4251 pro
1356 4179 1712 4250 adipiscenda

112 4273 489 4330 familiaritatis
519 4272 666 4344 apud
696 4288 821 4328 eum
844 4271 1020 4345 gratia
1044 4270 1322 4340 quondam
1350 4270 1453 4324 sibi
1496 4268 1562 4323 ab
1592 4269 1712 4340 ipso

110 4366 267 4437 gratis
287 4366 496 4435 oblata,
538 4364 851 4439 congaudet
879 4362 1041 4417 bonis
1072 4378 1194 4434 qum
1225 4361 1294 4415 de
1315 4362 1435 4432 ipso
1467 4376 1567 4432 per
1595 4375 1714 4414 cer-

1844 1821 1997 1875 missi
2084 1820 2434 1891 imperatoris
2509 1819 2771 1892 magnati,
2851 1819 2943 1889 qui
3017 1835 3243 1876 uxorem
3317 1824 3457 1897 legi—

1843 1910 2027 1963 timam
2106 1907 2388 1980 illegitime
2469 1906 2800 1971 dimiserat,
2887 1907 3227 1980 alteramque
3301 1912 3456 1967 insu-

1842 2017 1940 2071 per
2005 2000 2233 2054 duxerat
2300 2015 2503 2053 vocans
2561 1999 2627 2052 ad
2683 1998 2954 2069 synodum
2998 2040 3013 2066 ,
3080 2005 3456 2058 excommuni-

1843 2093 2080 2147 cationis
2104 2092 2216 2160 jam
2246 2093 2300 2145 in
2329 2108 2455 2145 eum
2498 2091 2659 2155 datae,
2716 2100 2882 2161 atque
2914 2092 2970 2146 in
3001 2096 3449 2165 comprovinciali

1842 2185 2054 2255 synodo
2084 2182 2474 2240 confirmandaa
2503 2184 2956 2254 panditmodum.
2993 2187 3124 2240 [tem
3160 2195 3447 2260 postquam

1844 2277 2226 2347 paenitentiam
2259 2291 2357 2346 pro
2389 2277 2492 2330 hoc
2549 2276 2790 2331 admisso
2822 2277 2970 2331 visus
3002 2286 3084 2333 est
3113 2282 3445 2351 suscepisse,

1842 2367 2193 2424 iterantivias
2222 2383 2368 2427 suas,
2406 2376 2459 2421 et
2489 2383 2710 2421 reverso
2742 2367 2806 2421 ad
2827 2369 3091 2423 vomitum
3116 2388 3300 2439 suum,
3330 2391 3450 2428 ma-

1838 2462 2094 2517 nifestam
2151 2462 2243 2516 dat
2290 2459 2872 2514 excommunicationis
2920 2463 3273 2530 sententiam,
3306 2482 3445 2521 cun-

1835 2551 2047 2622 ctisque
2078 2550 2132 2604 id
2164 2548 2449 2605 notilicare
2480 2547 2678 2621 satagit
2709 2548 2955 2603 fidelium
2988 2549 3185 2605 Christi
3249 2571 3441 2624 perso-

1833 2642 1919 2695 nis
1962 2640 2383 2711 quibuscunque
2438 2636 2632 2690 audire
2689 2637 3037 2712 contigisset,
3089 2641 3441 2715 maximeque

1828 2731 2123 2804 episcopis,
2150 2730 2208 2784 in
2235 2744 2467 2800 quorum
2506 2727 2800 2783 videbatur
2818 2730 3072 2799 parochis
3102 2737 3437 2802 conversari,

1826 2825 1909 2879 vel
1938 2823 2306 2893 frequentare.

1896 2915 2154 2971 Wu-‘meo
2184 2913 2400 2968 cuidam
2431 2912 2778 2968 ministeriali
2809 2913 3057 2982 ejusdem
3088 2914 3437 2985 imperatoris

1792 3000 1796 3078 ,
1826 3004 2088 3071 Lotharii,
2119 3019 2561 3059 commemorans
2587 3002 3035 3069 familiaritatem,
3069 3021 3233 3075 quam
3257 3024 3435 3078 quon-

1822 3094 1946 3148 dam
1978 3093 2046 3147 ab
2105 3108 2172 3148 eo
2213 3100 2558 3162 poposcerat,
2620 3104 2675 3145 et
2730 3091 3086 3147 dilectionem
3149 3112 3310 3165 quam
3382 3100 3435 3155 ei

1820 3181 2215 3253 spoponderat,
2246 3196 2445 3254 rogans
2468 3190 2529 3235 ut
2587 3180 2898 3238 innotescat
2917 3183 3232 3253 imperatori
3265 3203 3436 3258 super

1821 3269 2056 3340 epistola
2082 3286 2244 3340 quam
2276 3267 2442 3322 frater
2466 3268 2640 3337 ipsius
2658 3268 2883 3324 Karolus
2922 3273 3171 3338 (Carolus
3215 3274 3431 3345 Calvus)

1821 3378 1913 3416 rex
1941 3361 2123 3417 eidem
2154 3360 2449 3432 dirigebat,
2482 3367 2756 3429 quatenus
2802 3377 2923 3415 eam
2973 3363 3311 3434 suscipiens,
3350 3368 3432 3423 fa-

1819 3451 2107 3508 miliariter
2137 3451 2457 3524 distinguat,
2488 3457 2542 3505 et
2570 3458 2783 3505 secreto
2833 3453 2998 3525 legat.
3025 3453 3257 3511 Censum
3282 3476 3428 3531 quo-

1817 3561 1927 3616 que
1958 3545 2026 3598 de
2048 3543 2177 3597 villa
2221 3542 2530 3597 Dudeciaco
2584 3541 2712 3595 anni
2769 3544 3029 3613 praeteriti
3082 3564 3204 3604 cum
3257 3567 3433 3612 censu

1817 3635 2106 3709 praesentis
2133 3634 2264 3688 anni
2295 3632 2402 3687 sibi
2430 3632 2723 3686 transmitti
2752 3632 2948 3700 jubeat
2977 3654 2993 3688 :
3030 3638 3179 3693 unde
3198 3640 3253 3695 in
3282 3641 3433 3699 illius

1815 3728 2082 3785 memoria
2108 3725 2318 3797 aliquid
2351 3724 2659 3780 ornamenti
2683 3724 2738 3778 in
2760 3724 3015 3795 sepulcro
3034 3731 3208 3785 sancti
3243 3731 3433 3789 Remi-

1814 3822 1886 3894 gii
1920 3821 2100 3875 facere
2126 3824 2331 3889 posset,
2364 3818 2511 3889 quod
2540 3832 2761 3883 ornare,
2792 3826 2846 3872 et
2875 3834 3077 3891 corpus
3097 3823 3273 3893 ipsius
3286 3842 3427 3881 san-

1814 3911 1886 3966 cti
1910 3912 1963 3965 in
1982 3918 2171 3980 crypta
2200 3908 2533 3980 disponebat
2554 3924 2585 3962 a
2616 3924 2757 3963 novo
2778 3917 3077 3980 praeparata
3108 3911 3427 3974 transferre.

1817 4001 1951 4055 Item
1978 4015 2075 4070 pro
2104 3998 2430 4069 repetitione
2462 3998 2725 4067 pnemissi
2746 4013 2947 4053 census
2972 3998 3039 4053 de
3079 4000 3209 4055 villa
3234 4001 3424 4058 Dude-

1814 4094 1966 4150 ciaco
1993 4108 2090 4147 sex
2121 4092 2409 4157 librarum,
2438 4107 2509 4144 ne
2564 4089 2705 4145 forte
2737 4100 3062 4165 suggeratur
3082 4093 3426 4165 imperatori,

1814 4185 1962 4256 quod
1988 4184 2290 4255 cupiditate
2319 4183 2533 4237 illectus
2558 4182 2704 4236 hunc
2734 4198 2958 4237 censum
2991 4192 3225 4254 repetat,
3259 4204 3426 4258 quem

1814 4274 1870 4327 in
1894 4289 2025 4328 suos
2055 4289 2190 4327 usus
2219 4287 2502 4342 nunquam
2534 4272 2824 4345 redegerat
2857 4288 2872 4337 ς
2903 4272 2999 4325 sed
3041 4275 3275 4344 cupiens
3297 4293 3430 4335 eva-

1815 4363 1947 4421 dere
1975 4365 2384 4436 periculum,ne
2406 4364 2630 4417 silentio
2653 4380 2751 4419 suo
2772 4365 2827 4417 in
2869 4364 3068 4420 diebus
3083 4368 3200 4423 suis
3224 4385 3428 4431 census

107 4468 183 4514 tas
235 4461 497 4515 audiebat
559 4476 843 4531 personas,
912 4459 1263 4530 maximeque
1337 4458 1397 4529 [72,
1481 4422 1793 4512 maximeD
1821 4457 1938 4527 ipse
1957 4456 2242 4526 depereat,
2274 4461 2329 4509 et
2360 4454 2479 4524 ipsa
2508 4453 2637 4507 villa
2705 4454 2759 4505 in
2818 4453 3033 4508 alodem
3063 4465 3330 4531 vertatur,
3370 4474 3429 4520 et

105 4553 238 4624 quae]
268 4570 367 4625 per
392 4552 641 4608 Amolum
698 4551 1009 4621 praesulem,
1057 4566 1221 4622 quem
1248 4548 1703 4612 sincerissimum,

107 4653 156 4696 et
212 4644 596 4699 charissimam
639 4650 796 4697 vocat
853 4649 1062 4712 patrem
1116 4656 1298 4702 suum,
1354 4639 1582 4693 mittens
1635 4636 1703 4690 ad

108 4730 274 4800 ipsum
331 4749 456 4787 cum
516 4730 712 4786 litteris
760 4730 925 4786 etiam
982 4728 1361 4783 fidelissimum
1410 4726 1702 4799 quemdam

106 4820 324 4875 missum
356 4838 541 4875 suum.
607 4821 740 4873 Item
795 4819 1026 4873 laudans
1057 4817 1387 4873 sinceritatis
1414 4816 1587 4886 ipsius
1608 4817 1704 4871 de-

103 4912 367 4968 votionem
399 4928 529 4983 erga
560 4912 757 4977 Deum,
784 4917 838 4965 et
867 4925 1034 4965 sacrae
1092 4908 1435 4965 auctoritatis
1476 4908 1707 4975 cultum,

103 5003 519 5076 principumque
556 5002 994 5073 unanimitatem,
1055 5009 1109 5057 et
1139 5000 1527 5056 ecclesiasticae
1560 5000 1710 5069 pacis

102 5090 356 5155 studium,
389 5088 749 5162 debitumque
770 5090 1072 5163 religionis,
1104 5104 1334 5144 monens
1357 5102 1578 5158 quoque
1611 5102 1707 5155 pro

102 5181 375 5238 cbaritatis
415 5182 621 5249 ofﬁcio,
659 5189 718 5237 ut
772 5183 911 5237 sicut
960 5182 1125 5251 coepit
1160 5181 1361 5235 melius
1398 5193 1458 5232 ac
1510 5177 1707 5232 melius

104 5267 364 5336 proﬁciat,
392 5270 519 5340 quia
573 5277 766 5323 natura
811 5270 1072 5335 humana,
1112 5274 1345 5323 testante
1383 5265 1506 5329 Job,
1565 5279 1708 5318 nun-

101 5370 252 5423 quam
285 5358 339 5411 in
375 5357 571 5411 eodem
599 5362 740 5410 statu
767 5364 1051 5425 permanet
1079 5356 1201 5418 (Job
1255 5357 1388 5421 xuv),
1415 5360 1469 5407 et
1491 5352 1617 5422 quia
1645 5351 1699 5405 in

103 5444 196 5500 isto
221 5448 424 5503 saeculo
455 5463 799 5518 quacumque
826 5448 1091 5517 prmditus
1108 5448 1231 5518 quis
1259 5450 1530 5515 potestate
1561 5454 1700 5496 con-

101 5541 171 5589 tra
192 5535 436 5592 ﬂuminis
465 5545 695 5593 tractum
736 5538 955 5611 navigat
988 5555 1001 5603 ;
1035 5554 1144 5609 qua
1177 5538 1244 5591 de
1276 5551 1334 5590 re
1363 5531 1703 5588 autviriliter

102 5630 353 5702 navigans
404 5632 692 5701 superiora
755 5638 924 5700 petet,
985 5640 1081 5685 aut
1139 5629 1388 5683 remissis
1445 5624 1703 5680 manibus

1807 4545 2179 4601 ecclesiastica
2222 4542 2499 4612 mancipia
2560 4541 2613 4594 in
2644 4557 2830 4596 servos
2858 4550 2911 4596 et
2938 4543 3169 4599 ancillas
3198 4546 3423 4618 disper-

1807 4636 2029 4697 tiantur,
2066 4635 2206 4688 sicut
2238 4640 2289 4687 et
2317 4633 2387 4686 de
2416 4632 2623 4698 multis,
2684 4638 2788 4685 tam
2814 4632 3001 4696 rebus,
3026 4650 3189 4704 quam
3218 4641 3426 4697 manci-

1807 4726 1913 4797 piis
1930 4726 2094 4791 hujus
2136 4724 2403 4789 ecclesize,
2437 4721 2533 4777 sed
2566 4721 2719 4776 etde
2762 4721 2879 4791 ipsa
2918 4722 3031 4789 jam
3072 4724 3200 4779 villa
3230 4726 3419 4788 fiebat.

1811 4814 2035 4869 Enitens
2064 4814 2251 4877 etiam,
2305 4822 2364 4867 ut
2405 4811 2592 4866 senior
2629 4826 2762 4865 suus
2802 4809 2930 4865 inde
2971 4810 3277 4881 periculum
3311 4833 3420 4873 non

1811 4904 2138 4967 incurreret,
2171 4901 2253 4955 vel
2288 4902 2404 4971 ipse
2426 4918 2549 4955 cum
2575 4897 2748 4971 ipsius
2790 4898 3035 4969 periculo
3067 4906 3276 4970 partem
3312 4922 3419 4962 non

1813 4994 2061 5047 haberet.
2095 4992 2360 5044 Asserens
2390 4989 2537 5061 quod
2556 4989 2602 5043 si
2643 4990 2921 5061 cupiditas
2942 4990 2998 5046 in
3029 4990 3134 5047 hoc
3175 5007 3300 5048 eum
3327 5013 3424 5051 ve-

1811 5088 1983 5144 xaret,
2003 5078 2295 5133 duodecim
2336 5077 2509 5131 libras
2537 5086 2833 5147 repeteret,
2860 5096 2996 5150 quas
3025 5096 3159 5136 avus
3190 5090 3248 5137 et
3268 5092 3423 5154 pater

1811 5170 1970 5240 hujus
1996 5170 2141 5243 regis
2162 5170 2291 5222 inde
2312 5170 2615 5236 solverunt,
2639 5181 2745 5227 etc.
2768 5172 3059 5229 Subinfert
3083 5176 3247 5230 etiam
3271 5195 3420 5250 qum-

1808 5260 1933 5313 dam
1974 5259 2041 5313 de
2075 5259 2298 5328 praefato
2331 5260 2597 5327 Fulcrico,
2628 5263 2721 5332 qui
2765 5264 2934 5318 Roma
2988 5265 3424 5335 veniensjacta-

1808 5357 1902 5409 bat
1931 5352 2189 5423 epistolas
2220 5368 2373 5422 papm
2406 5366 2503 5422 pro
2557 5353 3018 5409 absolutionesua
3054 5367 3161 5413 tam
3194 5361 3421 5435 regibus

1803 5462 1884 5509 se,
1912 5460 2075 5514 quam
2105 5441 2234 5495 huic
2252 5440 2669 5510 archiepiscopo
2714 5442 2949 5498 deferre.
2993 5446 3066 5499 De
3102 5465 3211 5518 quo
3233 5462 3425 5507 monet

1805 5536 1949 5588 hunc
1975 5531 2293 5604 Wlﬁngum,
2328 5538 2387 5584 ut
2434 5539 2689 5604 suggerat
2747 5532 2883 5603 regi,
2926 5549 2994 5588 ne
3034 5537 3332 5593 seducatur
3365 5542 3419 5595 in

1805 5625 1906 5678 hac
1938 5638 2102 5678 causa
2137 5640 2151 5687 ;
2185 5621 2280 5677 sed
2306 5637 2611 5679 omnecum
2632 5622 2844 5676 ratione
2871 5638 3071 5681 cavens
3087 5629 3420 5701 periculum,
