3970 6218
493 239 599 294 239
1605 243 1970 299 FLODOARD]
2014 244 2319 300 CANONICI
2360 245 2688 300 REMENSIS
3465 299 3470 302 ,
3710 249 3819 302 240

494 385 756 451 faciat,ut
782 383 1005 438 veniant
1030 383 1162 452 ipsae
1192 383 1440 453 epistola:
1472 400 1653 440 coram
1678 387 1774 442 illo
1796 394 1850 442 et
1884 388 2103 458 episco-
2129 391 2178 458 Α
2203 391 2344 445 villae
2373 390 2428 442 in
2469 389 2554 442 his
2572 404 2694 460 quae
2715 388 3026 443 necessaria
3047 387 3303 455 fuissent,
3335 389 3604 444 auxilium
3629 388 3818 456 ferret,

494 477 599 547 pis,
631 485 684 530 et
708 474 976 546 quidquid
1008 475 1500 529 meliusinventum
1514 477 1682 546 fuerit
1711 479 1839 532 inde
1861 495 2099 549 sequan-
2200 483 2303 538 sub
2326 481 2649 536 defensione
2701 481 2906 550 tamen!
2934 489 2988 534 et
3021 480 3191 534 tutela
3231 480 3439 550 praefati
3471 480 3704 534 Gerardi
3727 497 3821 535 co-

494 571 599 631 tur,
631 570 685 618 et
716 563 846 633 quia
878 562 1100 615 interim
1135 564 1281 634 quod
1324 565 1728 621 rationabiliter
1752 575 1804 621 et
1834 567 2098 622 canonice
2199 571 2365 635 mitis,
2385 571 2595 624 addens
2617 570 2684 623 de
2732 569 2945 623 caeteris
2964 569 3284 622 earumdem
3318 586 3499 623 rerum
3525 579 3821 639 usurpato-

492 659 691 714 factum
725 658 846 725 fuit,
881 673 989 712 non
1044 658 1245 712 debeat
1277 663 1553 715 contemni
1581 681 1594 726 ;
1634 663 1889 717 Nantario
1922 663 2099 716 amico
2201 661 2354 714 ribus
2384 659 2516 729 quid
2547 658 2820 730 agendum
2842 658 2950 710 sibi
3003 658 3302 712 videretur.
3336 659 3488 728 lpsas
3513 665 3705 712 autem
3740 675 3823 711 res

493 763 592 802 suo
624 747 792 807 ﬁdeli,
820 763 920 817 pro
944 749 1105 801 rebus
1140 749 1312 803 sancti
1371 749 1605 822 Remigii
1649 750 2010 820 disponendis
2045 751 2097 804 in
2203 751 2337 805 nulli
2361 749 2569 806 homini
2600 765 2700 803 suo
2731 749 2814 803 vel
2849 749 3077 802 alterius
3105 749 3156 802 in
3189 747 3519 803 beneﬁcium
3557 749 3696 803 dare
3724 765 3822 803 au-

490 838 860 893 Wormacensi
913 854 1075 908 pago,
1135 839 1376 894 inferens
1425 842 1573 912 quod
1597 843 1819 913 quidam
1844 841 2099 896 homines
2201 843 2373 908 deret,
2408 841 2538 912 quia
2565 847 2788 894 sanctus
2819 840 3102 913 Remigius
3128 841 3309 894 hocin
3353 855 3455 894 suo
3483 847 3821 895 testamento

491 942 616 980 eum
665 925 945 996 petierint,
997 935 1057 980 ut
1107 935 1389 997 praestaret
1459 930 1567 984 illis
1619 931 1847 986 colonos
1911 946 2098 985 earum
2202 933 2525 990 terribiliter
2573 931 2926 986 contradixit.
2988 932 3112 1001 ipse
3153 947 3286 986 vero
3325 946 3533 993 comes,
3592 933 3695 1003 qui
3729 947 3822 1002 pro

491 1034 675 1074 rerum
706 1018 772 1072 ad
815 1017 1059 1073 diversas
1115 1034 1333 1088 operas,
1384 1028 1438 1074 et
1457 1021 1681 1091 quidam
1732 1029 1791 1076 ut
1812 1029 2100 1077 venatores
2203 1041 2389 1081 amore
2415 1032 2615 1078 sanctae
2647 1023 2737 1077 Dei
2783 1023 3076 1076 Genitricis
3131 1029 3185 1077 et
3209 1023 3382 1077 sancti
3441 1022 3711 1097 Remigii,
3741 1038 3824 1077 res

491 1110 709 1166 illorum
739 1109 794 1162 in
834 1109 971 1178 ipsis
997 1110 1165 1164 rebus
1208 1127 1307 1180 per
1356 1111 1577 1182 aliquod
1627 1122 1844 1183 tempus
1875 1127 2097 1166 manere
2203 1117 2354 1187 ipsas
2382 1115 2436 1168 in
2467 1131 2565 1169 sua
2597 1114 2829 1168 tuitione
2860 1123 3203 1184 susceperat,
3262 1115 3404 1168 sicut
3450 1114 3597 1168 bene
3631 1115 3823 1184 coepit,

491 1203 822 1256 concederet
853 1219 867 1265 ;
901 1202 1049 1272 quod
1082 1210 1331 1256 neutrum
1355 1219 1412 1256 se
1445 1205 1804 1270 concessisse,
1847 1205 1932 1258 vel
1961 1219 2099 1258 con-
2200 1203 2274 1257 ita
2303 1202 2536 1256 viriliter
2573 1201 2643 1255 de
2688 1207 2886 1256 caetero
2930 1218 3092 1273 agere
3160 1209 3437 1272 procuret,
3467 1202 3738 1273 quoniam
3771 1203 3822 1255 in

493 1306 780 1345 cessurum
825 1304 944 1343 esse
983 1289 1200 1354 fatetur,
1260 1292 1521 1361 quoniam
1579 1292 1664 1346 sui
1720 1302 2100 1346 antecessores
2201 1291 2456 1346 Remensi
2479 1290 2712 1344 ecclesia
2762 1305 2860 1359 per
2903 1289 3095 1344 decem
3129 1290 3462 1345 monasteria
3509 1296 3622 1343 tam
3660 1306 3829 1344 eano—

494 1379 598 1433 hoc
626 1378 802 1432 facere
849 1393 958 1433 non
1003 1387 1131 1432 sunt
1178 1379 1316 1446 ausi,
1378 1381 1508 1450 quia
1563 1389 1786 1436 sanctus
1817 1380 2098 1454 Remigius
2201 1383 2468 1443 nieorum,
2503 1398 2666 1452 quam
2687 1381 3827 1452 monachorum,atquesanctimonialium,

493 1483 618 1522 cum
645 1468 837 1542 grandi
872 1468 1263 1522 maledictione
1281 1469 1366 1522 vel
1389 1469 1837 1524 interminatione
1857 1470 1959 1524 hoc
1982 1468 2097 1523 ﬁeri
2199 1470 2435 1540 amplius
2463 1485 2626 1540 quam
2645 1469 2932 1540 quingenti
2994 1485 3092 1540 pro
3124 1469 3300 1539 ipsius
3316 1470 3579 1539 praesenti
3611 1479 3673 1524 et
3704 1486 3830 1540 per-

495 1559 732 1612 vetuerit
763 1560 831 1627 (S.
866 1559 1058 1613 Remo.
1093 1563 1149 1613 in
1179 1575 1272 1613 suo
1289 1563 1640 1626 testamento),
1673 1568 1780 1626 etc,
1815 1579 1828 1625 ;
1865 1561 2096 1615 lmmoni
2201 1565 2366 1630 petua
2391 1558 2588 1622 salute,
2620 1557 2673 1610 in
2706 1556 2955 1626 psalmis,
3009 1565 3064 1610 et
3098 1557 3328 1612 canticis
3359 1557 3726 1627 spiritalibus
3753 1566 3832 1612 at-

491 1649 702 1717 comiti,
736 1665 832 1719 pro
865 1650 1028 1704 rebus
1081 1650 1246 1718 hujus
1304 1652 1551 1705 ecclesiae
1592 1652 1648 1704 in
1684 1667 1851 1722 regno
1875 1652 2101 1722 Aquita—
2132 1706 2176 1722 η
2202 1650 2496 1720 quesacris
2511 1648 2885 1704 oblationibus
2905 1649 3155 1704 continui
3178 1657 3426 1703 oratores
3443 1649 3830 1704 cxistant.etc.

493 1737 618 1792 nico
649 1737 1085 1804 conjacentibus,
1114 1745 1172 1791 ut
1203 1739 1466 1792 auxilium
1501 1739 1664 1793 ferret
1696 1755 1883 1793 earum
1917 1739 2101 1809 provi-
2132 1725 2180 1772 ὕ
2207 1743 2338 1795 item
2371 1756 2470 1811 pro
2488 1740 2696 1795 eisdem
2721 1739 2887 1792 rebus
2918 1725 3060 1809 pene
3089 1739 3318 1793 similia.
3343 1741 3474 1792 Item
3507 1739 3748 1794 mittens
3767 1741 3830 1794 ad

491 1832 622 1896 sori,
655 1833 742 1886 cui
775 1831 1278 1886 committebantur.
1329 1831 1569 1886 Gerardo
1600 1833 1785 1886 comiti
1822 1832 2102 1886 nobilissi-
2205 1834 2424 1888 easdem
2458 1849 2544 1886 res
2571 1831 2906 1885 ordinandas
2937 1848 3036 1900 per
3067 1831 3242 1900 ipsius
3289 1831 3507 1885 comitis
3559 1831 3830 1886 auxilium

493 1941 604 1986 mo.
628 1940 726 1996 pro
781 1925 930 1978 lsaac
987 1923 1300 1997 Lingonica:
1346 1925 1495 1977 sedis
1535 1925 1733 1991 electo,
1767 1935 1827 1979 ut
1867 1942 1962 1996 per
1983 1927 2103 1994 ejus
2209 1927 2267 1996 [i,
2300 1923 3250 1996 consilium],atquedisponendas,
3284 1925 3621 1978 monachum
3667 1934 3833 1997 atque

494 2017 785 2071 hortamen
813 2016 1160 2070 ordinaretur
1182 2015 1499 2085 episc0pus.
1533 2017 1664 2086 quia
1687 2016 1955 2082 Wlfadus,
2007 2017 2102 2088 qui
2206 2014 2588 2084 presbyterum
2621 2013 2688 2065 de
2718 2011 3056 2066 monasterio
3102 2013 3274 2066 sancti
3325 2012 3566 2086 Remigii
3602 2014 3834 2068 nomine

493 2096 664 2178 ipsam
697 2115 1062 2178 occupaverat
1112 2107 1423 2173 ecclesiam,
1465 2110 1728 2164 canonice
1757 2124 1866 2162 non
1928 2110 2105 2178 potuit
2207 2102 2536 2157 Rotfridum.
2584 2101 2876 2172 Rodulplio
2907 2101 3103 2156 illustri
3123 2102 3333 2165 comiti,
3366 2117 3464 2171 pro
3494 2101 3829 2156 inﬁrmitate

493 2195 734 2250 ordinari
769 2196 954 2259 ;itcm,
987 2209 1085 2265 pro
1118 2195 1204 2248 his
1225 2212 1345 2266 quae
1376 2196 1482 2250 sibi
1517 2197 1719 2251 litteris
1746 2198 1889 2252 idem
1912 2199 2107 2252 Gerar—
2207 2190 2458 2262 conjugis
2488 2189 2677 2258 ipsius,
2707 2198 2759 2242 et
2784 2205 2880 2259 pro
2903 2205 2970 2244 eo
2992 2189 3139 2260 quod
3163 2189 3618 2260 ferebaturjidem
3643 2207 3835 2246 comes

495 2287 598 2342 dus
626 2286 1070 2360 signiﬁcaverat;
1119 2285 1331 2342 scilicet
1379 2289 1527 2359 quod
1588 2289 1815 2344 Karolus
1867 2289 2106 2344 Francia;
2209 2281 2353 2335 inter
2383 2297 2568 2355 regem
2601 2287 2653 2333 οι
2683 2281 2952 2351 QUOSdam
3017 2280 3296 2348 SUbjeCtOS
3353 2281 3834 2352 ipsmsiqumdam

497 2395 590 2433 rex
617 2376 854 2432 senioris
910 2374 1086 2446 ipsius
1142 2375 1321 2431 Karoli
1374 2378 1664 2448 Cisalpinze
1715 2380 1900 2434 Gallia
1960 2381 2106 2454 regis
2208 2375 2482 2430 contraria
2538 2374 2831 2441 seminare,
2883 2390 3135 2429 asserens
3188 2375 3296 2428 sibi
3336 2389 3564 2446 quoque
3595 2376 3836 2430 domnus

495 2482 725 2539 regnum
765 2464 869 2518 sibi
899 2464 1065 2517 vellet
1122 2464 1436 2535 subripere,
1495 2467 1640 2536 quod
1704 2468 1823 2538 ipse
1872 2469 2108 2523 domnus
2210 2466 2698 2538 Hincmarus,quia
2716 2467 2783 2521 ab
2820 2467 3215 2534 hujusmodire
3242 2467 3400 2521 valde
3431 2483 3490 2521 se
3524 2466 3834 2522 immunem

496 2553 819 2607 Hincmarus
849 2568 1196 2622 nequaquam
1255 2552 1371 2606 fieri
1400 2555 1603 2607 asserit
1627 2572 1641 2619 ;
1671 2553 1740 2608 de
1783 2555 1948 2609 rebus
1970 2572 2110 2627 quo-
2210 2557 2455 2629 putabat,
2477 2559 2581 2612 hoc
2605 2559 2782 2628 ipsum
2805 2559 3046 2629 reputari
3073 2577 3088 2625 ;
3117 2565 3172 2614 et
3199 2559 3329 2630 quia
3358 2560 3428 2613 de
3453 2560 3542 2613 his
3564 2561 3839 2631 quierant

495 2660 604 2716 que
627 2645 681 2698 S.
717 2643 951 2716 Remigii
984 2644 1338 2698 inProvincia
1364 2645 1508 2710 sitis,
1543 2662 1642 2716 pro
1673 2647 1881 2717 quibus
1903 2649 2105 2714 audie-
2210 2666 2332 2703 cum
2366 2665 2492 2720 rege
2513 2650 2642 2704 talia
2673 2649 2931 2704 mandata
2960 2651 3235 2718 venirent,
3257 2667 3379 2722 quw
3406 2667 3519 2707 non
3542 2653 3841 2707 convenis-

496 2747 578 2790 rat
622 2736 884 2789 domuum
934 2735 1283 2789 Hincmarum
1341 2736 1408 2789 ad
1463 2752 1648 2810 regem
1718 2739 2107 2808 proclamasse,
2214 2752 2358 2799 sent.
2391 2744 2543 2798 Unde
2575 2742 2708 2796 nihil
2733 2745 2913 2798 eidem
2942 2742 3130 2798 comiti
3156 2742 3400 2797 scribere
3429 2749 3840 2814 posset,ueque

496 2826 646 2899 quod
675 2842 732 2880 se
790 2825 1011 2895 penitus
1051 2833 1215 2899 negat
1263 2827 1463 2900 egisse,
1523 2844 1625 2882 nec
1669 2830 2112 2903 quotiescunque
2215 2848 2314 2902 per
2342 2832 2511 2886 alium
2543 2832 2830 2897 mandare,
2853 2832 3032 2886 donec
3061 2831 3225 2885 simul
3260 2831 3650 2901 loquerentur,
3686 2838 3742 2884 et
3773 2830 3842 2884 de

498 2929 725 2972 necesse
757 2915 877 2982 fuit,
935 2932 1032 2986 pro
1087 2917 1258 2987 ipsius
1297 2917 1351 2988 [i,
1403 2918 1555 2989 ipsis]
1594 2919 1759 2974 rebus
1812 2922 1881 2975 ad
1921 2922 2110 2988 alium,
2216 2921 2418 2976 talibus
2448 2938 2570 2993 quae
2599 2922 2867 2977 vidissent
2895 2922 3092 2976 melius
3145 2922 3214 2976 ad
3241 2921 3534 2976 utilitatem
3565 2929 3622 2976 et
3666 2921 3845 2976 hone-

499 3024 662 3080 quam
694 3007 762 3060 ad
795 3006 975 3076 ipsum
1032 3006 1352 3074 Gerardum,
1404 3014 1458 3062 et
1482 3008 1550 3061 ad
1581 3023 1711 3063 suos
1761 3008 1953 3062 ﬁdeles
1985 3008 2113 3062 inde
2151 3071 2187 3080 η
2215 3017 2410 3064 statem
2460 3010 2694 3065 senioris
2741 3011 2826 3066 sui
2881 3011 3183 3080 pertinere,
3247 3015 3436 3064 mutuo
3491 3009 3842 3074 conferrent,

497 3096 927 3171 suggestionem,
960 3095 1226 3150 direxisse
1261 3095 1362 3166 ;de
1411 3097 1513 3152 hoc
1563 3097 1730 3151 etiam
1786 3097 1934 3168 quod
1969 3097 2109 3151 scri-
2141 3071 2190 3138 ί)
2214 3105 2540 3177 quantocius
2596 3113 2778 3159 autem
2827 3103 3099 3174 potuisset
3137 3103 3205 3157 ad
3257 3118 3444 3177 regem
3475 3110 3768 3175 pergeret,
3794 3113 3843 3158 et

501 3195 682 3260 pserat
707 3188 797 3242 hic
823 3203 1008 3242 comes
1039 3203 1097 3241 se
1116 3188 1359 3253 audisse,
1383 3189 1530 3259 quod
1565 3205 1655 3243 rex
1711 3189 1819 3243 iste
1881 3189 2108 3242 Karolus

499 3278 834 3335 monasteria
879 3277 1047 3331 vellet
1095 3293 1380 3347 usurpare,
1433 3294 1554 3349 quae
1582 3277 1744 3332 beato
1786 3278 1945 3332 Petro
1976 3293 2110 3347 apo-

498 3371 640 3426 stolo
670 3370 818 3424 idem
846 3369 1119 3424 Gerardus
1145 3369 1446 3423 tradiderat
1469 3376 1553 3423 :et
1579 3370 1709 3440 quia
1737 3370 1783 3423 si
1815 3369 2107 3439 resipsius,

500 3479 622 3536 quae
650 3463 706 3516 in
736 3464 840 3517 hoc
858 3477 1028 3536 regno
1085 3462 1458 3530 conjacerent,
1509 3461 1577 3514 ab
1601 3476 1667 3515 eo
1699 3460 1877 3516 forent
1897 3461 2112 3528 ablatae,

500 3553 623 3622 ipse
649 3550 998 3605 licetinvitus
1023 3565 1112 3604 res
1137 3549 1486 3620 hujusregni,
1511 3549 1812 3619 quzeinillo
1832 3549 2116 3604 habeban-

502 3652 588 3698 tur
611 3657 779 3716 regno
798 3641 1733 3712 praasumeret;respondetdomnus
1755 3641 2116 3712 praesul,quia

502 3751 600 3789 sua
625 3735 907 3788 voluntate
939 3749 1102 3788 nemo
1154 3749 1241 3786 res
1264 3731 1512 3786 ecclesia:
1540 3731 1594 3785 in
1623 3748 1781 3786 suum
1807 3733 2112 3802 periculum

505 3833 824 3896 usurparet;
855 3825 1050 3879 timere
1071 3839 1151 3888 se,
1191 3838 1446 3877 asserens
1469 3839 1538 3876 ne
1571 3838 1754 3877 coram
1777 3824 1889 3878 Deo
1914 3824 2116 3898 dignus

507 3914 794 3979 habeatur,
823 3923 882 3967 ut
909 3914 1010 3967 hoc
1044 3912 1097 3965 in
1117 3920 1365 3982 tempore
1397 3911 1689 3966 sacerdotii
1712 3912 1797 3966 sui
1823 3913 2119 3967 commissa

503 4006 610 4060 sibi
663 4006 904 4076 patiatur
941 4004 1195 4059 ecclesia.
1250 4004 1638 4058 Verumtamen
1696 4005 1741 4058 si
1791 4006 1914 4076 quis
1974 4022 2117 4076 prae-

504 4098 822 4169 sumpserit,
844 4097 964 4167 plus
993 4096 1072 4150 illi
1092 4095 1281 4150 dolere
1313 4112 1476 4166 quam
1507 4095 1634 4157 sibi,
1661 4097 1962 4167 periculum
1987 4114 2122 4168 pra:-

505 4205 624 4244 sum
635 4189 806 4259 ptoris
818 4203 878 4242 ex
895 4187 1102 4244 divinis
1116 4186 1370 4258 pandens
1382 4187 1826 4242 auctoritatibus.
1845 4188 1940 4255 Adj
1952 4188 2122 4243 iciens

508 4297 728 4352 quoque
753 4280 822 4334 de
850 4295 916 4335 eo
947 4280 1094 4350 quod
1127 4295 1187 4333 se
1218 4286 1528 4345 monuerat,
1561 4287 1621 4334 ut
1650 4280 1789 4334 sacri
1826 4296 1991 4334 causa
2016 4281 2122 4334 mi-

506 4367 720 4423 nisterii
767 4383 952 4440 regem
997 4383 1028 4420 a
1057 4366 1260 4421 talibus
1317 4374 1598 4422 revocaret
1625 4367 1963 4431 excessibus,
1994 4369 2124 4438 quia

2210 3209 2332 3248 cum
2362 3193 2456 3248 illo
2488 3193 2718 3265 degens,
2784 3199 3277 3262 quantumcunque
3303 3191 3535 3256 valeret,
3571 3200 3840 3257 certaret,

2211 3291 2347 3340 utse
2365 3301 2548 3340 coram
2593 3285 2704 3338 Deo
2745 3283 2909 3339 corde
2949 3290 3002 3338 et
3054 3299 3226 3352 Opere
3275 3283 3606 3349 custodiret,
3640 3284 3844 3354 orique

2211 3391 2309 3432 suo
2335 3376 2404 3430 ab
2431 3375 2566 3446 ipsis
2597 3375 2763 3430 etiam
2795 3375 2888 3446 qui
2938 3373 3276 3445 putabantur
3305 3373 3491 3439 amici,
3525 3375 3843 3430 custodiam

2219 3465 2528 3536 imponeret
2584 3466 2684 3534 (ps.
2733 3464 2873 3532 CXL),
2924 3470 2982 3517 et
3027 3463 3098 3517 de
3151 3463 3558 3517 convocatione
3588 3461 3844 3517 ﬁdelium

2218 3552 2384 3625 regis,
2442 3560 2496 3605 et
2523 3551 2829 3606 directione
2877 3551 3050 3621 ipsius
3088 3550 3280 3617 animi,
3303 3558 3469 3620 atque
3500 3549 3847 3604 discissione

2217 3643 2383 3712 hujus
2412 3642 2566 3716 regni
2601 3660 2616 3708 ;
2657 3642 2754 3696 sed
2785 3651 2840 3697 et
2890 3641 3275 3697 interfectione
3323 3642 3614 3696 Britonum
3661 3643 3850 3697 Heris-

2218 3731 2392 3806 pOgii,
2425 3731 2755 3795 Salomonis,
2790 3738 2844 3785 et
2865 3731 3163 3796 Almarchi,
3211 3737 3374 3801 atque
3412 3731 3482 3785 de
3517 3730 3726 3786 itinere
3759 3749 3850 3785 re-

2217 3824 2361 3897 ginae
2383 3825 2450 3878 ad
2474 3839 2681 3896 regem,
2707 3829 2869 3894 prout
2896 3824 3012 3894 ipse
3043 3823 3426 3886 mandaverat,
3457 3829 3513 3876 et
3535 3824 3673 3894 quia
3704 3824 3850 3877 mul-

2219 3925 2334 3971 tum
2365 3916 2434 3969 de
2459 3931 2589 3987 rege
2617 3914 2867 3970 timebat.
2899 3915 3030 3970 ltem
3075 3913 3142 3968 de
3165 3929 3232 3969 eo
3253 3914 3403 3985 quod
3438 3913 3493 3967 in
3530 3915 3738 3970 litteris
3766 3917 3849 3987 ip-

2220 4005 2336 4059 sius
2357 4004 2574 4059 comitis
2595 4004 2739 4058 inter
2771 4004 2950 4074 ipsum
3002 4003 3261 4059 comitem
3286 4010 3340 4058 et
3369 4018 3562 4078 regem
3590 4021 3846 4060 commo-

2221 4098 2428 4152 tionem
2455 4102 2786 4169 cognoverat
2815 4111 2935 4151 esse
2968 4096 3296 4161 indebitam,
3325 4095 3477 4149 unde
3508 4097 3653 4150 satis
3683 4098 3855 4151 tristis

2223 4187 2450 4244 effectus
2469 4195 2602 4243 erat.
2655 4188 2718 4243 Et
2772 4188 2900 4259 quia
2930 4189 2999 4242 de
3029 4187 3115 4243 his
3145 4203 3267 4259 qua!
3295 4176 3403 4242 sibi
3431 4187 3646 4242 litteris
3676 4189 3855 4262 signi-

2224 4275 2501 4343 ﬁcaverat,
2528 4276 2672 4346 apud
2712 4292 2920 4351 regem,
2963 4277 3431 4347 proutpotuisset,
3467 4284 3778 4350 satageret,
3802 4285 3852 4330 et

2227 4365 2498 4436 quidquid
2534 4365 2829 4430 inveniret,
2849 4365 2894 4419 si
2918 4365 2986 4419 ad
3001 4381 3126 4420 eum
3144 4365 3474 4428 remitteret,
3497 4364 3608 4435 ipsi
3638 4382 3854 4421 reman-

507 4460 660 4531 prius
689 4459 745 4512 in
778 4437 927 4513 illius
966 4458 1329 4529 dispositione
1381 4459 1511 4513 talia
1547 4475 1656 4514 non
1695 4437 2041 4530 perceperat,
2071 4469 2125 4515 et
2151 4437 2350 4512 Ddare
2381 4465 2613 4512 curaret.
2647 4457 2929 4526 Adjiciens
2953 4459 3088 4530 quid
3137 4458 3246 4512 sibi
3277 4458 3346 4512 de
3374 4458 3715 4514 hominibus
3738 4459 3853 4514 suis

507 4553 575 4606 de
606 4551 760 4605 vanis
786 4550 1198 4621 suspicionibus
1221 4567 1378 4606 suum
1402 4567 1511 4606 non
1547 4560 1667 4606 erat
1688 4553 1970 4608 seniorem
2001 4568 2123 4608 cor-

507 4644 714 4714 ripere,
748 4643 873 4697 ideo
902 4659 1006 4697 nec
1037 4643 1165 4697 inde
1188 4651 1499 4699 monnerat.
1531 4645 1688 4698 Nunc
1713 4653 1895 4699 autem
1919 4651 2123 4700 certam

509 4741 564 4786 et
583 4747 804 4786 causam
845 4731 1078 4796 habens,
1111 4739 1496 4801 ctpersonam,
1532 4731 1720 4786 debita
1753 4732 2049 4788 devotione
2065 4748 2127 4788 ac

510 4821 774 4876 ﬁdelitate
796 4821 1042 4876 studebit
1064 4821 1499 4877 dominationem
1533 4822 1708 4891 ipsius
1746 4837 1994 4876 monere.

583 4914 716 4968 Item
742 4929 838 4983 pro
861 4912 1102 4983 praefatis
1160 4913 1330 4968 rebus
1381 4913 1556 4968 sancti
1618 4912 1872 4986 Remigii,
1894 4912 1963 4966 de
1994 4912 2124 4983 qui-

508 5003 775 5058 busidem
807 5002 1081 5057 Gerardus
1111 5003 1242 5057 huic
1291 5001 1926 5072 archiepiscopolitteris
1954 5000 2126 5072 signi-

508 5089 764 5146 ﬁcaverat
795 5107 853 5144 se
885 5091 1200 5154 condolere,
1245 5091 1372 5162 quia
1427 5090 1907 5145 devastabantura
1937 5089 2125 5144 multis

507 5178 773 5250 etplures
829 5181 1148 5235 earumdem
1191 5187 1492 5235 vastatores
1540 5179 1787 5234 dicerent
1848 5178 1993 5249 quod
2031 5195 2128 5249 per

508 5270 925 5325 concessionem
949 5271 1092 5345 regis
1118 5271 1321 5339 Karoli,
1354 5279 1409 5326 et
1436 5272 1598 5340 hujus
1627 5271 1814 5325 domni
1852 5271 2123 5327 Hincmari

508 5361 728 5415 easdem
763 5379 849 5415 res
865 5369 1218 5433 occuparent.
1245 5363 1397 5417 llnde
1441 5360 1688 5417 notiﬁcat
1720 5362 1900 5416 eidem
1926 5362 2124 5417 Gerar-

508 5449 600 5514 do,
635 5449 766 5520 quia
795 5467 858 5504 ex
877 5467 987 5522 quo
1009 5453 1230 5507 easdem
1260 5468 1348 5506 res
1389 5451 1578 5505 cidem
1608 5451 1969 5517 commiserit,
2000 5451 2126 5504 nul-

508 5535 616 5590 lius
635 5537 974 5592 altcriuseas
1015 5539 1312 5610 provisioni
1363 5537 1725 5610 delegaverit,
1769 5539 1874 5593 nisi
1911 5545 2121 5593 tantum

508 5619 806 5678 Hildoardo
832 5623 1050 5678 cuidam
1091 5624 1298 5679 nutrito
1318 5641 1418 5680 suo
1470 5624 1804 5690 injunxerat,
1835 5632 1895 5679 ut
1923 5625 2118 5692 majori

2224 4545 2506 4611 acciderit,
2553 4560 2691 4616 quos
2720 4561 2907 4600 secum
2962 4561 3128 4616 super
3181 4545 3416 4618 Ligerim
3471 4547 3704 4613 habuit,
3734 4563 3850 4601 mo—

2226 4651 2364 4690 nens
2385 4641 2439 4688 et
2458 4632 2775 4689 confortans
2801 4633 2855 4688 in
2882 4634 3138 4701 Domino,
3169 4650 3242 4688 ne
3269 4644 3702 4691 commoneatur
3720 4635 3856 4690 levi—

2227 4731 2311 4779 ter
2340 4737 2439 4793 pro
2469 4721 2692 4789 talibus,
2710 4722 2916 4793 quibus
2944 4722 3022 4776 illi
3045 4722 3139 4793 qui
3159 4723 3332 4776 Deum
3353 4722 3552 4777 timere
3570 4725 3857 4784 nesciunt,

2228 4824 2645 4874 commoventur
2695 4831 2709 4867 :
2786 4812 2885 4868 sed
2935 4829 3094 4868 suum
3181 4813 3390 4869 bonum
3429 4829 3667 4872 nomen.
3713 4817 3856 4869 sicut

2227 4905 2372 4961 bene
2401 4906 2590 4976 ccepit,
2614 4919 2791 4975 usque
2848 4904 2917 4957 ad
2971 4901 3138 4958 ﬁnem
3167 4903 3472 4974 perducere
3510 4905 3756 4960 studeat.
3791 4903 3854 4957 Et

2229 4995 2360 5067 quia
2390 4995 2536 5066 regis
2563 4993 2808 5047 animum
2868 4992 2981 5060 jam
3011 4991 3154 5046 bene
3175 4999 3564 5064 cognosceret,
3597 4993 3694 5064 qui
3722 4993 3854 5046 licet

2229 5084 2414 5155 aliqua
2450 5083 2520 5136 sit
2567 5080 2979 5153 perturbatione
3032 5088 3366 5147 commotus,
3389 5081 3578 5134 statim
3632 5087 3695 5135 ut
3723 5097 3850 5135 cum

2227 5189 2294 5229 eo
2322 5173 2541 5228 locutus
2568 5170 2733 5225 fuerit
2762 5177 2818 5224 et
2847 5170 2898 5223 ei
2946 5184 3100 5222 suam
3129 5168 3489 5224 devotionem
3511 5169 3848 5224 manifesta-

2225 5263 2388 5330 verit,
2410 5263 2554 5318 sicut
2581 5261 2761 5320 decet,
2797 5268 2852 5315 et
2880 5259 3022 5314 sicut
3049 5268 3258 5315 rectum
3289 5267 3394 5328 est,
3435 5276 3566 5314 eum
3597 5259 3849 5315 habebit.

2228 5355 2557 5418 admonens,
2598 5360 2658 5406 ut
2706 5351 2861 5418 juxta
2912 5348 3252 5419 Apostolum,
3305 5349 3488 5403 omnis
3531 5349 3850 5422 indignatio

2225 5443 2504 5499 auferatur
2525 5441 2591 5495 ab
2623 5455 2688 5496 eo
2719 5456 2844 5496 cum
2869 5439 3019 5495 omni
3063 5439 3274 5493 malitia
3299 5440 3522 5508 (Ephes.
3546 5439 3647 5507 ιν).
3689 5438 3850 5501 Quod

2223 5537 2267 5590 si
2309 5535 2484 5601 ﬁeret,
2508 5549 2608 5605 pro
2659 5549 2725 5588 eo
2779 5533 2926 5604 quod
2956 5548 3050 5587 rex
3103 5547 3279 5603 nepos
3308 5531 3488 5603 ipsius
3517 5539 3688 5598 esset,
3719 5530 3854 5600 plus

2221 5625 2375 5694 pium
2425 5621 2668 5678 animum
2720 5637 2850 5695 erga
2902 5637 3027 5676 eum
3076 5621 3323 5686 haberet,
3393 5636 3495 5691 pro
3557 5622 3666 5677 hoc
3695 5620 3853 5690 quod
