3970 6218
129 322 218 376 241

747 308 1072 364 ΗΙΞΤΟΒΙᾹΞ
1112 306 1439 361 ECCLESUE
1478 305 1807 360 REMENSIS
1849 304 2026 358 LIBRI
2067 302 2396 367 QUATUOR.
2438 333 2508 341 —
2549 302 2673 356 LlD.
2719 303 2806 356 lll.

3341 301 3448 356 242

141 443 310 498 senior
353 438 530 509 ipsius
587 442 754 500 esset,
820 434 946 504 plus
1006 433 1267 487 humilem
1327 433 1560 486 haberet
1626 431 1742 485 ani-
1763 437 1812 502 Α
1838 430 1906 485 de
1937 430 2056 500 ipso
2075 429 2405 483 audiebatet
2435 428 2634 482 anima:
2665 427 2811 481 illius
2836 425 3139 497 periculum
3164 425 3451 495 pertinen-

141 545 273 584 mum
320 526 464 581 circa
492 524 694 594 ipsum,
731 529 838 576 etc.
894 520 1081 576 Uvelfo
1112 521 1328 574 cuidam
1387 520 1563 576 nobili
1598 520 1737 580 viro,

143 621 324 674 multas
377 616 680 690 gratiarum
740 612 988 667 referens
1044 611 1314 676 actiones,
1375 611 1520 681 quod
1583 611 1744 664 talem

142 728 258 785 erga
296 726 352 764 se
387 713 768 762 conservasset
805 703 1125 764 amicitiam,
1158 711 1218 757 ut
1247 701 1528 758 hominem
1571 701 1746 772 ipsius

141 803 248 857 sine
273 814 541 856 consensu
589 796 841 866 ejusdem
873 793 1121 864 recipere
1179 793 1470 858 noluisset,
1512 799 1566 846 et
1597 791 1744 862 quod

144 896 275 948 idem
315 892 478 945 homo
505 903 564 943 se
595 887 716 941 sine
755 902 922 940 causa
955 884 1248 948 dimiserit,
1284 894 1338 938 et
1368 884 1492 937 sine
1526 882 1747 937 licentia

144 1001 232 1040 sua
253 983 616 1036 irreverenter
636 977 958 1040 abcesserit,
982 976 1128 1047 quod
1147 990 1308 1030 nemo
1322 991 1547 1030 suorum
1568 975 1747 1030 adhuc

143 1075 272 1130 alius
287 1072 513 1135 fecerat,
531 1067 1032 1138 intimansqualiter
1044 1066 1502 1136 eumsusceperit,
1520 1075 1746 1135 etquam

145 1165 372 1238 benigne
397 1161 672 1226 nutrierit,
693 1159 971 1228 multaque
991 1158 1068 1211 illi
1092 1157 1235 1212 bona
1257 1156 1468 1220 fecerit,
1488 1156 1749 1225 qualiter-

144 1271 242 1326 que
281 1255 381 1308 iste
421 1252 566 1306 inter
601 1249 877 1304 seniorem
924 1264 1083 1302 suum
1117 1256 1171 1302 et
1221 1261 1404 1319 regem
1439 1245 1637 1299 missus
1678 1245 1746 1300 ad

144 1345 333 1414 ipsum,
366 1337 830 1394 inconvenienter
860 1336 1054 1408 egerit.
1081 1335 1220 1389 Petit
1245 1342 1448 1400 autem,
1477 1343 1538 1388 ut
1568 1334 1747 1388 nulla-

147 1441 297 1486 tenus
353 1445 480 1483 eum
514 1427 768 1497 recipiat,
808 1435 1104 1495 antequam
1137 1439 1321 1477 secum
1378 1423 1654 1492 loquatur,
1696 1432 1751 1476 et

145 1523 274 1577 sciat
315 1521 361 1574 si
406 1529 613 1574 rectam
647 1526 840 1572 contra
877 1533 937 1570 se
970 1517 1115 1570 idem
1157 1516 1322 1569 homo
1355 1514 1620 1568 rationem
1654 1514 1751 1567 ha-

147 1616 283 1680 beat,
309 1613 578 1680 adjiciens
626 1626 739 1665 non
771 1610 826 1663 id
881 1626 941 1662 se
972 1609 1040 1661 de
1072 1608 1167 1662 illo
1221 1607 1345 1660 ideo
1377 1606 1659 1675 replicare,
1692 1612 1752 1659 ut

147 1706 359 1777 aliquod
393 1704 584 1759 odium
625 1702 771 1756 illius
793 1708 998 1762 teneat,
1027 1700 1124 1752 sed
1155 1715 1224 1752 ne
1256 1699 1347 1752 ille
1368 1706 1557 1751 contra
1577 1696 1746 1764 justi-

149 1795 268 1848 tiam
299 1792 582 1861 recipiens
615 1789 786 1854 bunc,
821 1788 876 1841 in
908 1788 1076 1841 Deum
1112 1794 1323 1855 peccet,
1359 1785 1491 1839 etin
1523 1799 1582 1838 se
1611 1783 1752 1837 ami-

148 1902 263 1939 cum
299 1885 476 1954 ipsius
515 1880 779 1941 offendat,
824 1878 1125 1949 praesertim
1155 1893 1278 1930 cum
1311 1876 1458 1930 salva
1488 1874 1750 1939 amicitia,

150 1992 240 2045 per
268 1975 386 2042 ejus
421 1973 701 2028 licentiam
726 1971 876 2024 illum
914 1970 1116 2023 habere
1142 1968 1378 2038 poterit;
1407 1967 1629 2021 Folconi
1660 1981 1756 2020 co-

151 2063 259 2116 miti
292 2061 481 2132 palatii
514 2060 681 2132 regis,
712 2073 814 2128 pro
854 2057 1091 2128 quodam
1125 2055 1447 2125 presbytero
1480 2055 1752 2124 parochia3

147 2153 503 2216 Suessonicze,
537 2153 632 2222 qui
671 2150 861 2204 relicto
893 2147 1269 2202 ecclesiastico
1300 2147 1367 2200 ad
1412 2146 1572 2201 civile
1598 2146 1754 2214 judi-

146 2241 280 2295 cium
323 2240 756 2310 proclamaverat
786 2251 950 2305 super
979 2243 1296 2290 accusatore
1327 2251 1451 2299 suo,
1502 2234 1595 2305 qui
1629 2249 1752 2303 pro-

148 2333 388 2387 baturum
425 2349 484 2385 se
518 2331 842 2402 promiserat
873 2343 992 2382 esse
1023 2328 1170 2398 quod
1201 2328 1466 2382 adversus
1497 2327 1753 2381 eumdem

150 2422 522 2491 presbyterum
555 2416 889 2488 proferebat.
926 2416 1144 2470 Mandat
1174 2423 1356 2469 autem
1390 2416 1518 2469 huic
1544 2415 1753 2479 comiti,

151 2525 213 2562 ne
237 2510 288 2562 in
317 2511 424 2564 hac
455 2524 512 2562 se
538 2523 702 2562 causa
732 2505 1106 2570 commisceat,
1137 2512 1430 2574 antequam
1464 2505 1532 2557 ab
1555 2519 1620 2558 eo
1653 2510 1756 2557 tra-

151 2606 317 2651 ctetur
363 2614 439 2652 an
491 2596 547 2649 id
605 2593 1005 2649 rationabiliter
1057 2591 1176 2647 ﬁeri
1221 2591 1441 2656 debeat,
1503 2592 1632 2662 quia
1687 2591 1757 2645 de

152 2684 456 2755 presbyteri
486 2691 539 2738 et
561 2682 818 2737 Ecclesia:
842 2697 1004 2736 causa
1029 2681 1095 2734 ad
1123 2681 1414 2752 episcopos
1443 2681 1580 2735 etad
1599 2696 1760 2750 syno-

153 2773 270 2826 dum
302 2771 574 2826 diftinitio
605 2769 896 2840 pertineat,
955 2785 1067 2824 non
1097 2769 1166 2822 ad
1203 2769 1354 2822 malli
1387 2770 1473 2822 vel
1517 2769 1758 2824 civilium

143 2861 381 2927 judicum
413 2858 866 2930 dispositionem,
924 2863 1027 2911 etc.
1069 2856 1266 2911 Maioni
1317 2857 1512 2910 illustri
1551 2857 1760 2925 comiti,

150 2953 449 3024 gratiarum
484 2950 730 3004 referens
758 2949 1002 3004 actiones
1031 2964 1132 3018 pro
1160 2948 1501 3020 benignitate
1532 2958 1585 3001 et
1609 2948 1760 3004 solli-

148 3045 405 3112 citudine,
481 3059 644 3114 quam
707 3043 910 3096 domno
973 3041 1315 3095 Theoderico
1383 3041 1761 3096 Camaracensi

1776 1747 1830 1815 B

1848 523 1940 587 tia,
1989 522 2261 593 praecipue
2293 521 2361 575 de
2392 521 2629 591 quodam
2667 518 3016 590 presbytero,
3072 534 3233 588 quem
3265 524 3454 574 contra

1847 609 1998 683 leges
2019 611 2088 664 de
2111 609 2342 664 ecclesia
2359 609 2615 676 ejecerat,
2644 615 2699 661 et
2721 607 2952 660 alterum
2976 605 3053 658 ibi
3076 606 3452 670 constituerat,

1847 701 2146 756 efﬁcaciter
2179 708 2232 754 et
2260 701 2652 771 episc0paliter
2699 715 2952 764 monens,
2986 703 3045 750 ut
3088 713 3117 749 a
3148 696 3352 751 talibus
3395 713 3455 750 se

1848 792 2370 864 praesumptionibus
2394 800 2728 862 compescat,
2756 791 2883 862 quia
2903 791 2948 843 si
2976 805 3086 844 non
3110 788 3316 853 fecerit,
3335 787 3454 859 ipse

1848 885 1996 955 quod
2026 900 2192 939 sacra:
2233 883 2384 957 leges
2411 884 2740 953 praecipiunt
2768 882 3009 937 facturus
3039 882 3108 935 sit
3138 881 3191 934 in
3223 897 3369 942 eum,
3403 888 3456 937 et

1849 989 1946 1043 per
1975 973 2160 1028 omnia
2191 989 2360 1046 regna
2399 974 2676 1043 episc0pis
2703 989 2875 1044 usque
2931 973 2999 1026 ad
3030 989 3224 1043 papam
3258 973 3456 1027 Roma-

1850 1082 2000 1131 num,
2031 1083 2154 1120 eum
2179 1083 2300 1119 esse
2321 1067 2606 1121 mandabit
2631 1065 3456 1135 excommunicatum.jl’resby-

1851 1163 2022 1209 terum
2055 1169 2184 1208 vero
2213 1155 2499 1216 advenam,
2527 1170 2691 1224 quem
2723 1155 2946 1208 miserat
2978 1155 3033 1207 in
3057 1154 3250 1208 eadem
3279 1153 3458 1208 eccle-

1848 1242 1950 1307 sia,
2005 1243 2074 1296 ab
2121 1243 2269 1297 omni
2314 1243 2567 1297 Remensi
2625 1243 2885 1313 parocliia
2923 1244 3455 1298 excommunicatum

1849 1349 1969 1388 esse
2003 1333 2272 1407 designat.
2308 1335 2439 1387 ltem
2487 1349 2690 1390 vocans
2721 1351 2844 1389 eum
2891 1336 3148 1390 dilectum
3181 1335 3373 1400 tilium,
3406 1341 3457 1390 et

1851 1426 1977 1481 ideo
2016 1426 2096 1480 sic
2126 1441 2252 1480 eum
2295 1441 2489 1480 vocare
2539 1443 2598 1480 se
2630 1427 2839 1483 dicens.
2874 1437 2933 1482 ut
2963 1427 3125 1482 talem
3185 1444 3243 1481 se
3275 1427 3455 1492 faciat,

1851 1523 2120 1586 quatenus
2152 1515 2206 1568 in
2235 1516 2356 1583 ejus
2378 1515 2675 1570 dilectione
2708 1525 2854 1570 recte
2883 1531 3104 1570 manere
3129 1519 3321 1587 possit,
3347 1517 3454 1581 vel,

1849 1615 1908 1660 ut
1931 1606 2060 1660 item
2096 1607 2295 1676 praesul
2325 1614 2564 1676 ex0ptat.
2597 1608 2704 1662 Sed
2735 1609 2968 1663 audiens
2997 1624 3120 1662 eum
3151 1625 3261 1664 non
3291 1612 3452 1665 talem

1849 1713 1908 1751 se
1936 1696 2448 1766 exhibere,qualem
2468 1697 2696 1752 deberet
2729 1698 2788 1768 [i,
2811 1700 3049 1769 deceret]
3075 1716 3201 1774 erga
3223 1701 3460 1755 Remen-

1853 1802 1969 1839 sem
1991 1785 2300 1850 ecclesiam,
2323 1786 2391 1839 de
2414 1801 2522 1855 qua
2541 1786 2712 1839 multa
2733 1785 2878 1840 bona
2906 1788 3167 1853 habebat,
3203 1796 3261 1842 ut
3281 1789 3457 1842 famu-

1856 1873 1936 1927 los
1965 1873 2140 1942 ipsius
2169 1874 2414 1929 ecclesiae
2442 1875 2755 1946 inquietans
2781 1892 2903 1930 cum
2931 1892 3063 1946 pace
3097 1893 3203 1931 non
3236 1877 3462 1940 sineret.

1855 1962 2078 2034 degere.
2111 1965 2334 2017 mandat
2366 1964 2442 2017 illi
2473 1980 2537 2017 ex
2569 1966 2891 2020 auctoritate
2920 1965 3012 2018 Dei
3046 1973 3100 2019 et
3130 1973 3332 2020 sanctae
3355 1965 3467 2018 Ma-

1853 2055 1967 2120 riae,
2002 2061 2056 2108 et
2087 2055 2262 2108 sancti
2296 2055 2548 2129 Remigii,
2581 2062 2636 2109 et
2665 2072 2763 2110 sua
2790 2056 3116 2126 episc0pali,
3150 2074 3368 2112 necnon
3401 2074 3464 2111 ex

1853 2143 2040 2199 banno
2091 2144 2256 2216 regis,
2303 2147 2462 2213 cujus
2500 2146 2730 2200 misssus
2761 2147 2876 2216 ipse
2909 2147 3175 2216 pontifex,
3227 2157 3361 2218 erat,
3407 2158 3467 2205 ut

1855 2233 2064 2288 nullum
2093 2235 2570 2305 impedimentum,
2593 2238 2677 2291 vel
2703 2237 2841 2306 ipse,
2869 2238 2956 2293 vel
2973 2239 3226 2294 homines
3248 2241 3330 2294 sui
3363 2242 3462 2296 ho-

1856 2324 2098 2378 minibus
2129 2324 2415 2378 Remensis
2454 2325 2700 2379 ecclesiae
2730 2326 2952 2394 faciant,
2984 2343 3086 2382 nec
3116 2345 3214 2398 per
3241 2329 3464 2400 aliquod

1858 2415 2142 2488 ingenium
2174 2416 2259 2469 vel
2292 2431 2389 2485 per
2411 2431 2740 2470 consensum
2771 2435 2966 2473 suum:
3001 2420 3098 2474 sed
3139 2421 3182 2473 si
3213 2421 3346 2491 quid
3380 2438 3466 2475 ra-

1861 2505 2129 2559 tionabile
2168 2523 2414 2576 quaerere
2445 2509 2560 2561 vult
2589 2515 2776 2562 contra
2825 2517 3147 2578 potestatem
3180 2510 3468 2563 llemensis

1859 2598 2104 2652 ecclesiae
2159 2613 2256 2667 per
2280 2597 2459 2670 legem
2511 2607 2737 2668 quaerat.
2800 2598 2935 2661 Quia
2974 2599 3018 2652 si
3071 2601 3229 2654 aliter
3260 2601 3469 2663 fecerit,

1861 2696 1967 2743 tam
2002 2705 2099 2758 per
2128 2689 2498 2759 episcopalem
2527 2690 2930 2756 auctoritatem,
2957 2707 3118 2761 quam
3151 2708 3246 2761 per
3276 2693 3473 2746 missa-

1860 2781 2027 2835 ticum
2059 2779 2228 2853 regis,
2261 2781 2408 2850 quod
2435 2780 2564 2833 inde
2597 2789 2804 2834 rectum
2837 2780 3000 2834 fuerit
3029 2781 3339 2835 sustinebit.
3369 2781 3474 2835 Ex—

1861 2869 2229 2924 communicat
2259 2869 2424 2923 etiam
2457 2869 2750 2940 quemdam
2783 2869 3074 2924 diaconum
3129 2869 3321 2940 ipsius,
3378 2871 3474 2942 qui

1862 2958 2257 3014 adversabatur
2285 2957 2506 3012 famulis
2535 2957 2709 3012 sancti
2744 2957 2998 3032 Remigii,
3031 2965 3135 3012 etc.
3166 2958 3472 3015 Tlieodulfo

1867 3045 1926 3116 [i,
1957 3043 2280 3114 Theudulfo]
2307 3045 2516 3106 comiti,
2543 3060 2638 3114 pro
2662 3046 3092 3116 praesumptione
3119 3047 3477 3103 ecclesiastici

152 3137 382 3205 praesuli,
422 3136 552 3190 ‘viro
581 3141 790 3199 sancto,
819 3140 873 3186 et
904 3132 1149 3187 ecclesiae
1180 3133 1355 3203 ipsius
1385 3134 1647 3188 exhibere
1669 3151 1765 3190 cu-
1791 3111 1839 3177 Ο
1865 3136 2176 3201 ministerii,
2201 3151 2309 3206 qua
2340 3133 2598 3190 defuncto
2617 3135 2853 3206 quodam
2884 3136 3205 3206 presbytero
3234 3138 3480 3194 abstule-

151 3227 319 3293 rabat,
362 3226 620 3298 petitque
652 3232 711 3279 ut
739 3223 783 3277 si
817 3223 872 3276 in
903 3239 1093 3277 eorum
1125 3223 1324 3278 diebus
1352 3224 1495 3278 idem
1527 3226 1622 3278 Dei
1655 3242 1764 3280 ser-

153 3331 247 3368 vus
272 3316 340 3370 ad
371 3328 731 3371 communem
748 3311 1038 3366 Dominum
1073 3311 1350 3376 transiret,
1371 3328 1470 3382 pro
1496 3313 1765 3367 electione

154 3407 516 3462 concedenda
543 3405 690 3460 clero
727 3410 781 3458 et
810 3402 958 3473 plebi
991 3402 1238 3457 ecclesiae
1275 3402 1450 3473 ipsius
1481 3403 1625 3473 apud
1661 3403 1767 3458 Lo-

155 3499 386 3553 tharium
418 3499 813 3568 imperatorem
841 3501 1133 3567 satageret.

223 3592 291 3646 De
322 3607 461 3662 pace
494 3604 719 3661 quoque
742 3587 1086 3658 procuranda
1104 3586 1248 3640 inter
1278 3602 1454 3659 reges,
1481 3588 1629 3641 unde
1661 3587 1767 3641 sibi

154 3680 467 3749 scripserat,
507 3677 775 3743 rescribit,
807 3677 934 3747 quia
963 3692 1184 3747 semper
1211 3692 1329 3731 eam
1352 3678 1768 3740 desideraverit.

154 3777 204 3821 et
227 3775 284 3822 ut
313 3767 580 3823 inviolata
612 3766 757 3820 inter
785 3781 882 3819 eos
903 3773 1172 3832 maneret,
1205 3776 1368 3835 prout
1390 3769 1586 3838 potuit,
1620 3785 1771 3824 com-

155 3875 377 3914 monere
437 3857 738 3921 curaverit,
771 3865 824 3910 et
862 3864 1129 3926 quantum
1161 3857 1272 3912 Deo
1316 3868 1646 3929 cooperante
1676 3879 1771 3916 va-

152 3949 328 4004 luerit.
366 3949 502 4004 inde
545 3948 793 4002 laborare
826 3945 1057 4000 curabit.
1113 3947 1310 4002 Rorico
1353 3949 1663 4005 Normanno
1702 3951 1770 4005 ad

153 4041 320 4095 ﬁdem
352 4040 559 4097 Christi
591 4054 878 4106 converso,
910 4046 970 4093 ut
999 4039 1051 4091 in
1082 4040 1176 4093 Dei
1204 4041 1503 4106 voluntate,
1536 4049 1589 4096 et
1618 4059 1773 4096 man-

155 4135 405 4190 datorum
461 4133 612 4187 illius
650 4131 1033 4186 observatione
1065 4130 1332 4200 proficiat,
1372 4132 1512 4186 sicut
1539 4141 1593 4188 et
1647 4150 1771 4188 eum

153 4229 295 4282 velle
326 4245 392 4282 ac
423 4227 612 4282 facere
643 4243 742 4295 per
777 4225 978 4279 multos
1015 4223 1295 4288 audiebat,
1335 4231 1387 4278 et
1428 4233 1485 4279 ut
1533 4243 1694 4284 nemo
1723 4229 1773 4284 ei

155 4317 502 4386 persuadere
549 4315 766 4378 valeat,
815 4328 924 4383 quo
954 4320 1141 4367 contra
1180 4311 1518 4369 Christianos
1550 4317 1775 4391 paganis

156 4413 248 4459 aut
277 4405 607 4466 consilium,
629 4410 722 4456 aut
753 4402 1088 4470 adjutorium
1116 4409 1356 4472 praestet,
1389 4403 1518 4473 quia
1542 4404 1682 4459 nihil
1712 4407 1782 4461 sit

1867 3239 1946 3284 rat
1988 3246 2110 3299 quae
2156 3229 2301 3282 idem
2334 3228 2624 3297 presbyter
2664 3227 2717 3280 in
2758 3228 3110 3297 eleemosyna
3138 3244 3234 3297 pro
3266 3245 3324 3283 se
3359 3231 3479 3286 dari

1867 3323 2227 3388 praeceperat,
2258 3324 2313 3368 et
2350 3314 2580 3383 insuper
2631 3322 2989 3384 usurpaverat
3029 3331 3151 3385 quae
3192 3316 3260 3369 ad
3301 3317 3475 3386 ipsam

1867 3407 2152 3462 ecclesiam
2185 3406 2284 3460 rite
2315 3405 2499 3460 relicta
2527 3404 2765 3460 fuerant.

1939 3498 2186 3553 Ostendit
2240 3513 2371 3570 ergo
2403 3494 2695 3550 manifeste
2733 3514 2896 3568 quam
2942 3501 3236 3555 maximum
3270 3503 3480 3559 crimen

1868 3589 2141 3663 sacrilegii
2171 3588 2522 3643 commissum
2545 3588 2616 3642 sit
2644 3588 2711 3641 ab
2735 3604 2822 3654 eo,
2846 3589 2943 3643 sed
2966 3597 3020 3644 et
3043 3594 3320 3662 quomodo
3347 3610 3482 3648 eon-

1873 3690 1952 3734 tra
1984 3679 2252 3732 humanas
2281 3677 2454 3750 egerit
2482 3676 2652 3747 leges,
2683 3684 2737 3732 et
2781 3677 2912 3749 quid
2947 3678 3076 3733 inde
3109 3681 3225 3736 fieri
3258 3682 3480 3753 debeat,

1873 3777 1925 3825 et
1955 3769 2188 3840 qualiter
2219 3765 2466 3820 ecclesiae
2499 3765 2551 3820 in
2593 3773 2863 3836 potestate
2895 3773 2949 3820 et
2980 3769 3327 3824 ordinatione
3357 3781 3486 3828 sunt

1872 3861 2119 3932 episcopi
2145 3857 2449 3913 secundum
2478 3874 2664 3913 sacros
2690 3875 2951 3925 canones,
2977 3867 3032 3915 et
3063 3861 3368 3932 imperialia
3389 3880 3484 3917 ca-

1877 3955 2069 4026 pitula.
2099 3953 2250 4007 Unde
2284 3951 2505 4006 mandat
2535 3951 2609 4017 ei,
2643 3959 2702 4006 ut
2732 3952 2878 4019 juxta
2903 3969 3085 4008 sacras
3109 3954 3486 4023 auctoritates,

1875 4053 1929 4100 et
1960 4060 2150 4118 regum
2183 4051 2476 4113 praecepta,
2511 4041 2778 4112 quidquid
2811 4043 2878 4096 de
2925 4042 3278 4099 facultatibus
3310 4044 3488 4113 ipsius

1877 4137 2121 4193 ecclesiae
2153 4143 2437 4204 acceperat
2466 4133 2891 4203 praesentialiter
2919 4135 3166 4190 ecclesiae
3189 4135 3402 4200 reddat,
3435 4144 3493 4192 et

1875 4224 2235 4297 presbyteris,
2269 4222 2472 4293 quibus
2498 4237 2588 4275 res
2617 4222 3015 4276 commendatae
3057 4223 3296 4286 fuerant,
3328 4225 3491 4278 resti-

1883 4328 2018 4383 tuat,
2053 4315 2254 4370 deinde
2281 4315 2348 4368 ad
2379 4330 2440 4368 se
2469 4312 2674 4379 veniat,
2709 4319 2767 4366 ut
2817 4313 2944 4368 inde
2975 4316 3306 4369 medicinam
3339 4316 3490 4370 acci-

1886 4411 2020 4482 piat,
2064 4414 2336 4478 quatenus
2364 4419 2531 4457 sanus
2562 4401 2674 4466 fiat,
2725 4403 2862 4456 dans
2904 4403 2979 4456 illi
3009 4405 3245 4474 spatium
3279 4412 3491 4475 septem

157 4495 410 4564 proderit
436 4492 776 4562 baptismum
790 4489 1213 4545 Christianitatis
1235 4490 1536 4560 accepisse,
1569 4493 1614 4546 si
1637 4509 1778 4548 con-
1805 4475 1862 4543 D
1889 4475 2100 4557 δίπυτῆ
2134 4509 2427 4569 postquam
2461 4496 2669 4550 litteras
2700 4495 2844 4564 ipsas
2873 4499 3167 4565 acceperit,
3221 4505 3277 4551 ut
3307 4505 3498 4553 octava

157 4591 235 4636 tra
267 4581 640 4644 Christianos,
675 4579 759 4632 vel
786 4594 886 4648 per
911 4594 990 4644 se,
1021 4587 1113 4632 aut
1141 4595 1239 4649 per
1265 4579 1401 4633 alios
1423 4595 1781 4654 quoscunque

160 4689 446 4742 perversa,
487 4670 574 4724 vel
614 4670 842 4724 adversa
874 4669 1039 4724 fuerit
1075 4659 1441 4737 machinatus,
1484 4681 1538 4725 et
1567 4679 1781 4741 caetera,

158 4781 280 4835 qua:
315 4763 704 4834 prosequitur,
765 4761 1156 4831 episcopaliter
1210 4763 1486 4829 intimans,
1520 4774 1783 4835 quantum

159 4854 213 4906 in
247 4854 344 4908 tali
387 4854 462 4906 sit
506 4850 913 4905 machinatione
955 4851 1280 4920 periculum.
1338 4854 1564 4909 ilioneus
1599 4857 1784 4922 etiam,

160 4953 217 4996 ut
246 4941 595 4996 Balduinum
627 4957 658 4993 a
686 4939 782 4993 Dei
812 4939 1038 5008 Spiritu,
1063 4956 1174 5009 quo
1197 4957 1438 4996 canones
1463 4945 1633 5000 sancti
1659 4953 1793 5002 sunt

161 5038 397 5103 conditi,
433 5051 543 5106 per
566 5035 938 5104 epiSCOpalem
963 5037 1339 5091 auctoritatem
1367 5049 1592 5110 propter
1622 5043 1790 5098 filiam

162 5130 332 5204 regis,
368 5142 550 5199 quam
596 5126 650 5180 in
675 5142 902 5181 uxorem
945 5125 1154 5182 furatus
1199 5128 1396 5197 fuerat,
1425 5135 1797 5192 anathemati-

163 5229 372 5283 zatum,
429 5215 591 5271 nullo
630 5216 794 5270 modo
835 5215 1126 5286 reciperet,
1171 5235 1350 5291 neque
1381 5221 1657 5292 solatium,
1711 5231 1797 5284 vel

166 5312 451 5384 refugium
489 5307 718 5378 aliquod
747 5308 894 5378 apud
916 5324 973 5362 se
1007 5309 1209 5365 habere
1238 5313 1600 5382 permitteret,
1635 5335 1704 5372 ne
1737 5321 1796 5373 il-

168 5401 274 5454 lius
332 5396 594 5470 peccatis
622 5404 676 5450 et
706 5397 1271 5454 excommunicatioue
1318 5401 1662 5458 involvantur
1693 5414 1797 5461 tam

167 5489 310 5558 ipse,
347 5501 528 5558 quam
567 5484 672 5548 sui,
706 5492 866 5554 atque
899 5484 1229 5541 damnentur
1257 5506 1268 5541 :
1302 5490 1398 5542 sed
1431 5491 1592 5545 talem
1621 5509 1678 5546 se
1709 5511 1804 5549 ex-

169 5577 372 5630 hibere
429 5578 724 5644 procuret,
774 5581 1048 5642 quatenus
1092 5576 1142 5627 ei
1174 5578 1450 5631 orationes
1496 5588 1806 5637 sanctorum

172 5663 457 5736 proﬁcere
495 5658 734 5715 valeant.
775 5660 1030 5716 Luitardo
1059 5663 1255 5719 illustri
1280 5666 1419 5733 viro,
1449 5683 1547 5737 pro
1580 5669 1665 5723 liis
1690 5687 1812 5741 quae

1884 4595 1972 4648 die
2002 4594 2069 4648 ad
2101 4608 2160 4646 se
2191 4591 2392 4653 veniat,
2426 4598 2536 4660 qu‘o
2558 4589 2641 4642 vel
2677 4588 2720 4641 si
2749 4604 2856 4642 non
2891 4595 2971 4642 est
3001 4589 3092 4651 ita,
3128 4590 3366 4643 debitam
3401 4607 3494 4644 ra-

1885 4686 2089 4741 tionem
2123 4684 2339 4749 reddat,
2382 4681 2467 4735 vel
2499 4681 2543 4736 si
2575 4688 2657 4735 est
2708 4680 2802 4743 ita,
2835 4697 3134 4753 congruam
3177 4682 3500 4738 satisfactio-

1888 4791 2013 4828 nem
2046 4780 2206 4844 agat:
2260 4772 2408 4842 quod
2441 4771 2485 4823 si
2538 4785 2647 4825 non
2691 4769 2900 4834 fecerit,
2943 4770 3222 4838 exemplar
3272 4771 3494 4825 istarum

1889 4871 2199 4924 litterarum
2238 4868 2354 4937 ipse
2402 4868 2516 4942 regi
2557 4868 2907 4932 transmittet,
2962 4874 3020 4920 ut
3059 4866 3148 4920 ille
3180 4881 3337 4919 suum
3373 4865 3501 4919 inde

1893 4957 2257 5013 ministerium
2290 4957 2472 5021 faciat,
2505 4965 2558 5010 et
2592 4966 2780 5027 postea
2811 4957 2953 5012 idem
2989 4955 3183 5026 praesul
3216 4970 3373 5008 suum
3411 4970 3504 5007 ex-

1897 5047 2026 5101 inde
2047 5043 2314 5116 perficiet.
2338 5045 2399 5097 Et
2419 5045 2678 5115 quoniam
2699 5046 2949 5100 audierat
2965 5044 3109 5115 quod
3134 5044 3304 5114 ipsam
3328 5042 3509 5096 eccle-

1897 5135 2031 5190 siam
2063 5132 2211 5186 idem
2251 5147 2436 5186 comes
2465 5132 2821 5188 denominato
2861 5132 3037 5203 pretio
3061 5132 3320 5204 [vendere
3352 5146 3511 5200 para-

1900 5231 2001 5288 ret,
2033 5221 2234 5289 adjecit
2265 5239 2280 5274 :
2343 5243 2366 5267 u
2405 5221 2699 5289 Propterea
2729 5222 2929 5286 sciens,
2973 5222 3252 5292 inquiens,
3304 5218 3433 5290 quia
3461 5217 3504 5272 si

1900 5315 1986 5370 vel
2014 5329 2184 5368 unum
2212 5311 2495 5365 denarium
2527 5311 2621 5364 tibi
2653 5312 2854 5382 aliquis
2875 5311 3106 5366 clericus
3138 5328 3234 5381 pro
3268 5312 3386 5381 ipsa
3418 5326 3512 5366 ec-

1903 5403 2088 5467 clesia,
2121 5401 2204 5454 vel
2238 5415 2333 5470 pro
2365 5400 2468 5453 alia
2509 5399 2690 5470 aliqua
2723 5400 2778 5452 in
2819 5416 2940 5452 mea
2972 5399 3252 5469 parochia,
3304 5415 3403 5468 per
3433 5416 3520 5465 se,

1907 5501 2001 5546 ant
2023 5505 2118 5562 per
2138 5489 2438 5544 immissam
2455 5505 2745 5560 personam
2763 5487 2998 5552 dederit,
3021 5503 3118 5557 per
3131 5502 3218 5541 me
3235 5487 3523 5544 ordinatus

1913 5581 1966 5634 in
1997 5597 2061 5636 ea
2093 5595 2202 5634 non
2230 5579 2352 5635 erit.
2384 5579 2436 5632 Si
2468 5586 2652 5634 autem
2675 5579 2756 5632 vis
2782 5576 2857 5632 ibi
2887 5575 3092 5630 habere
3115 5576 3521 5648 presbyterum.

1913 5673 2094 5727 adhuc
2119 5672 2252 5726 mihi
2284 5671 2449 5727 talem
2481 5671 2763 5737 clericum,
2795 5669 2889 5742 qiu
2936 5675 3096 5738 aptus
3126 5668 3196 5722 sit
3225 5684 3380 5724 sacro
3412 5670 3525 5723 mi-
