3970 6218
506 325 612 377 243

1633 320 1996 375 FLODOARDI
2039 320 2340 375 CANONICI
2383 319 2710 374 REMENSIS

3722 325 3817 378 ΞΗ

511 471 763 536 nisterio,
816 475 869 523 et
921 483 1024 542 ego
1057 469 1208 523 illum
1255 469 1552 540 inquiram,
1597 478 1651 525 et
1709 471 1786 525 illi
1835 472 2121 526 ecclesiam
2149 472 2418 543 Asitione
2467 472 2656 526 harum
2714 487 2919 537 rerum,
2968 472 3014 525 si
3066 487 3159 526 rex
3207 471 3450 540 juberet,
3492 488 3596 543 per
3650 474 3816 544 ipsum

507 565 672 625 dabo,
707 568 763 615 et
784 569 914 615 tunc
954 561 1106 614 illum
1142 562 1434 628 ordinabo,
1466 563 1512 615 si
1555 563 1688 617 mihi
1731 564 1855 617 talis
1885 565 2116 618 clericus

506 654 939 709 satisfactionem
963 651 1174 716 fecerit,
1190 653 1338 722 quod
1362 652 1570 707 nullum
1601 654 1836 723 pretium
1859 655 1989 710 inde
2016 656 2113 711 do-

509 743 738 796 naverit.
793 741 857 794 Et
885 740 930 794 si
962 749 1019 794 tu
1053 739 1125 794 ita
1169 739 1348 794 facere
1383 755 1494 795 non
1523 742 1781 806 volueris,
1835 758 1938 815 ego
1967 742 2117 798 ordi-

509 833 673 895 nabo,
694 832 931 902 qualiter
947 831 1183 900 populus
1200 831 1278 884 ibi
1293 830 1536 886 ofﬁcium
1558 833 1774 894 habeat,
1793 851 1966 905 usque
1985 835 2114 890 dum

509 922 583 974 ibi
607 921 858 975 ordinem
881 919 1281 989 presbyterum.
1308 919 1400 974 Cui
1419 920 1463 973 si
1491 921 1713 992 aliquod
1747 922 2113 993 impedimen-

507 1024 618 1066 tum
651 1018 841 1066 contra
869 1010 1086 1064 divinas
1115 1018 1168 1064 et
1189 1011 1456 1065 humanas
1486 1011 1640 1084 leges
1672 1012 1888 1081 feceris,
1920 1022 1975 1069 et
1997 1032 2115 1070 ma-

507 1102 762 1157 nifestum
796 1101 979 1166 fuerit,
1027 1101 1318 1172 presbyter
1346 1101 1422 1154 ibi
1481 1103 1846 1172 permanebit,
1892 1113 1946 1160 et
1975 1113 2031 1160 tu
2062 1118 2115 1163 et

507 1207 699 1245 omnes
727 1189 822 1261 qui
855 1187 952 1242 tibi
985 1187 1389 1253 consenserint,
1421 1188 1489 1242 ab
1523 1189 1673 1243 omni
1707 1189 2113 1249 Christianitate

507 1297 683 1350 usque
715 1279 781 1333 ad
807 1277 1238 1332 satisfactionem
1271 1277 1425 1332 eritis
1462 1279 1699 1348 separati
1775 1280 1920 1347 Haec,
1953 1283 2114 1339 chare

511 1371 610 1436 ﬁli,
647 1371 771 1424 ideo
803 1369 1004 1424 mando
1044 1368 1143 1422 tibi
1176 1377 1230 1424 et
1259 1368 1441 1424 taliter
1476 1383 1821 1434 commoneo,
1854 1373 1984 1443 quia
2003 1375 2115 1428 sal-

507 1477 633 1515 vum
659 1469 711 1513 et
738 1461 1066 1515 honoratum
1089 1467 1140 1513 te
1160 1458 1345 1528 cupio,
1369 1465 1424 1512 et
1449 1457 1592 1513 inter
1621 1457 1765 1514 ﬁlios
1793 1461 2038 1518 ecclesiae
2061 1469 2114 1518 te

509 1553 564 1605 in
595 1552 716 1606 loco
747 1549 844 1604 ﬁlii
874 1550 1077 1604 habere
1107 1549 1252 1605 volo.
1286 1547 1350 1604 Et
1395 1548 1441 1602 si
1469 1563 1556 1603 me
1586 1551 1854 1624 coegeris,
1889 1559 1946 1605 ut
1975 1553 2114 1608 sicut

508 1643 771 1697 Dominus
791 1642 922 1697 dicit
954 1641 1007 1694 in
1040 1640 1356 1714 Evangelio,
1384 1640 1462 1694 sis
1482 1641 1631 1695 velut
1653 1642 1908 1698 ethnicus
1926 1651 1978 1699 et
2003 1661 2111 1714 pu-

2217 564 2446 636 agenda.
2483 563 2616 618 Item
2642 562 2869 633 praefato
2891 563 3167 618 Bernardo
3189 563 3458 619 Tolosano
3490 580 3592 635 pro
3623 565 3816 621 eisdem

2217 650 2400 715 rebus,
2433 651 2654 718 adjurat
2675 651 2828 704 illum
2857 667 2956 722 per
2974 652 3143 706 Deum
3172 653 3615 723 omnipotentem
3647 655 3819 710 Domi-

2216 753 2348 792 num
2376 738 2562 792 Jesum
2594 737 2890 806 Christum,
2930 746 2984 794 et
3022 755 3122 810 per
3151 740 3273 808 ejus
3304 739 3666 809 Genitricem,
3697 759 3816 797 san-

2216 837 2474 900 ctumque
2525 829 2852 902 Remigium,
2895 838 2954 885 ut
2997 831 3134 886 nihil
3183 831 3314 886 inde
3355 842 3678 902 praesumat,
3733 851 3823 889 nec

2217 915 2387 970 ullum
2416 916 2871 987 impedimentum
2902 918 3192 988 mancipiis
3211 918 3265 972 in
3297 919 3494 973 iisdem
3522 921 3819 976 consisten-

2217 1003 2362 1058 tibus
2390 1002 2554 1059 faciat
2583 1021 2597 1058 :
2650 1019 2834 1075 neque
2875 1006 3150 1061 Bernardo
3180 1005 3368 1062 comiti
3399 1008 3717 1080 Arvergico,
3746 1010 3823 1064 cui

2215 1095 2435 1149 easdem
2447 1095 2799 1152 commiserat
2821 1096 2891 1150 ad
2913 1095 3349 1165 defendendum,
3378 1098 3509 1153 inde
3526 1099 3824 1155 molestiam

2216 1185 2450 1258 ingerat,
2504 1186 2633 1257 quia
2673 1187 2718 1240 si
2771 1187 2981 1255 fecerit,
3037 1203 3161 1242 eum
3202 1205 3234 1242 a
3290 1187 3582 1244 liminibus
3636 1200 3825 1247 sancta:

2215 1277 2484 1343 ecclesiae,
2513 1284 2568 1332 et
2586 1294 2618 1331 a
2643 1279 3035 1334 communione
3060 1278 3303 1333 ﬁdelium
3333 1295 3457 1335 cum
3486 1280 3826 1351 plenitudine

2215 1366 2628 1437 episcoporum,
2666 1377 2776 1422 tam
2807 1370 3134 1442 Aquitaniae,
3177 1387 3342 1442 quam
3373 1371 3612 1427 aliorum
3641 1390 3827 1447 regno-

2216 1469 2334 1507 rum
2363 1456 2712 1526 segregabit;
2747 1457 2900 1524 item,
2921 1458 3230 1512 admonens
3251 1475 3376 1513 eum
3409 1474 3511 1529 pro
3527 1460 3724 1515 eadem
3757 1480 3826 1527 re,

2215 1551 2273 1597 ut
2305 1544 2564 1599 conciliet
2614 1545 2721 1600 sibi
2763 1547 3056 1602 amicitiam
3088 1555 3290 1602 sanctas
3322 1547 3502 1602 Mariae
3557 1558 3619 1604 et
3665 1546 3827 1605 Sancti

2217 1636 2449 1708 Remigii
2482 1638 2550 1692 de
2581 1638 2822 1709 praefatis
2862 1639 3050 1706 rebus,
3081 1640 3382 1694 ostendens
3411 1656 3477 1695 ex
3516 1641 3698 1696 sacris
3727 1658 3821 1696 au-

509 1734 759 1788 blicanus
791 1732 1001 1802 (Matth.
1036 1731 1210 1799 xvm),
1242 1745 1352 1785 non
1384 1730 1546 1796 mihi,
1579 1732 1677 1786 sed
1711 1732 1810 1787 tibi
1858 1743 2115 1804 reputare
2139 1741 2190 1809 Β
2214 1726 2576 1794 cloritatibus,
2598 1734 2863 1798 quantum
2887 1727 3191 1798 periculum
3214 1727 3392 1782 sitres
3409 1743 3600 1783 sacras
3633 1729 3825 1799 injuste

507 1823 722 1877 debetis
786 1823 1079 1892 Postquam
1119 1822 1249 1875 istas
1289 1821 1500 1876 litteras
1536 1820 1757 1888 dictavi,
1797 1823 2003 1880 dictum
2033 1834 2117 1881 est

507 1914 642 1967 mihi
675 1913 820 1984 quod
853 1911 1254 1967 matricularios
1283 1928 1313 1965 a
1341 1911 1594 1967 ministro
1625 1928 1750 1968 meo
1788 1915 2116 1971 constitutos

506 2006 574 2058 de
608 2005 699 2058 illa
729 2004 1016 2058 matricula
1046 2001 1280 2070 ejecisti,
1308 2011 1363 2056 et
1392 2001 1468 2055 ibi
1495 2003 1784 2058 Bovarium
1817 2003 1898 2075 [12,
1930 2007 2113 2061 Bona-

504 2093 663 2163 rium]
699 2092 917 2156 misisti,
951 2099 1006 2144 et
1036 2105 1135 2160 pro
1177 2091 1270 2144 illa
1313 2090 1598 2145 matricula
1651 2091 1705 2144 in
1737 2093 1915 2162 pretio
1946 2109 2115 2148 unum

504 2180 717 2234 asinum
750 2177 1028 2249 accepisti.
1062 2177 1216 2242 Quod
1256 2176 1301 2230 si
1334 2177 1407 2231 ita
1437 2186 1542 2246 est,
1587 2192 1699 2233 non
1729 2179 1907 2234 solum
1937 2179 2118 2235 crimi-

506 2272 704 2326 naliter
733 2269 929 2337 fecisti,
964 2269 1092 2340 quia
1137 2276 1328 2324 contra
1355 2284 1549 2323 omnes
1597 2269 1748 2344 leges
1775 2270 2116 2326 ecclesiasti-

506 2377 628 2413 cum
662 2358 1026 2412 ministerium
1044 2358 1210 2412 homo
1229 2357 1400 2411 laicus
1415 2359 1714 2429 usurpasti,
1734 2367 1789 2414 et
1808 2359 2119 2430 eleemosy-

506 2467 652 2508 nam.
707 2450 760 2502 id
793 2456 874 2503 est
905 2447 1350 2503 misericordiam‘
1386 2463 1713 2518 pauperum,
1770 2465 1834 2504 ac
1872 2465 1972 2520 per
2017 2452 2119 2508 hoc

504 2543 694 2606 Deum,
728 2540 822 2610 qui
865 2539 1248 2593 misericordia
1287 2538 1610 2593 miserorum
1644 2547 1749 2607 est,
1780 2540 1922 2595 sicut
1947 2540 2119 2597 Judas

505 2625 771 2696 proditor,
799 2625 1124 2680 vendidisti.
1157 2625 1264 2679 Sed
1293 2625 1459 2679 etiam
1483 2625 1716 2695 turpiter
1740 2626 1796 2680 in
1827 2627 1932 2682 hoc
1955 2629 2118 2686 nimis

503 2719 700 2784 fecisti,
730 2726 790 2772 ut
811 2719 880 2772 de
899 2719 1276 2784 mendicitate,
1308 2720 1376 2773 de
1407 2735 1516 2790 qua
1538 2719 1776 2774 mendici
1804 2720 1989 2776 vivere
2018 2723 2119 2777 de-

501 2809 654 2873 bent,
687 2821 873 2862 comes
894 2816 948 2859 et
969 2807 1270 2860 honoratus
1292 2805 1441 2880 regis
1468 2805 1816 2861 consiliarius
1848 2808 1903 2862 in
1936 2809 2115 2879 pretio

501 2900 714 2953 asinum
747 2897 1030 2967 accepisti,
1059 2904 1113 2950 et
1141 2912 1335 2951 omnes
1363 2897 1455 2967 qui
1479 2897 1594 2952 haec
1625 2897 1862 2965 audiunt.
1881 2915 2115 2970 pensare

501 2997 734 3061 possunt
760 2988 996 3060 qualiter
1024 2989 1093 3043 de
1135 2988 1256 3042 aliis
1283 2989 1462 3043 causis
1493 3005 1590 3060 pro
1621 3005 1806 3045 amore
1835 2999 1890 3046 et
1917 2992 2114 3049 timore

2217 1816 2478 1882 retinere,
2533 1824 2828 1889 caveatque
2903 1834 2973 1873 ne
3053 1818 3486 1874 ecclesiasticum
3542 1820 3825 1889 jjudicium

2217 1903 2452 1974 proinde
2476 1913 2755 1960 mereatur
2780 1906 2833 1960 in
2867 1905 2973 1960 hoc
3011 1905 3235 1972 seculo,
3277 1914 3333 1959 et
3359 1914 3625 1961 aeternam
3661 1909 3833 1978 perdi—

2217 1995 2426 2050 tionem
2457 1996 2513 2050 in
2546 1995 2730 2051 futuro
2760 2011 2776 2064 ;
2831 1997 2982 2059 item,
3024 1997 3153 2068 quia
3192 1996 3597 2068 prtejudicium,
3631 2009 3690 2054 et
3734 2014 3833 2055 non

2219 2087 2496 2142 modicum
2518 2088 2781 2142 damnum
2801 2087 3060 2142 Remensi
3091 2087 3328 2143 faciebat
3346 2088 3624 2156 ecclesiae,
3657 2098 3833 2145 osten-

2219 2178 2298 2234 dit
2326 2195 2453 2234 eum
2484 2179 2916 2251 praedamnatum
2939 2195 2970 2233 a
2991 2179 3162 2234 sacris
3187 2179 3498 2234 canonibus
3528 2188 3833 2237 sanctorum

2213 2267 2451 2335 judicio,
2483 2275 2540 2323 et
2569 2284 2600 2321 a
2631 2282 2693 2322 se
2732 2267 3056 2338 caeterisque
3088 2267 3436 2338 praesulibus,
3485 2283 3728 2340 quorum
3759 2287 3836 2325 res

2218 2357 2617 2412 ecclesiasticas
2672 2357 3009 2429 usurpabat;
3043 2357 3374 2433 legationem
3407 2373 3506 2429 pro
3567 2361 3678 2416 hoc
3704 2377 3835 2432 prae-

2213 2444 2423 2513 judicio
2453 2447 2742 2512 directam,
2775 2453 2830 2500 et
2858 2453 2991 2501 tunc
3030 2446 3231 2501 iterum
3259 2462 3381 2501 cum
3411 2446 3751 2518 imperatore
3774 2451 3834 2504 ad

2219 2553 2416 2608 papam
2447 2539 2753 2593 Romanum
2788 2537 3160 2610 dirigendam,
3193 2545 3468 2609 quatenus
3498 2539 3624 2608 ejus
3652 2549 3836 2597 aucto-

2220 2625 2383 2680 ritate
2425 2633 2759 2700 congregata
2787 2625 3052 2696 synodus,
3095 2641 3243 2693 eum,
3275 2631 3620 2699 ceterosque
3659 2644 3832 2683 rerum

2217 2715 2715 2772 ecclesiasticarum
2763 2732 3091 2788 pervasores
3146 2717 3518 2772 damnationis
3566 2721 3837 2775 sententia

2217 2809 2501 2878 percellat.
2540 2809 2669 2864 ldeo
2699 2809 3005 2865 secundum
3036 2808 3410 2884 evangelicam
3459 2812 3839 2866 auctoritatem

2216 2901 2368 2972 prius
2412 2918 2536 2957 eum
2581 2901 2880 2973 episcopali
2909 2902 3231 2957 auctoritate
3271 2911 3590 2958 commonet
3621 2905 3820 2974 (Matth

2215 2993 2389 3065 xviri],
2410 3002 2582 3066 atque
2609 3012 2709 3066 per
2737 3010 2955 3050 crucem
2989 2994 3185 3049 Christi
3219 3002 3273 3049 et
3302 2995 3637 3068 sanguinem
3670 2997 3838 3067 ipsius

500 3079 616 3145 Dei,
649 3086 708 3133 et
738 3076 1045 3131 reverentia
1085 3077 1162 3130 tui
1203 3077 1493 3132 ministerii
1519 3078 1665 3146 juste
1696 3086 1751 3133 et
1779 3087 1926 3134 recte
1957 3080 2112 3148 facis,
2135 3103 2185 3172 α
2214 3085 2509 3151 interdicit,
2541 3101 2612 3141 ne
2643 3086 2712 3141 de
2750 3085 2916 3141 rebus
2945 3086 3193 3141 ecclesiae
3227 3085 3520 3140 Remensis
3550 3086 3664 3141 sibi
3697 3104 3836 3159 prae-

499 3167 594 3239 qui
620 3168 689 3221 de
714 3166 807 3220 tali
830 3165 1050 3220 miseria
1079 3165 1201 3220 sine
1222 3165 1333 3219 ulla
1357 3167 1693 3222 verecundia
1713 3177 1874 3240 turpe
1900 3169 2109 3226 lucrum

498 3259 752 3331 requiris.
789 3277 814 3309 ιο

568 3351 826 3405 Anselmo
877 3349 1075 3404 iltustri
1123 3349 1262 3413 viro,
1321 3363 1420 3418 pro
1476 3349 1714 3421 quodam
1766 3352 2106 3422 presbytero,

495 3459 658 3514 quem
703 3441 845 3512 apud
905 3457 968 3495 se
1016 3447 1385 3506 accusaverat,
1442 3442 1540 3495 sed
1585 3443 1652 3496 ad
1692 3443 2106 3500 denominatum

495 3535 753 3605 placitum
814 3549 925 3588 non
954 3540 1201 3600 venerat,
1232 3531 1553 3607 signiﬁcans
1604 3534 1922 3605 puriﬁcasse
1961 3537 2108 3592 hunc

494 3627 872 3696 presbyterum
895 3625 1161 3680 canonice
1188 3625 1429 3695 seipsum
1453 3641 1484 3679 a
1511 3626 1740 3682 crimine
1766 3643 1950 3682 coram
1974 3629 2108 3682 mis-

492 3717 566 3770 sis
616 3717 790 3787 ipsius
831 3716 1095 3782 Anselmi,
1147 3716 1203 3770 in
1236 3722 1536 3786 conSpectu
1594 3718 1953 3788 plurimorum
1995 3727 2101 3774 tam

490 3810 820 3866 clericorum
849 3825 1011 3879 quam
1043 3808 1329 3875 laicorum,
1354 3824 1465 3864 non
1494 3818 1676 3866 tamen
1707 3811 1945 3880 misisse,
1975 3814 2104 3885 quia

491 3918 593 3956 nec
620 3900 896 3966 debuerit,
930 3900 983 3953 in
1015 3907 1420 3956 sacramentum
1460 3901 1647 3972 plures
1676 3903 1990 3960 sacerdotes
2019 3905 2102 3976 ip-

487 3993 602 4046 sius
659 3996 848 4044 testes.
905 3989 1160 4045 Hortatur
1206 3996 1387 4046 autem
1444 3999 1498 4048 et
1535 4002 1744 4060 monet,
1792 4001 1850 4048 ut
1879 4009 2100 4051 omnem

488 4097 796 4147 rancorem,
825 4096 989 4153 quem
1020 4089 1211 4137 contra
1258 4082 1546 4154 praefatum
1578 4087 1959 4156 presbyterum
1998 4088 2100 4143 ha-

488 4172 671 4237 bebat,
693 4169 900 4226 acorde
918 4185 1018 4225 suo
1043 4170 1361 4241 expelleret,
1381 4173 1681 4229 ostendens
1700 4183 1965 4247 quantum
1983 4194 2096 4232 ma-

486 4263 596 4316 lum
625 4261 695 4316 sit
721 4260 907 4315 odium
927 4260 1174 4316 retinere
1205 4262 1258 4316 in
1291 4264 1476 4319 corde.
1514 4264 1978 4321 lnterdicitetiam
2000 4284 2095 4322 au-

485 4353 735 4408 ctoritate
764 4353 856 4406 Dei
889 4359 943 4407 et
972 4362 1286 4408 sanctorum
1308 4355 1448 4423 ejus,
1477 4363 1537 4410 ut
1563 4356 1742 4411 eidem
1777 4357 2097 4429 presbytero

2213 3183 2413 3242 sumat,
2459 3191 2642 3246 neque
2672 3191 2704 3229 a
2734 3189 3089 3245 quocunque,
3131 3173 3241 3228 nisi
3272 3174 3340 3228 ad
3373 3175 3621 3245 ipsarum
3656 3193 3836 3232 rerum

2212 3270 2404 3318 contra
2430 3277 2756 3334 pervaseres
2780 3260 3184 3326 defensionem,
3216 3261 3475 3332 praesumi
3501 3264 3836 3320 consentiat.

2283 3355 2669 3428 Engelramno,
2703 3354 2948 3422 Goslino,
2981 3361 3037 3408 et
3067 3354 3348 3409 Adalelmo
3376 3354 3682 3410 comitibus
3701 3357 3836 3412 scri-

2211 3446 2289 3501 bit
2317 3447 2522 3516 (supra,
2550 3463 2595 3501 c.
2629 3447 2739 3515 18),
2771 3445 2995 3500 mittens
3025 3444 3105 3500 eis
3135 3462 3258 3501 cum
3294 3443 3497 3500 litteris
3531 3447 3656 3500 suis
3684 3447 3836 3503 litte-

2208 3553 2389 3591 rarum
2439 3536 2585 3611 regis
2614 3536 2912 3606 exemplar,
2972 3536 3028 3589 in
3078 3535 3280 3607 quibus
3331 3535 3748 3605 continebatur,
3779 3549 3831 3593 ut

2207 3629 2497 3699 episcopos
2524 3636 2855 3683 convocaret
2883 3635 2938 3682 et
2967 3627 3135 3682 laicos
3182 3627 3375 3681 ﬁdeles
3405 3627 3579 3699 regis,
3601 3628 3676 3683 ad
3703 3645 3827 3701 pro-

2205 3715 2510 3770 bibendum
2526 3715 2612 3770 vel
2633 3715 3000 3770 resistendum
3026 3715 3391 3770 Karlomanno
3413 3715 3661 3773 diacono
3685 3719 3831 3792 regis

2204 3806 2340 3873 ﬁlio,
2372 3807 2465 3879 qui
2497 3808 2866 3862 insurrexerat
2915 3817 3106 3862 contra
3137 3813 3346 3876 patrem
3393 3823 3582 3873 suum,
3615 3809 3677 3864 in
3709 3811 3832 3882 qui-

2203 3899 2305 3954 bus
2354 3900 2571 3964 litteris,
2624 3907 2876 3972 quaeren‘s
2907 3900 3041 3971 quid
3099 3899 3180 3954 eis
3208 3915 3377 3969 super
3413 3900 3521 3956 hoc
3581 3904 3736 3976 regis
3766 3904 3834 3958 sit

2202 3992 2417 4068 agendo
2453 4001 2752 4064 praecepto,
2784 3992 3036 4065 designat
3067 4006 3177 4046 non
3223 4007 3346 4046 esse
3385 3991 3828 4050 Karlomannum

2199 4099 2312 4139 suae
2350 4084 2667 4154 provinciae,
2701 4091 2890 4154 utpote
2917 4083 3012 4154 qui
3041 4084 3111 4137 sit
3137 4083 3424 4138 ordinatus
3453 4083 3524 4137 ab
3558 4085 3829 4158 Hildega-

2199 4176 2280 4230 rio
2337 4175 2600 4229 Meldensi
2644 4175 2933 4245 episcopo,
2988 4183 3043 4227 et
3086 4173 3393 4228 secundum
3425 4189 3685 4231 canones
3715 4194 3827 4232 non

2199 4266 2372 4338 possit
2414 4265 2621 4337 aliquid
2650 4265 2949 4337 diSponere
3003 4264 3072 4317 de
3104 4263 3218 4319 illo.
3261 4263 3572 4335 Episc0pus
3599 4284 3828 4340 quoque

2198 4358 2268 4413 de
2293 4358 2399 4413 alia
2422 4356 2706 4429 provincia
2730 4355 3070 4412 convocandi
3101 4362 3428 4426 potestatem
3456 4372 3572 4412 non
3598 4359 3827 4418 habeat.

485 4447 693 4500 nullum
713 4445 1090 4515 praejudicium
1106 4445 2096 4521 velmachinationeminferat,quiasi
2113 4467 2168 4536 ι)
2196 4450 2294 4504 sed
2325 4464 2508 4522 neque
2559 4447 2934 4520 suﬁ'raganeos
2965 4463 3076 4501 suae
3105 4447 3253 4500 sedis
3291 4454 3421 4500 tunc
3462 4453 3698 4519 tempus
3729 4451 3827 4505 ha-

482 4537 694 4602 feccrit,
725 4535 844 4606 ipse
871 4535 1004 4590 inde
1033 4552 1194 4591 suum
1220 4538 1590 4594 ministerium
1623 4539 1803 4595 faciet.
1838 4542 2097 4598 Precatur

481 4626 645 4681 etiam
675 4624 1023 4693 utjustitiam
1073 4625 1206 4688 Deo,
1242 4627 1457 4697 sibique
1490 4626 1648 4682 faciat
1677 4629 1746 4683 de
1778 4629 2095 4688 hominibus

479 4717 613 4779 suis,
631 4716 722 4787 qui
740 4716 1074 4787 presbyteris
1087 4716 1418 4787 quibusdam
1439 4719 1673 4774 testibus
1686 4721 1953 4791 praemissi
1968 4741 2094 4793 pre-

477 4806 683 4875 sbyteri
702 4805 819 4859 ausi
839 4814 967 4859 sunt
983 4805 1210 4873 injurias
1237 4806 1662 4878 intulisse,‘quia
1678 4809 1723 4862 si
1749 4824 1857 4863 non
1879 4809 2089 4875 fecerit,

479 4903 535 4948 et
565 4893 632 4947 de
665 4893 800 4962 ipsis
838 4909 1060 4964 quoque
1109 4909 1268 4948 suum
1309 4894 1549 4950 facturus
1577 4896 1649 4952 sit
1704 4898 2086 4955 ministerium.

481 4985 757 5040 Bernardo
787 4985 973 5040 comiti
1005 4984 1276 5042 Tolosano
1311 4987 1622 5059 prepinquo
1643 5004 1764 5054 suo,
1798 5007 1896 5062 pro
1925 4993 2091 5047 rebus

478 5077 766 5132 Remensis
792 5077 1043 5133 ecclesia:
1076 5079 1128 5132 in
1163 5079 1453 5150 Aquitania
1482 5083 1921 5152 conjacentibus,
1954 5103 2089 5157 quas

477 5167 570 5221 ille
623 5165 677 5219 in
719 5166 1053 5236 praestariam
1086 5168 1191 5223 sibi
1223 5170 1454 5226 concedi
1489 5172 1733 5242 petebat,
1763 5173 1909 5244 quod
1941 5175 2084 5230 idem

472 5258 674 5332 praesul
705 5274 763 5314 se
801 5259 1067 5315 facturum
1099 5269 1279 5337 negat,
1314 5263 1442 5334 quia
1472 5280 1582 5319 non
1613 5266 1831 5332 audeat,
1865 5277 2088 5338 propter

470 5357 862 5407 testamentum
905 5353 1077 5408 sancti
1112 5353 1366 5428 Remigii,
1423 5356 1569 5426 quod
1597 5357 1650 5411 id
1682 5357 1912 5414 omnino
1966 5358 2083 5414 ﬁeri

471 5437 837 5509 prohibuerit.
898 5441 1053 5496 Unde
1083 5441 1238 5496 alteri
1291 5459 1510 5515 quoque
1563 5445 1841 5501 Bernardo
1893 5448 2081 5501 comiti

470 5526 806 5582 Rodomensi
863 5533 920 5601 [i,
953 5532 1268 5587 Rodonensi
1324 5535 1514 5590 scribit
1556 5543 1616 5590 ut
1670 5538 1924 5608 loquatur
1952 5554 2073 5592 cum

470 5615 576 5667 hoc
609 5611 904 5684 Bernardo,
936 5633 1006 5672 ne
1037 5633 1124 5672 res
1155 5619 1376 5672 easdem
1407 5622 1520 5675 suis
1547 5623 1864 5679 hominibus
1896 5626 1949 5678 in
1977 5625 2075 5678 be-

467 5695 729 5757 neﬁcium
761 5699 949 5768 donet,
973 5711 1032 5758 ut
1054 5703 1381 5760 eumfecisse
1409 5709 1679 5777 audierat,
1709 5720 1764 5766 et
1789 5713 1860 5766 de
1890 5711 2075 5782 inqui-

2195 4537 2388 4593 beatur
2415 4537 2782 4603 convocandi,
2815 4552 2938 4591 cum
2979 4535 3099 4589 dies
3128 4535 3293 4589 instet
3323 4534 3520 4589 natalis
3554 4536 3783 4593 Domini
3813 4556 3827 4601 ;

2196 4636 2252 4682 et
2301 4626 2432 4681 licet
2482 4625 2728 4697 episcOpi
2789 4623 3138 4688 conveniant,
3184 4630 3237 4676 et
3280 4622 3658 4681 Karlomanno
3701 4644 3828 4682 suas

2195 4717 2483 4790 parochias
2513 4716 2860 4782 interdicant,
2923 4731 3033 4769 non
3073 4713 3181 4769 sibi
3233 4714 3449 4768 videtur
3505 4723 3568 4771 ut
3599 4735 3707 4788 pro
3764 4736 3828 4774 eo

2193 4809 2340 4881 quod
2371 4809 2540 4880 ccepit
2561 4809 2824 4869 dimittat;
2855 4807 2899 4862 si
2929 4807 3036 4861 alia
3069 4812 3309 4876 potestas
3340 4805 3418 4859 illi
3451 4822 3564 4861 non
3602 4818 3830 4866 contra-

2193 4901 2357 4957 dicat.
2381 4900 2851 4956 Considerandum
2873 4914 3002 4954 vero
3022 4907 3210 4952 monet
3225 4896 3666 4968 rationabiliter,
3692 4903 3828 4975 quid

2185 4990 2340 5059 juxta
2359 4991 2677 5045 mandatum
2709 4990 2852 5063 regis
2882 5003 3052 5058 super
3082 4986 3183 5040 hac
3214 5001 3275 5040 re
3312 4985 3385 5039 sit
3413 4988 3732 5060 agendum,
3760 5006 3824 5044 ne

2192 5082 2393 5137 malum
2424 5083 2603 5151 majus
2631 5087 2927 5146 accrescat,
2969 5076 3291 5153 signiﬁcans
3329 5078 3570 5148 qualiter
3608 5097 3822 5137 conve-

2190 5172 2474 5239 niendum,
2500 5178 2556 5226 et
2583 5170 2720 5225 alios
2749 5169 2831 5224 eis
2859 5167 2929 5222 sit
2958 5165 3376 5222 convocandum
3397 5165 3663 5238 datusque
3687 5186 3820 5225 con-

2186 5262 2368 5317 silium
2398 5265 2455 5314 ut
2493 5259 2638 5313 idem
2681 5257 3079 5312 Karlomannus
3108 5254 3398 5309 adversum
3430 5269 3492 5306 se
3532 5270 3648 5310 non
3684 5273 3818 5328 pro-

2185 5359 2343 5406 vocet
2392 5349 2560 5404 Deum
2589 5354 2643 5402 et
2671 5354 2882 5418 patrem
2922 5361 3080 5399 suum
3114 5343 3403 5414 episcOpos
3454 5358 3692 5415 qquue
3728 5364 3817 5400 re.

2182 5441 2275 5516 gni
2307 5440 2492 5508 hujus,
2525 5455 2574 5492 et
2609 5437 2869 5510 populum
2903 5438 2971 5490 ad
3002 5433 3343 5491 iracundiam
3383 5441 3580 5488 contra
3612 5453 3702 5502 se.
3744 5454 3813 5491 ne

2181 5540 2237 5587 et
2276 5534 2330 5587 in
2364 5532 2571 5601 animo,
2606 5540 2660 5586 et
2691 5532 2747 5587 in
2778 5544 3028 5599 corpore,
3066 5536 3172 5582 tam
3207 5526 3346 5594 ipse,
3397 5539 3564 5593 quam
3597 5527 3677 5580 illi
3715 5530 3812 5600 qui

2177 5637 2302 5676 eum
2334 5622 2507 5676 secuti
2543 5621 2785 5687 fuerunt,
2821 5627 3066 5691 pereant.
3103 5620 3224 5688 lpse
3256 5634 3385 5673 vero
3418 5625 3622 5688 praesul
3657 5631 3717 5676 et
3753 5622 3808 5674 lii

2175 5713 2406 5768 comites
2461 5713 2678 5769 mittant
2735 5713 2802 5767 ad
2846 5726 3052 5784 regem,
3084 5718 3145 5766 ut
3185 5725 3312 5765 eum
3359 5710 3588 5779 faciant,
3630 5722 3806 5783 prout
