3970 6218
126 333 222 386 245

769 319 1096 375 ΗΙΞΤΟΒΙίΕ
1137 319 1465 376 ECCLBSUE
1504 319 1765 376 REMENS

1872 317 2048 373 LIBRI
2087 315 2415 381 QUATUOR.
2445 345 2516 354 —
2547 314 2670 368 LIB.
2714 315 2804 368 Ill.

3347 313 3454 367 εδδ

149 456 331 511 melius
359 451 659 522 potuerint,
692 449 768 502 illi
819 449 1142 520 placabilem
1177 467 1191 514 ;
1221 450 1306 503 sin
1364 457 1544 504 autem
1585 450 1740 504 aliter
1769 454 1813 520 Α
1845 465 1942 519 per
1969 446 2222 505 ecclesia:
2250 445 2607 516 {advocatum
2661 457 2748 497 res
2803 442 2907 496 rite
2963 440 3285 504 diffiniatur,
3341 449 3449 498 etc.

155 545 225 598 eis
250 542 481 602 videtur,
512 539 614 592 sibi
633 539 978 598 remandent.
1013 546 1068 591 et
1113 545 1327 592 caetera.
1365 540 1497 593 Item
1530 539 1737 592 eisdem

153 651 239 706 pro
290 634 387 686 hac
445 631 560 701 ipsa
619 645 698 695 re,
773 629 1072 703 designans
1160 629 1362 684 bonum
1410 631 1511 683 sibi
1570 631 1742 684 videri

150 726 298 780 fuisse
335 721 645 784 consilium,
706 721 833 791 quia
869 736 977 774 non
1028 722 1428 775 commoverint
1476 720 1739 790 populum

145 824 419 886 antequam
486 813 647 867 simul
733 815 1091 884 loquerentur
1133 853 1146 877 ,
1211 813 1628 868 considerantes
1697 813 1741 866 si

151 903 270 974 quid
318 901 447 956 boni
534 908 761 970 possent
832 900 1078 955 invenire
1163 915 1284 953 cum
1353 900 1739 966 Karlomanno,

149 993 368 1049 credens
416 993 546 1064 quia
603 1008 761 1045 suum
813 998 868 1045 et
923 991 1167 1060 ipsorum
1227 991 1424 1045 debeat
1472 992 1740 1046 obaudire

149 1083 449 1148 consilium,
476 1089 580 1136 etc.
615 1082 746 1135 Item
780 1081 1166 1143 Karlomanno,
1196 1079 1440 1145 Goslino,
1461 1089 1516 1135 et
1539 1080 1742 1135 Conra-

145 1171 228 1236 do,
257 1185 350 1240 pro
399 1169 651 1237 jussione
711 1169 856 1241 regis
913 1185 1020 1239 qua
1080 1169 1450 1234 mandaverat,
1512 1178 1572 1223 ut
1625 1170 1740 1240 ipse

145 1258 331 1310 PI‘EBSUI
362 1273 488 1310 cum
532 1255 744 1310 caeteris
810 1255 1069 1310 fidelibus
1125 1257 1270 1330 regis
1299 1258 1617 1312 conveniret
1673 1258 1738 1312 ad

143 1345 447 1399 mandatum
479 1345 623 1418 regis
655 1343 1016 1410 audiendum,
1055 1351 1110 1398 et
1133 1344 1496 1398 Karlomanuo
1527 1343 1744 1398 denun-

145 1437 405 1504 tiandum,
438 1437 740 1510 designans
796 1436 891 1490 ubi
947 1443 1000 1490 et
1044 1452 1151 1507 qua
1180 1436 1268 1490 die
1300 1437 1386 1490 vel
1418 1437 1552 1490 hora
1579 1435 1741 1490 simul

142 1526 426 1581 convenire
458 1525 718 1590 debeant,
765 1533 819 1578 et
866 1531 922 1577 ut
951 1523 1345 1577 Karlomannus
1374 1523 1655 1577 Goslinum
1687 1529 1742 1578 et

145 1616 443 1672 Conradum
494 1614 560 1667 ad
620 1613 768 1683 ipsos
814 1613 1010 1677 mittat,
1038 1613 1122 1667 vel
1177 1613 1292 1684 ipse
1325 1613 1739 1678 Karlomannus,

142 1710 180 1762 si
218 1707 485 1778 placuerit
539 1705 612 1771 ei,
662 1707 730 1759 ad
785 1707 1010 1760 eosdem
1069 1705 1275 1772 veniat,
1308 1712 1368 1760 ut
1406 1705 1742 1759 missaticum

1847 541 1978 593 Item
2037 554 2136 609 pro
2189 537 2382 593 eadem
2438 551 2514 594 re.
2569 534 2867 590 exhortans
2918 540 2970 587 et
3012 542 3228 604 petens,
3287 542 3348 588 ut
3383 535 3453 588 de

1846 630 1978 701 ipsis
2015 630 2183 686 rebus
2206 629 2470 697 majorem
2525 641 2711 681 curam
2755 625 3038 691 adhibeat,
3069 633 3172 680 etc.
3229 624 3454 680 Erluino

1846 720 2022 774 amico
2067 719 2230 773 etiam
2279 732 2401 783 suo,
2458 731 2557 787 pro
2613 713 2854 785 prsefatis
2884 714 3453 769 rebusetmansionili

1848 823 1958 879 quo
2001 823 2185 877 supra.
2245 806 2376 859 Item
2436 804 2733 876 gratiarum
2783 802 3027 857 referens
3065 803 3310 857 actiones
3357 819 3454 872 pro

1845 895 2046 949 auxilio
2081 894 2228 964 quod
2281 892 2638 962 impendebat
2697 892 2998 962 przemissis
3019 891 3184 945 rebus
3212 900 3267 945 et
3297 907 3456 946 man-

1843 983 2023 1054 cipiis,
2054 997 2286 1053 precans
2317 981 2537 1050 utquod
2569 981 2710 1034 bene
2766 979 2936 1049 coepit
2986 979 3257 1050 perficiat,
3315 989 3370 1034 et
3396 990 3456 1034 ut

1843 1074 2177 1129 monasteria
2229 1088 2508 1127 servorum
2547 1071 2642 1124 Dei
2695 1071 2874 1140 picem
2923 1073 2994 1126 de
3027 1071 3265 1141 praefatis
3287 1073 3455 1126 rebus

1845 1166 2047 1220 habere
2075 1163 2308 1235 possint,
2342 1163 2674 1230 adjutorium
2722 1163 2985 1231 praebeat,
3033 1170 3088 1217 et
3119 1170 3177 1216 ut
3207 1164 3453 1234 quaedam

1843 1269 2054 1320 mansa,
2086 1267 2206 1323 quze
2240 1251 2306 1305 ab
2341 1251 2457 1320 ipsa
2505 1257 2774 1321 potestate
2815 1251 3016 1318 injuste
3043 1250 3455 1318 auferebantur,

1838 1346 1986 1413 juste
2013 1349 2424 1408 revocarentur,
2486 1342 2740 1396 solatium
2787 1341 3045 1397 adhibeat
3106 1343 3373 1398 :mittens
3408 1345 3458 1398 ei

1844 1433 1990 1487 dona
2029 1431 2084 1486 in
2115 1447 2249 1486 auro
2284 1437 2337 1485 et
2359 1437 2610 1504 argento,
2645 1438 2700 1485 et
2729 1431 3056 1501 obsequium
3090 1432 3317 1504 dignum
3349 1441 3458 1488 tam

1843 1520 2082 1591 speciale
2139 1536 2302 1592 quam
2352 1521 2654 1591 temporale
2703 1521 3046 1591 promittens.
3085 1524 3216 1576 Item
3250 1523 3462 1597 signifi-

1845 1629 1976 1669 cans
1997 1615 2147 1686 quod
2190 1613 2462 1678 audierat,
2510 1629 2610 1683 pro
2655 1614 2867 1668 eisdem
2923 1615 3086 1669 rebus
3145 1625 3340 1686 petens
3400 1625 3459 1670 ut

1846 1707 1961 1778 regi
1997 1705 2271 1762 Ludovico
2302 1715 2581 1781 suggerat,
2636 1712 2912 1777 quatenus
2931 1707 3049 1776 Tpro
3080 1707 3460 1778 redemptione

145 1798 278 1868 regis
301 1795 469 1850 simul
496 1811 621 1849 cum
653 1795 788 1864 ipsis
817 1794 1022 1858 audiat,
1057 1803 1109 1847 et
1141 1794 1216 1846 ibi
1249 1793 1457 1864 pariter
1483 1793 1742 1848 conside-
1775 1772 1823 1838 Β
1848 1795 2043 1851 animae
2063 1809 2176 1848 suae
2233 1809 2322 1848 res
2380 1810 2502 1864 qua:
2554 1793 2837 1848 abstractae
2869 1800 3014 1860 sunt,
3049 1795 3295 1850 ecclesiae
3349 1797 3458 1851 Re-

148 1898 340 1954 rarent,
369 1888 612 1958 qualiter
643 1887 692 1941 ei
725 1886 790 1940 ad
824 1886 1186 1940 salvationem
1217 1895 1271 1939 et
1306 1886 1569 1940 honorem
1589 1901 1746 1939 suum

143 1977 206 2030 de
236 1986 435 2030 cmtero
462 1976 534 2028 sit
563 1974 858 2048 agendum.
898 1972 1172 2027 llarduino
1196 1973 1405 2038 comiti,
1439 1989 1537 2042 pro
1569 1972 1751 2028 causis

145 2068 471 2138 supradictis
512 2067 582 2120 de
640 2065 1025 2131 Karlomanno,
1085 2065 1365 2135 quomodo
1420 2071 1550 2119 tunc
1577 2080 1663 2118 res
1692 2079 1751 2118 se

148 2158 399 2222 haberet;
433 2167 485 2212 et
517 2157 646 2227 quia
675 2157 900 2211 obsides
955 2157 1097 2210 inter
1144 2171 1202 2209 se
1230 2155 1520 2221 dederant,
1550 2163 1751 2210 etcum

151 2244 514 2298 Karlomanno
555 2243 722 2298 locuti
755 2243 990 2308 fuerant,
1039 2243 1204 2314 eique
1235 2251 1540 2309 suaserant,
1570 2253 1629 2296 ut
1659 2259 1757 2313 pa-

147 2335 294 2390 cifice
316 2337 371 2389 in
407 2338 518 2390 hoc
562 2351 731 2408 regno
783 2335 1029 2407 degeret,
1062 2351 1125 2389 ac
1145 2335 1406 2390 veniente
1439 2344 1591 2404 patre
1632 2351 1754 2389 cum

149 2428 272 2498 ipsis
315 2429 365 2482 ei
429 2427 646 2483 obviam
707 2435 979 2501 pergeret.
1039 2427 1145 2480 Sed
1204 2427 1332 2497 quia
1381 2441 1566 2497 regem
1596 2426 1758 2480 citius

150 2537 302 2590 quam
368 2519 705 2591 sperabatur
757 2520 1005 2574 audierat
1061 2519 1344 2583 advenire,
1415 2518 1546 2589 quid
1615 2519 1756 2572 idem

151 2612 549 2667 Karlomannus
573 2618 702 2665 tunc
732 2610 978 2665 facturus
1035 2618 1181 2665 esset
1213 2625 1271 2664 se
1295 2610 1506 2665 nescire
1539 2609 1755 2664 fatetur.

151 2703 323 2759 Monet
352 2711 544 2758 tamen
566 2709 626 2756 ut
656 2708 996 2772 praaparatus
1047 2702 1116 2755 sit
1158 2702 1248 2755 hic
1277 2717 1463 2756 comes
1510 2701 1579 2756 ad
1602 2717 1760 2756 man-

160 2795 277 2849 data
317 2795 493 2868 regis,
525 2795 571 2848 si
612 2795 988 2865 quajusserit,
1031 2795 1400 2864 exsequenda.

215 2887 342 2940 Item
395 2901 504 2957 pro
572 2884 905 2956 quibusdam
963 2884 1406 2939 malefactoribus
1445 2884 1765 2941 hominibus

149 2977 432 3045 cujusdam
449 2976 701 3045 Wiperti,
735 2976 826 3047 qui
855 2976 1094 3047 rapinas,
1131 2975 1410 3041 incendia,
1455 2985 1509 3030 et
1535 2976 1766 3031 homici-

149 3067 250 3133 dia,
283 3078 336 3124 et
367 3068 488 3122 alia
543 3067 685 3122 mala
733 3067 1028 3134 faciebant,
1086 3083 1447 3124 commoneas
1510 3070 1763 3124 eumdem

1850 1882 2026 1938 mensi
2057 1882 2273 1937 restitui
2299 1880 2480 1948 faciat,
2508 1889 2562 1936 et
2587 1897 2680 1935 eas
2703 1882 2805 1951 ipsi
2839 1882 3060 1938 Erluino
3094 1885 3464 1952 commendet,

1852 1977 2145 2046 ipsumque
2191 1973 2417 2028 missum
2467 1973 2630 2028 faciat
2668 1973 2737 2026 ad
2788 1973 3174 2044 inquirendam
3236 1984 3290 2030 et
3343 1993 3471 2046 per-

1855 2067 2124 2143 agendam
2156 2067 2228 2120 de
2295 2065 2462 2119 rebus
2503 2064 2637 2135 ipsis
2678 2065 2967 2133 justitiam,
3024 2065 3247 2120 mittens
3288 2068 3466 2122 eidem

1856 2157 2080 2212 Erluino
2111 2171 2334 2228 quoque
2350 2171 2606 2211 vasorum
2638 2162 3028 2229 argenteorum
3047 2173 3295 2211 munera.
3333 2159 3464 2212 [tem

1855 2244 2176 2316 significans
2204 2245 2350 2316 quod
2405 2244 2656 2299 audierat
2699 2245 2994 2316 quemdam
3029 2245 3365 2302 Lantfridum
3406 2265 3466 2303 se

1853 2339 2179 2407 jactantem,
2213 2337 2344 2408 quia
2376 2336 2764 2406 impetraverat
2805 2353 2891 2390 res
2908 2338 3160 2407 praefatas
3197 2340 3341 2410 apud
3365 2341 3471 2394 im-

1859 2434 2168 2498 peratorem
2201 2424 2478 2492 Karolum,
2500 2432 2559 2479 ut
2589 2424 2820 2480 haberet
2847 2426 3012 2496 ipsas,
3042 2428 3239 2482 eodem
3264 2430 3467 2488 domno

1862 2519 2151 2573 Hincmaro
2169 2516 2555 2572 consentiente
2587 2517 2640 2570 in
2661 2517 2993 2572 beneficium
3029 2521 3206 2590 ;quod
3240 2538 3337 2592 per
3353 2539 3472 2577 om-

1863 2610 1953 2664 nia
1972 2608 2107 2664 dicit
2137 2623 2258 2662 esse
2280 2608 2653 2671 mendacium,
2680 2624 2784 2664 nec
2832 2608 3090 2665 obtinere
3119 2627 3280 2681 posse
3327 2616 3473 2684 apud

1863 2715 1921 2754 se
1944 2713 2139 2754 omnes
2152 2713 2312 2772 reges
2329 2697 2423 2768 qui
2449 2697 2552 2751 sub
2569 2697 2709 2752 coelo
2729 2706 2880 2766 sunt,
2903 2708 2962 2753 ut
2983 2699 3102 2753 illas
3115 2716 3205 2754 res
3231 2716 3474 2772 unquam

1864 2789 1930 2846 ab
1958 2790 2144 2862 aliquo
2207 2788 2385 2843 teneri
2443 2790 2772 2858 consentiat,
2831 2799 3056 2863 prepter
3092 2793 3476 2869 allegationes,

1866 2901 2002 2958 quas
2029 2893 2250 2940 sanctus
2306 2884 2588 2958 Remigius
2640 2885 2696 2940 in
2754 2893 3081 2944 testamento
3136 2904 3238 2944 suo
3286 2891 3477 2962 dispo-

1866 2975 1994 3031 suit.

1940 3066 2192 3124 Odalrico
2256 3066 2454 3121 illustri
2521 3067 2707 3122 comiti
2796 3074 2852 3122 et
2919 3069 3096 3125 amico
3163 3087 3262 3127 suo
3296 3113 3310 3139 ,
3379 3092 3480 3146 pro

151 3154 420 3212 llarduinu
442 3173 516 3220 m,
545 3163 604 3210 ut
635 3171 758 3210 cum
818 3155 982 3211 fratre
1011 3171 1110 3211 suo
1145 3157 1464 3214 Hadeboldo
1497 3159 1765 3226 decertet,
1799 3137 1849 3205 ί)
1871 3172 2038 3212 causa
2104 3170 2328 3211 suorum
2411 3156 2694 3210 hominum
2767 3172 2998 3226 quorum
3073 3174 3160 3213 res
3241 3137 3481 3220 Ludovi-

147 3253 411 3316 quatenus
454 3245 570 3298 haec
594 3245 738 3298 mala
768 3244 981 3319 legibus
1027 3245 1414 3312 emendentur,
1451 3253 1507 3301 et
1527 3255 1768 3314 cessent,

153 3352 217 3390 ne
247 3337 371 3405 ipsi,
397 3336 497 3408 qui
531 3335 680 3388 missi
711 3337 858 3410 regis
890 3345 1044 3390 erant
1077 3337 1131 3390 in
1163 3337 1268 3392 hoc
1290 3353 1483 3412 regno,
1519 3354 1618 3408 pro
1641 3339 1769 3392 tali-

154 3429 254 3482 bus
280 3429 555 3484 offensam
603 3427 750 3482 illius
805 3428 1088 3483 incurrant
1130 3446 1145 3495 ;
1197 3429 1345 3500 quod
1402 3430 1520 3500 ipse
1551 3445 1772 3501 quoque

159 3523 390 3573 certaret
419 3531 610 3592 agere,
644 3516 750 3569 nisi
781 3517 1049 3586 corporali
1071 3515 1409 3572 detineretur
1431 3517 1766 3573 infirmitate.

158 3606 386 3677 Insuper
417 3615 475 3661 et
509 3623 631 3661 cum
666 3606 857 3661 Gaulfo
893 3607 949 3677 [i,
986 3607 1269 3679 Grimulfo]
1307 3609 1453 3683 regis
1483 3608 1631 3664 fideli
1686 3610 1771 3666 Io-

158 3704 368 3765 quatur,
405 3696 503 3768 qui
540 3696 640 3749 hos
676 3695 1060 3751 malefactores
1112 3697 1358 3767 recipere
1390 3697 1688 3766 ferebatur,
1720 3709 1776 3754 et

156 3787 480 3842 ostenderet
537 3786 616 3840 illi
667 3793 931 3857 quantum
991 3787 1294 3858 periculum
1352 3805 1511 3843 suum
1566 3791 1620 3844 in
1683 3806 1778 3846 eos

159 3877 484 3948 recipiendo
542 3877 766 3942 faceret,
821 3877 1126 3933 admonens
1181 3880 1482 3936 utatalibus
1513 3882 1778 3954 deinceps

156 3983 215 4022 se
245 3971 574 4027 custodiret.
632 3971 762 4024 Item
802 3970 871 4023 de
923 3970 1008 4024 his
1037 3971 1240 4041 quibus
1289 3972 1778 4048 signiticaveratse

157 4071 474 4119 accusatum
529 4063 674 4133 apud
728 4081 937 4138 regem,
968 4073 1022 4119 et
1052 4065 1180 4136 quia
1220 4082 1329 4121 non
1366 4067 1576 4138 [i,omit
1623 4069 1776 4140 non]

1872 3261 1970 3300 cus
2001 3261 2096 3299 rex
2134 3244 2596 3299 Transrheuensis
2627 3244 2866 3300 domnus
2887 3248 3051 3317 hujus
3081 3249 3316 3307 Odalrici
3338 3256 3481 3311 male

1873 3341 2158 3406 tractabat,
2217 3339 2422 3408 injuste
2470 3355 2642 3413 agens
2698 3347 2892 3398 contra
2945 3344 3144 3416 ipsos:
3179 3359 3481 3424 monetque

1872 3438 1933 3487 ut
1953 3430 2083 3484 inde
2107 3429 2375 3498 judicium
2407 3430 2502 3485 Dei
2556 3447 2746 3504 regum
2806 3433 2951 3507 regis
2981 3437 3191 3506 timeat,
3245 3449 3300 3496 et
3330 3447 3480 3514 quod

1873 3519 2070 3588 injuste
2102 3518 2214 3590 egit
2241 3518 2541 3572 emendare
2607 3529 2882 3589 procuret.
2934 3522 2998 3576 Et
3053 3527 3200 3595 quod
3233 3530 3486 3590 audierat

1876 3608 2022 3663 idem
2046 3623 2140 3662 rex
2166 3606 2406 3662 suasisse
2428 3607 2695 3662 domuum
2736 3608 3084 3665 Rincmarum
3137 3617 3252 3689 regi
3273 3633 3398 3686 suo,
3429 3632 3489 3679 ut

1877 3698 2243 3769 proprietates
2273 3697 2532 3766 auferret,
2565 3714 2701 3770 quas
2731 3697 2925 3753 ﬁdeles
2951 3699 3216 3758 Ludovici
3239 3705 3291 3759 in
3313 3723 3485 3782 regno

1880 3794 2053 3865 ipsius
2070 3792 2442 3864 possidebant,
2484 3803 2539 3849 et
2564 3793 2688 3850 ideo
2729 3795 3017 3852 abstulisse
3061 3798 3130 3851 ab
3165 3799 3328 3869 hujus
3349 3803 3490 3861 fide-

1879 3887 2025 3942 libus
2042 3886 2408 3958 proprietates
2431 3886 2699 3958 ipsorum,
2728 3888 2862 3943 dicit
2887 3905 2998 3945 non
3015 3891 3272 3947 decuisse
3302 3911 3486 3970 regem

1881 3980 1948 4033 de
1969 3977 2241 4033 catholico
2292 3985 2346 4032 et
2392 3977 2542 4033 ﬁdeli
2588 3995 2688 4034 suo
2729 3981 2995 4052 episcopo
3055 3981 3185 4037 talia
3237 3986 3487 4056 credere,

1882 4081 2176 4143 antequam
2207 4072 2492 4126 veritatem
2538 4073 2667 4127 inde
2699 4084 3076 4145 cognosceret,
3109 4085 3163 4131 et
3191 4078 3320 4148 quia
3351 4096 3488 4135 con-

157 4165 420 4221 expresse
453 4152 653 4207 litteris
669 4153 919 4208 eamdem
969 4154 1321 4210 intimaverat
1349 4158 1777 4224 accusationem,

158 4241 386 4295 mandat
439 4247 505 4295 ut
566 4241 633 4293 ad
682 4257 745 4295 se
786 4242 1014 4296 missum
1075 4241 1300 4306 fidelem,
1355 4251 1410 4299 et
1458 4247 1782 4302 rationalem

159 4326 382 4403 dirigat,
443 4344 548 4400 per
597 4344 761 4400 quem
810 4330 887 4383 rei
945 4331 1226 4386 veritatem
1259 4332 1582 4405 diligentius
1609 4351 1781 4408 agno-
1885 4343 2282 4397 Karlomannus
2316 4357 2410 4396 rex
2430 4340 2596 4394 frater
2651 4341 2829 4396 Karoli
2864 4344 3070 4418 magni,
3102 4326 3289 4400 villam
3321 4349 3488 4403 Novi-

100 4474 103 4477 -
157 4435 333 4511 ἐδεῖτε,
362 4420 567 4511 Ροξδίιν
601 4429 655 4475 οι
675 4421 725 4475 θί
751 4439 942 4511 “frum
971 4423 1262 4477 consulum
1322 4425 1474 4493 dare,
1509 4435 1563 4482 οι
1603 4428 1782 4497 ipsum
1806 4507 1842 4511 Δ
1885 4438 2083 4492 liacum
2111 4442 2303 4492 sancto
2335 4435 2582 4506 Remigio
2608 4436 2930 4504 tradiderat,
2987 4448 3042 4494 et
3072 4442 3308 4511 qualiter
3339 4444 3496 4498 dein-

159 4507 287 4562 inde
323 4508 378 4562 ἰη
394 4509 568 4563 rebus
587 4525 684 4578 pro
711 4509 1217 4579 viribusadjuvare.
1239 4511 1566 4588 Maingando
1593 4516 1648 4588 [i,
1673 4517 1782 4571 llla-
1806 4507 1860 4575 D
1887 4544 2020 4599 ceps
2059 4544 2231 4598 usque
2267 4528 2334 4581 ad
2363 4528 2417 4582 id
2442 4527 2704 4597 temporis
2735 4528 2930 4583 eadem
2963 4507 3352 4587 villa—tractata
3384 4533 3498 4590 fug-

157 4603 429 4700 “IgandOI
467 4604 686 4657 Ουίάδῐη
718 4605 895 4660 amico
927 4621 1048 4671 SUO,
1088 4623 1185 4677 PFO
1214 4607 1380 4662 rebus
1406 4610 1580 4664 sancti
1607 4611 1789 4665 Rcmi-
1890 4620 1978 4686 rit,
2004 4627 2057 4674 et
2082 4619 2211 4690 quia
2242 4619 2307 4674 de
2339 4619 2566 4675 honoris
2589 4626 2640 4674 et
2671 4621 2865 4675 animae
2898 4621 3141 4692 periculo
3173 4623 3223 4677 ei
3255 4641 3340 4678 res
3366 4642 3499 4700 age-

157 4693 234 4765 ἓίί
273 4695 330 4748 in
371 4695 596 4768 Vosago
628 4696 1065 4763 COHIaCGNIIWS,
1100 4699 1168 4751 d0
1201 4698 1404 4770 quibus
1428 4700 1651 4771 quidam
1681 4703 1786 4758 ho-
1891 4709 2071 4776 batur,
2103 4710 2148 4763 si
2197 4709 2441 4765 fraudem
2499 4726 2680 4765 rerum
2720 4710 2963 4765 ecclesiae
3024 4711 3130 4765 sibi
3194 4693 3500 4772 commissae

158 4787 344 4840 mines
363 4784 651 4858 QUOddam
684 4788 1012 4843 πηδηείοηίὶθ
1054 4791 1392 4845 conabamur
1419 4791 1652 4848 auferre.
1893 4804 2252 4870 consentiret,
2277 4811 2331 4858 et
2354 4803 2660 4874 periculum
2693 4803 2926 4858 senioris
2956 4803 3039 4857 sui
3069 4805 3213 4877 regis
3244 4805 3321 4859 illi
3355 4809 3504 4862 cela-

1903 4899 2002 4958 ret,
2038 4893 2132 4965 qui
2162 4910 2264 4948 nec
2294 4894 2459 4947 etiam
2491 4910 2587 4964 pro
2628 4902 2741 4950 toto
2772 4895 2976 4949 mundo
3008 4911 3166 4949 suum
3198 4897 3427 4969 gradum
3453 4907 3504 4953 et

1900 4998 2052 5036 suam
2081 4983 2317 5036 animam
2349 4983 2579 5052 perdere
2607 4983 2791 5050 vellet,
2825 4991 2879 5037 et
2916 4988 3131 5036 caetera.

1974 5071 2105 5124 Item
2128 5070 2332 5143 gratias
2359 5086 2528 5141 agens
2555 5071 2622 5124 de
2644 5071 2729 5124 his
2746 5087 2867 5141 quae
2930 5084 3026 5140 pro
3050 5069 3316 5140 petitione
3335 5069 3509 5142 ipsius

1905 5177 2034 5235 erga
2066 5159 2257 5214 fideles
2288 5160 2534 5228 ejusdem
2568 5161 2832 5215 decenter
2881 5167 3172 5216 exsecutus
3216 5160 3411 5226 fuerat,
3455 5168 3510 5215 et

1905 5248 2035 5318 quia
2059 5248 2111 5301 in
2141 5247 2263 5314 ejus
2294 5247 2590 5303 dilectione
2618 5250 2895 5313 manebat,
2939 5259 3134 5320 petens
3160 5258 3219 5302 ut
3248 5248 3512 5320 deinceps

1907 5338 2052 5394 idem
2092 5353 2253 5409 agere
2283 5353 2394 5392 non
2462 5338 2697 5393 desinat.
2763 5340 3061 5400 Bcrtranno
3094 5338 3290 5392 illustri
3321 5339 3509 5393 comiti

1905 5430 2276 5484 Tardunensis
2309 5429 2432 5504 pagi
2477 5430 2789 5501 propinquo
2848 5446 2968 5495 suo,
3017 5446 3114 5500 pro
3169 5439 3514 5486 sacramento

1911 5525 2024 5595 regi
2053 5523 2291 5598 agendo,
2324 5523 2560 5595 qualiter
2616 5524 2731 5598 regi
2782 5522 3102 5578 fidelitatem
3131 5523 3318 5592 jurare
3345 5524 3519 5580 debe-

1912 5623 2050 5685 rent,
2081 5632 2202 5687 qua:
2243 5617 2299 5671 in
2332 5617 2503 5688 ipsius
2531 5617 2789 5673 comitatu
2828 5616 3221 5672 consistebant.
3257 5617 3389 5672 Item
3423 5633 3521 5689 pro

1913 5706 2034 5761 loco
2061 5715 2287 5764 vacante
2339 5709 2459 5764 sine
2521 5709 2862 5781 presbytero,
2918 5707 3015 5762 ubi
3053 5717 3242 5763 sancta
3291 5707 3522 5762 Patricia

1884 4161 2166 4217 tradixcrit
2213 4161 2378 4214 etiam
2425 4161 2753 4216 consiliariis
2832 4164 2996 4237 regis,
3051 4167 3145 4236 qui
3212 4168 3490 4226 seniorem

1883 4268 2041 4308 suum
2075 4252 2129 4307 id
2170 4252 2369 4306 hortati
2425 4260 2555 4306 sunt
2597 4269 2778 4322 agere.
2836 4254 3199 4328 Ostenditque
3255 4260 3493 4330 qualiter

229 4889 542 4958 Uudcjam
575 4890 725 4944 missi
782 4892 927 4965 regis
983 4892 1239 4949 Ludovici
1300 4896 1686 4968 requisierant,
1748 4908 1801 4956 et

159 4981 507 5034 invenerant
537 4981 682 5051 quod
718 4981 1005 5034 Bernensis
1049 4983 1281 5037 ecclesia
1320 4985 1466 5052 justc
1488 4986 1618 5041 illud
1646 4997 1799 5045 tene—

163 5080 261 5138 ret,
297 5079 354 5126 et
405 5071 767 5125 manifestum
813 5087 956 5136 esse,
1015 5089 1141 5144 quxa
1203 5074 1341 5129 infra
1391 5074 1530 5131 fines
1585 5078 1797 5135 illarum

165 5176 396 5226 rerum,
454 5174 600 5228 quas
663 5158 740 5210 ibi
805 5166 1026 5214 sanctus
1113 5162 1391 5238 Remigius
1440 5169 1798 5237 comparavit,

166 5250 320 5304 nulla
379 5255 634 5320 potestas
673 5250 882 5320 aliquid
948 5253 1196 5318 haberet,
1251 5256 1354 5309 nisi
1391 5257 1677 5313 Remensis
1712 5278 1801 5317 ec-

165 5340 359 5393 clesia.
403 5337 568 5392 Unde
598 5347 850 5407 precatur
908 5340 1093 5404 istum,
1127 5351 1184 5396 ut
1233 5344 1276 5397 si
1337 5361 1423 5398 res
1477 5347 1619 5416 ipsas
1647 5350 1802 5404 evin-

167 5429 358 5482 dicare
417 5426 616 5497 quiete
666 5429 905 5498 potuerit
963 5431 1031 5483 ad
1095 5439 1303 5500 partem
1340 5434 1501 5502 hujus
1533 5437 1802 5506 ecelesnze,

167 5518 383 5581 faciat;
422 5517 516 5570 sin
553 5525 758 5582 autem,
815 5517 899 5571 vel
931 5519 1174 5574 detineat
1231 5538 1298 5576 ne
1359 5524 1661 5578 reddantur
1716 5538 1808 5582 aut

166 5606 521 5659 addicantur
571 5603 688 5657 aliae
740 5607 1013 5674 potestati,
1048 5609 1226 5663 donec
1265 5610 1380 5679 ipse
1414 5619 1467 5665 et
1501 5612 1810 5669 Luithertus

168 5697 646 5769 archiepiscopus
709 5697 870 5751 simul
923 5699 1162 5764 veniant,
1196 5709 1249 5754 et
1279 5702 1582 5756 secundum
1631 5704 1808 5776 legem
