3970 6218
504 351 610 406 247

1615 351 1984 409 FLODOARDI
2025 353 2330 410 CANONICI
2372 352 2698 409 REMENSIS

3738 361 3830 415 248

507 470 825 543 requiescit,
857 485 1089 526 monens
1115 480 1174 526 ut
1193 473 1522 543 quantocius
1565 475 1832 532 ministris
1855 479 2116 534 ecclesia-
2143 485 2189 550 Α
2218 479 2369 547 tiam,
2402 485 2455 533 et
2483 494 2548 533 ea
2582 493 2703 548 quae
2735 477 3138 532 rationabiliter
3165 478 3530 546 postulaverit
3559 479 3831 548 obtinere,

507 563 660 618 sticis
687 563 948 618 clericum
979 579 1132 618 sacro
1172 565 1483 622 ministerio
1513 577 1701 639 aptum
1735 571 2111 642 ostendat,qui

508 652 773 707 valeatibi
808 651 1072 716 ordinari,
1101 653 1281 707 sciens
1314 669 1407 724 pro
1437 664 1608 722 certo,
1641 657 1767 728 quia
1801 668 1922 728 post
1953 659 2110 714 ordi-
2143 703 2146 707 .

511 744 809 808 nationem,
842 759 964 813 qua)
997 741 1116 796 ﬁeri
1150 741 1386 798 debebat
1425 745 1480 798 in
1512 747 1780 815 proximo,
1816 749 1994 819 ipsum
2029 749 2112 805 lo-

509 846 632 884 cum
665 830 784 883 sine
815 829 1140 900 presbytero
1168 845 1278 885 non
1334 831 1656 900 dimitteret,
1689 835 1816 905 quia
1847 852 1949 890 nec
1987 853 2110 891 cum

511 925 885 990 mereenario,
905 941 1008 980 nec
1037 925 1155 980 sine
1186 934 1400 996 pastore
1433 929 1654 999 proprio
1683 930 1830 1000 ipsos
1863 933 2113 987 homines

509 1020 746 1074 audebat
767 1018 1043 1074 dimittere
1076 1027 1162 1085 ;ct
1186 1021 1233 1074 si
1257 1021 1372 1090 ipse
1405 1037 1513 1076 non
1532 1024 2110 1092 prmsentaveriteum,

509 1111 604 1182 qui
657 1112 862 1185 dignus
909 1113 1083 1182 possit
1139 1113 1393 1180 inveniri,
1439 1114 1530 1168 ille
1587 1116 1942 1172 ordinaturus
1978 1127 2123 1172 esset

509 1205 731 1276 qualem
761 1205 1040 1259 meliorem
1067 1207 1338 1276 potuisset
1368 1208 1618 1263 invenire
1651 1227 1665 1275 ;
1693 1209 1847 1277 item,
1880 1226 1978 1282 pro
1999 1211 2122 1266 Hai-

512 1309 676 1348 mone
707 1293 856 1346 fideli
888 1309 1011 1359 suo,
1037 1309 1198 1364 quem
1223 1295 1369 1349 idem
1383 1311 1569 1351 comes
1591 1298 1658 1351 ad
1677 1299 1935 1367 placitum
1960 1317 2119 1354 suum

514 1402 614 1455 per
657 1386 900 1439 bannum
959 1386 1142 1440 vocari
1192 1387 1448 1453 jusserat,
1494 1389 1586 1458 qui
1645 1390 2032 1463 regejubente
2063 1393 2118 1447 in

511 1474 686 1544 ipsius
711 1473 992 1527 servitium
1052 1473 1328 1543 profectus
1382 1485 1514 1531 erat.
1552 1478 1750 1533 Bosoni
1801 1480 1996 1534 illustri
2025 1499 2118 1537 co-

512 1566 651 1632 miti,
692 1567 760 1620 de
798 1567 1013 1638 agenda
1051 1567 1343 1623 electione.
1384 1570 1807 1626 Silvanectensis
1844 1574 2113 1646 episc0pi,

509 1655 810 1708 ostendens
841 1655 988 1725 quod
1021 1670 1130 1709 non
1147 1657 1231 1710 sui
1261 1657 1553 1712 ministerii
1580 1676 1966 1732 quamcunque
1989 1680 2117 1734 spe-

508 1741 702 1796 cialem
735 1742 1024 1814 designare
1051 1758 1367 1812 personam,
1402 1753 1508 1800 etc.
1547 1765 1560 1812 ;
1587 1747 1736 1814 item,
1767 1749 1964 1804 Bosoni
1995 1753 2110 1807 viro

511 1829 732 1899 inelyto,
762 1830 1058 1901 gratiarum
1087 1830 1333 1885 referens
1362 1833 1606 1888 actiones
1617 1851 1716 1906 pro
1735 1837 1900 1891 rebus
1933 1840 2110 1893 eecle-
2143 1796 2191 1863 Β

510 1917 605 1970 sia:
627 1917 912 1971 Remensis
939 1918 991 1971 in
1021 1919 1299 1988 provincia
1338 1921 1477 1988 sitis,
1511 1939 1648 1993 quas
1683 1932 1741 1978 ut
1769 1927 1873 1980 sibi
1907 1928 2114 1996 promi-

509 2014 674 2071 serat,
731 2006 1028 2074 tutabatur,
1080 2023 1312 2064 monens
1367 2019 1424 2065 ut
1489 2028 1548 2066 se
1601 2013 1760 2067 talem
1821 2025 2110 2086 praaparet,

509 2099 748 2169 qualiter
772 2097 1048 2152 orationes
1081 2097 1252 2168 ipsius
1297 2107 1351 2152 et
1379 2099 1629 2154 ecclesiae
1671 2102 1779 2156 sibi
1806 2105 2114 2160 commissae

509 2189 586 2244 illi
614 2189 902 2260 proficiant
934 2189 1138 2261 ;idque
1171 2191 1318 2262 quod
1350 2191 1420 2246 de
1463 2192 1582 2262 ipsa
1613 2195 1982 2263 periculosum
2014 2213 2116 2250 au-

509 2278 706 2344 dierat,
739 2294 846 2333 non
882 2287 1088 2348 tacens,
1122 2279 1380 2333 videlicet
1435 2281 1582 2352 quod
1634 2298 1721 2336 res
1769 2283 2110 2338 diversarum

509 2368 863 2422 ecclesiarum
904 2369 1019 2423 suis
1078 2369 1396 2424 hominibus
1441 2371 1729 2438 dedisset,
1786 2374 1934 2428 unde
1981 2376 2114 2429 satis

511 2457 813 2510 timendum
842 2473 960 2512 esse
993 2458 1303 2526 denuntiat,
1338 2475 1406 2512 ne
1442 2460 1719 2515 orationes
1749 2460 1995 2517 fidelium
2021 2463 2112 2518 Dei

507 2564 605 2616 pro
639 2548 757 2617 ipso
790 2547 1162 2618 impediantur
1227 2566 1258 2603 a
1309 2551 1642 2605 clamoribus
1694 2560 2008 2608 sanctorum
2055 2555 2110 2608 in

503 2635 657 2688 etnlis
687 2651 811 2688 cum
843 2636 952 2691 Deo
981 2637 1349 2709 regnantium,
1383 2648 1438 2692 et
1466 2646 1681 2696 caetera.

534 2776 536 2779 .
575 2731 844 2784 Coiranno
895 2731 951 2801 [i,
987 2731 1274 2801 Coirando]
1323 2733 1531 2799 comiti,
1561 2742 1785 2804 propter
1814 2738 2110 2806 quemdam

506 2818 781 2872 hominem
810 2818 1001 2888 ipsius,
1031 2819 1124 2889 qui
1143 2818 1944 2891 graviaquzedamcommisisse
1975 2825 2112 2881 fere-

504 2911 660 2964 batur
678 2910 927 2976 crimina,
961 2912 1280 2982 etquianon
1296 2914 1535 2970 audebat
1556 2932 1622 2971 ea
1647 2918 1884 2974 domnus
1909 2923 2106 2992 praesul

505 2999 813 3054 indiscussa
843 2999 1142 3067 dimittere,
1178 3009 1432 3071 precatur
1446 3005 1593 3060 hunc
1617 3018 1842 3078 propter
1864 3011 2112 3067 dilectio-

2214 573 2268 621 et
2298 566 2404 620 alia
2433 566 2681 638 quaedam
2697 564 2891 619 scribit
2905 564 3071 619 etiam
3091 565 3274 620 eidem
3291 566 3511 639 llugoni
3543 568 3715 623 etiam
3729 569 3829 624 filio

2216 658 2641 730 Lothariiregis,
2670 656 2993 731 significans
3023 675 3084 712 se
3116 659 3719 716 amicosetfamiliares
3746 664 3832 716 ha-

2214 751 2401 805 buisse
2420 759 2631 819 patrem
2652 758 2706 803 et
2722 765 2882 804 avum
2903 749 3076 819 ipsius
3094 750 3407 805 Lotharium
3424 752 3831 823 imperatorem,

2215 850 2269 896 et
2298 841 2428 912 quia
2453 842 2688 894 salutem
2723 840 3155 910 ipsiuSOptabat,
3187 841 3393 897 idcirco
3408 844 3563 913 quod
3595 845 3835 901 audierat

2214 934 2282 987 de
2314 932 2560 1002 periculo
2577 932 2717 999 ejus,
2750 947 2915 985 causa
2944 931 3258 987 dilectionis
3279 931 3331 987 ei
3355 941 3551 989 notum
3575 936 3831 996 faciebat.

2222 1021 2426 1075 multos
2457 1020 2670 1075 scilicet
2699 1019 2990 1089 praedones
3033 1021 3385 1090 conspirasse
3405 1031 3462 1076 et
3519 1024 3833 1094 conspirare

2221 1125 2430 1174 secum,
2465 1109 2696 1180 ipsoque
2719 1109 2968 1179 principe
3003 1115 3170 1180 atque
3185 1119 3410 1164 auctore
3435 1109 3764 1166 innumeras
3789 1122 3838 1166 et

2224 1203 2527 1257 horrendas
2548 1203 2666 1256 fieri
2700 1202 3390 1274 depraedationes,aliaque
3421 1205 3598 1260 multa
3637 1206 3836 1260 scelera

2223 1295 2550 1364 perpetrari,
2576 1310 2698 1365 quae
2731 1294 2919 1349 omnia
2952 1295 3007 1347 in
3034 1304 3200 1364 caput
3233 1296 3410 1365 ipsius
3439 1296 3834 1362 redundarent,

2221 1382 2524 1436 ostendens
2545 1398 2710 1453 quam
2743 1382 3078 1436 horrendum
3106 1383 3178 1437 sit
3209 1398 3309 1454 pro
3343 1385 3508 1438 tantis
3538 1387 3837 1441 sceleribus

2221 1481 2515 1543 perpetuas
2545 1489 2736 1543 pwnas
2789 1473 3015 1542 mereri,
3068 1474 3457 1529 demonstrans
3487 1477 3611 1530 haec
3646 1479 3831 1532 eadem

2219 1564 2541 1634 pervenisse
2581 1564 2649 1616 ad
2707 1564 2978 1635 synodum
3033 1564 3426 1636 episcoporum
3485 1567 3543 1620 in
3588 1568 3836 1623 Neustria

2215 1663 2421 1729 gestam
2455 1656 2606 1723 (Syn.
2668 1657 2988 1712 inNustria
3039 1672 3129 1710 an.
3191 1656 3341 1727 877).
3400 1659 3642 1729 Insuper
3679 1660 3833 1715 etiam

2214 1747 2361 1817 quod
2389 1747 2543 1821 regni
2575 1746 2859 1801 moliretur
2903 1747 3313 1817 pervasionem,
3363 1749 3587 1820 sibique
3611 1753 3834 1805 manda-

2215 1842 2325 1890 tum
2359 1835 2426 1888 de
2452 1834 2676 1905 praefato
2705 1843 3002 1898 conventu,
3052 1841 3110 1888 ut
3135 1836 3204 1889 ad
3245 1851 3370 1890 eum
3397 1838 3646 1893 mitteret
3676 1848 3832 1911 atque

2212 1931 2464 1979 moneret
2492 1924 2682 1991 (juxta
2707 1924 2856 1994 quod
2878 1923 3030 1995 leges
3046 1924 3396 1994 praecipiunt)
3418 1942 3449 1978 a
3474 1927 3646 1981 tantis
3686 1928 3836 1982 malis

2215 2010 2561 2080 resipiscere,
2597 2011 2857 2081 ipsosque
2901 2009 3280 2066 malefactores
3325 2028 3356 2065 a
3395 2029 3455 2066 se
3494 2013 3835 2088 disjungere,

2213 2109 2268 2153 et
2299 2116 2328 2153 a
2357 2099 2633 2154 seditione
2665 2115 2729 2154 ac
2787 2100 2942 2170 regni
3003 2100 3328 2169 pervasione
3367 2117 3426 2155 se
3462 2103 3756 2158 cohibere.
3787 2106 3834 2158 Si

2213 2203 2343 2242 vero
2372 2188 2545 2258 ipsius
2566 2187 3057 2242 commonitionem
3078 2198 3132 2242 et
3157 2189 3416 2244 mandata
3444 2191 3648 2260 synodi
3677 2193 3836 2246 obau-

2215 2281 2333 2335 dire
2365 2295 2473 2334 non
2506 2279 2694 2345 vellet,
2728 2287 2836 2332 tam
2882 2295 2994 2334 suae
3035 2279 3366 2343 dimeeseos,
3400 2297 3565 2352 quam
3599 2283 3673 2336 de
3704 2285 3834 2338 vici-

2215 2370 2300 2423 nis
2326 2369 2620 2439 provinciis
2648 2368 3033 2441 episcoporum
3092 2369 3370 2438 synodum
3400 2381 3762 2438 convocaret,
3789 2382 3836 2426 et

2214 2459 2464 2530 synodali
2528 2459 2919 2529 episcoporum
3007 2459 3280 2514 sententia
3345 2475 3470 2514 eum
3509 2500 3525 2527 ,
3595 2477 3836 2534 suosque

2215 2551 2515 2621 compliccs
2536 2558 2700 2621 atque
2731 2549 2976 2605 fautores
3037 2551 3181 2620 [ms.,
3222 2550 3477 2621 factores]
3512 2567 3835 2608 excommu-

2216 2640 2445 2694 nicaret.
2481 2639 2676 2694 Postea
2705 2653 2833 2695 vero
2894 2654 3090 2694 omnes
3149 2639 3204 2693 hi
3267 2639 3520 2710 episcopi
3577 2643 3830 2696 eamdem

2213 2731 2839 2787 excommunicationem
2873 2730 3118 2785 Romano
3152 2729 3426 2801 pontiﬁci,
3485 2738 3541 2785 et
3571 2735 3832 2788 omnibus

2214 2819 2494 2889 episeOpis
2523 2835 2584 2873 ac
2616 2818 2962 2889 principibus
3015 2835 3114 2888 per
3166 2818 3616 2886 circumjacentia
3671 2837 3836 2896 regna

2215 2915 2397 2962 notam
2418 2907 2678 2962 facerent.
2717 2907 2872 2961 Unde
2902 2915 3090 2962 monet
3119 2922 3244 2962 eum
3276 2914 3539 2978 tanquam
3572 2908 3838 2976 ﬁlium,ut

2215 2999 2476 3071 recogitet
2512 2999 2564 3052 iu
2594 3007 2802 3070 quanto
2819 2998 3067 3068 periculo
3095 2998 3185 3064 sit,
3207 3013 3529 3070 proponens
3547 3000 3600 3054 ei
3623 3000 3836 3056 divina-

504 3105 651 3153 nem,
673 3095 731 3142 ut
752 3103 875 3141 eum
891 3088 957 3141 ad
971 3104 1029 3142 se
1043 3090 1230 3144 venire
1247 3091 1442 3158 jubeat
1455 3093 1869 3154 discutiendum
1885 3101 1953 3155 ab
1969 3102 2102 3171 ipso,

2213 3103 2330 3140 rum
2371 3087 2680 3141 sententias
2737 3086 3146 3153 auctoritatum,
3209 3095 3270 3141 ut
3317 3087 3632 3157 perieulum
3672 3106 3830 3145 suum

501 3177 630 3248 quia
668 3176 713 3230 si
745 3192 854 3231 non
884 3176 1074 3232 fecerit
1106 3179 1468 3251 distringetur
1519 3185 1741 3257 gravius
1763 3186 1831 3240 ab
1866 3188 1959 3243 illo
2001 3197 2109 3244 tam

501 3265 568 3319 de
600 3264 908 3320 ministerio
939 3266 1260 3336 episcopali,
1294 3285 1458 3339 quam
1512 3271 1579 3326 de
1610 3274 1890 3331 missatico
1918 3278 2064 3352 regis
2095 3297 2107 3332 :

501 3355 804 3410 lsemberto
837 3355 1035 3410 illustri
1057 3356 1174 3412 viro
1205 3357 1384 3414 amico
1401 3375 1522 3425 suo,
1549 3379 1783 3432 precans
1817 3381 1916 3436 pro
1949 3367 2110 3422 Hinc-

500 3461 651 3500 maro
684 3453 883 3516 nepote
913 3461 1038 3511 suo,
1097 3463 1260 3518 quem
1293 3449 1556 3504 miserum
1613 3455 1876 3524 appellat,
1915 3463 2106 3527 utpote

499 3535 590 3606 qui
626 3550 724 3605 pro
755 3534 1070 3590 excessibus
1099 3537 1216 3591 suis
1250 3547 1357 3592 tam
1410 3540 1596 3614 gravia
1644 3542 1954 3598 sustinebat
1997 3562 2102 3615 pe-

498 3635 730 3698 tensque
760 3636 818 3682 ut
857 3627 1008 3681 illum
1028 3627 1083 3682 in
1112 3629 1229 3684 suis
1261 3632 1686 3688 necessitatibus
1707 3635 1950 3703 adjuvet;
1977 3638 2105 3692 Rai-

498 3722 664 3776 noldo
692 3723 898 3789 comiti,
955 3739 1054 3794 pro
1113 3723 1280 3778 rebus
1328 3723 1614 3780 Remensis
1665 3726 1934 3795 ecclesiae,
1969 3746 2105 3800 quas

496 3821 746 3884 receptas
767 3831 826 3869 se
858 3816 1065 3870 habere
1096 3814 1662 3889 significaverat,etde
1689 3820 1948 3875 manibus
1964 3822 2101 3876 diri-

495 3907 762 3979 pientium
809 3914 1027 3978 ereptas
1081 3924 1093 3960 :
1135 3906 1477 3962 Thenderico
1505 3909 1698 3965 illustri
1734 3912 1940 3976 comiti,
1974 3914 2101 3969 mit-

494 4004 614 4051 tens
635 3997 684 4050 ei
711 3997 934 4050 nomina
970 4010 1192 4050 suorum
1255 3994 1310 4048 in
1371 3997 1804 4066 expeditionem,
1840 4001 2099 4073 regisque

491 4088 774 4142 servitium
848 4087 1263 4157 prOperantium
1314 4104 1328 4152 ;
1398 4087 1548 4154 item,
1611 4105 1710 4160 pro
1766 4093 2098 4148 muneribus

489 4177 724 4249 argenti,
780 4175 927 4246 quod
984 4175 1099 4248 regi
1143 4176 1379 4230 moranti
1435 4176 1502 4230 ad
1555 4177 1646 4232 Dei
1701 4180 1982 4236 servitium
2040 4183 2094 4237 in

489 4277 632 4324 terra
677 4284 775 4338 per
803 4283 1047 4340 paganos
1095 4267 1311 4323 deserta
1365 4268 1652 4335 mittebat;
1681 4270 1830 4340 item,
1867 4290 1964 4343 pro
1986 4274 2096 4330 sol-

486 4360 774 4415 licitudine
792 4376 956 4431 quam
977 4369 1221 4431 tempore
1247 4361 1506 4416 Ludovici
1526 4362 1673 4436 regis
1703 4380 1880 4435 nuper
1895 4366 2096 4421 defun-

2216 3192 2613 3248 recognoscere
2648 3178 2838 3247 possit,
2877 3178 3213 3248 hortansque
3242 3193 3307 3232 ac
3328 3192 3586 3246 monens,
3611 3188 3676 3234 ut
3699 3182 3831 3236 nulli

2213 3266 2482 3321 adulatori
2514 3266 2702 3320 credat
2755 3266 2824 3320 ad
2866 3266 3248 3336 pervasionem
3306 3266 3463 3340 regni
3497 3269 3832 3341 aggredien-

2211 3356 2362 3420 dam,
2390 3354 2636 3408 inferens
2682 3363 2740 3408 ut
2791 3353 3060 3419 attendat,
3118 3353 3253 3424 quid
3312 3353 3585 3424 profuerit
3610 3357 3828 3426 patruis

2211 3446 2352 3514 ejus,
2385 3449 2653 3499 utcontra
2674 3442 2878 3514 glegem
2913 3440 3006 3495 Dei
3045 3440 3197 3513 regni
3221 3441 3611 3511 pervasionem
3647 3442 3830 3498 inccn-

2209 3537 2416 3608 perint,
2449 3542 2503 3592 et
2529 3535 2676 3606 quod
2709 3541 2864 3604 pater
2892 3533 3010 3600 ejus
3041 3548 3139 3603 pro
3178 3533 3389 3599 labore,
3457 3550 3572 3605 quo
3632 3546 3828 3591 contra

2207 3628 2303 3682 Dei
2335 3627 2670 3682 voluntatem
2723 3625 3084 3690 laboraverat,
3137 3630 3193 3678 et
3240 3623 3404 3678 vitam
3437 3625 3751 3694 perdiderit
3775 3638 3824 3683 et

2206 3731 2484 3790 regnum.
2544 3712 2822 3781 Adjiciens
2892 3712 3024 3782 quid
3081 3711 3234 3785 leges
3302 3711 3373 3766 de
3430 3715 3826 3782 pervaseribus

2205 3807 2360 3879 regni
2391 3804 2736 3877 praecipiant.
2766 3803 3121 3876 Subjungens
3145 3802 3332 3870 etiam,
3365 3803 3517 3874 quod
3531 3820 3630 3859 rex
3650 3806 3825 3862 eidem

2205 3897 2537 3971 promiserit,
2570 3906 2628 3950 et
2656 3913 2719 3950 ex
2742 3902 2896 3966 parte
2925 3895 3254 3960 ostenderit,
3285 3909 3410 3948 eum
3443 3910 3507 3949 se
3539 3896 3688 3953 velle
3719 3899 3824 3954 ho-

2201 3987 2798 4058 noribusampliare,et
2826 3987 3157 4041 honoratum
3173 3985 3378 4038 habere
3403 3985 3450 4040 si
3465 3987 3827 4060 eulpaipsius

2200 4095 2310 4135 non
2342 4077 2528 4132 fuerit.
2560 4076 2878 4131 Admonens
2936 4074 3122 4140 etiam,
3172 4081 3371 4128 utnon
3417 4077 3707 4133 auscultet
3727 4079 3825 4134 bo-

2198 4171 2408 4224 minum
2459 4183 2751 4239 pravorum
2785 4167 3129 4221 hortamenta
3169 4181 3348 4236 neque
3380 4165 3635 4223 imitetur
3664 4171 3826 4225 mali-

2195 4267 2448 4337 gnantes,
2481 4259 2575 4331 qui
2596 4259 2793 4313 ﬂorent
2823 4258 2890 4312 ad
2942 4266 3182 4327 tempus,
3239 4263 3298 4310 et
3322 4255 3432 4312 cito
3454 4257 3606 4314 sicut
3635 4259 3822 4316 fenum

2194 4359 2468 4417 arescent,
2498 4351 2596 4405 sed
2628 4349 2892 4406 obaudiat
2941 4347 3278 4418 Scripturam
3310 4355 3558 4402 sanctam
3588 4352 3821 4408 viridicc

484 4453 555 4507 eti
585 4462 903 4522 susceperat
926 4453 1072 4507 idem
1095 4454 1470 4509 Theudericus
1499 4455 1568 4509 de
1596 4454 1722 4510 filiis
1742 4456 1916 4526 ipsius
1949 4459 2094 4533 regis
2117 4475 2173 4543 D
2199 4445 2474 4543 Dicm-“em
2508 4460 2518 4495 ³
2552 4445 2826 4543 βπεΡςοία
2854 4441 3159 4543 ροζηίηυξηο
3202 4443 3251 4493 εί
3286 4439 3500 4493 συδίθάί
3527 4443 3684 4543 vim?
3710 4445 3824 4543 911‘s.

486 4559 552 4596 ne
583 4542 814 4596 moleste
841 4542 1134 4612 acciperet,
1169 4542 1215 4598 si
1255 4559 1382 4596 eum
1414 4552 1792 4599 commoneret
1820 4548 2091 4600 causarii-

483 4630 758 4696 lectionis,
782 4630 1002 4702 vigilem
1037 4646 1157 4684 esse
1214 4630 1417 4686 debere
1465 4633 1610 4702 apud
1669 4632 1813 4688 filios
1845 4634 2091 4703 ejusdem

481 4721 648 4791 regis,
680 4721 981 4776 ostendens
1023 4721 1150 4792 quia
1185 4737 1296 4776 non
1352 4723 1531 4776 solum
1564 4723 1792 4797 grandis
1824 4741 2092 4794 praesum-

480 4810 614 4882 ptio.
641 4810 737 4864 sed
757 4810 920 4864 etiam
953 4826 1211 4879 magnum
1240 4809 1545 4879 periculum
1565 4813 1770 4877 est,uui
1801 4813 2093 4886 soligene-

481 4902 647 4956 ralem
682 4902 834 4976 regni
863 4902 1288 4972 dispositionem
1319 4910 1572 4967 tractare,
1599 4903 1719 4958 sine
1750 4905 2006 4960 consultu
2036 4915 2092 4962 et

477 5007 748 5047 consensu
780 4991 1168 5062 plurimorum,
1196 4989 1486 5046 notificans
1516 5007 1738 5066 quoque
1766 4994 1834 5048 de
1867 4995 1952 5049 his
1966 5013 2088 5068 quas

475 5083 581 5138 sibi
615 5084 989 5149 mandaverat,
1020 5083 1257 5154 qualiter
1303 5084 1583 5154 quondam
1613 5085 1756 5140 inter
1800 5102 1959 5161 reges
1985 5089 2084 5141 Lu-

473 5174 752 5241 dovicum,
787 5173 1100 5228 Lotharium
1132 5182 1184 5229 et
1218 5174 1646 5230 Karlomannum
1679 5175 1842 5231 fuerit
1880 5187 2082 5246 aetum,

472 5266 785 5339 etqualiter
811 5275 942 5322 tunc
967 5265 1039 5320 sit
1092 5266 1390 5340 agendum,
1443 5268 1788 5344 subjungens
1841 5270 2079 5338 capitula

469 5358 722 5432 quaedam
754 5374 875 5430 quae
898 5376 927 5413 a
957 5357 1132 5412 tribus
1189 5358 1435 5432 regibus,
1472 5361 1768 5427 Ludovico,
1801 5361 1994 5416 Karolo
2025 5369 2080 5418 et

470 5447 726 5502 Lothario
755 5448 918 5502 simul
967 5448 1426 5503 convenientibus
1474 5450 1770 5506 constituta
1789 5449 2072 5506 etconfir-

465 5543 612 5590 mata
638 5535 892 5605 fuerunt;
921 5539 1074 5599 item.
1106 5555 1204 5608 pro
1232 5540 1469 5610 quodam
1499 5541 1761 5612 episcopo
1788 5541 2067 5616 religioso,

462 5636 660 5698 petens
679 5636 737 5680 ut
756 5629 849 5683 det
879 5631 929 5684 ei
959 5631 1142 5685 locum
1174 5631 1440 5703 loquendi
1459 5649 1669 5700 secum,
1702 5641 1761 5688 ut
1783 5649 1881 5704 per
1899 5633 2070 5702 ipsius

460 5714 923 5777 interventionem
973 5718 1264 5792 pervenire
1316 5720 1494 5776 valeat
1546 5721 1613 5776 ad
1646 5721 1790 5794 regis
1817 5735 2064 5791 praesen-

2198 4533 2368 4604 (Psal.
2418 4536 2617 4596 xxxvr),
2679 4536 2783 4584 etc.
2862 4526 3210 4582 Subnectens
3283 4542 3532 4598 quoque,
3597 4538 3661 4585 ut
3721 4531 3827 4586 sibi

2193 4623 2373 4678 dehis
2396 4632 2601 4677 certam
2664 4630 2722 4675 et
2780 4635 2961 4675 veram
3026 4617 3446 4688 responsionem
3501 4623 3821 4679 remandet.

2192 4711 2507 4787 Engilgario
2527 4710 2742 4766 cuidam
2776 4707 2974 4763 illustri
3005 4707 3212 4762 litteras
3233 4706 3432 4762 direxit
3465 4707 3818 4778 hujusmodi:

2266 4887 2289 4918 «
2323 4866 2638 4920 HINCMARUS
2669 4863 2967 4934 episcopus
2990 4875 3309 4915 ENGILGARIO
3337 4860 3605 4917 salutem.

2267 5014 2286 5043 ι
2321 4992 2573 5047 Pervenit
2602 4991 2672 5044 ad
2699 5005 2820 5054 nos,
2862 4988 2989 5059 quia
3021 4987 3302 5042 hominem
3336 4994 3494 5042 tuum
3527 4988 3814 5047 Ratbran-

2188 5102 2318 5140 num
2351 5082 2802 5138 irrationabiliter
2833 5088 2887 5136 et
2920 5078 3382 5134 inconvenienter
3428 5079 3818 5150 periculosum

2185 5178 2587 5228 sacramentum
2611 5171 2801 5239 jurare
2831 5168 3077 5233 fecisses,
3098 5166 3193 5237 qui
3222 5165 3355 5220 licet
3384 5166 3484 5220 tibi
3514 5169 3816 5226 servitium

2185 5263 2407 5327 debeat,
2452 5267 2634 5314 tamen
2669 5259 2772 5314 sub
2807 5264 2992 5312 nostra
3021 5271 3151 5310 cura
3168 5261 3222 5308 et
3254 5263 3310 5308 tu
3324 5263 3378 5309 et
3405 5253 3500 5309 ille
3528 5256 3604 5311 de
3632 5258 3814 5313 salute

2177 5361 2356 5409 vestra
2395 5368 2515 5407 esse
2545 5351 2777 5406 debetis.
2809 5351 3106 5420 Pmpterea
3126 5345 3329 5401 mando
3355 5344 3458 5400 tibi
3493 5347 3807 5418 quiavalde

2176 5449 2346 5504 miror
2381 5455 2437 5502 te
2477 5461 2586 5500 non
2644 5443 2979 5498 intellexisse
3029 5439 3250 5515 gravius
3303 5453 3426 5493 esse
3457 5440 3802 5509 periculum.

2173 5553 2296 5591 cum
2329 5535 2606 5590 hominem
2631 5539 2724 5586 aut
2750 5529 3057 5594 suadendo,
3102 5534 3196 5582 aut
3225 5525 3487 5582 terrendo
3519 5527 3578 5582 in
3611 5529 3803 5599 perju-

2172 5627 2313 5682 rium
2356 5627 2554 5689 mittas,
2588 5641 2754 5697 quem
2783 5624 2828 5678 si
2858 5630 2911 5679 te
2954 5621 3105 5677 solus
3134 5619 3448 5690 perjurares
3481 5637 3498 5686 ;
3529 5622 3800 5690 quoniam

2170 5721 2223 5776 in
2267 5728 2318 5776 te
2348 5735 2518 5774 unum
2548 5718 2873 5790 perjurium,
2907 5716 3018 5770 imo
3047 5728 3145 5784 pro
3164 5711 3411 5784 perjurio
3424 5711 3797 5772 homicidium
