3970 6218
237 343 359 396 249

899 342 1222 397 HISTORIA)
1264 344 1592 402 ECCLESl/E
1633 349 1957 407 REMENSIS
1999 353 2174 410 LIBRI
2214 355 2522 418 QUATUOR
2601 389 2626 396 ον
2675 358 2798 412 LIB.
2843 361 2934 414 Ill.

3475 366 3581 422 250

239 477 623 564 perpetrares.
643 476 989 564 Acumgautem
1037 473 1203 527 alium
1236 475 1517 544 perjurare
1547 479 1701 546 facis,
1730 490 1785 536 et
1814 489 1866 537 te
1892 489 1938 553 Α
1963 486 2270 540 sentialiter
2299 486 2579 553 emendet,
2612 495 2667 542 et
2697 505 2728 543 a
2761 490 2961 544 talibus
2982 491 3297 547 levitatibus
3327 495 3410 548 vel
3442 509 3580 564 prte-

239 569 304 615 et
335 561 490 616 illum
524 561 724 631 perdis.
761 562 822 616 Et
868 563 992 618 ideo
1032 565 1378 632 mandamus,
1422 579 1480 623 ut
1529 571 1574 624 si
1605 571 1680 626 ita
1706 588 1869 628 causa

242 651 508 716 habetur,
529 653 668 707 sicut
697 653 764 707 ad
797 669 898 709 nos
928 656 1198 724 pervenit,
1241 657 1309 710 ab
1331 660 1567 714 ecclesia
1591 670 1643 716 et
1672 663 1866 719 altario

234 749 295 792 te
333 740 638 805 abstineas,
661 741 839 796 donec
866 743 934 795 ad
965 758 1066 796 nos
1099 745 1308 810 venias,
1356 753 1410 800 et
1443 748 1512 802 de
1547 749 1638 804 tali
1673 751 1864 805 incau-

237 833 356 887 tela
383 839 478 885 aut
517 831 739 903 dignam
801 834 1215 890 excusationem
1273 837 1462 904 facias,
1514 849 1607 894 aut
1637 841 1862 914 dignam

236 922 626 993 pmnitentiam
661 922 922 993 accipias.
961 947 984 968 -

323 1010 660 1064 Leudowino
688 1011 867 1066 amico
901 1027 1023 1076 suo,
1046 1028 1144 1082 pro
1172 1013 1338 1068 rebus
1367 1026 1422 1070 et
1452 1019 1739 1088 mancipiis
1760 1019 1862 1073 Re-

238 1102 454 1156 mensis
475 1101 722 1156 ecclesiae
748 1102 801 1156 in
836 1103 1121 1160 Provincia
1143 1106 1756 1178 consistentibus,saape
1774 1109 1863 1163 lit-

238 1198 395 1244 teras
426 1190 662 1243 direxit.‘
684 1192 814 1244 [tem
845 1191 1113 1246 Letuardo
1144 1200 1197 1247 et
1232 1194 1528 1250 llilduardo
1551 1197 1784 1267 aliisque
1807 1198 1860 1251 in

237 1280 444 1334 eodem
478 1296 618 1353 pago
649 1281 1001 1349 degentibus,
1042 1292 1148 1337 tam
1183 1300 1281 1353 pro
1314 1286 1450 1354 ipsis
1484 1287 1664 1351 rebus,
1696 1305 1859 1358 quam

237 1384 345 1437 pro
371 1368 674 1421 animarum
728 1369 902 1422 salute
953 1371 1160 1440 scripta
1199 1371 1417 1426 direxit.
1475 1375 1729 1428 Achadeo
1755 1391 1856 1428 co-

240 1455 391 1520 miti,
417 1471 514 1525 pro
557 1457 765 1526 rapinis
816 1473 954 1528 quas
1003 1459 1264 1514 audiebat
1295 1461 1364 1513 ab
1395 1461 1516 1526 eius
1548 1462 1864 1516 hominibus

236 1545 365 1600 fieri
400 1546 452 1598 in
487 1545 663 1615 ipsius
691 1546 972 1608 comitatu,
1023 1556 1077 1602 et
1123 1565 1222 1619 pro
1280 1550 1406 1604 villa
1473 1552 1721 1621 Spantia,
1756 1569 1862 1623 qua

240 1632 340 1686 ille
365 1649 638 1687 annonam
657 1634 907 1688 ecclesia:
945 1635 1228 1691 Bernensis
1255 1639 1472 1693 auferre
1504 1640 1857 1711 disponebat:

239 1723 538 1778 notificans
564 1725 634 1787 ei,
669 1726 816 1795 quod
845 1726 891 1778 si
923 1727 1130 1797 aliquid
1179 1729 1306 1783 inde
1342 1741 1579 1800 raperet,
1623 1739 1730 1786 tam
1765 1733 1855 1802 ip-

1967 575 2373 645 sumptionibus
2403 593 2463 630 se
2502 585 2711 643 caveat,
2746 578 2873 648 quia
2905 579 2948 631 si
3006 596 3115 635 non
3169 581 3380 645 fecerit,
3422 599 3577 636 suum

1967 661 2035 715 de
2066 678 2131 716 eo
2158 663 2521 718 ministerium
2575 665 2816 720 facturus
2866 667 3246 732 sit,etcazteris
3279 671 3579 741 episcopis,

1967 757 2024 804 ut
2047 751 2192 806 idem
2220 751 2442 818 faciant,
2485 753 2806 810 notificabit.

2535 845 2742 899 CAPUT
2800 847 2998 900 XXVII.

2188 933 2314 996 Quae
2342 933 2617 1001 aliquibus
2640 937 2840 1000 reginis
2880 939 3087 1006 scripta
3113 939 3338 990 miserit.

2034 1018 2358 1089 Irmingardi
2395 1021 2648 1090 Augusta:
2709 1024 2978 1088 scribens,
3021 1025 3429 1096 congratulalur
3471 1042 3576 1078 au-

1963 1109 2078 1164 dito
2109 1112 2392 1181 religionis
2415 1113 2591 1181 ipsius
2623 1113 2856 1179 fervore,
2884 1131 3137 1167 asserens
3153 1133 3212 1168 se
3243 1116 3296 1169 iu
3327 1116 3581 1185 precibus

1962 1202 2182 1256 assidua
2216 1218 2312 1272 pro
2351 1219 2416 1256 ea
2455 1205 2772 1273 dependere
2805 1205 3008 1258 munia.
3061 1206 3191 1258 ltem
3237 1208 3581 1274 respondens

1961 1290 2027 1343 ad
2058 1290 2290 1355 litteras,
2335 1309 2472 1362 quas
2522 1293 2641 1362 ipsa
2705 1293 2811 1346 sibi
2871 1294 3160 1352 direxerat.
3199 1295 3581 1367 significantes

1965 1379 2244 1432 intimasse
2279 1380 2355 1432 illi
2419 1381 2682 1450 quosdam
2730 1380 3001 1444 homines,
3045 1383 3176 1450 quia
3209 1397 3305 1450 per
3332 1383 3580 1448 ejusdem

1964 1468 2210 1538 episcopi
2263 1469 2570 1535 jussionem
2630 1469 2798 1522 multa
2880 1469 3018 1522 mala
3076 1469 3274 1523 tierent
3318 1486 3449 1542 erga
3497 1487 3583 1524 res

1964 1561 2240 1613 Avennaci
2270 1563 2535 1627 (Arena-3;)
2562 1561 2902 1627 monasterii,
2940 1561 3150 1614 Berthze
3200 1562 3373 1630 ipsius
3399 1561 3577 1631 impe-

1965 1649 2175 1703 ratricis
2205 1648 2353 1714 tilia),
2409 1665 2731 1702 asseverans
2777 1650 2923 1720 quod
2957 1650 3216 1703 diabolus
3267 1666 3365 1718 per
3390 1665 3580 1703 eorum

1961 1736 2030 1789 sit
2059 1751 2154 1790 ora
2197 1739 2411 1791 locutus
2457 1737 2827 1802 mendacium,
2888 1739 3036 1791 velut
3089 1746 3174 1790 est
3231 1745 3386 1806 pater
3416 1752 3578 1790 men-

236 1832 367 1869 sum
390 1832 555 1886 quam
586 1832 716 1870 suos
749 1820 1272 1884 excommunicaret,
1297 1829 1351 1875 et
1381 1822 1594 1877 alienos
1615 1823 1684 1877 ab
1709 1825 1858 1878 omni
1891 1845 1937 1911 υ
1959 1828 2118 1882 dacii.
2152 1829 2204 1881 Si
2235 1829 2367 1899 quid
2399 1844 2526 1882 vero
2555 1829 3005 1898 hominesipsius
3030 1829 3229 1895 injuste
3261 1829 3491 1882 fecerint
3519 1828 3574 1880 in

238 1906 655 1962 Christianitatc
684 1908 908 1973 faceret,
941 1917 1104 1981 atque
1153 1928 1252 1982 per
1301 1929 1460 1967 suum
1494 1915 1856 1978 missaticum,

236 1995 393 2065 quod
425 1995 492 2050 de
526 1996 618 2051 illo
643 1997 843 2051 comite
869 1996 987 2052 fieri
1020 2000 1208 2065 debet,
1239 2001 1332 2072 qui
1367 2002 1420 2055 in
1447 2018 1546 2057 suo
1602 2004 1860 2060 comitatu

238 2083 576 2152 injustitiam
602 2084 782 2150 faciat,
811 2089 1038 2158 exsequi
1071 2099 1406 2159 procuraret.

313 2171 626 2226 Amalberto
685 2173 883 2227 illustri
933 2177 1138 2243 comiti,
1207 2195 1304 2248 pro
1377 2180 1646 2247 injustitia
1698 2199 1860 2252 quam

240 2260 498 2314 audierat
529 2277 654 2314 eum
709 2261 762 2314 in
817 2278 916 2317 suo
949 2273 1293 2334 perpetrasse
1323 2267 1558 2336 judicio,
1589 2269 1862 2342 exigendo

246 2364 337 2402 res
369 2349 655 2416 cujusdam
696 2349 967 2405 interfecti
1001 2352 1070 2405 ab
1115 2370 1202 2421 eo,
1235 2356 1328 2425 qui
1361 2357 1664 2410 secundum
1697 2373 1856 2411 com-

247 2437 663 2492 mendationem
699 2439 874 2510 ipsius
904 2457 997 2496 eas
1027 2442 1083 2496 in
1117 2443 1262 2498 illius
1300 2445 1709 2516 eleemosynam
1740 2447 1859 2500 dis-

240 2529 515 2583 tribuerat
545 2549 560 2594 ;
586 2533 1010 2600 perhorrescens
1057 2535 1202 2606 quod
1235 2534 1573 2590 Christianus
1601 2546 1654 2591 et
1685 2538 1858 2592 mori-

239 2632 396 2676 turus
449 2622 740 2677 admittere
795 2626 924 2679 talia
982 2641 1090 2681 non
1151 2636 1465 2698 expaverat,
1517 2629 1718 2684 timens
1767 2631 1858 2684 Dei

239 2713 798 2783 futurumjudicium.
838 2718 895 2772 Et
921 2719 1164 2774 ostendit
1218 2737 1317 2790 per
1339 2721 1579 2776 divinam
1619 2723 1859 2777 auctori-

241 2812 621 2875 tatem.quam
663 2823 828 2879 grave
885 2808 1284 2877 perpetraverit
1340 2809 1629 2884 ﬂagitium,
1683 2811 1857 2864 redu-

242 2913 378 2952 cens
405 2898 472 2951 ad
507 2898 708 2951 mentis
736 2899 949 2964 oculos,
1012 2915 1079 2952 ne
1131 2899 1270 2954 forte
1321 2902 1716 2964 mercenarius,
1753 2919 1862 2957 non

245 2997 457 3056 pastor,
481 2986 775 3041 haberetur
807 3005 820 3050 ;
854 2987 1178 3056 injustitiam
1212 2989 1452 3044 videndo
1495 3001 1548 3045 et
1580 2991 1812 3046 tacendo
1847 3010 1859 3046 :

1967 1919 2132 1973 rebus
2159 1920 2334 1989 ipsius
2364 1920 2704 1980 monasterii,
2772 1936 2880 1974 non
2914 1921 3078 1993 degat
3115 1936 3127 1972 :
3156 1926 3336 1972 tamen
3370 1920 3497 1988 quia
3527 1926 3581 1972 et

1967 2011 2316 2081 ignoraverit,
2377 2021 2431 2066 et
2481 2028 2588 2065 non
2650 2011 3015 2076 consenserit,
3051 2011 3404 2064 neevoluerit
3438 2010 3580 2062 indi-

1965 2105 2068 2153 cat.
2090 2101 2164 2152 De
2191 2099 2428 2169 quodam
2465 2108 2729 2169 praeterea
2761 2116 2972 2164 manso,
3006 2101 3153 2169 quod
3177 2100 3266 2153 illa
3300 2097 3580 2172 signiﬁca-

1965 2195 2114 2240 verat
2145 2187 2348 2254 injuste
2391 2188 2726 2241 abslractum
2759 2204 2789 2241 a
2822 2187 3045 2256 prmfato
3080 2188 3578 2252 monasterio,asse-

1966 2279 2034 2333 rit
2060 2281 2207 2350 quod
2234 2281 2369 2334 nulli
2428 2281 2662 2344 homini,
2691 2288 2958 2350 quantum
2989 2280 3096 2333 sibi
3129 2279 3469 2334 conscientia
3499 2287 3582 2332 te-

1965 2368 2284 2423 stimonium
2320 2369 2666 2440 perhibebat,
2701 2370 2899 2438 injuste
2915 2386 3156 2439 unquam
3193 2385 3440 2422 mansum
3456 2368 3584 2422 abs-

1961 2457 2168 2521 tulerit,
2225 2457 2319 2510 sed
2369 2459 2512 2526 apud
2571 2474 2755 2529 regem
2819 2473 2916 2527 pro
2975 2474 3042 2512 eo
3075 2458 3314 2527 petierit,
3351 2465 3404 2511 et
3432 2457 3582 2512 obti-

1962 2544 2164 2607 nuerit,
2198 2551 2257 2597 ut
2290 2545 2485 2599 missos
2523 2560 2650 2598 suos
2682 2545 2966 2615 dirigeret,
3029 2546 3119 2616 qui
3155 2544 3584 2615 diligentissime

1963 2636 2067 2688 hoc
2098 2634 2241 2688 inter
2262 2637 2495 2690 ecclesia
2529 2637 2818 2690 Remensis
2865 2645 2920 2690 et
2972 2637 3248 2690 Avennaci
3297 2645 3582 2690 monaste-

1962 2725 2024 2777 rii
2066 2725 2453 2793 possessiones
2492 2741 2648 2795 aequa
2709 2726 2866 2780 lance
2929 2726 3275 2800 indagantes,
3313 2725 3583 2779 decerne-

1962 2823 2117 2868 nent.
2191 2814 2321 2868 Nam
2391 2816 2507 2884 ipse
2570 2815 2663 2885 qui
2729 2831 2827 2868 sua
2895 2831 2992 2884 pro
3061 2814 3276 2868 Christo
3345 2813 3579 2868 dimise-

1967 2911 2067 2966 rat,
2103 2919 2202 2957 nec
2257 2903 2440 2968 vellet,
2505 2919 2604 2956 nec
2666 2902 2960 2976 indigeret,
3003 2919 3068 2956 ea
3117 2910 3298 2956 tamen
3333 2918 3456 2971 qua:
3479 2901 3584 2954 sibi

1965 2993 2256 3047 commissa
2310 2999 2484 3059 erant,
2546 2991 2665 3046 sine
2733 2992 2942 3047 ratione
2997 3001 3051 3045 et
3110 2990 3231 3063 lege
3284 2990 3581 3063 negligen-

245 3086 302 3130 et
331 3075 460 3146 quia
483 3074 682 3129 missus
713 3075 1061 3146 imperatoris
1118 3085 1254 3144 erat,
1301 3089 1355 3133 et
1397 3079 1642 3150 capitula
1692 3079 1866 3150 ipsius
1895 3090 2048 3176 Cter
2097 3081 2373 3135 dimittere
2437 3097 2546 3135 non
2607 3081 2868 3135 audebat.
2933 3079 3210 3148 Adjiciens
3259 3095 3384 3133 esse
3443 3079 3586 3132 mul-

248 3184 346 3240 pro
403 3168 760 3223 defensandis
817 3169 1045 3225 advenis
1100 3181 1155 3224 et
1217 3171 1544 3226 incestuosis
1608 3174 1864 3229 habebat.

254 3262 406 3316 Unde
433 3268 540 3316 tam
591 3261 771 3315 eidem
826 3263 1038 3329 comiti,
1093 3279 1260 3334 quam
1303 3266 1560 3319 omnibus
1594 3267 1864 3321 exactori-

254 3355 360 3408 bus
390 3359 553 3424 atque
575 3353 880 3422 judicibus,
916 3355 1006 3424 qui
1067 3355 1121 3408 in
1156 3356 1260 3410 hoc
1287 3357 1607 3411 rcsederant
1631 3358 1864 3425 judicio,

253 3445 422 3500 verbo
457 3445 548 3498 Dei
571 3446 970 3516 omnipotentis
1025 3456 1079 3500 et
1124 3448 1308 3502 hanno
1340 3447 1688 3517 imperatoris
1745 3449 1868 3519 epi-

249 3532 458 3602 scOpali
508 3533 834 3587 auctoritate
900 3533 1158 3604 percipit,
1196 3542 1254 3590 ut
1294 3535 1551 3589 eumdem
1588 3536 1864 3590 hominem

253 3626 440 3680 nullus
471 3641 567 3696 pro
598 3626 696 3680 hac
728 3642 781 3680 re
813 3627 1168 3694 condemnet,
1189 3635 1282 3681 aut
1305 3627 1600 3698 inquietet,
1625 3627 1710 3682 vel
1743 3644 1871 3682 con-

257 3713 641 3768 tradictionem
673 3714 856 3780 faciat,
885 3715 1062 3770 donec
1092 3715 1208 3785 ipse
1249 3716 1447 3786 prarsul
1478 3731 1576 3786 per
1601 3715 1868 3786 seipsum,

260 3803 345 3856 vel
386 3819 485 3872 per
542 3803 736 3857 missos
790 3819 920 3858 suos
969 3804 1110 3858 hanc
1160 3820 1381 3858 causam
1431 3804 1725 3875 diligenter
1787 3805 1873 3858 in-

262 3894 464 3966 quirat,
493 3902 548 3949 et
576 3895 880 3949 secundum
913 3894 1064 3967 leges
1093 3894 1494 3950 ecclesiasticas
1525 3904 1579 3948 et
1609 3896 1875 3948 humanas

266 3983 372 4036 hoc
395 3983 543 4050 juste
567 3993 622 4037 et
647 3983 1046 4037 rationabiliter
1084 3982 1344 4047 diffiniat,
1363 3982 1701 4038 denuntians
1724 3983 1870 4053 quod

264 4070 498 4142 quisque
532 4072 635 4125 hoc
663 4081 854 4125 contra
913 4071 1008 4124 Dei
1061 4080 1397 4141 praeceptum
1458 4071 1874 4140 priesumpserit

263 4177 448 4236 agere,
480 4161 654 4232 primo
712 4164 1016 4218 secundum
1071 4162 1311 4233 capitula
1368 4161 1564 4236 legalia
1617 4163 1719 4216 hoc
1750 4177 1874 4215 eum

264 4251 560 4306 emendare
592 4251 753 4306 faciat
786 4270 800 4317 ;
831 4251 1034 4306 deinde
1086 4252 1391 4306 secundum
1419 4253 1571 4324 leges
1609 4251 1876 4305 ecclesia-

263 4342 426 4398 sticas
455 4343 609 4396 illum
639 4361 667 4396 a
699 4343 1090 4398 communione
1133 4342 1563 4398 Christianorum
1597 4359 1774 4414 usque
1806 4342 1874 4396 ad

262 4431 692 4487 satisfactionem
728 4433 976 4503 repellet.
1004 4432 1295 4486 Denuntiat
1320 4432 1506 4497 etiam,
1541 4432 1670 4502 quia
1710 4449 1878 4503 quos-
1906 4457 1960 4522 D
1982 4437 2161 4485 votam
2195 4428 2356 4482 decet
2411 4426 2590 4481 facere
2648 4427 2960 4501 conjugem.
2999 4452 3022 4474 ιι

263 4535 479 4590 cunque
511 4519 580 4573 ad
620 4519 879 4589 placitum
938 4535 1098 4574 suum
1160 4519 1350 4574 venire
1419 4519 1781 4585 mandaverit,
1817 4529 1874 4574 ut

264 4610 405 4662 hanc
430 4625 650 4662 causam
681 4608 976 4684 diligenter
1024 4609 1288 4680 inquirat,
1319 4618 1372 4662 et
1432 4608 1680 4682 legaliter
1710 4618 1872 4682 atque

264 4699 585 4771 regulariter
607 4697 843 4753 difﬁniat
875 4718 888 4765 ;
915 4701 961 4753 si
987 4700 1174 4754 venire
1228 4700 1594 4770 neglexerint,
1617 4709 1739 4772 post
1770 4710 1875 4756 ter-

262 4790 388 4845 tiam
420 4790 926 4857 commonitionem,
959 4791 1028 4845 ab
1059 4791 1208 4845 omni
1267 4790 1696 4846 Christianorum
1729 4808 1870 4846 con-

260 4883 426 4937 sortio
456 4898 633 4952 usque
673 4882 740 4934 ad
807 4882 1239 4937 satisfactionem
1291 4883 1542 4954 repellet,
1569 4884 1671 4938 nisi
1705 4884 1873 4939 ratio-

261 4970 498 5024 nabilem
562 4970 906 5025 ostenderint
978 4972 1406 5026 excusationem.
1470 4972 1749 5039 Adjiciens
1802 4974 1871 5028 de

263 5062 492 5136 ﬂagellis
527 5078 650 5133 quae
684 5061 1034 5131 patiebantur
1065 5063 1218 5116 multi
1246 5064 1305 5134 [i,
1356 5064 1704 5134 patiebantur
1729 5065 1874 5118 mul-

262 5154 368 5222 tis],
403 5160 458 5208 et
488 5153 791 5208 ostendens
821 5155 966 5225 quod
998 5155 1122 5209 ideo
1150 5156 1264 5210 haec
1293 5163 1398 5210 tam
1431 5155 1642 5210 duriter
1682 5173 1748 5211 ex
1776 5157 1869 5210 Dei

264 5245 428 5300 verbo
468 5245 823 5309 annuntient,
852 5253 911 5301 ut
968 5247 1280 5321 intelligant
1325 5256 1529 5318 quanta
1548 5247 1617 5302 sit
1638 5247 1866 5303 offensa.

263 5335 312 5388 in
344 5335 444 5388 hac
474 5351 640 5389 causa
679 5342 865 5389 contra
881 5335 976 5389 Dei
1010 5346 1366 5406 praeceptum,
1426 5344 1481 5390 et
1513 5352 1695 5390 sacras
1725 5351 1867 5406 pras-

260 5442 473 5480 sumere
505 5426 838 5494 Scripturas,
862 5427 1168 5482 admonens
1221 5443 1288 5481 ne
1309 5429 1375 5482 de
1404 5427 1646 5498 peccatis
1669 5427 1866 5481 alienis

261 5524 480 5587 peccata
508 5532 609 5570 sua
650 5517 1016 5571 accumulent.
1069 5517 1380 5592 Sigeberto,
1444 5533 1542 5588 pro
1591 5533 1865 5588 praesum-

261 5607 442 5677 ptione
484 5615 539 5661 et
568 5605 890 5676 prazjudicio
915 5608 1060 5677 quod
1091 5615 1277 5681 egerat
1299 5623 1398 5679 pro
1430 5607 1665 5678 quadam
1696 5607 1869 5662 eccle-

258 5693 332 5747 sia
357 5693 575 5748 cuidam
605 5691 950 5762 presbytero,
1010 5695 1343 5766 mandatque
1376 5695 1426 5748 ei
1488 5701 1545 5748 ut
1595 5695 1699 5749 hoc
1723 5711 1866 5764 prae-

1974 3180 2023 3226 ta
2108 3173 2175 3226 de
2252 3173 2371 3242 ipso
2447 3172 2806 3237 monasterio,
2870 3172 3015 3226 unde
3083 3171 3275 3240 ipsius,
3344 3169 3584 3240 filiaeque

1971 3276 2082 3314 suae
2115 3259 2397 3332 indigebat
2425 3258 2630 3312 auxilio
2680 3275 2691 3310 :
2743 3261 2993 3336 petitque
3049 3267 3106 3312 ut
3151 3259 3329 3311 mittat
3360 3259 3585 3312 missum

1971 3364 2130 3401 suum
2162 3356 2444 3400 strenuum
2487 3355 2541 3399 et
2573 3344 2793 3398 fidelem
2824 3363 2946 3400 cum
2980 3347 3152 3400 misso
3175 3345 3300 3400 filize
3321 3362 3457 3412 suae,
3491 3344 3585 3415 qui

1972 3455 2082 3492 una
2109 3453 2296 3491 secum
2327 3453 2449 3507 qua:
2488 3436 2817 3507 corrigenda
2841 3446 2971 3492 sunt
2994 3437 3199 3492 ibidem
3242 3439 3499 3509 corrigat,
3532 3445 3590 3491 et

1973 3525 2153 3582 videat
2183 3544 2346 3598 quam
2383 3527 2744 3581 intentionem
2790 3536 2844 3581 et
2877 3529 3214 3583 voluntatem
3240 3530 3376 3598 ipse
3415 3530 3466 3583 in
3502 3538 3588 3582 ta-

1975 3621 2118 3674 libus
2150 3620 2368 3684 haheat,
2404 3635 2470 3672 ne
2505 3618 2639 3688 ipsis
2669 3627 2723 3672 et
2749 3619 2854 3672 sibi
2887 3620 3214 3688 periculum,
3246 3620 3395 3690 quod
3424 3619 3586 3687 absit,

1974 3712 2172 3767 exinde
2205 3720 2422 3767 maneat
2451 3730 2463 3766 :
2500 3711 3053 3782 petitqueutanimus
3086 3711 3256 3780 ipsius
3281 3713 3349 3766 sit
3370 3728 3591 3781 semper

1972 3801 2260 3866 sollicitus,
2319 3818 2388 3855 ne
2451 3801 2648 3856 alienae
2676 3801 2878 3874 lingua:
2921 3800 3080 3856 facile
3111 3799 3318 3865 credat,
3353 3801 3587 3857 maxime

1975 3893 2044 3946 de
2077 3891 2461 3946 sacerdotibus
2525 3891 2720 3944 Christi
2751 3909 2764 3953 ;
2818 3891 3078 3962 quoniam
3111 3891 3390 3956 diabolus,
3413 3890 3586 3945 sinon

1977 3989 2155 4052 potest
2185 3981 2240 4035 in
2279 3981 2410 4046 alio,
2445 3982 2499 4034 in
2521 3981 2624 4035 hoc
2652 3981 2782 4034 velit
2815 3981 3178 4035 intentionem
3216 3980 3388 4050 ipsius
3406 3979 3588 4034 fusca-

1977 4087 2054 4137 re,
2085 4082 2142 4124 ut
2171 4086 2290 4124 eam
2343 4069 2503 4123 faciat
2561 4069 2615 4122 in
2661 4069 2926 4139 Opinione
2957 4069 3202 4123 indebita
3232 4066 3584 4122 sacerdotum

1980 4176 2181 4215 errare.
2215 4159 2463 4229 Denique
2480 4159 2627 4228 quod
2684 4159 2960 4226 adjecerat
2991 4160 3128 4229 ipsa,
3161 4174 3218 4212 se
3252 4173 3350 4227 pro
3370 4173 3435 4211 eo
3458 4174 3589 4230 sug-

1977 4251 2215 4326 gessisse
2238 4249 2421 4303 animo
2481 4249 2830 4319 imperatoris
2890 4249 3150 4315 Lotharii,
3183 4256 3374 4302 contra
3407 4247 3586 4316 ipsum

1978 4340 2172 4395 fecisse
2225 4339 2316 4392 illa
2370 4344 2618 4400 testatur,
2673 4353 2782 4392 non
2816 4347 2874 4392 ut
2941 4353 3216 4411 magnam,
3271 4345 3326 4391 et
3359 4337 3468 4389 Deo
3490 4336 3588 4390 de-

3081 4429 3210 4501 Ego,
3247 4428 3445 4499 inquit,
3473 4429 3588 4486 scio

1975 4519 2106 4590 quia
2136 4518 2186 4572 ei
2215 4517 2385 4572 multa
2417 4516 2487 4570 de
2523 4532 2606 4570 me
2630 4515 2773 4570 dicta
2805 4515 3028 4570 fuerunt
3055 4517 3327 4572 contraria
3355 4534 3370 4582 ;
3401 4517 3504 4571 sed
3539 4519 3586 4572 si

1974 4611 2088 4666 vult
2121 4610 2672 4681 poteritcognoscere
2732 4624 2840 4663 non
2891 4625 3014 4663 esse
3049 4626 3176 4664 vera
3209 4627 3222 4662 :
3249 4618 3431 4665 tamen
3461 4624 3587 4664 eum

1975 4719 2085 4758 non
2117 4704 2295 4757 audeo
2341 4701 2772 4772 reprehendere,
2812 4701 2943 4772 quia
2982 4701 3244 4756 Dominus
3274 4711 3377 4767 est,
3410 4717 3512 4756 nec
3533 4703 3588 4756 in

1975 4794 2094 4862 ejus
2125 4809 2358 4863 persona
2386 4792 2532 4859 dico,
2578 4791 2722 4846 sicut
2765 4790 2964 4863 legitur
3021 4791 3075 4844 in
3107 4791 3406 4862 Scripturis
3439 4808 3451 4843 :
3487 4792 3592 4857 Qui

1972 4887 2197 4940 libenter
2225 4886 2380 4940 audit
2408 4885 2570 4939 verba
2619 4885 2904 4948 mendacii,
2933 4885 3212 4938 ministros
3250 4898 3459 4953 quoque
3488 4883 3590 4936 ha-

1974 4976 2115 5029 bebit
2153 4977 2346 5044 impios
2376 4977 2552 5040 ,Prov.
2579 4978 2742 5042 χχιχ).
2815 4971 3080 5026 Videlicet
3108 4971 3203 5042 qui
3227 4972 3292 5025 de
3320 4971 3427 5041 piis
3458 4987 3589 5042 erga

1971 5080 2097 5119 eum
2125 5064 2433 5119 voluntarie
2461 5065 2756 5135 loquentur
2787 5063 2974 5134 impia.
3011 5063 3110 5127 Qui
3151 5063 3227 5116 illi
3259 5079 3324 5116 ea
3354 5061 3492 5116 dixit
3522 5079 3587 5116 ex

1972 5171 2093 5210 mea
2119 5164 2297 5224 parte,
2318 5172 2440 5226 quae
2469 5156 2604 5209 mihi
2633 5155 2956 5221 mandastis,
2997 5155 3158 5210 aliter
3196 5171 3361 5226 quam
3392 5170 3583 5208 verum

1970 5245 2040 5299 sit
2061 5243 2215 5301 dixit.
2253 5245 2394 5299 male
2425 5251 2607 5298 autem
2671 5245 3068 5314 interpretatus
3109 5253 3191 5298 est
3241 5243 3386 5299 bene
3417 5242 3580 5297 dicta.

1971 5334 2306 5390 Sivoluisset
2345 5351 2679 5409 cognoscere
2737 5351 2950 5400 verum,
3003 5346 3058 5392 et
3110 5335 3317 5406 aliquis
3380 5334 3585 5389 missus

1969 5428 2100 5483 mihi
2143 5430 2211 5484 de
2241 5444 2406 5499 supra
2435 5429 2666 5494 veniret,
2719 5436 2777 5484 ut
2805 5445 2935 5484 vera
2971 5445 3034 5484 ex
3079 5445 3166 5483 me
3197 5437 3579 5503 cognosceret,

1969 5518 2111 5573 sicut
2138 5517 2308 5583 venit,
2342 5527 2397 5572 et
2422 5532 2510 5572 me
2540 5517 2986 5588 qualemcunque
3017 5518 3215 5573 Christi
3246 5517 3461 5574 Domini
3491 5534 3582 5573 sa-

1969 5607 2244 5662 cerdotem
2274 5607 2607 5683 suggillavit,
2661 5605 3023 5663 libentissime
3053 5624 3154 5664 suo
3183 5609 3371 5664 animo
3409 5607 3577 5662 satis-

1967 5695 2227 5753 facerem.
2256 5696 2330 5752 De
2362 5713 2484 5754 meo
2503 5704 2687 5753 autem
2732 5695 2922 5763 misso,
2975 5697 3118 5754 sicut
3139 5697 3444 5754 dominatio
3478 5695 3579 5749 be—
