3970 6218
371 357 466 412 251

1479 349 1843 403 FLODOARDI
1888 345 2188 401 CANONICI
2230 347 2557 402 REMENSIS

3595 355 3714 411 252

368 493 689 566 nignissima
718 498 895 546 vestra
942 490 1244 556 mandavit,
1292 498 1349 546 ut
1378 492 1446 546 ad
1479 507 1604 546 eum
1640 491 1873 563 dirigam
1889 491 1983 561 qui

2100 486 2272 527 sorore
2315 490 2415 528 sua
2452 474 2775 542 vindictam,
2828 482 2923 530 aut
2987 490 3088 546 pro
3146 490 3425 541 sermone,
3477 486 3576 530 aut
3606 492 3712 547 pro

368 584 419 637 ei
449 584 555 638 hoc
573 580 829 647 afﬁrmet,
857 580 1004 651 quod
1030 580 1097 634 de
1118 580 1239 647 ejus
1276 580 1601 636 inﬁdelitate
1655 580 1793 634 nihil
1815 580 1978 634 velim

371 682 623 739 tractare,
656 673 806 727 scitis
825 680 1031 743 quanta
1085 671 1371 726 mendacia
1403 688 1550 726 nunc
1584 687 1684 742 per
1716 671 1859 725 istud
1888 687 1981 725 va-

371 766 510 819 dunt
539 765 821 829 saculum,
844 770 898 817 et
919 770 1125 834 quanta
1140 763 1427 818 sinceritas
1440 763 1785 817 debeatesse
1817 763 1872 816 in
1896 777 1981 815 sa-

373 857 619 922 cerdote,
647 862 702 909 et
727 862 933 926 quanta
953 856 1149 910 merito
1178 855 1381 910 domno
1414 870 1536 909 meo
1562 854 1727 909 velim
1764 870 1980 908 servare

374 942 715 998 fidelitatem.
765 942 829 997 Et
884 941 1087 997 idcirco
1147 959 1215 996 ne
1274 944 1406 997 mali
1470 942 1802 1012 interpretes
1842 944 1983 996 male

373 1034 577 1088 bonum
609 1034 1058 1103 interpretentur,
1118 1033 1221 1086 hoc
1266 1032 1445 1086 adhuc
1501 1030 1683 1086 facere
1716 1046 1825 1085 non
1852 1046 1982 1101 pos-

372 1138 513 1176 sum.
545 1121 746 1176 Tamen
777 1120 822 1174 si
844 1120 959 1175 vult
989 1120 1217 1175 credere
1240 1119 1480 1175 domnus
1497 1136 1653 1174 meus
1673 1120 1983 1189 Lotharius,

377 1222 556 1283 potest
607 1212 875 1267 veraciter
932 1227 1268 1285 cognoscere
1297 1213 1428 1283 quia
1455 1228 1564 1267 non
1626 1221 1833 1266 tantum
1884 1212 1983 1278 illi,

373 1301 472 1355 sed
489 1300 625 1355 nulli
654 1299 864 1355 homini
914 1299 968 1353 in
1020 1300 1226 1355 mundo
1281 1317 1404 1354 sum
1437 1298 1699 1367 infidelis,
1732 1307 1785 1353 et
1807 1300 1852 1353 si
1872 1301 1987 1354 vult

373 1390 620 1457 credere,
650 1388 839 1443 credat
860 1388 974 1442 :sin
1005 1396 1211 1453 autem,
1248 1404 1371 1443 cum
1396 1388 1486 1443 ille
1516 1388 1659 1442 inter
1685 1389 1985 1458 principes,

374 1490 429 1536 et
449 1496 552 1553 ego
582 1481 725 1535 inter
753 1480 1053 1551 episcopos
1080 1487 1205 1534 ante
1240 1496 1424 1554 regem
1460 1496 1670 1554 regum,
1700 1488 1753 1534 et
1772 1480 1990 1550 episco-

378 1586 505 1640 pum
529 1570 914 1639 episcoporum
940 1569 1271 1630 venerimus,
1309 1576 1441 1622 tunc
1472 1568 1604 1639 quid
1638 1568 1765 1622 inde
1800 1584 1990 1622 verum

375 1661 466 1727 sit,
501 1661 817 1730 plenissime
844 1660 967 1714 sine
995 1660 1228 1729 alicujus
1255 1660 1593 1714 indicatione
1609 1669 1926 1731 cognoscet,
1961 1679 1989 1708 ι)

376 1759 480 1805 etc.
539 1753 745 1805 Bertha
802 1752 1092 1805 abbatissa
1166 1751 1439 1805 Avannaci
1524 1751 1845 1805 monasterii
1895 1765 1991 1820 pro

378 1839 805 1909 impedimentis,
838 1856 960 1911 qua
988 1840 1177 1893 fratres
1205 1856 1269 1894 ac
1320 1840 1627 1894 servientes
1669 1839 1988 1894 monasterii

376 1931 688 1997 Altviilaris,
719 1933 1059 2003 aliarumque
1106 1932 1359 1986 villarum
1412 1931 1699 1986 Remensis
1741 1932 1988 1986 ecclesia

380 2019 725 2090 patiebantur
755 2020 823 2075 ab
855 2020 1173 2075 hominibus
1198 2020 1394 2090 ipsius,
1452 2027 1739 2090 postquam
1777 2019 1833 2073 in
1888 2019 1992 2074 hoc

382 2127 610 2184 regnum
644 2112 733 2165 illa
777 2112 1092 2166 devenerat.
1146 2111 1299 2165 Unde
1349 2110 1487 2181 petit
1537 2118 1597 2165 ut
1645 2110 1989 2184 diligentiam

377 2202 732 2273 studiumque
762 2201 1013 2256 adhiberi
1067 2201 1285 2269 jubeat,
1319 2217 1389 2255 ne
1424 2208 1574 2255 tanta
1590 2209 1645 2255 et
1665 2201 1746 2255 sic
1774 2200 1994 2255 insolita

380 2294 694 2364 prajudicia
742 2295 858 2348 hac
915 2294 1155 2364 patiatur
1207 2293 1444 2348 ecclesia
1474 2294 1543 2346 de
1588 2292 1765 2363 ipsius
1792 2292 1995 2348 vicini-

382 2388 509 2447 tate,
542 2382 610 2436 de
632 2398 740 2452 qua
787 2383 1033 2437 solamen
1078 2390 1133 2436 et
1163 2383 1429 2457 gaudium
1472 2398 1569 2453 pro
1628 2381 1805 2451 ipsius
1850 2382 1995 2437 bona

379 2470 487 2523 vita
519 2477 573 2524 et
605 2469 792 2525 sobria
822 2470 1241 2525 conversatione
1276 2471 1482 2524 habere
1531 2470 1787 2524 debebat.
1841 2470 1993 2535 Quod

377 2560 423 2614 si
455 2561 678 2634 egisset,
702 2562 871 2615 Deum
912 2562 1145 2631 proinde
1192 2561 1516 2631 placabilem
1548 2561 1654 2615 sibi
1688 2561 1909 2627 faceret,
1944 2571 1998 2616 et

382 2658 623 2704 sanctam
664 2650 904 2716 Mariam,
930 2660 1293 2723 sanctumque
1326 2651 1638 2719 Remigium
1670 2653 1775 2707 sibi
1800 2652 1993 2706 conci-

384 2739 558 2803 liaret,
586 2739 655 2793 ab
686 2739 805 2809 ipso
836 2755 1058 2810 quoque
1114 2740 1443 2811 obsequium
1478 2740 1795 2811 episcopale
1826 2739 2000 2795 habe-

389 2835 487 2882 ret.
519 2827 572 2881 Si
603 2843 731 2882 vero
750 2844 879 2883 suos
908 2828 1180 2900 corrigere
1228 2829 1673 2899 parvipenderet,
1724 2830 1845 2900 ipse
1873 2829 2003 2884 licet

387 2919 590 2973 invitus
615 2936 775 2973 aures
806 2920 952 2994 regis
1011 2919 1139 2974 inde
1182 2921 1445 2991 pulsaret,
1466 2929 1526 2975 ut
1571 2921 1615 2975 si
1667 2936 1895 2975 necesse
1924 2918 2001 2975 fo-

388 3014 488 3072 ret,
536 3015 596 3061 ut
643 3007 697 3060 in
754 3015 959 3062 tantum
998 3024 1164 3063 causa
1212 3018 1574 3077 excresceret,
1632 3009 2000 3064 ministerium

384 3101 842 3169 ecclesiasticum,
870 3103 1174 3158 secundum
1195 3105 1413 3177 regulas
1435 3106 1749 3170 canonicas,
1778 3103 1834 3157 in
1857 3121 1998 3170 eam,

388 3208 632 3263 suosque
657 3202 920 3249 exereret.
947 3195 1263 3250 lrmintrudi
1282 3196 1505 3269 regina,
1528 3211 1626 3267 pro
1649 3195 1997 3250 Belvacensis

391 3280 643 3335 Ecclesia
658 3281 1025 3352 dispositione
1046 3284 1099 3338 in
1132 3286 1368 3356 pastoris
1398 3284 1692 3348 electione,
1719 3293 1916 3354 petens
1939 3293 1997 3339 ut

387 3380 647 3445 suggerat
723 3374 857 3446 regi,
901 3391 970 3430 ne
1021 3392 1051 3430 a
1104 3392 1436 3447 quocunque
1495 3377 1550 3429 in
1607 3391 1997 3447 quamcunque

390 3470 601 3531 partem
632 3462 850 3518 animus
885 3463 1299 3520 illiusindebite
1316 3463 1725 3534 possetinﬂecti
1752 3463 2001 3543 dehpjps

389 3554 643 3609 Ecclesia
670 3555 1245 3627 dispositione,donec
1275 3559 1393 3629 ipse
1447 3559 1498 3612 in
1542 3559 1662 3627 ejus
1714 3558 1999 3612 servitium

386 3643 635 3710 veniens,
668 3660 790 3715 qua
813 3645 917 3716 ipsi
938 3647 1247 3702 necessaria
1274 3646 1483 3701 fuerint
1506 3644 2001 3716 notificans,ipsius

379 3731 600 3800 juribus
628 3733 833 3803 pandat
866 3744 957 3799 ;et
986 3734 1068 3789 sic
1123 3749 1245 3805 qua
1285 3734 1395 3789 Deo
1424 3734 1532 3789 sint
1556 3734 1776 3805 placita,
1810 3744 1864 3789 et
1893 3732 2004 3789 illis

387 3819 566 3885 utilia,
607 3820 837 3876 Domino
890 3829 1195 3889 annuente,
1251 3822 1549 3891 disponere
1587 3830 1846 3893 procuret
1895 3822 2005 3878 Ro-

389 3910 535 3965 trudi
567 3911 679 3966 Deo
708 3920 958 3981 sacrata,
1018 3920 1072 3967 et
1129 3912 1344 3967 cateris
1373 3913 1657 3968 sororibus
1682 3913 2002 3968 monasterii

392 4002 604 4058 Sancta
635 4002 840 4070 Crucis,
870 4011 926 4058 et
966 4011 1168 4059 sancta
1196 4003 1570 4078 Radegundis,
1605 4020 1703 4075 pro
1730 4004 2004 4060 electione

392 4089 688 4147 abbatissa
710 4091 887 4162 ipsius
902 4092 1240 4155 monasterii,
1283 4108 1383 4163 pro
1410 4109 1518 4164 qua
1547 4108 1640 4146 rex
1668 4100 2005 4163 praceperat

395 4179 636 4234 Frotario
662 4181 1097 4252 archiepiscopo,
1128 4191 1182 4236 et
1213 4181 1437 4244 Erardo,
1467 4190 1634 4252 atque
1658 4180 1999 4255 Angenoldo,

391 4271 461 4325 ad
482 4270 766 4341 prafatum
800 4273 1197 4329 monasterium
1252 4288 1501 4345 pergere,
1559 4279 1614 4327 et
1669 4273 1999 4329 electionem

392 4364 700 4437 regularem
731 4365 805 4419 ibi
829 4364 1008 4421 facere
1041 4384 1054 4421 :
1088 4374 1142 4422 et
1198 4368 1244 4421 si
1288 4375 1483 4421 cuncta
1512 4380 1742 4421 concors
1762 4382 2000 4438 congre-

390 4453 564 4528 gatio,
595 4456 683 4510 vel
712 4472 839 4526 pars
868 4459 1119 4529 quamvis
1171 4458 1370 4524 minor,
1430 4464 1614 4513 tamen
1643 4457 1860 4525 melior,
1893 4458 2002 4513 Ro-

397 4545 609 4599 trudem
641 4547 920 4620 elegisset,
985 4549 1413 4604 constitueretur
1468 4549 1523 4603 in
1582 4549 1778 4605 ordine
1830 4549 2003 4604 abba-

397 4632 562 4687 tissa.
593 4634 650 4688 Si
695 4641 877 4690 autem
940 4637 1120 4691 omnis
1148 4637 1505 4711 congregatio
1561 4652 1791 4692 concors
1859 4637 2005 4691 illam

399 4723 711 4792 abjecisset,
740 4732 795 4780 et
841 4726 1004 4781 aliam
1044 4727 1291 4799 eligeret,
1344 4729 1432 4783 illa
1463 4744 1625 4799 quam
1656 4729 2008 4784 concorditer

396 4812 679 4886 elegisset,
719 4813 775 4868 in
822 4814 1030 4889 Iordine
1058 4815 1350 4871 abbatissa
1379 4823 1650 4883 maneret,
1677 4816 1855 4872 donec
1888 4818 2005 4893 regi

399 4908 828 4975 renuntiaretur,
857 4920 913 4967 et
934 4928 1281 4984 quacunque
1312 4912 1390 4966 ibi
1422 4911 1618 4967 fuisset
1646 4913 1840 4980 electa,
1865 4929 2009 4969 onus

402 4996 700 5052 abbatissa
721 5000 1049 5071 susciperet,
1077 5009 1133 5056 et
1159 5000 1313 5055 Odila
1334 5001 1401 5055 ad
1432 5016 1595 5055 suum
1610 5002 2007 5058 monasterium

402 5093 793 5141 reverteretur.
827 5089 1101 5145 Primores
1133 5097 1318 5146 autem
1375 5090 1561 5147 clerici
1603 5097 1657 5146 et
1676 5092 1891 5147 vassalli
1940 5092 2009 5147 ad

402 5175 651 5249 reginam
681 5179 953 5248 venirent,
1005 5180 1108 5236 sub
1162 5183 1317 5252 cujus
1354 5182 1700 5250 defensione,
1759 5192 1880 5255 post
1915 5184 2009 5239 Dei

401 5276 457 5321 et
508 5277 821 5323 sanctorum
880 5271 1019 5340 ejus,
1092 5274 1395 5329 consistere
1451 5272 1740 5329 deberent.
1803 5300 1825 5320 σ-
1882 5275 2012 5330 Pro-

405 5362 621 5424 pterea,
675 5354 872 5427 inquit,
928 5358 1141 5433 diligite
1190 5374 1407 5416 sorores
1465 5369 1592 5415 ante
1647 5362 1833 5417 omnia
1891 5381 1904 5416 :
1960 5373 2015 5418 et

405 5440 462 5493 in
522 5438 753 5509 privatis
812 5444 1296 5513 collocutionibus,
1349 5458 1408 5502 et
1463 5448 1521 5502 in
1560 5448 1786 5518 publico
1833 5457 2014 5506 vestro

405 5537 707 5593 conventu,
754 5535 1016 5590 remittite
1073 5546 1128 5591 et
1180 5538 1403 5605 abjicite
1467 5538 1717 5594 funditus
1799 5557 1830 5594 a
1883 5556 2013 5596 cor-

407 5620 579 5673 dibus
594 5620 793 5674 vestris
822 5639 1015 5679 omnes
1030 5626 1280 5694 injurias,
1305 5629 1758 5683 etscandalorum
1773 5629 2015 5695 fomites,

411 5724 538 5779 qua
570 5708 836 5767 hactenus
896 5716 1039 5770 inter
1074 5733 1172 5773 vos
1209 5728 1341 5775 orta
1380 5721 1639 5774 fuerunt:
1672 5730 1732 5776 ut
1771 5723 1919 5776 nulla
1950 5723 2018 5775 de

2020 1785 2067 1851 Β

2084 561 2250 628 facto,
2279 565 2363 619 vel
2396 581 2494 634 pro
2524 566 2712 636 aliquo
2745 566 3010 637 despectu
3068 574 3300 637 quarat,
3366 575 3463 622 aut
3507 584 3540 621 a
3573 568 3712 632 Deo,

2081 654 2249 708 autin
2282 656 2660 720 saculo.Quia
2707 657 2849 712 sicut
2898 658 3165 712 Dominus
3187 664 3540 728 protestatur,
3584 658 3713 712 sine

2081 747 2376 802 concordia
2414 748 2686 820 quidquid
2716 750 2767 803 ei
2799 749 3114 803 obtuleritis
3159 765 3271 805 non
3302 750 3382 805 illi
3413 749 3662 821 placebit
3694 768 3708 804 :

2082 833 2197 888 sive
2218 835 2368 889 enim
2397 837 2706 904 oraveritis,
2726 837 2840 891 sive
2866 837 3199 893 sacrificium
3214 838 3555 903 obtuleritis,
3587 839 3711 893 sive

2084 939 2181 979 vos
2208 925 2539 993 afﬂixeritis,
2572 929 2695 983 sine
2754 930 2858 983 hac
2903 929 3190 984 charitatis
3230 931 3533 986 concordia
3563 930 3711 984 nihil

2084 1016 2196 1071 Deo
2248 1018 2520 1085 placabile
2577 1019 2701 1073 erit.
2758 1020 2893 1083 Quia
2967 1020 3112 1075 sicut
3169 1020 3304 1076 dicit
3358 1022 3706 1091 Apostolus:

2085 1107 2318 1159 Etiamsi
2354 1108 2637 1162 tradidero
2674 1123 2867 1177 corpus
2896 1125 3069 1164 meum
3104 1114 3167 1164 ut
3209 1111 3425 1164 ardeat.
3448 1112 3710 1164 charita-

2087 1201 2190 1251 tem
2220 1202 2400 1253 autem
2428 1214 2535 1253 non
2561 1200 2805 1266 habeam,
2864 1202 3005 1255 nihil
3069 1217 3189 1256 sum
3239 1202 3284 1269 (1
3317 1203 3436 1258 Cor.
3468 1204 3615 1266 xm).
3648 1202 3717 1256 Et

2087 1286 2260 1354 scitis,
2291 1288 2420 1359 quia
2448 1288 2637 1361 regula
2675 1305 2837 1360 quam
2892 1289 3185 1361 professa-
3213 1290 3348 1345 estis
3388 1291 3463 1359 (S.
3507 1291 3714 1346 Bened.

2088 1392 2209 1447 cap.
2244 1376 2351 1447 13;,
2405 1387 2631 1449 pr0pter
2681 1379 3063 1433 scandalorum
3095 1379 3308 1449 spinas,
3341 1395 3463 1450 qua
3483 1379 3619 1435 oriri
3655 1379 3716 1432 in

2091 1465 2427 1521 monasterio
2458 1467 2658 1531 solent,
2718 1465 3026 1521 orationem
3068 1466 3413 1525 Dominicam
3440 1466 3497 1519 in
3530 1472 3720 1519 matu-

2095 1555 2222 1609 tinis
2251 1563 2305 1610 et
2334 1556 2666 1626 vespertinis
2724 1554 2941 1619 ofﬁciis,
2985 1556 3061 1610 ita
3103 1564 3164 1609 ut
3212 1570 3410 1610 omnes
3434 1554 3589 1609 illam
3612 1570 3717 1608 au-

2094 1648 2266 1712 diant,
2300 1649 2541 1718 apriore
2581 1649 2722 1704 orari
2781 1648 3050 1719 pracipit,
3110 1656 3169 1702 ut
3226 1647 3486 1702 timentes
3506 1662 3721 1702 conve-

2096 1740 2382 1807 nientiam,
2414 1720 2523 1811 qua
2554 1741 2826 1795 dicimus:
2858 1740 3075 1794 Dimitte
3093 1739 3256 1794 nobis
3281 1739 3469 1793 debita
3500 1746 3716 1802 nostra,

2096 1829 2239 1883 sicut
2271 1836 2325 1883 et
2355 1844 2459 1883 nos
2484 1828 2812 1883 dimittimus
2840 1828 3188 1883 debitoribus
3228 1827 3453 1894 nostris,
3480 1843 3710 1883 omnem

2098 1935 2382 1974 rancorem
2407 1919 2475 1972 de
2504 1918 2671 1973 corde
2690 1925 2880 1974 nostro
2905 1919 3196 1989 pellamus.
3230 1918 3361 1982 Qua
3400 1917 3531 1972 dum
3563 1920 3726 1989 prius

2092 2015 2340 2087 egeritis,
2376 2030 2445 2068 ne
2472 2030 2571 2084 per
2592 2021 2832 2070 vestram
2864 2013 3220 2081 discordiam,
3259 2013 3408 2084 quod
3430 2013 3599 2079 absit,
3632 2030 3724 2066 re-

2092 2103 2300 2176 gularis
2321 2102 2519 2158 electio
2549 2103 2617 2157 de
2637 2112 2821 2157 vestro
2867 2102 3202 2158 monasterio
3234 2110 3442 2173 pereat,
3470 2102 3727 2157 adunate

2092 2210 2190 2250 vos
2216 2196 2283 2249 ad
2316 2195 2409 2249 Dei
2432 2196 2794 2259 voluntatem,
2826 2203 2881 2250 et
2923 2194 3122 2267 regalis
3155 2194 3473 2249 devotionis
3512 2193 3721 2248 unani-

2095 2289 2364 2355 mitatem,
2414 2298 2764 2360 vestramque
2826 2289 3001 2360 ipsam
3049 2289 3306 2353 salutem,
3354 2294 3716 2360 prasentem,

2095 2378 2305 2433 scilicet
2327 2384 2493 2450 atque
2539 2386 2824 2443 aeternam,
2881 2393 3004 2432 cum
3059 2376 3342 2434 charitatis
3387 2375 3714 2438 concordia,

2097 2486 2219 2541 qua
2250 2477 2333 2525 est
2354 2469 2600 2525 omnium
2623 2469 2885 2523 virtutum
2905 2474 3099 2532 mater,
3141 2473 3343 2522 etcum
3375 2465 3715 2532 humilitate,

2099 2577 2221 2632 qua
2253 2569 2337 2616 est
2356 2570 2539 2617 custos
2601 2561 2844 2631 ipsarum
2888 2560 3171 2625 virtutum,
3226 2566 3392 2630 atque
3430 2574 3559 2613 cum
3586 2573 3719 2612 vera

2100 2649 2439 2712 obedientia,
2473 2665 2594 2720 qua
2624 2649 2772 2704 scala
2801 2657 2884 2703 est
2903 2664 3010 2719 qua
3028 2648 3097 2701 ad
3119 2647 3320 2702 calum
3352 2646 3719 2718 pertingitur,

2099 2747 2153 2795 et
2184 2740 2239 2794 in
2272 2738 2429 2795 vobis
2455 2738 2661 2793 salubri
2693 2737 2961 2792 electione
3000 2736 3368 2801 concordata,
3394 2744 3449 2789 et
3479 2741 3724 2789 vosmet-

2103 2832 2249 2902 ipsas
2278 2831 2345 2884 ad
2377 2830 2685 2903 regularem
2728 2844 2979 2884 normam
3020 2828 3292 2892 reducite,
3339 2833 3397 2882 et
3436 2826 3726 2880 constrin-

2102 2926 2212 2999 gite
2234 2941 2296 2980 ac
2321 2930 2643 2979 conservate
2677 2938 2692 2991 ;
2724 2922 2855 2995 quia
2909 2922 3089 2987 aliter,
3140 2921 3283 2977 sicut
3332 2919 3533 2974 melius
3588 2919 3728 2989 ipsa

2103 3016 2276 3082 scitis,
2305 3017 2467 3071 salva
2495 3031 2617 3072 esse
2667 3031 3015 3087 nequaquam
3055 3014 3268 3069 valetis.
3298 3012 3363 3067 Et
3414 3012 3561 3066 sicut
3599 3011 3726 3064 ani-

2103 3120 2222 3159 mos
2251 3103 2320 3158 ab
2352 3104 2617 3176 inquietis
2654 3104 2919 3171 motibus,
2972 3104 3046 3158 ita
3073 3110 3129 3158 et
3160 3102 3378 3175 linguas
3402 3116 3729 3172 aprovoca-

2106 3198 2229 3254 tivis
2252 3199 2573 3263 iracundia,
2602 3199 2871 3270 vobisque
2903 3197 3113 3254 nocivis
3143 3196 3501 3252 sermonibus
3530 3201 3728 3250 custo-

2100 3288 2235 3355 dite,
2300 3294 2640 3343 contestante
2695 3286 2955 3357 Apostolo
2985 3305 2998 3341 :
3034 3288 3221 3344 Omnis
3247 3286 3457 3340 clamor
3486 3289 3539 3338 et
3568 3283 3730 3339 indi-

2099 3386 2284 3452 gnatio
2312 3386 2601 3450 auferatur
2629 3399 2664 3437 a
2688 3383 2836 3437 vobis
2887 3398 3009 3436 cum
3038 3384 3183 3436 omni
3206 3381 3444 3446 malitia,
3469 3385 3521 3434 et
3548 3381 3728 3433 omnis

2100 3491 2268 3531 sermo
2288 3475 2463 3530 malus
2510 3490 2578 3529 ea:
2607 3490 2695 3529 ore
2732 3477 2919 3529 vestro.
2943 3488 3052 3528 non
3077 3472 3335 3541 procedat
3364 3472 3588 3541 (Ephes.
3623 3473 3726 3533 IV).

2103 3566 2177 3619 Ne
2204 3564 2348 3619 sicut
2399 3562 2579 3617 solent
2636 3562 2889 3617 homines
2942 3561 3098 3632 prius
3137 3560 3331 3615 dolore
3351 3558 3641 3625 commoti,
3670 3568 3731 3613 et

2105 3668 2297 3731 postea
2326 3658 2512 3729 aliquo
2560 3656 2785 3729 gaudio,
2838 3656 2995 3728 quasi
3030 3654 3338 3720 victoriosi,
3403 3653 3732 3708 obtinentes

2104 3764 2226 3820 qua
2258 3746 2598 3815 desiderant,
2626 3743 2939 3811 exhilarati,
2998 3744 3068 3797 de
3109 3758 3446 3815 quocunque
3468 3742 3722 3803 homine,

2103 3855 2225 3911 qua
2273 3853 2382 3894 non
2426 3836 2766 3893 conveniunt
2804 3836 2989 3907 aliqua
3019 3842 3261 3890 vestrum
3293 3834 3443 3888 dicat
3460 3842 3490 3906 ξε
3543 3850 3614 3889 ne
3665 3844 3724 3890 et

2105 3930 2385 4003 patientia
2410 3929 2664 3984 meritum
2698 3927 2992 3982 inutilibus
3018 3924 3374 3981 sermonibus
3403 3941 3591 3981 coram
3608 3927 3727 3982 Deo

2104 4021 2367 4093 perdatis,
2386 4031 2441 4075 et
2463 4019 2508 4074 si
2541 4018 2743 4090 aliquis
2772 4017 2959 4084 fuerit,
2982 4016 3075 4089 qui
3099 4017 3285 4087 aliqua
3316 4016 3723 4086 provocatione

2103 4127 2492 4187 quamcunque
2532 4119 2771 4165 vestrum
2829 4109 2898 4164 ad
2949 4109 3055 4164 hoc
3083 4101 3345 4180 instigare
3376 4106 3637 4174 voluerit,
3660 4116 3724 4162 ut

2102 4219 2449 4278 quacunque
2471 4202 2718 4257 indebita
2737 4202 2808 4257 de
2829 4216 3159 4272 quocunque
3188 4199 3449 4271 proferat,
3476 4200 3726 4272 qualiter

2101 4295 2251 4349 illam
2278 4292 2750 4364 comprehendere
2783 4290 2975 4360 possit,
3017 4295 3077 4344 ut
3112 4287 3524 4344 rationabiliter
3549 4289 3719 4343 dam-

2104 4399 2235 4438 nare
2266 4383 2579 4454 pravaleat,
2636 4381 2815 4436 locum
2877 4395 2978 4434 nec
3035 4378 3310 4445 diabolus,
3372 4395 3477 4435 nec
3503 4387 3728 4435 astutus

2030 4505 2084 4573 Β
2106 4478 2273 4533 homo
2302 4476 2505 4531 exinde
2561 4473 2748 4545 aliquo
2808 4473 2977 4571 modo.
3017 4471 3219 4527 habeat
3253 4489 3265 4524 :
3299 4471 3397 4526 sed
3458 4471 3601 4526 tales
3625 4489 3730 4527 vos

2107 4565 2383 4630 exhibete,
2416 4571 2475 4619 ut
2520 4561 2755 4619 interius
2809 4559 3166 4632 exteriusque
3216 4560 3483 4615 decenter
3512 4569 3729 4615 ornata

2107 4658 2305 4734 dignas
2322 4664 2486 4729 atque
2535 4652 2879 4710 exaudibiles
2909 4652 3212 4717 orationes,
3240 4659 3294 4704 et
3322 4666 3422 4721 pro
3453 4650 3640 4714 vobis,
3672 4659 3727 4705 et

2107 4767 2206 4823 pro
2234 4750 2454 4807 seniore
2484 4765 2548 4804 ac
2577 4747 2803 4804 domina
2818 4752 3002 4803 vestra
3034 4743 3175 4816 [ms.,
3236 4738 3467 4815 nostra],
3514 4760 3730 4816 proque

2108 4857 2220 4897 non
2245 4841 2423 4895 solum
2451 4837 2643 4893 amicis
2686 4833 2903 4902 vestris,
2951 4850 3143 4890 verum
3197 4831 3364 4888 etiam
3389 4840 3443 4887 et
3483 4849 3587 4905 pro
3620 4834 3730 4889 ini—

2110 4930 2284 4996 micis,
2319 4929 2387 4983 ad
2410 4943 2571 4984 aures
2596 4926 2688 4982 Dei
2716 4926 2935 4980 mittere
2953 4922 3199 4978 valeatis.
3231 4944 3252 4972 ι

2180 5021 2504 5096 Teutherga
2549 5018 2843 5074 abbatissa
2875 5031 2973 5087 pro
3031 5012 3383 5069 ordinatione
3449 5014 3734 5070 Avennaci

2111 5112 2460 5180 monasterii,
2492 5127 2656 5184 quam
2686 5111 2801 5180 ipse
2828 5107 3107 5179 quondam
3138 5120 3265 5160 cum
3287 5104 3627 5161 lrmintrude
3644 5122 3737 5160 re-

2111 5206 2242 5280 gina
2268 5205 2637 5276 disposuerat,
2683 5200 2751 5254 de
2812 5212 3041 5252 numero
3072 5195 3403 5251 clericorum
3427 5206 3485 5252 et
3514 5213 3737 5253 nonna-

2113 5314 2234 5354 rum
2261 5304 2428 5369 atque
2458 5295 2529 5350 de
2555 5292 2723 5348 rebus
2751 5290 3003 5345 villarum
3063 5288 3239 5359 ipsius
3267 5290 3615 5358 monasterii,
3648 5291 3737 5344 vi-

2114 5392 2317 5447 delicet
2355 5390 2503 5444 mille
2527 5395 2748 5443 centum
2803 5385 3208 5460 quinquaginta
3231 5385 3440 5441 mansis
3470 5401 3485 5452 ;
3516 5386 3738 5461 signiti-

2116 5500 2248 5540 cans
2284 5500 2341 5539 se
2367 5481 2706 5555 disposuisse
2743 5480 2813 5535 20
2840 5479 3074 5535 clericos
3103 5485 3159 5534 et
3186 5479 3258 5534 40
3279 5495 3497 5536 nonnas
3523 5482 3735 5536 ibidem

2117 5575 2424 5632 consistere
2464 5589 2649 5647 posse,
2703 5574 3018 5644 victumque
3074 5571 3156 5625 eis
3188 5572 3525 5642 providisse,
3552 5584 3608 5630 et
3648 5591 3741 5630 res

2118 5666 2457 5721 necessarias
2485 5682 2549 5721 ac
2566 5663 2959 5721 ministeriales
2981 5661 3309 5730 instituisse,
3334 5673 3537 5735 prater
3568 5666 3739 5722 lumi-

2120 5757 2294 5825 naria,
2328 5768 2384 5812 et
2419 5766 2619 5813 catera
2684 5755 3002 5813 monasterii
3044 5755 3378 5821 necessaria,
3428 5759 3741 5813 ostendens
