3970 6218
278 339 386 392 253

931 335 1254 390 ΗΙΞΤΟΗΙᾹΞ
1295 334 1626 389 ECCLESItE
1667 337 1992 391 REMENSIS
2031 338 2207 394 LIBRI
2250 338 2578 404 QUATIIOR.
2613 369 2681 378 —
2715 339 2838 393 LIB.
2885 341 2976 394 Ill.

3513 341 3619 396 254

285 477 432 547 quod
466 477 734 531 Nivardus
785 477 1076 530 Remorum
1127 473 1576 543 archiepiscopus
1615 475 1682 528 de
1738 475 1903 530 rebus
1932 482 2240 547 Acorpore
2293 477 2518 531 unitatis
2558 477 2812 531 Ecclesiae
2869 478 3153 533 catholicae
3203 492 3386 532 coram
3444 462 3621 532 oculi8

291 565 583 620 Remensis
627 565 881 619 Ecclesia?
913 563 1306 618 monasterium
1361 563 1738 618 Altvillarense
1767 579 1902 618 con-

283 658 568 723 struxerit,
627 668 681 711 et
713 657 879 711 frater
936 657 1058 725 ejus
1085 657 1154 710 de
1200 655 1314 710 suis
1355 657 1804 727 preprietatihus,
1853 666 1906 711 et

283 761 408 815 quae
442 746 537 799 alii
564 745 697 800 boni
731 744 986 799 homines
1017 744 1086 798 ad
1114 743 1371 797 eumdem
1407 744 1584 799 locum
1609 745 1903 809 dederunt,

282 837 634 890 Avennacum
691 835 1018 888 exstruxerit
1058 834 1476 899 monasterium,
1536 836 1798 906 quodque
1836 835 1904 888 ad

289 925 588 980 Ecclesiam
645 926 972 980 Remensem
1031 924 1340 988 tradiderit,
1393 925 1539 979 unde
1595 933 1650 980 et
1705 927 1905 980 chartae

291 1017 642 1071 habebantur
696 1017 750 1070 id
799 1023 986 1086 aperte
1025 1016 1364 1086 pandentes;
1398 1017 1496 1069 sed
1553 1033 1652 1086 per
1690 1017 1903 1089 regium

288 1109 521 1174 donum,
554 1107 696 1162 sicut
716 1113 769 1161 et
795 1106 913 1160 alia:
945 1122 1033 1160 res
1064 1107 1225 1173 hujus
1255 1105 1532 1170 Ecclesia),
1563 1106 1630 1160 ab
1665 1106 1906 1160 externis

288 1216 318 1254 a
348 1199 514 1273 longo
549 1207 694 1253 retro
742 1197 1036 1253 tenebatur
1069 1207 1338 1267 tempore,
1387 1204 1493 1251 etc.
1553 1197 1786 1252 Richildi
1821 1215 1908 1251 re-

289 1291 462 1362 ginm,
493 1289 814 1361 significans
844 1290 990 1360 quod
1021 1288 1244 1359 quando
1279 1289 1419 1358 [ms.,
1452 1289 1730 1359 quodam].
1767 1290 1908 1344 Lau-

296 1379 568 1434 dunensis
601 1378 861 1448 parochia
887 1377 1148 1447 episcopo
1175 1375 1440 1431 vacansin
1473 1392 1570 1430 sua
1589 1376 1909 1446 specialiter

293 1478 414 1524 erat
445 1469 811 1540 providentia,
845 1468 1307 1537 malefactumque
1360 1467 1431 1521 sit
1460 1467 1528 1521 de
1558 1468 1908 1538 eleemosyna

292 1561 646 1615 Irmintrudis
689 1561 895 1632 regium
927 1576 1026 1629 per
1055 1559 1349 1630 quemdam
1385 1547 1737 1628 praepositum
1791 1559 1912 1613 Ori-

289 1649 436 1702 niaci
469 1648 809 1711 monasterii,
846 1656 1036 1718 postea
1066 1663 1194 1701 vero
1227 1647 1358 1700 huic
1388 1646 1621 1702 Richildi
1654 1663 1753 1716 per
1785 1647 1909 1701 Uvi-

288 1740 556 1794 nifridum
592 1739 974 1810 presbyterum
1023 1746 1215 1793 contra
1245 1754 1427 1792 sacras
1475 1739 1624 1810 leges
1652 1739 1794 1793 male
1837 1739 1906 1794 sit

2013 565 2223 620 Domini
2257 581 2376 618 esse
2406 565 2694 635 nequibit:
2738 582 2968 620 monens
2995 575 3053 621 ut
3084 566 3230 639 legat
3262 565 3505 634 capitula
3532 581 3621 618 re-

2004 653 2147 725 gule
2198 659 2369 707 sancti
2427 653 2706 706 Benedicti
2767 656 2902 722 (cup.
2959 653 3083 722 665)
3152 653 3219 705 de
3274 651 3620 706 ordinatione

2005 739 2242 801 abbatis,
2265 740 2348 793 vel
2369 739 2681 805 abbatissae,
2706 747 2759 794 et
2785 739 3048 802 inveniat,
3073 756 3235 810 quam
3254 739 3491 813 graviter
3521 753 3619 808 pro

2006 828 2106 882 hac
2135 827 2482 883 ordinatione
2516 828 2569 882 in
2601 828 2862 898 Spiritum
2909 837 3181 892 sanctum,
3217 842 3326 898 quo
3382 826 3497 896 ipsa
3528 842 3617 880 re-

2005 919 2131 992 gula
2150 929 2234 973 est.
2265 919 2620 990 promulgata.
2664 919 3010 988 peccaverit:
3055 934 3120 972 ex
3159 917 3359 972 divinis
3394 916 3618 970 institu-

2006 1013 2251 1067 tionibus
2269 1014 2579 1083 propalans,
2597 1023 2859 1084 quantum
2880 1013 3246 1083 periculosum
3263 1013 3486 1079 malum,
3508 1020 3616 1066 tam

2007 1106 2126 1176 ipsa
2152 1107 2361 1178 regina,
2391 1123 2555 1176 quam
2589 1107 2821 1176 emptrix
2855 1107 2945 1159 illa
2967 1107 3270 1161 subierint:
3316 1113 3532 1175 petens,
3557 1117 3615 1158 ut

2007 1209 2128 1263 qua}
2160 1193 2251 1247 ille
2273 1211 2337 1247 ex
2369 1194 2560 1249 debito
2585 1194 2881 1248 ministerii
2906 1194 2991 1248 sui
3015 1211 3138 1249 cum
3168 1195 3375 1267 gemitu
3403 1193 3615 1258 scribit,

2009 1299 2105 1353 pro
2135 1285 2309 1338 salute
2341 1285 2538 1354 ipsius,
2581 1293 2634 1339 et
2668 1285 2918 1338 remedio
2944 1284 3141 1338 animae
3174 1285 3338 1356 regis,
3380 1284 3618 1355 benigne

2007 1374 2295 1444 suscipiat,
2327 1383 2381 1428 et
2427 1375 2554 1445 quia
2593 1391 2790 1448 magna
2828 1391 2892 1428 ex
2932 1373 3193 1428 fidelitate
3228 1375 3328 1427 hac
3377 1373 3618 1428 scribere

2007 1465 2298 1530 curaverit,
2347 1474 2624 1537 agnoscat.
2667 1465 2957 1539 Leutgardi
3000 1465 3257 1519 Ludovici
3310 1465 3616 1518 Transrhe-

2011 1555 2198 1609 nensis
2227 1556 2472 1628 conjugi,
2530 1572 2628 1625 pro
2661 1557 2778 1610 suis
2825 1556 3029 1623 missis,
3071 1571 3210 1626 quos
3246 1557 3313 1609 ad
3359 1554 3616 1609 eumdem

2011 1646 2344 1701 Ludovicum
2397 1664 2582 1721 regem
2621 1647 2893 1712 mittebat,
2949 1656 3005 1701 ut
3053 1665 3152 1716 per
3182 1649 3301 1715 ejus
3328 1647 3618 1700 interven-

2009 1737 2212 1791 tionem
2234 1737 2302 1791 ad
2335 1738 2482 1791 illius
2505 1738 2848 1807 praesentiam
2883 1738 3261 1808 pervenirent,
3294 1747 3347 1792 et
3380 1737 3500 1804 ejus
3533 1736 3620 1790 in-

281 1827 598 1890 obeditum,
632 1834 690 1880 ut
721 1826 989 1899 regularis
1027 1825 1307 1879 abbatissa
1337 1826 1406 1878 de
1458 1826 1578 1896 ipso
1608 1826 1976 1900 ejicereturB
2002 1827 2345 1882 tercessione
2368 1845 2431 1882 ac
2461 1828 2824 1898 dispositione
2855 1846 2948 1882 rex
2971 1829 3115 1882 idem
3140 1836 3402 1882 strenuos
3420 1827 3620 1880 missos

283 1914 643 1969 monasterio.
702 1914 949 1968 Ostendit
994 1922 1176 1968 autem
1226 1930 1291 1967 ex
1349 1914 1672 1968 auctoritate
1728 1930 1898 1979 sacra,

282 2010 553 2072 quantum
588 2001 716 2055 inde
749 2001 938 2074 regina
966 2002 1265 2070 periculum
1303 2002 1522 2069 habeat,
1557 2011 1611 2058 et
1640 2003 1769 2074 quia
1799 2003 1904 2056 mi—

282 2095 424 2147 serit
455 2093 521 2146 ad
551 2109 670 2146 eam
695 2094 788 2163 qui
818 2099 1070 2146 moneret
1097 2093 1241 2146 illam
1276 2093 1380 2147 hoc
1411 2093 1644 2148 evadere
1676 2095 1900 2160 malum;

281 2185 379 2238 illa
427 2199 556 2239 vero
605 2199 717 2237 non
764 2184 938 2238 solum
999 2199 1107 2238 non
1154 2185 1564 2251 emendaverat,
1619 2187 1714 2240 sed
1759 2188 1902 2241 malo

285 2277 450 2347 pejus
481 2275 958 2346 superaddiderat,
991 2283 1179 2330 contra
1219 2276 1464 2330 divinam
1499 2277 1900 2343 auctoritatem,

284 2368 625 2438 necphytam
655 2367 866 2421 scilicet
884 2367 940 2420 in
965 2366 1233 2441 religione
1255 2368 1523 2422 novellam
1549 2371 1904 2438 provehendo

282 2456 355 2508 ad
406 2455 652 2526 regimen
687 2463 911 2525 propter
960 2471 1049 2509 res
1078 2464 1324 2510 terrenos
1380 2465 1632 2526 acceptas
1661 2458 1730 2511 ab
1791 2459 1900 2513 illa.

280 2546 618 2608 Adnectens,
653 2545 891 2615 qualiter
927 2545 1230 2600 Hedenulfo
1284 2547 1548 2618 episcopo
1582 2548 1635 2601 in
1689 2548 1903 2603 Laudu-

282 2636 448 2690 nensi
486 2635 728 2690 Ecclesia
753 2635 1028 2701 ordinato,
1063 2637 1338 2690 monuerit
1377 2638 1552 2705 illum,
1595 2647 1654 2692 ut
1694 2655 1900 2711 sugge-

280 2735 430 2781 reret
451 2727 564 2798 regi
588 2727 783 2780 Karolo
813 2734 920 2780 tam
957 2727 1330 2796 perniciosum
1358 2727 1558 2782 factum
1581 2729 1902 2796 dissolvere,

282 2824 341 2871 et
373 2831 432 2869 sc
463 2824 626 2885 atque
651 2814 896 2884 reginam
927 2831 956 2868 a
984 2823 1134 2869 tanto
1167 2814 1764 2871 discrimineliberare.
1797 2817 1904 2871 Sed

283 2903 419 2975 quia
450 2903 599 2972 quod
641 2910 930 2956 monuerat
961 2901 1182 2972 perduci
1245 2901 1314 2955 ad
1354 2901 1606 2957 effectum
1657 2919 1767 2956 non
1825 2904 1906 2957 vi-

285 2994 467 3057 derat,
501 2991 623 3061 ipse
649 2989 933 3060 prtefatum
967 3007 1150 3062 regem
1184 2991 1313 3044 inde
1344 2991 1774 3046 commonuerit:
1807 2993 1903 3046 sed

287 3080 406 3145 ille,
477 3095 547 3133 ne
598 3078 843 3150 reginam
903 3079 1274 3146 contristaret,
1317 3080 1464 3150 quod
1516 3081 1657 3134 male
1702 3080 1902 3135 factum

2003 1919 2068 1971 ad
2098 1919 2429 1972 Remensem
2458 1919 2722 1992 dirigeret
2765 1919 2981 1982 urbem,
3023 1919 3113 1988 qui
3161 1936 3305 1984 eam,
3340 1925 3393 1971 et
3421 1933 3617 1972 mona-

2001 2009 2167 2063 steria
2197 2009 2305 2062 sibi
2335 2008 2582 2076 subjecta
2604 2009 2818 2062 salvare
2851 2017 3074 2079 possent
3095 2009 3164 2063 ab
3198 2010 3405 2078 impetu
3426 2025 3618 2079 super-

2007 2097 2592 2164 venientisexercitus
2617 2097 3104 2152 Transrhenensis.
3134 2097 3455 2168 lrmingardl
3485 2113 3620 2152 con-

1997 2190 2117 2261 jugi
2149 2189 2374 2244 Bosonis
2402 2189 2588 2259 inclyti
2609 2189 2730 2254 viri,
2766 2204 2864 2259 pro
2896 2189 3062 2244 rebus
3106 2188 3465 2242 Ecelesiarum
3499 2189 3615 2255 Dei,

2004 2297 2168 2352 quam
2196 2280 2450 2334 audierat
2486 2280 2824 2334 sufﬁcienter
2870 2280 3067 2333 litteris
3115 2279 3285 2334 sacris
3347 2279 3613 2333 imbutam

2003 2372 2072 2426 ab
2104 2372 2392 2427 Anastasio
2425 2373 2662 2442 quodam
2703 2372 2998 2427 didascalo.
3048 2372 3201 2426 Undo
3242 2372 3397 2440 petit,
3429 2380 3491 2426 ut
3521 2371 3616 2442 qui

2005 2478 2124 2515 eam
2157 2461 2309 2515 dedit
2339 2460 2502 2525 scire,
2545 2461 2639 2515 det
2683 2461 2891 2515 bonum
2925 2460 3084 2521 velle,
3121 2470 3178 2514 et,
3234 2476 3418 2528 posse,
3450 2467 3613 2529 atque

2006 2551 2291 2622 perﬁcere.
2341 2552 2566 2606 Monens
2608 2561 2668 2606 ut
2723 2553 2968 2608 hortetur
3007 2551 3182 2604 virum
3215 2567 3376 2604 suum
3423 2550 3618 2604 timere

2006 2644 2195 2708 Deum,
2230 2651 2284 2696 et
2321 2643 2441 2710 ejus
2478 2643 2757 2698 custodire
2797 2643 3072 2696 mandata.
3135 2642 3205 2695 De
3239 2641 3402 2695 rebus
3453 2642 3618 2695 etiam

2005 2731 2416 2795 ecclesiasticis,
2445 2748 2581 2802 quas
2606 2732 2747 2785 sicut
2771 2730 3105 2786 audieratab
3132 2729 3381 2785 ecclesiis
3405 2729 3620 2784 abstra-

2005 2833 2120 2879 ctas
2157 2825 2274 2878 suis
2330 2824 2649 2879 hominibus
2678 2824 2960 2890 diviserat,
3003 2832 3062 2878 ut
3114 2822 3371 2878 ostendat
3420 2821 3492 2876 illi
3553 2838 3618 2876 ex

2005 2915 2300 2986 Scripturis
2356 2916 2558 2970 sanctis
2585 2932 2748 2985 quam
2781 2931 2942 2987 grave
2969 2914 3240 2982 judicium
3272 2911 3506 2983 proinde
3546 2912 3622 2965 sit

2007 3023 2038 3060 a
2068 3008 2178 3061 Deo
2213 3008 2502 3077 prolatum,
2543 3016 2597 3062 et
2635 3016 2849 3062 cmtera.
2889 3009 3019 3062 Item
3060 3005 3272 3059 Berthte
3321 3003 3475 3057 uxori
3517 3002 3622 3056 Ge-

2007 3099 2148 3152 rardi
2181 3099 2400 3153 comitis
2452 3115 2549 3168 pro
2590 3100 2758 3154 rebus
2789 3099 3043 3154 Ecclesia:
3072 3097 3177 3152 sibi
3226 3095 3533 3150 commissae
3561 3094 3618 3147 in

285 3171 523 3236 sciebat,
558 3186 667 3224 non
697 3171 1014 3262 correxerit.
1043 3170 1272 3224 Reducit
1305 3171 1466 3225 etiam
1485 3172 1550 3225 ad
1585 3174 1902 3227 memoriam
1934 3195 1982 3262 Ο
2008 3187 2294 3242 provincia
2324 3187 2465 3250 suis,
2500 3203 2636 3257 quas
2674 3189 2854 3242 eidem
2906 3187 3146 3242 Germ-do
3186 3186 3419 3239 mendas
3456 3187 3622 3253 atque

287 3260 531 3332 qualiter
575 3257 831 3328 praefatus
883 3274 974 3312 rex
1021 3267 1260 3328 petente,
1318 3259 1646 3314 Irmintrude
1694 3261 1904 3334 regina,

288 3353 362 3406 de
391 3350 556 3404 rebus
582 3359 712 3404 tunc
737 3349 851 3404 suis
873 3366 970 3419 per
1001 3349 1298 3405 concilium
1335 3350 1550 3405 Parduli
1579 3351 1909 3405 Laudunen-

286 3444 369 3497 sis
400 3441 668 3512 episcopi,
705 3441 1053 3515 privilegium
1084 3443 1150 3495 ad
1184 3441 1328 3495 idem
1364 3442 1675 3496 Oriniacum
1709 3459 1907 3496 mona-

284 3529 520 3585 sterium
553 3544 582 3581 a
623 3545 683 3582 se
716 3528 930 3594 dictari,
965 3537 1018 3582 et
1067 3545 1098 3582 a
1127 3530 1343 3584 caeteris
1374 3530 1652 3600 episcopis
1705 3529 1906 3584 firmari

289 3620 588 3692 rogaverit,
619 3626 672 3674 et
700 3620 818 3690 ipse
845 3636 938 3673 rex
969 3619 1396 3675 confirmaverit.
1431 3621 1525 3674 Hic
1552 3629 1736 3676 autem
1771 3638 1910 3691 prte-

290 3710 380 3763 sul
408 3709 641 3776 jussioni
665 3708 811 3780 regis
840 3709 1130 3774 obediens,
1159 3725 1271 3764 non
1297 3711 1412 3764 suis
1440 3709 1623 3764 verbis
1646 3710 1778 3764 illud
1805 3710 1906 3780 pri-

294 3798 560 3867 vilegium
592 3797 1000 3866 composuerit;
1035 3797 1130 3850 sed
1182 3797 1325 3852 sicut
1366 3797 1561 3853 beatus
1619 3799 1914 3870 Gregorius

299 3901 444 3957 papa
477 3884 543 3938 de
583 3885 820 3955 quodam
850 3886 1184 3940 monasterio
1232 3903 1261 3940 a
1289 3887 1523 3957 quadam
1564 3887 1753 3960 regina
1776 3887 1914 3941 aedi-

297 3975 483 4039 ficato,
515 3971 632 4042 ipsa
668 3978 911 4042 petente,
960 3971 1279 4040 dictaverat,
1321 3984 1378 4028 et.
1407 3975 1528 4045 ipse
1582 3991 1802 4047 quoque
1833 3976 1918 4029 di-

295 4063 528 4121 ctaverit
583 4063 668 4117 vel
725 4064 1083 4130 transtulerit,
1147 4075 1399 4135 repetens
1449 4067 1914 4132 maledictionem,

294 4169 466 4224 quam
495 4153 730 4207 domnus
761 4153 905 4208 idem
935 4153 1226 4228 Gregorius
1257 4157 1373 4222 (lib.
1401 4174 1458 4225 ii,
1478 4162 1628 4227 epist.
1662 4159 1750 4228 10)
1781 4174 1917 4213 con-

296 4253 381 4300 tra
413 4254 869 4315 praesumptorem
931 4245 1078 4299 illius
1110 4247 1426 4300 monasterii
1480 4249 1753 4316 jaculatus
1810 4249 1911 4303 sit:

292 4336 702 4406 adjiciensque,
722 4337 868 4407 quod
897 4336 1009 4405 illa,
1027 4338 1273 4408 quandiu
1295 4338 1350 4391 in
1369 4339 1470 4393 hac
1486 4341 1915 4410 praesumptione

294 4435 356 4481 et
414 4426 703 4481 malefacto
760 4429 1144 4497 permanserit,
1221 4430 1660 4502 quotiescunque
1715 4448 1918 4502 corpus

2005 3275 2339 3329 ordinandas
2363 3275 2710 3329 commiserat
2739 3293 2751 3328 :
2806 3284 2998 3344 petens
3027 3283 3087 3329 ut
3125 3274 3243 3344 ipsa
3294 3264 3522 3326 strenua
3553 3269 3625 3324 sit

2009 3362 2367 3416 interventrix
2399 3362 2543 3431 apud
2563 3364 2855 3431 conjugem
2887 3380 3044 3418 suum
3068 3378 3166 3434 pro
3199 3361 3363 3415 rebus
3391 3359 3596 3414 eisdem

2012 3453 2351 3508 Irminsindaa
2379 3453 2596 3506 cuidam
2639 3461 2921 3516 matronae,
2957 3472 3055 3524 pro
3094 3455 3333 3526 quodam
3364 3452 3623 3519 diacono,

2009 3558 2174 3614 quem
2197 3542 2288 3596 illa
2304 3542 2976 3611 comprehendijusserat,
2992 3550 3046 3596 et
3068 3543 3124 3595 in
3147 3541 3434 3596 servitium
3460 3555 3622 3594 suum

2011 3635 2208 3708 redigi,
2231 3634 2470 3689 reddens
2489 3636 2756 3690 rationem
2772 3634 3008 3703 qualiter
3030 3635 3174 3688 idem
3198 3635 3464 3689 diaconus
3483 3631 3628 3687 liber

2012 3727 2258 3801 legitime
2275 3727 2449 3782 factus
2461 3727 2656 3792 fuerat,
2671 3725 3013 3796 etquomodo
3027 3727 3147 3794 ejus
3167 3725 3625 3796 recipiensliber-

2014 3823 2178 3871 tatem
2226 3817 2518 3871 diaconum
2579 3817 2806 3871 licenter
2859 3813 3246 3867 ordinaverat:
3298 3812 3622 3878 ostendens,

2015 3909 2160 3979 quod
2182 3909 2224 3963 si
2239 3908 2620 3979 servusipsius
2637 3907 2848 3972 fuisset,
2869 3921 3051 3976 neque
3073 3904 3382 3958 libertatem
3403 3901 3627 3955 habuis-

2015 4008 2118 4062 set,
2152 4006 2207 4051 et
2229 4003 2377 4051 tanto
2405 4005 2651 4067 tempore
2671 4001 2795 4065 post
2821 3993 3227 4050 ordinationem
3247 4007 3399 4043 suam
3424 3989 3544 4043 sine
3561 3988 3631 4042 il-

2018 4093 2125 4146 lius
2143 4091 2472 4160 repetitione
2489 4091 2804 4154 mansisset,
2828 4089 3131 4143 secundum
3155 4100 3334 4139 sacras
3353 4082 3504 4154 leges
3515 4083 3628 4150 jam

2020 4185 2074 4238 in
2092 4183 2378 4238 servitium
2410 4183 2584 4252 repeti
2608 4198 2715 4236 non
2746 4190 2960 4251 posset;
2984 4186 3191 4251 quanto
3211 4175 3393 4228 minus
3423 4174 3511 4227 ille
3533 4177 3628 4243 qui

2017 4277 2248 4330 colonus
2272 4271 2700 4336 ecclesiasticus,
2721 4281 2775 4324 et
2802 4286 2911 4325 non
2937 4270 3173 4337 alicujus
3195 4265 3392 4326 fuerat,
3412 4269 3466 4316 et
3484 4261 3630 4333 lega-

2018 4363 2142 4416 liter
2173 4361 2314 4414 liber
2344 4359 2536 4424 factus,
2591 4359 2854 4414 canonice
2900 4359 3207 4419 ordinatus,
3257 4361 3311 4407 et
3352 4349 3626 4414 Ecclesiae,

2018 4457 2182 4521 atque
2227 4447 2529 4504 ordinatori
2587 4463 2686 4502 suo
2728 4447 2983 4517 pr0prius
3039 4453 3153 4500 erat
3210 4441 3457 4506 effectus,
3503 4453 3626 4493 mo-

293 4524 356 4569 et
383 4515 711 4589 sanguinem
779 4516 994 4570 Domini
1025 4517 1277 4587 accipere
1332 4528 1708 4587 przesunieret,
1760 4521 1914 4589 judi-
1936 4555 1996 4624 Ι)
2024 4515 2226 4609 "eique
2245 4545 2302 4592 υι
2331 4536 2491 4590 talem
2513 4515 3000 4606 ρι-ερευῐήριίρηρηι
3030 4532 3262 4589 ulterius
3285 4530 3354 4583 de
3384 4528 3500 4597 ipsa
3517 4541 3628 4580 non

293 4607 468 4672 cium,
524 4607 577 4660 id
635 4613 738 4672 est,
791 4607 1198 4662 damnationem
1251 4609 1357 4662 sibi
1416 4610 1690 4680 accipiet;
1750 4611 1915 4666 obse-

293 4704 523 4768 cratque
557 4712 788 4752 monens
817 4697 986 4761 illam,
1023 4710 1080 4752 ut
1109 4715 1222 4754 non
1245 4716 1447 4754 sensus
1479 4701 1673 4771 ipsius,
1703 4711 1795 4756 aut
1819 4703 1918 4758 ali-

293 4789 457 4857 cujus
483 4789 768 4864 suggestio
808 4806 927 4844 eam
963 4791 1221 4862 decipiat,
1257 4792 1353 4848 sed
1395 4795 1463 4847 de
1495 4794 1742 4849 remedio
1775 4795 1920 4868 regis

291 4881 516 4945 animae,
541 4898 604 4936 ac
625 4882 694 4936 de
721 4882 1101 4953 redemptione
1131 4900 1230 4938 sua
1263 4885 1485 4958 cogitet,
1520 4893 1576 4941 et
1600 4887 1749 4957 quod
1778 4884 1918 4941 male

292 4985 479 5028 actum
521 4981 605 5026 est
643 4973 923 5047 corrigere
984 4973 1225 5030 festinet.
1262 4976 1399 5030 Illud
1435 4977 1598 5031 etiam
1641 4977 1790 5048 quod
1821 4994 1920 5032 au-

291 5061 474 5116 dierat
503 5060 650 5114 illam
687 5071 1058 5130 perpetraSse,
1093 5063 1306 5117 scilicet
1338 5063 1466 5134 quia
1496 5064 1779 5135 praefatum
1813 5064 1919 5135 pri-

293 5152 586 5226 vilegium,
618 5159 674 5206 et
721 5161 1052 5223 praeceptum
1097 5154 1278 5229 regale
1310 5155 1379 5209 de
1429 5156 1550 5227 ipso
1581 5157 1916 5211 monasterio

292 5245 619 5310 abstulerat,
664 5253 931 5315 quantum
976 5247 1178 5300 malum
1227 5246 1419 5303 fecerit
1473 5249 1682 5318 pandit,
1729 5249 1917 5304 ethoc

293 5336 444 5402 ideo,
497 5341 560 5390 ut
587 5351 648 5389 se
678 5336 934 5408 corrigat,
986 5353 1054 5391 ne
1096 5338 1506 5393 damnationem
1558 5339 1818 5394 incurrat.
1855 5341 1917 5395 Et

291 5424 425 5494 quia
477 5423 524 5476 si
553 5438 664 5487 res,
698 5431 755 5476 ut
803 5424 1074 5494 audierat,
1119 5434 1172 5479 et
1204 5426 1478 5496 mancipia
1531 5427 1598 5481 de
1636 5428 1917 5497 praemissa

289 5512 526 5567 muliere
560 5511 843 5579 neophyta
868 5518 1177 5582 acceperat,
1212 5529 1310 5582 pro
1341 5515 1739 5570 committenda
1770 5517 1918 5590 regi-

289 5605 438 5658 mine
477 5603 832 5668 monasterii,
875 5603 1230 5658 simoniacam
1277 5605 1528 5659 haaresim
1583 5606 1914 5663 incurrerit:

287 5703 341 5748 et
375 5691 531 5764 quod
557 5689 810 5760 quandiu
859 5691 1039 5746 eidem
1086 5692 1279 5747 haeresi
1330 5693 1564 5764 quisque
1609 5693 1822 5761 faverit,
1857 5697 1916 5753 in

2019 4632 2226 4698 audiat,
2257 4631 2388 4702 quia
2416 4630 2462 4683 si
2505 4631 2610 4684 hoc
2647 4628 2739 4682 illa
2770 4635 3148 4697 prwsumeret,
3183 4625 3301 4695 ipse
3341 4623 3445 4675 hoc
3476 4620 3629 4692 lega-

2021 4725 2143 4779 liter
2172 4732 2336 4794 atque
2386 4720 2708 4795 regulariter
2734 4718 3014 4773 vindicare
3054 4717 3321 4778 studeret,
3361 4710 3630 4779 adjiciens

2021 4816 2167 4870 illam
2198 4830 2256 4869 se
2296 4815 2479 4869 taliter
2515 4827 2889 4877 commonere,
2919 4811 3049 4881 quia
3077 4811 3296 4865 charam
3339 4803 3627 4859 familiari-

2019 4912 2186 4958 tatem
2219 4904 2391 4974 ipsam
2428 4902 2683 4957 habebat.

2585 4993 2793 5048 CAPUT
2831 4991 3057 5046 XXVIII.

2196 5066 2321 5132 Quaa
2338 5067 2442 5119 sibi
2467 5066 2720 5134 subjectis
2750 5067 2956 5118 monita
2985 5063 3178 5117 salutis
3199 5057 3449 5112 ediderit.

2087 5157 2200 5211 Sibi
2234 5173 2452 5228 quoque
2485 5158 2750 5226 subjectis
2791 5156 3054 5212 nonnulla
3083 5155 3354 5215 scribens,
3384 5157 3443 5204 ut
3473 5155 3630 5220 pater

2019 5245 2180 5309 filios,
2239 5243 2307 5298 de
2364 5245 2551 5298 multis
2580 5246 2810 5299 solerter
2855 5244 3075 5300 instruit
3134 5237 3482 5302 necessariis,
3515 5243 3624 5291 tam

2018 5332 2400 5404 Spiritualibus
2454 5348 2615 5403 quam
2672 5333 3089 5401 temporalibus.
3153 5327 3415 5386 Richaldo
3463 5326 3626 5380 chor-

2017 5424 2303 5495 episcopo,
2336 5431 2392 5478 et
2415 5422 2698 5478 Rodoaldo
2737 5422 3234 5494 archipresbytero,
3287 5433 3383 5489 pro
3412 5415 3624 5487 synodo

2017 5516 2469 5588 comprovinciali
2489 5515 2635 5585 apud
2659 5512 2987 5568 Carisiacum
3015 5517 3220 5584 (supra,
3253 5527 3372 5582 cap.
3401 5510 3491 5578 24)
3517 5524 3619 5579 pa-

2019 5608 2206 5665 latium
2241 5609 2451 5684 regium
2484 5606 2766 5661 habenda:
2810 5605 3078 5660 mandans
3112 5613 3173 5660 ut
3202 5611 3389 5660 notum
3425 5601 3622 5656 faciant

2017 5698 2277 5754 omnibus
2301 5714 2398 5770 per
2424 5712 2642 5754 omnem
2668 5693 2978 5767 parochiam
3004 5693 3424 5760 Remensem,ut
3441 5690 3533 5762 qui
3559 5705 3620 5743 se
