3970 6218
454 290 564 348 255

457 434 618 488 lmsos
647 437 982 507 existimant,
1009 443 1077 497 ad
1110 444 1281 515 ipsam
1317 452 1589 519 synodum
1611 459 1907 514 convenire
1934 477 2066 531 pro-

456 534 667 593 curent,
712 530 977 598 quosdam
1011 550 1141 589 vero
1191 553 1313 592 cum
1347 543 1666 599 auctoritate
1727 547 1980 617 invitent,
2014 560 2068 607 et

457 615 646 670 venire
676 630 1080 679 commoneant.
1124 628 1231 681 Sed
1270 638 1324 683 et
1369 632 1622 689 Milonem
1655 654 1779 693 cum
1810 639 1921 695 ﬁlia
1945 658 2063 709 sua,

454 718 563 773 qua
593 705 869 762 Fulcricus
898 709 1105 767 abusus
1142 714 1339 784 fuerat,
1382 728 1435 775 et
1473 739 1666 781 omnes
1698 730 1791 799 qui
1830 746 2066 787 consen-

454 792 600 845 tanei
630 792 855 850 fuerunt
898 797 955 851 in
997 799 1088 854 illa
1121 802 1367 861 indebita
1396 792 1790 879 conjunctione
1830 820 2058 892 presby-

452 878 575 942 teri,
610 887 667 933 et
705 881 759 935 in
792 900 1024 954 quorum
1059 893 1336 959 parochiis
1365 900 1760 967 consistebant,
1795 922 1859 960 ex
1891 908 2059 965 verbo

452 964 567 1031 Dei,
601 977 656 1022 et
699 984 820 1035 suo,
863 981 1029 1045 atque
1059 992 1122 1030 ex
1163 979 1346 1037 banno
1378 987 1524 1061 regis
1575 990 1643 1044 ad
1677 964 1927 1049 eamdem
1966 1014 2058 1068 sy-

375 1120 386 1131 .
450 1053 653 1108 nodum
693 1061 993 1117 convenire
1031 1065 1285 1133 jubeant.
1319 1053 1559 1131 Ansoldo
1618 1079 1836 1150 Gerolo,
1868 1096 1922 1140 et
1953 1053 2058 1142 n3-

447 1142 621 1209 drico,
656 1164 754 1217 pro
788 1150 1147 1222 inquisitione
1177 1161 1461 1228 cujusdam
1494 1166 1676 1225 fratris
1710 1142 2052 1247 Bagamfredi

447 1231 828 1291 ministerialis
859 1242 967 1307 sui,
1001 1252 1055 1298 et
1084 1256 1163 1313 ut,
1197 1249 1242 1303 si
1270 1267 1499 1309 necesse
1530 1269 1694 1326 esset,
1729 1262 1922 1331 libera,
1953 1270 2055 1323 sal-

446 1337 621 1393 vaque
669 1331 917 1385 custodia
946 1334 1308 1406 detineretur,
1374 1362 1443 1399 ne
1473 1350 1780 1423 aufugeret,
1835 1357 2052 1430 sibique

441 1412 810 1473 adduceretur
863 1423 1127 1483 Mandans
1160 1433 1323 1487 etiam
1356 1437 1534 1494 eidem
1566 1412 2050 1515 Bagam’fredo,‘ex

439 1507 762 1564 auctoritate
793 1512 885 1568 Dei
919 1533 983 1571 ac
1014 1536 1113 1575 sua
1159 1527 1556 1599 praecipiendo,
1590 1544 1649 1590 ut
1677 1552 1800 1591 cum
1835 1540 1969 1609 ipsis
1995 1543 2048 1597 in

437 1593 628 1647 eadem
657 1613 976 1665 permaneat
1020 1608 1378 1680 inquisitione
1429 1617 1525 1673 Cui
1558 1623 1721 1677 etiam
1754 1633 2045 1699 postquam

437 1697 757 1757 recesserat,
802 1692 853 1746 in
899 1697 1096 1753 alienis
1148 1708 1424 1772 parochiis
1483 1712 1791 1770 immoranti
1838 1719 2045 1776 litteras

439 1772 620 1838 mittit,
672 1795 937 1839 revocans
966 1803 1091 1842 eum
1150 1796 1472 1852 auctoritate
1528 1804 1814 1874 canonica,
1861 1817 1919 1863 ut
1974 1812 2041 1864 ad

435 1870 784 1937 metropolim
841 1892 995 1933 suam
1028 1882 1238 1952 redeat,
1278 1895 1332 1941 et
1381 1890 1501 1957 ejus
1532 1909 1591 1946 se
1625 1895 1923 1954 humilitati
1958 1918 2042 1956 re—

434 1967 761 2029 praesentet;
796 1968 879 2021 vel
904 1970 949 2023 si
977 1972 1047 2026 de
1078 1974 1250 2045 ipsius
1272 1981 1485 2047 judicio
1516 1991 1801 2058 quteritur,
1830 1998 2041 2065 synodo

1276 2046 1284 2047 κ
1535 2046 1549 2057 ι
1788 2046 1800 2058 ι
1840 2046 2037 2065 ‘J"""

432 2046 670 2115 regulari
702 2053 898 2109 adesse
930 2058 1165 2117 festinet.
1204 2067 1445 2127 Gisloldo
1475 2078 1863 2135 canonicorum
1899 2101 2041 2153 pra:-

430 2135 631 2203 posito,
665 2156 763 2209 pro
804 2143 1154 2207 facultatibus
1195 2156 1301 2210 sibi
1333 2163 1664 2232 commissis,
1706 2179 1760 2222 et
1792 2135 2039 2228 indebita

429 2227 726 2293 usurpatis,
761 2233 854 2302 qui
887 2252 983 2305 pro
1018 2240 1119 2295 hac
1151 2259 1207 2297 re
1248 2245 1620 2319 irregulariter
1652 2227 1737 2309 ab
1772 2258 1892 2328 ipso
1919 2262 2037 2315 dis-

425 2326 683 2383 cesserat,
730 2336 1029 2399 monetque
1077 2338 1402 2394 auctoritate
1452 2346 1737 2414 canonica,
1794 2359 1852 2404 ut
1907 2354 2038 2407 red-

425 2409 532 2469 eat,
594 2410 745 2463 etde
788 2414 891 2479 his,
926 2435 1048 2489 quae
1107 2423 1183 2477 illi
1239 2431 1684 2500 Opponebantur,
1718 2409 2035 2497 satisfacere

425 2492 661 2550 studeat.
710 2499 1025 2562 Theodacro
1056 2492 1290 2583 quoque
1318 2492 1647 2589 praeposito,
1672 2492 1778 2594 'pro
1837 2531 2031 2585 eodem

425 2578 699 2651 Gissaldo,
732 2604 830 2657 pro
861 2608 969 2662 quo
999 2578 1343 2659 lrmintrudis
1376 2578 1565 2680 regina
1596 2578 1938 2683 precabatur,
1977 2631 2035 2677 ut

423 2675 629 2734 partem
688 2677 1135 2742 collaborationis
1193 2706 1327 2759 suae,
1373 2713 1496 2767 quae
1546 2703 1945 2763 rationabiliter
1980 2714 2031 2767 ei

421 2763 791 2832 competebat,
823 2768 940 2823 dari
966 2774 1227 2844 juberet;
1269 2782 1315 2835 si
1345 2763 1450 2854 qua
1483 2803 1612 2843 vero
1642 2791 1720 2844 illi
1746 2763 2032 2852 debeban-

422 2852 508 2900 tur
538 2849 593 2902 in
628 2852 732 2908 hoc
779 2858 1085 2932 episcOpio,
1127 2867 1306 2923 eidem
1354 2849 1751 2935 redderentur:
1785 2887 1930 2954 quod
1976 2900 2031 2945 et

1740 2933 1748 2935 θ
1789 2933 1930 2954 Ἰ---
1978 2933 2029 2945 ν.

422 2933 568 2990 idem
598 2940 897 3014 episcopus
935 2948 1055 3005 ﬁeri
1098 2954 1276 3024 jubet,
1318 2968 1372 3015 et
1400 2964 1529 3033 quia
1570 2967 1783 3025 dixerat
1807 2989 1868 3027 se
1896 2976 2029 3031 mis-

420 3023 645 3079 saticum
681 3029 882 3088 habere
921 3051 985 3091 ex
1024 3050 1179 3109 parte
1200 3049 1404 3121 regina:
1427 3052 1494 3106 ad
1524 3058 1842 3127 canonicos,
1876 3080 2033 3120 man-

419 3112 511 3167 dat
554 3119 683 3172 utsi
716 3124 930 3180 venerit
958 3129 1027 3183 ad
1059 3146 1179 3201 eos,
1207 3137 1351 3194 sicut
1389 3141 1590 3199 missus
1620 3150 1825 3220 reginae
1859 3170 2030 3210 vene-

422 3204 671 3264 rabiliter
723 3216 1077 3288 suscipiatur.
1111 3225 1352 3286 Gerardo
1391 3233 1624 3305 decano,
1657 3258 1757 3311 pro
1788 3246 2027 3315 quodam

422 3291 641 3315 Ι)...1-,ΙΡΑ
1027 3310 1037 3315 ⁸

420 3291 651 3352 lladulfo
691 3310 1188 3381 excommunicato,
1227 3319 1319 3387 qui
1357 3321 1426 3375 ad
1456 3338 1513 3377 se
1558 3291 1821 3384 venierat‘l
1835 3341 2029 3402 petens

417 3388 822 3452 paenitentiam.
858 3396 953 3453 Cui
981 3405 1232 3476 praecipit
1265 3418 1325 3463 ut
1356 3410 1543 3469 Remis
1588 3421 1837 3476 eamdem
1869 3442 2023 3484 acce-

415 3483 626 3549 pturus,
650 3486 867 3542 veniret
892 3506 1015 3546 cum
1039 3493 1243 3552 femina
1272 3504 1701 3575 sanctimoniali,
1724 3529 1886 3584 quam
1918 3518 2025 3575 sibi

411 3574 791 3643 conjunxerat.
827 3584 994 3641 Jubet
1018 3597 1202 3646 autem
1230 3595 1360 3652 huic
1388 3574 1758 3673 presbytero;
1786 3616 1844 3663 ut
1873 3628 2025 3669 com-

410 3668 635 3723 mendet
664 3671 787 3727 aliis
814 3678 1171 3751 presbyteris,
1214 3668 1488 3757 quatenus
1524 3668 1777 3769 magnam
1809 3703 2019 3760 sollici-

410 3758 658 3816 tudinem
689 3764 757 3819 de
789 3767 897 3823 illis
931 3775 1224 3846 accipiant,
1257 3789 1530 3851 quatenus
1559 3788 1790 3858 scilicet,
1822 3796 1868 3848 si
1893 3799 2019 3868 qui-

410 3843 540 3868 Ιζι..-ι
604 3867 607 3868 ν
819 3858 829 3868 ι
886 3858 911 3868 ιτ
1008 3862 1017 3868 -

405 3843 543 3902 libet
589 3867 778 3910 eorum
816 3843 1138 3921 infirmitate
1165 3843 1476 3939 praeventus
1504 3874 1685 3945 fuerit,
1728 3843 1798 3938 de
1819 3843 1927 3955 qua1
1956 3904 2014 3943 se

405 3948 558 4009 putet
585 3949 819 4003 evadere
840 3967 948 4006 non
978 3971 1162 4028 posse,
1188 3961 1233 4014 si
1256 3967 1587 4036 promiserit,
1622 3974 1753 4043 quia
1782 3977 1852 4031 de
1879 3995 2012 4049 pec-

403 4038 526 4085 cato
551 4050 653 4090 suo
684 4053 748 4092 ex
782 4044 948 4098 corde
980 4048 1267 4118 poeniteat,
1296 4061 1349 4107 et
1373 4071 1473 4125 per
1502 4038 1699 4131 dignos
1729 4038 2012 4132 poeniten-

399 4120 487 4176 tite
519 4124 731 4183 fructus
771 4132 907 4190 illud
965 4154 1023 4193 se
1053 4156 1236 4197 coram
1297 4146 1535 4203 testibus
1582 4155 1900 4223 emendare,
1948 4176 2011 4215 ac

397 4215 646 4289 episcOpi
669 4222 910 4289 jussioni
937 4229 1168 4288 obedire
1200 4236 1859 4304 profiteatur,‘absolutus
1888 4251 2007 4305 exi-

397 4312 521 4361 stat.
569 4308 857 4382 Sigloardo
886 4320 1388 4395 archipresbytero,
1418 4332 1659 4387 Ansoldo
1690 4351 1931 4407 quoque,
1955 4348 2009 4394 et

1564 312 1933 372 FLODOARDI
1974 317 2279 378 CANONICI
2319 325 2648 388 REMENSIS

3674 362 3780 421 256

2093 466 2148 534 Α
2168 465 2494 537 gnitionem.
2555 474 2708 539 Quod
2768 481 2814 535 si
2886 499 3073 540 comes
3132 488 3203 544 ita
3284 492 3464 550 facere
3520 499 3779 568 noluerit,

2171 560 2485 616 renuntient
2529 564 2627 632 illi,
2662 576 2718 623 ut
2757 571 2875 641 ipse
2910 575 3010 631 hoc
3055 578 3261 635 indicet
3317 586 3453 659 regi.
3488 560 3779 662 Postquam

2170 646 2284 701 haec
2321 657 2438 705 acta
2493 653 2718 725 fuerint,
2754 660 2828 716 ita
2858 666 3127 722 rationem
3169 672 3334 741 hujus
3377 646 3783 751 aggrediantur

2159 738 2376 805 judicii,
2409 752 2466 798 ut
2498 750 2828 816 provideant
2858 772 2928 809 ne
2960 774 3058 827 per
3089 760 3457 833 ignorantiam
3501 784 3780 831 accusato-

2164 831 2440 901 rcsipsius
2458 840 2763 912 presbyteri
2783 862 2895 900 rem
2920 850 3088 905 talem
3122 854 3351 925 alicujus
3376 859 3621 931 impulsu
3650 882 3783 935 prae-

2158 933 2395 992 sumant,
2417 931 2564 985 unde
2585 931 2830 991 damnari
2863 941 3097 1009 possint,
3127 946 3268 1001 sicut
3286 951 3565 1019 provideri
3589 955 3776 1025 debet,

2159 1025 2229 1064 ne
2270 1014 2555 1087 presbyter
2588 1020 2790 1089 injuste
2830 1026 3140 1088 damnetur.
3192 1014 3319 1091 Post
3372 1039 3489 1096 haec
3517 1014 3775 1112 adjurent

2156 1111 2502 1161 accusatores
2550 1111 2635 1165 vel
2687 1120 2855 1170 testes
2888 1134 3076 1175 eorum
3123 1122 3178 1178 in
3210 1126 3428 1184 illorum
3476 1132 3774 1204 baptisma,

2154 1199 2207 1245 et
2237 1193 2358 1249 aliis
2388 1197 2619 1256 diversis
2648 1204 3110 1277 adjurationibus,
3145 1231 3214 1270 ne
3256 1218 3407 1288 odio,
3439 1224 3526 1277 vel
3562 1225 3773 1284 invidia

2153 1291 2247 1337 aut
2275 1285 2469 1343 timore
2503 1291 2757 1361 alicujus,
2792 1300 2876 1352 vel
2908 1301 3256 1364 hortamento
3284 1310 3354 1366 de
3394 1285 3514 1383 ipso
3546 1319 3779 1391 presby-

2154 1375 2269 1427 tero
2343 1378 2690 1437 mendacium
2749 1386 3048 1458 proferant,
3109 1410 3213 1450 nec
3279 1415 3377 1467 pro
3434 1405 3637 1474 gratia,
3696 1409 3775 1463 vel

2151 1474 2357 1528 amore,
2386 1474 2479 1519 aut
2510 1471 2737 1537 praemio
2772 1473 2901 1530 inde
2944 1480 3227 1537 veritatem
3259 1471 3550 1544 reticeam.
3586 1493 3774 1549 Notiti-

2151 1557 2305 1605 cetur
2328 1554 2491 1609 etiam
2520 1558 2729 1614 eisdem
2760 1570 3173 1627 accusatoribus
3202 1582 3257 1629 et
3285 1579 3541 1641 testibus.
3578 1585 3775 1654 quales

2152 1653 2417 1706 personas
2471 1644 2539 1698 ad
2572 1652 2981 1709 accusationem
3013 1661 3344 1733 presbyteri,
3378 1668 3463 1721 vel
3511 1671 3584 1724 ad
3598 1644 3773 1727 .testi-

2152 1728 2396 1782 monium
2431 1747 2597 1802 super
2617 1751 2741 1790 eum
2775 1742 2914 1796 sacri
2939 1760 3181 1803 canones
3207 1753 3375 1823 recipi
3401 1771 3511 1811 non
3543 1762 3772 1829 permit-

2150 1822 2287 1883 tunt,
2322 1826 2376 1873 et
2428 1825 2666 1892 qualiter
2691 1829 2887 1887 discuti
2943 1835 3187 1894 debeant
3230 1849 3285 1896 et
3326 1822 3690 1904 accusat-ores
3720 1860 3772 1906 et

2145 1912 2332 1960 testes.
2366 1908 2558 1965 Omnia
2609 1930 2740 1971 vero
2783 1935 2905 1990 quae
2960 1934 3312 1984 accusatores
3357 1934 3445 1987 vel
3496 1943 3676 1992 testes
3706 1939 3771 1993 de

2140 1996 2374 2068 singulis
2433 2003 2614 2058 causis
2686 2010 2957 2068 testificati
3039 2015 3260 2083 fuerint,
3354 2024 3765 2095 describantur,

2143 2092 2198 2139 et
2248 2103 2429 2143 coram
2489 2095 2752 2151 omnibus
2810 2100 3087 2173 lcgantur,
3150 2115 3209 2162 ut
3270 2111 3341 2165 ita
3396 2113 3567 2169 fuisse
3623 2118 3769 2172 dicta

2144 2176 2579 2245 comprobentur
2681 2184 3071 2247 Describantur
3136 2212 3358 2269 quoque
3415 2216 3617 2258 omnes
3673 2206 3762 2277 qui

2143 2265 2197 2317 in
2254 2266 2357 2321 hoc
2386 2270 2585 2338 placito
2642 2274 2867 2346 fuerint,
2924 2290 3033 2337 tam
3080 2265 3159 2340 de
3198 2265 3538 2361 presbyteris
3598 2265 3758 2367 quam

2141 2357 2210 2411 de
2293 2360 2466 2430 laicis,
2548 2376 2707 2434 prout
2784 2378 3088 2432 necessitas
3173 2396 3299 2434 esse
3366 2382 3485 2437 visa
3574 2387 3759 2443 fuerit.

2142 2447 2204 2500 Et
2262 2457 2319 2501 ut
2372 2462 2720 2512 accusatores
2763 2477 2915 2516 suam
2979 2469 3352 2539 praesentiam,
3409 2480 3584 2531 testes
3634 2495 3762 2534 vero

2128 2544 2503 2609 juramentum
2524 2547 2651 2615 jure
2676 2550 3043 2617 polliceantur
3071 2571 3131 2609 se
3160 2558 3385 2615 daturos
3416 2562 3470 2616 in
3504 2567 3758 2634 proximo

2134 2628 2358 2698 placito,
2382 2635 2533 2703 quod
2548 2649 2790 2689 canones
2816 2639 3137 2710 presbytero
3155 2644 3364 2702 donent
3380 2649 3448 2703 ad
3474 2628 3756 2709 licentiam

2131 2735 2189 2773 se
2212 2721 2549 2777 defendendi
2574 2726 2661 2779 vel
2691 2731 3084 2798 reSpondendi.
3111 2736 3265 2799 Quod
3287 2737 3551 2808 placitum
3575 2745 3754 2801 eidem

2136 2809 2462 2881 presbytero
2493 2812 2854 2870 denuntietur
2889 2820 2957 2872 ad
2990 2821 3214 2893 triginta
3240 2825 3380 2892 dies,
3420 2840 3480 2883 ut
3505 2831 3583 2885 ita
3616 2850 3758 2903 pra:-

2136 2909 2358 2970 paratus
2379 2906 2582 2973 veniat,
2608 2923 2717 2977 quo
2740 2924 2797 2962 se
2821 2910 2903 2964 vel
2926 2916 3189 2970 canonice
3213 2918 3488 2988 puriﬁcet,
3512 2925 3603 2978 vel
3626 2941 3758 2981 con-

2134 2990 2338 3045 credat.
2390 2992 2539 3055 Quod
2582 2994 2627 3047 si
2667 3011 2775 3050 non
2818 2997 3028 3065 fecerit,
3058 3006 3381 3061 canonicam
3432 3024 3494 3064 se
3521 3027 3759 3086 suscep-

2064 3086 2317 3162 Cturum
2372 3085 2703 3140 sententiam
2757 3089 2911 3144 sciat.
2954 3092 3170 3148 Mittant
3219 3113 3442 3169 quoque
3483 3085 3756 3168 bannum,

2131 3170 2228 3224 Dei
2261 3181 2315 3227 et
2354 3190 2630 3230 sacrorum
2671 3194 2945 3235 canonum
2984 3187 3331 3256 auctoritate,
3381 3193 3649 3265 regisque
3696 3213 3759 3253 ac

2129 3265 2381 3331 praesulis
2412 3266 2895 3337 interdictionc,ut
2927 3291 3089 3332 nemo
3122 3278 3223 3348 ipsi
3250 3282 3583 3353 presbytero
3614 3289 3757 3344 ullas

2129 3353 2359 3410 insidias
2409 3372 2698 3430 praeparet,
2730 3371 2823 3417 aut
2875 3366 3113 3436 aliquam
3172 3370 3498 3429 violenciam
3533 3376 3753 3448 faciat;

2126 3446 2223 3499 sed
2256 3463 2358 3502 nec
2404 3449 2526 3517 ejus
2555 3456 2969 3511 accusatoribus
3015 3461 3099 3514 vel
3142 3462 3401 3531 testibus,
3435 3466 3624 3526 donec
3650 3473 3752 3559 ista

2128 3549 2286 3559 ηλ.....-.
2341 3537 2564 3559 l-__l-___
2640 3542 2744 3559 ,I‘nn
2796 3544 2851 3559 ’.ε
3183 3550 3192 3559 1
3242 3550 3253 3559 .
3566 3558 3571 3559 ,

2125 3721 2236 3768 tera
2293 3717 2432 3783 vice,
2464 3722 2686 3791 quando
2736 3724 2855 3794 ipse
2904 3728 3194 3800 presbyter
3236 3731 3401 3790 fuerit
3429 3717 3748 3809 accusatus,

2112 3803 2460 3875 juraverunt,
2495 3816 2550 3864 et
2578 3827 2736 3866 suum
2778 3825 3180 3872 sacramentum
3206 3820 3420 3889 judicio
3459 3830 3745 3897 approba-

2116 3901 2337 3960 verunt,
2372 3904 2502 3952 tuuc
2531 3906 2713 3954 autem
2744 3917 2801 3956 se
2834 3905 3142 3973 perjurasse
3172 3908 3450 3967 dicebant.
3484 3914 3563 3970 De
3597 3927 3745 3973 terra

2114 3995 2337 4052 quoque
2370 3983 2625 4041 Ecclesiae
2648 3990 2973 4058 pertinenti,
3003 3996 3148 4049 unde
3178 4000 3460 4055 contentio
3491 4006 3739 4061 ventila-

2112 4070 2273 4126 batur
2303 4073 2445 4130 inter
2470 4079 2727 4134 comitem
2776 4090 2829 4136 et
2858 4085 3263 4156 presbyterum,
3302 4091 3433 4161 quia
3473 4092 3598 4150 ﬁeri
3634 4098 3737 4153 de-

2112 4161 2290 4231 beret,
2320 4173 2374 4220 et
2397 4174 2455 4221 ut
2485 4169 2572 4224 his
2602 4187 2723 4242 qua:
2750 4176 3048 4233 mandabat
3076 4194 3283 4248 comes,
3313 4182 3603 4241 obediret:
3638 4200 3737 4244 aut

2110 4250 2155 4304 si
2190 4252 2381 4320 nollet,
2415 4257 2647 4324 proinde
2683 4261 2750 4314 ad
2782 4262 3043 4333 placitum
3075 4282 3260 4322 coram
3289 4286 3419 4344 rege
3450 4283 3506 4328 et
3545 4274 3735 4333 ﬁdeli-

2108 4342 2214 4397 bus
2243 4344 2436 4414 ipsius,
2461 4356 2569 4403 tam
2593 4351 2891 4423 episcopis,
2922 4372 3086 4426 quam
3117 4359 3273 4414 laicis
3300 4363 3534 4420 veniret.
3571 4368 3732 4433 Quod

1708 4398 1721 4406 .
1820 4398 1836 4407 .
1919 4398 1928 4407 .
2266 4398 2280 4414 .
2464 4398 2569 4403 -_---
2597 4398 2891 4423 -,.._w,..-,
2924 4398 3086 4426 νη...
3117 4398 3273 4414 μην..)
3307 4398 3534 4420 ww“.
3571 4398 3731 4433 κυυυ

398 4398 614 4453 “meris
671 4404 1023 4476 (ιυίδυδειειη,
1074 4428 1214 4483 quos
1252 4415 1663 4487 inquisitionem
1708 4423 1887 4481 facere
1935 4428 2004 4483 de
2027 4460 2083 4528 Β
2108 4431 2153 4486 si
2182 4434 2470 4506 presbyter
2497 4437 2621 4493 aliis
2638 4440 3033 4498 obedientibus
3059 4445 3291 4503 obedire
3310 4451 3499 4521 nollet,
3534 4457 3605 4508 ad
3636 4474 3731 4529 sy-

398 4490 635 4529 ﬂnnrlnm
673 4497 988 4529 ηνοοιιιοιηηη
1029 4503 1257 4529 2..-----ι
1295 4526 1306 4529 _
1349 4511 1485 4529 “-1,
1575 4514 1587 4529 ι
1833 4518 1867 4529 ..
2204 4524 2214 4529 -

397 4490 637 4559 quodam
671 4497 990 4570 presbytero
1025 4503 1261 4571 iusserat
1294 4526 1307 4562 :
1339 4511 1544 4581 quibus
1575 4514 1724 4570 hunc
1751 4518 2003 4575 ordinem

396 4581 453 4636 in
486 4586 678 4641 eadem
722 4590 1081 4663 inquisitione
1112 4607 1301 4658 tenere
1330 4607 1599 4678 praecipit,
1628 4619 1687 4665 ut
1715 4613 1999 4683 quoniam,

390 4672 636 4729 audierat
682 4680 936 4736 eumdem
978 4672 1358 4760 presbyterum
1388 4672 1514 4749 suis.
1542 4672 1873 4769 quibusdam
1922 4672 2005 4757 fa:-

389 4764 687 4823 cultatibus
716 4781 909 4829 contra
955 4777 1106 4853 leges
1162 4783 1550 4853 exspoliatum,
1597 4790 1712 4845 suis
1740 4793 1999 4850 omnibus

389 4858 760 4931 revestiretur,
773 4873 1071 4940 antequam
1091 4873 1206 4927 suis
1224 4879 1641 4935 accusatoribus
1658 4886 1998 4954 respondere

385 4958 693 5021 cogeretur,
729 4973 798 5012 ne
829 4967 1020 5016 contra
1062 4963 1241 5039 legem
1273 4965 1450 5038 ﬁeret,
1482 4979 1537 5026 et
1567 4972 1687 5044 ipse
1719 4978 1917 5046 praesul
1965 4996 1996 5034 a

383 5038 707 5111 presbytero
735 5043 911 5119 legem
935 5038 1202 5122 tollendo,
1233 5058 1485 5114 eamdem
1512 5038 1734 5135 quoque
1764 5066 1871 5122 sibi
1892 5084 1994 5123 au-

383 5128 587 5199 ferret;
619 5138 945 5210 prtecipiens
974 5144 1138 5200 etiam
1166 5188 1180 5215 ,
1222 5155 1281 5203 ut
1314 5150 1360 5205 si
1391 5168 1578 5209 comes
1609 5155 1729 5226 ipse
1765 5160 1992 5231 presby-

377 5225 619 5279 terorum
646 5227 808 5282 rebus
837 5232 1131 5302 exspoliari
1155 5236 1421 5305 jusserat,
1454 5242 1561 5297 hoc
1585 5242 1663 5298 illi
1694 5249 1990 5304 emendare

380 5325 480 5379 per
503 5313 724 5369 vadium
769 5316 953 5386 faciat,
987 5321 1315 5394 disponens
1342 5329 1582 5400 qualiter
1619 5334 1747 5390 inde
1777 5335 1888 5393 fiat.
1934 5339 1988 5393 Si

376 5417 507 5457 vero
537 5405 658 5476 ipse
688 5424 874 5465 comes
904 5412 1010 5467 hoc
1053 5414 1170 5470 fieri
1202 5421 1423 5491 negavit
1465 5423 1522 5493 [i,
1566 5441 1677 5480 non
1733 5430 1987 5502 rogavit],

377 5490 481 5560 ipsi
513 5497 604 5566 qui
632 5498 700 5552 ab
732 5515 800 5556 eo
846 5518 935 5557 res
974 5520 1101 5561 suas
1129 5490 1500 5581 abstulerunt,
1533 5515 1713 5570 eidem
1748 5521 1989 5592 presby-

379 5586 496 5636 tero
567 5584 786 5655 legibus
835 5593 1183 5662 emendent,
1248 5598 1317 5651 de
1385 5604 1710 5669 pmnitentia
1748 5584 1988 5666 villorum

377 5665 501 5735 ipse
553 5673 751 5740 praesul
802 5676 1170 5745 disposituras
1220 5665 1526 5744 secundum
1569 5692 1785 5748 illorum
1835 5713 1989 5754 reco-

2107 4524 2314 4580 nodum
2372 4532 2893 4599 comprovincialem
2973 4538 3241 4594 canonice
3309 4550 3724 4612 provocaretur.

2105 4616 2235 4671 Item
2268 4618 2556 4693 Sigloardo
2583 4632 2638 4678 et
2675 4625 2937 4695 Ansoldo,
2980 4646 3078 4698 pro
3111 4632 3303 4686 eadem
3334 4633 3723 4709 inquisitione,

2103 4719 2434 4763 succensens
2453 4725 2570 4776 eos,
2596 4714 2744 4783 quod
2775 4716 3122 4789 negligenter
3144 4719 3290 4775 illam
3318 4722 3429 4779 sint
3448 4729 3721 4798 exsecuti,

2100 4804 2155 4852 et
2184 4806 2399 4855 caetera.
2428 4802 2562 4858 Item
2587 4820 2688 4875 pro
2710 4807 2950 4877 quodam
2985 4810 3330 4882 presbytero,
3355 4816 3448 4886 qui
3473 4833 3561 4883 ea,
3595 4837 3721 4892 quae

2098 4888 2167 4943 de
2183 4905 2283 4946 suo
2309 4892 2618 4951 ministerio
2642 4899 2918 4967 quondam
2941 4901 3236 4968 didicerat,
3267 4914 3389 4976 post
3411 4909 3719 4968 ordinatio.

2097 4994 2223 5033 nem
2249 4997 2403 5036 suam
2446 5000 2545 5054 per
2574 4985 2841 5042 incuriam
2873 4988 3052 5045 fuerat
3084 4991 3314 5058 oblitus,
3356 4997 3506 5052 unde
3530 5000 3720 5069 jusse-

2097 5074 2179 5123 rat
2198 5084 2325 5124 eum
2355 5071 2675 5143 aliquandiu
2699 5077 2803 5131 sub
2822 5079 3075 5134 custodia
3100 5082 3375 5138 reclusum
3403 5089 3635 5155 servari,
3658 5096 3721 5143 ut

2092 5157 2285 5212 saltem
2319 5176 2419 5231 per
2449 5161 2552 5216 hoc
2583 5165 2891 5220 amaritudo
2923 5167 3108 5239 aliqua
3138 5178 3380 5227 mentem
3416 5174 3567 5231 illius
3595 5185 3717 5231 tan-

2090 5257 2265 5323 geret,
2299 5258 2353 5307 et
2372 5267 2404 5305 a
2430 5263 2657 5323 peccato
2684 5265 2964 5332 purgaret,
2998 5270 3055 5315 et
3081 5269 3298 5318 caetera.
3328 5265 3462 5319 item
3498 5285 3599 5339 pro
3622 5270 3714 5339 je-

2085 5338 2245 5408 junio
2276 5343 2552 5411 triduano,
2585 5347 2731 5418 quod
2762 5364 2854 5402 rex
2873 5365 2996 5404 cum
3020 5352 3299 5425 episcopis
3318 5364 3373 5409 et
3398 5360 3614 5414 cteteris
3642 5359 3709 5414 fi-

2091 5429 2312 5485 delibus
2331 5433 2445 5488 suis
2473 5434 2817 5505 disposuerat
2846 5435 2963 5491 ﬁeri
2992 5455 3092 5508 pro
3119 5457 3252 5511 pace
3270 5454 3473 5499 sanctae
3492 5447 3587 5502 Dei
3612 5448 3712 5503 Ec-

2092 5519 2293 5587 clesiae,
2330 5526 2570 5597 qualiter
2585 5526 2705 5582 ﬁeri
2725 5529 2973 5583 dederet.
2995 5531 3130 5586 ltem
3163 5550 3261 5603 pro
3279 5536 3520 5605 quodam
3551 5556 3708 5611 pres-

2093 5611 2286 5681 bytero
2318 5616 2592 5672 Avennaci
2625 5620 2962 5687 monasterii,
2998 5622 3093 5693 qui
3147 5623 3518 5683 denotabatur
3546 5646 3712 5701 super

2095 5704 2350 5761 thesauro
2406 5708 2580 5778 ipsius
2636 5712 2881 5768 ecclesiae
2916 5713 3126 5770 dudum
3180 5718 3419 5787 perdito.
3478 5722 3616 5778 ltem
3652 5721 3708 5783 Si
