3970 6218
196 237 306 292 257

849 235 1173 289 HISTORIA?
1214 235 1543 291 ECCLESUE
1583 235 1906 290 REMENSIS
1948 238 2120 293 LIBRI
2162 240 2491 304 QUATUOR.
2524 275 2592 282 —
2624 244 2745 298 LIB.
2794 248 2881 301 lll.

3419 256 3527 309 258

201 369 437 443 gloardo
470 376 523 423 et
555 368 825 434 Rodoldo,
852 385 951 439 pro
974 371 1211 441 quodam
1236 371 1821 441 presbytero,cuicon-
1848 378 1894 443 Α
1922 372 2120 429 litteris
2156 376 2258 429 sibi
2302 392 2402 445 per
2457 378 2734 435 hominem
2790 385 3081 453 quemdam
3122 388 3371 443 Harduici
3440 407 3529 444 ar-

203 468 485 525 senserat,
521 461 789 514 suadente
831 461 1138 535 Sigloardo,
1167 471 1225 516 ut
1255 464 1441 517 libello
1466 480 1577 517 suae
1608 463 1823 533 profes-

205 552 387 606 sionis
418 569 447 604 a
480 551 745 621 regimine
787 552 965 621 plebis
1004 554 1107 606 sibi
1156 555 1463 608 commissae
1489 554 1823 609 redderetse

205 646 474 709 alienum,
505 653 558 697 et
584 644 751 697 alium
802 644 854 697 in
892 661 988 698 suo
1040 645 1159 699 loco
1216 654 1497 714 expeteret
1563 648 1826 701 ordinan—

208 740 342 793 dum
392 756 404 792 :
458 740 553 793 sed
603 739 903 793 colludium
964 740 1111 809 quod
1165 740 1404 795 habebat
1460 741 1659 796 factum
1719 742 1826 795 sibi

205 831 500 894 celaverat,
556 830 817 884 videlicet
851 838 911 884 ut
957 832 1214 886 alumnus
1248 833 1369 900 ejus
1401 835 1522 887 sine
1553 850 1825 889 consensu

205 921 443 975 senioris
483 922 591 987 sui,
642 922 696 974 in
745 922 865 975 loco
925 922 1103 991 ipsius
1155 925 1525 989 ordinaretur,
1586 932 1640 980 et
1699 926 1828 995 quia

211 1016 435 1064 xenium
486 1010 767 1065 revadiare
821 1012 1015 1066 dolose
1058 1012 1268 1071 fecerit.
1295 1022 1353 1068 ut
1379 1016 1630 1069 eumdem
1668 1032 1827 1069 suum

214 1102 523 1165 alumnum,
551 1110 741 1154 contra
773 1101 1091 1171 episcOpaIe
1127 1102 1498 1168 interdictum,
1548 1113 1601 1158 et
1632 1113 1828 1159 caetera

215 1189 351 1261 quid
384 1189 511 1242 inde
551 1188 668 1242 ﬁeri
704 1189 1327 1261 dcberetexsequentia.
1363 1194 1493 1245 Item
1521 1193 1828 1265 Sigloardo,

216 1299 319 1353 pro
352 1281 671 1351 presbytero
721 1282 970 1335 ecclesiae
1002 1284 1176 1336 sancti
1229 1284 1453 1346 Iuliani,
1494 1286 1586 1355 qui
1623 1285 1831 1341 furatus

219 1375 399 1430 fuerat
424 1374 734 1444 lampadem
766 1374 936 1428 sancti
984 1374 1239 1449 Remigii,
1275 1376 1422 1430 unde
1452 1378 1611 1431 valde
1644 1380 1835 1433 redar-

221 1470 343 1544 guit
364 1470 551 1533 istum,
581 1469 708 1539 quia
734 1467 787 1520 id
818 1468 1019 1521 factum
1048 1477 1413 1536 compererat,
1437 1477 1491 1523 et
1520 1469 1625 1521 sibi
1649 1477 1837 1523 tacue-

222 1568 326 1625 rat,
356 1560 658 1615 cumidem
711 1558 908 1628 przesul
964 1558 1113 1611 vices
1158 1574 1284 1611 suas
1305 1559 1487 1613 eidem
1527 1560 1834 1631 Sigloardo,

224 1658 366 1705 teste
403 1649 659 1711 Domino,
685 1647 1178 1709 commendaverit,
1203 1648 1296 1716 qui
1321 1649 1575 1701 eumdem
1608 1650 1838 1720 presby-

1924 462 2262 534 chiepiscopi
2300 464 2438 520 datis
2470 469 2712 523 :scilicet
2731 473 2968 541 reputari
3002 475 3181 529 eidem
3217 477 3528 543 Altmanno,

1925 551 2166 619 aspirare
2194 554 2330 607 velle
2385 556 2451 608 ad
2513 555 2803 622 beneficia,
2853 568 2906 613 et
2956 564 3175 632 negotia
3230 566 3529 631 szecularia,

1926 658 2048 711 quae
2108 659 2215 697 non
2278 646 2635 702 convenirent
2690 649 2810 717 ejus
2859 652 3185 721 professioni
3255 665 3308 707 et
3348 656 3530 710 saluti.

1931 734 2083 788 Unde
2109 736 2379 805 praecipit,
2414 746 2470 792 ut
2497 742 2825 808 quantocius
2852 743 2918 795 ad
2952 746 3348 799 monasterium
3373 763 3531 801 suum

1928 826 2136 890 redeat,
2172 827 2265 880 ubi
2310 828 2532 883 lectioni
2558 833 3167 897 ctorationi,deﬂendo
3198 837 3397 892 delicta
3421 855 3535 892 sure

1924 913 2250 979 juventutis,
2304 932 2496 971 vacare
2549 929 2825 988 procuret,
2879 932 2932 975 et
2980 931 3197 977 cretera.
3270 925 3537 981 Lantardo

1931 1002 2146 1056 cuidam
2170 1005 2463 1071 sacerdoti,
2516 1006 2608 1075 qui
2667 1008 2735 1060 de
2770 1010 3024 1077 parochia
3054 1011 3309 1066 Remensi
3338 1014 3539 1068 Ebonis

1930 1094 2177 1163 episcopi
2219 1112 2383 1149 causa
2438 1097 2788 1162 discesserat,
2850 1116 3010 1169 quem
3066 1103 3221 1170 petit,
3248 1114 3305 1156 ut
3333 1104 3376 1157 si
3411 1122 3539 1175 qua,

1932 1190 2091 1253 prout
2120 1186 2388 1251 audierat,
2422 1187 2490 1240 de
2535 1188 2643 1241 vita
2699 1196 2753 1242 et
2781 1190 3097 1243 actionibus
3134 1192 3277 1246 beati
3310 1194 3541 1268 Remigii

1933 1277 2077 1346 apud
2106 1278 2361 1330 eumdem
2422 1278 2774 1332 habebantur
2827 1281 3155 1349 conscripta,
3220 1293 3417 1351 praeter
3456 1286 3545 1339 illa

1936 1382 2058 1437 qua:
2088 1383 2154 1420 ex
2213 1368 2439 1438 antiquo
2499 1369 2567 1421 de
2624 1370 2862 1424 Ecclesia
2917 1371 3544 1445 Remensilegebantur,

1937 1471 2002 1508 ea
2033 1457 2380 1525 quantocius,
2427 1464 2517 1509 aut
2568 1457 2683 1526 ipse
2728 1458 2833 1511 sibi
2884 1457 3094 1523 afferat,
3127 1462 3343 1514 autsub
3366 1462 3547 1533 sigillo

1940 1547 2292 1607 transmittat.
2346 1548 2590 1602 offerens
2644 1566 2702 1603 se
2761 1560 2950 1618 postea
3006 1552 3185 1605 eidem
3240 1554 3292 1606 in
3322 1555 3548 1624 quibus-

1940 1652 2159 1707 cunque
2194 1636 2492 1709 indiguerit
2520 1646 2853 1707 promptum,
2888 1649 2941 1692 et
2975 1642 3237 1709 prodesse
3272 1650 3540 1711 paratum.

225 1750 403 1796 terum
445 1742 497 1794 in
529 1739 833 1794 arctissima
851 1738 1102 1793 custodia
1124 1738 1393 1792 debuerat
1422 1740 1842 1806 retrudere,non
1871 1740 1917 1805 B
1941 1725 1993 1778 Si
2026 1741 2153 1779 vero
2185 1726 2251 1778 ad
2279 1726 2455 1778 locum
2488 1742 2647 1779 suum
2675 1726 2852 1779 redi“?
2885 1728 3135 1790 νοῖιιθπίῐν
3188 1746 3311 1782 cum
3368 1730 3551 1784 liben-

225 1846 327 1901 per
356 1827 708 1896 fidejus'sores
764 1826 1270 1896 dimitterezquod
1331 1826 1461 1896 quia
1520 1828 1670 1896 prius
1729 1844 1837 1883 non

229 1916 455 1979 fecerat,
489 1915 573 1969 vel
606 1931 753 1969 nunc
780 1914 960 1969 faciat.
996 1914 1191 1968 Carcer
1266 1931 1489 1986 quoque
1538 1915 1767 1971 firmiter
1809 1934 1840 1971 a

228 2004 580 2059 vicedomino
607 2009 963 2067 restauretur,
1000 2009 1054 2055 et
1081 2002 1358 2068 custodes,
1389 2003 1434 2056 si
1467 2019 1693 2058 necesse
1717 2004 1839 2059 fue-

233 2095 326 2159 rit,
376 2093 765 2147 adhibeantur.
830 2093 963 2145 Item
997 2091 1262 2156 Rodoldo,
1332 2109 1670 2147 succensens
1714 2111 1840 2149 eum

226 2198 328 2253 pro
358 2196 423 2236 eo
451 2181 597 2252 quod
631 2181 851 2235 incaute
906 2179 1131 2233 solverit
1179 2180 1325 2250 quod
1362 2181 1477 2250 ipsc
1520 2182 1717 2250 praesul
1749 2198 1841 2237 ca-

228 2271 429 2327 nonice
456 2269 723 2342 alligarat,
788 2275 842 2321 et
899 2268 1021 2322 aliis
1054 2268 1391 2339 presbyteris
1432 2268 1653 2323 missam
1683 2270 1835 2323 cele-

226 2363 390 2417 brare
423 2362 731 2431 permiserit
758 2362 813 2414 in
877 2361 1109 2431 quadam
1140 2361 1364 2430 capella
1396 2361 1638 2416 basilicre
1670 2362 1840 2415 cortis

228 2450 477 2506 ecclesim
537 2449 803 2517 subjecta,
894 2448 1254 2519 prmcipitque
1323 2450 1453 2520 quid
1522 2450 1649 2504 inde
1716 2449 1836 2504 fieri

230 2539 434 2593 debeat
468 2579 479 2591 .
513 2537 766 2591 Anselmo
828 2537 932 2607 [i,
983 2538 1284 2606 Anselino]
1347 2537 1566 2591 cuidam
1638 2552 1837 2591 mona-

230 2632 358 2695 cho,
387 2630 715 2700 praecipiens
746 2636 802 2683 ut
851 2629 1127 2684 describat
1168 2630 1373 2697 omnia,
1420 2648 1540 2700 qnie
1601 2631 1654 2684 in
1710 2646 1835 2686 m0-

232 2724 499 2789 nasterio,
531 2730 590 2777 ut
615 2723 853 2789 videtur,
886 2722 1275 2787 Altvillarensi,
1310 2731 1435 2777 ante
1492 2723 1668 2793 ipsius
1702 2741 1847 2794 pne-

234 2817 370 2871 sulis
400 2815 805 2870 ordinationem
874 2814 1034 2879 facta,
1099 2816 1184 2868 vel
1251 2815 1447 2869 collata
1500 2815 1743 2880 fuerunt,
1794 2823 1849 2869 et

236 2920 473 2976 quaeque
524 2911 713 2973 postea
764 2920 777 2955 :
846 2918 1134 2956 numerum
1222 2917 1442 2973 quoque
1496 2902 1721 2957 fratrum
1784 2920 1848 2958 ac

238 2996 567 3051 famulorum
624 2994 705 3048 eis
749 2993 1129 3058 servientium,
1184 3001 1239 3047 et
1287 2994 1331 3047 si
1380 3011 1487 3065 qua
1519 2994 1718 3048 exinde
1749 3010 1849 3049 suo

234 3093 486 3155 tempore
517 3084 832 3153 dispensata
885 3082 1127 3148 fuerunt,
1170 3091 1225 3136 et
1281 3082 1336 3135 in
1391 3098 1530 3153 quos
1580 3100 1732 3149 usus,
1765 3084 1851 3138 vel

236 3191 337 3247 per
360 3191 500 3245 quas
544 3188 833 3243 personas,
881 3180 935 3225 et
987 3171 1060 3224 ita
1105 3170 1369 3224 veraciter
1431 3172 1615 3225 omnia
1644 3172 1853 3225 descri-

238 3266 465 3329 bantur,
506 3269 563 3316 ut
601 3261 752 3315 missi
806 3259 1070 3314 dominici
1110 3259 1245 3312 nihil
1281 3259 1354 3312 ibi
1412 3258 1604 3313 falsum
1645 3261 1857 3329 possint

242 3358 517 3413 invenire.
552 3357 843 3410 Ratramno
876 3352 1168 3423 praeposito
1200 3352 1520 3406 monasterii
1574 3352 1856 3407 Orbacen-

242 3449 319 3502 sis
341 3446 615 3501 similiter.
651 3445 783 3498 Item
822 3444 1113 3497 Ratramno
1145 3457 1241 3512 pro
1282 3442 1516 3511 quadam
1548 3442 1858 3511 prrestaria,

244 3553 411 3609 quam
434 3536 715 3590 Amalraus
740 3532 1039 3588 canonicus
1079 3531 1293 3597 habuit,
1346 3538 1399 3584 et
1440 3531 1614 3600 ipsius
1646 3531 1861 3585 obitum

246 3625 741 3682 collaborationem
787 3623 906 3690 ejus
954 3620 1096 3674 idem
1160 3619 1488 3690 praepositus
1548 3620 1715 3690 diripi
1742 3620 1864 3687 jus-

245 3727 413 3772 serat.
448 3718 790 3785 Quapropter
838 3712 1273 3768 excommunicat
1321 3728 1470 3777 eum,
1536 3712 1588 3764 in
1640 3728 1784 3781 pane
1814 3720 1867 3767 et

251 3827 399 3882 aqua
480 3808 847 3875 constituens,
927 3814 1033 3861 tam
1092 3805 1267 3875 ipsum
1341 3821 1503 3875 quam
1569 3805 1867 3874 complices

250 3900 373 3967 ejus
434 3899 487 3952 in
544 3900 648 3952 hoc
699 3896 861 3961 facto,
923 3896 1102 3949 donec
1169 3894 1526 3948 restituantur
1578 3894 1692 3947 hzec
1745 3910 1867 3964 quae

249 3991 457 4058 injuste
512 3987 870 4042 abstulerant.
934 3985 1174 4039 Althario
1226 3985 1366 4054 [ms.,
1435 3984 1697 4054 Alchano]
1749 3985 1870 4038 cui-

252 4084 380 4136 dam
404 4077 679 4133 sacerdoti
710 4076 796 4131 vel
828 4076 1060 4141 decano,
1092 4089 1191 4145 pro
1224 4073 1547 4143 presbytero
1579 4073 1650 4127 de
1690 4073 1873 4127 Eccle-

252 4172 336 4225 sia
388 4166 754 4229 Vindonissze,
833 4180 997 4235 quem
1086 4162 1391 4217 Leutardus
1452 4163 1642 4217 senior
1698 4163 1875 4232 ipsius

254 4261 404 4317 villw
436 4259 613 4332 legem
661 4263 715 4311 et
762 4271 981 4311 omnem
1032 4254 1414 4309 auctoritatem
1443 4253 1511 4308 de
1546 4254 1663 4323 ipsa
1694 4269 1873 4324 expu-

1941 1821 2021 1867 ter
2076 1820 2241 1884 atque
2300 1813 2541 1887 benigne
2599 1814 2865 1883 recipere,
2916 1825 2970 1867 et
3020 1832 3140 1869 mox
3198 1825 3254 1870 ut
3314 1820 3549 1884 venerit,

1941 1907 2259 1961 canonicam
2297 1906 2668 1975 praebendam,
2723 1915 2775 1959 et
2804 1906 3054 1959 ordinem
3090 1908 3381 1977 pristinum
3414 1910 3556 1962 inter

1943 1995 2137 2050 fratres
2156 1997 2482 2054 concedere,
2516 2003 2569 2049 et
2616 1998 2918 2050 secundum
2969 2000 3115 2067 quod
3167 2000 3273 2051 sibi
3304 2016 3551 2054 commo-

1943 2087 2094 2152 dum,
2140 2096 2194 2140 et
2234 2087 2309 2140 illi
2369 2097 2742 2157 Opportunum
2801 2088 2967 2142 fuerit
3021 2089 3298 2151 solatium,
3338 2101 3396 2144 ut
3427 2108 3551 2144 eum

1942 2178 2087 2247 apud
2155 2194 2215 2231 se
2264 2194 2487 2232 manere
2540 2179 2797 2243 delectet,
2854 2180 3175 2249 impendere
3240 2200 3251 2234 :
3306 2184 3556 2251 pandens

1945 2270 2237 2335 rationem,
2270 2271 2416 2324 unde
2472 2270 2561 2324 ille
2608 2278 2854 2324 metuere
2880 2270 3182 2337 ferebatur,
3213 2290 3386 2343 quare
3413 2275 3564 2327 scili—

1940 2369 2025 2415 cet
2056 2362 2173 2430 ipse
2203 2362 2487 2416 ordinatos
2509 2362 2577 2415 ab
2603 2361 2789 2417 Ebone
2810 2372 2929 2431 post
2948 2380 3100 2417 suam
3123 2365 3557 2435 depositionem,

1940 2469 1970 2506 a
1998 2453 2266 2525 gradibus
2295 2454 2536 2521 acceptis
2579 2454 2895 2515 removerit,
2933 2464 2986 2508 et
3016 2457 3252 2525 qualiter
3286 2465 3411 2524 post
3432 2472 3552 2510 mo-

1940 2544 2069 2598 dum
2129 2546 2461 2599 sententiam
2532 2562 2686 2599 suam
2762 2549 3168 2616 temperaverit.
3258 2548 3556 2602 Rodoardo

1940 2637 2256 2706 praeposito,
2305 2644 2362 2690 et
2412 2637 2626 2691 czeteris
2677 2638 2937 2691 fratribus
2985 2640 3269 2694 canonicis
3308 2639 3564 2696 Ecclesia)

1946 2726 2255 2785 Remensis,
2312 2741 2411 2795 pro
2480 2726 2797 2795 receptione
2855 2726 3148 2781 Odalhardi
3200 2735 3254 2781 et
3316 2728 3559 2781 Waltarii

1949 2823 2207 2885 nepotum
2244 2815 2389 2867 Isaac
2438 2814 2685 2883 episcopi
2739 2815 3123 2887 Lingonensis,
3178 2816 3271 2885 qui
3322 2816 3389 2869 ab
3452 2816 3569 2885 ipsa

1952 2906 2378 2980 congregatione
2398 2904 2776 2976 irregulariter
2804 2902 3569 2977 discessei'ant,pra‘cipitque

1953 3015 2061 3069 quo
2092 2999 2258 3053 modo
2290 2997 2485 3067 recipi,
2526 3006 2579 3053 et
2611 2997 2846 3068 qualiter
2878 2998 3067 3052 haberi
3124 2998 3206 3051 vel
3253 2998 3563 3053 conservari

1954 3085 2249 3139 debeant:
2309 3086 2511 3156 quibus
2570 3086 2734 3140 etiam
2809 3104 2906 3156 pro
2962 3087 3276 3141 reversione
3328 3087 3570 3155 ipsorum

1956 3174 2409 3228 commonitorias
2477 3174 2751 3227 direxerat
2806 3174 3037 3229 litteras.
3109 3176 3210 3229 Pro
3260 3175 3579 3244 receptione

1958 3278 2180 3332 quoque
2240 3261 2541 3333 Adalgaudi
2600 3262 2742 3330 [ms.,
2795 3264 3136 3334 Addagaudi]
3187 3264 3405 3318 diaconi
3467 3270 3573 3316 tam

1960 3351 2264 3414 canonicis,
2309 3365 2471 3419 quam
2518 3350 2805 3403 monachis
2848 3352 3060 3415 scribit,
3123 3354 3424 3406 ostendens
3448 3368 3574 3405 eum

1962 3442 2138 3511 quise
2162 3445 2559 3510 recognoverat
2590 3456 2689 3506 per
2732 3456 2884 3493 suam
2947 3442 3342 3515 negligentiam
3407 3442 3581 3511 ipsius

1963 3531 2260 3587 offendisse
2292 3529 2558 3594 animum,
2580 3545 2640 3581 se
2664 3529 2716 3582 in
2757 3533 2968 3601 gremio
2995 3548 3107 3585 sure
3136 3533 3485 3597 delectionis,
3528 3540 3583 3588 et

1965 3621 2310 3694 paternitatis
2338 3620 2637 3690 recepisse,
2689 3636 2967 3690 quemque
2994 3621 3238 3693 benigne
3264 3640 3325 3676 ac
3351 3623 3586 3676 familia—

1966 3712 2098 3766 riter
2124 3710 2367 3775 fratrem,
2410 3715 2464 3762 et
2503 3708 2673 3762 filium
2729 3708 2955 3777 suscipi,
3013 3717 3067 3761 et
3113 3707 3472 3779 benignitatis
3529 3711 3580 3764 ei

1969 3798 2239 3854 beneficia
2263 3798 2420 3867 jubet
2452 3796 2718 3868 impendi.
2759 3796 2860 3850 Pro
2887 3811 2997 3867 quo
3016 3811 3104 3849 rex
3151 3797 3321 3850 etiam
3348 3797 3588 3851 Ludovi-

1970 3909 2066 3949 cus
2087 3891 2424 3963 precatorias
2462 3892 2512 3945 ei
2548 3908 2647 3962 per
2683 3891 2939 3944 eumdem
2992 3887 3286 3942 direxerat.
3331 3888 3583 3945 Rotfrido

1971 3989 2288 4059 praeposito,
2322 4004 2421 4059 pro
2452 3984 2797 4042 correctione
2847 3984 2903 4053 [ί,
2948 3978 3316 4050 correptione]
3340 3979 3588 4034 Odelcal—

1975 4083 2022 4138 ci
2057 4081 2335 4145 monachi,
2365 4095 2528 4151 quem
2578 4076 2829 4131 audierat
2888 4071 3303 4127 inobedientem
3334 4070 3588 4137 existere,

1976 4177 2030 4225 et
2060 4170 2213 4224 duris
2264 4167 2533 4233 moribus,
2586 4180 2809 4235 suaeque
2866 4160 3168 4216 voluntatis
3198 4174 3319 4213 esse
3350 4159 3597 4228 pertina-

1978 4275 2120 4323 cem,
2151 4258 2288 4311 dans
2307 4254 2558 4325 exempla
2589 4268 2756 4309 sacrae
2787 4248 3149 4314 auctoritatis,
3180 4264 3301 4319 qua:
3327 4247 3405 4300 illi
3439 4247 3595 4319 lege-

259 4357 401 4410 lerat
431 4351 692 4417 Ecclesia,
726 4357 779 4403 et
807 4349 961 4403 alteri
992 4348 1316 4418 presbytero
1361 4364 1427 4400 ex
1489 4346 1597 4400 alio
1657 4347 2185 4434 episco-Drentur,
2246 4357 2305 4402 ut
2371 4363 2431 4401 se
2487 4345 2807 4416 corrigeret.
2872 4341 3227 4434 Gontarioet
3277 4339 3591 4434 Odelhardo

266 4456 397 4519 patu
423 4445 673 4500 eamdem
706 4444 1001 4498 Ecclesiam
1051 4440 1419 4495 commiserat.
1458 4440 1625 4503 Quem
1646 4438 1877 4508 presby-

262 4547 445 4594 terum
497 4533 952 4605 superinductum
1010 4527 1468 4594 excommunicat,
1533 4543 1601 4581 ne
1651 4525 1705 4579 in
1728 4525 1877 4580 omni

266 4627 528 4686 Remensi
561 4624 819 4696 parochia
857 4622 1079 4675 missam
1120 4620 1402 4673 celebrare
1434 4624 1745 4688 praesumat,
1778 4633 1878 4672 ne-

265 4735 376 4793 que
432 4714 879 4772 communionem
946 4708 1375 4764 ecclesiasticam
1457 4705 1708 4777 accipiat,
1770 4706 1877 4760 nisi

269 4808 412 4863 forte
468 4818 666 4857 munus
716 4801 997 4866 viaticum,
1054 4798 1235 4872 gravis
1289 4794 1638 4866 aegritudinis
1691 4810 1875 4857 causa,

270 4907 327 4956 et
368 4900 477 4953 hoc
498 4897 592 4959 ita,
625 4901 684 4948 ut
708 4908 833 4947 mox
882 4892 929 4945 si
968 4889 1325 4951 convaluerit,
1386 4888 1455 4941 de
1488 4887 1750 4957 parochia
1782 4888 1883 4941 ista

273 4988 516 5045 recedat.
546 4982 898 5038 Parochianis
942 4988 1126 5034 autem
1182 4976 1435 5032 Ecclesiae
1470 4977 1744 5045 praedictae
1776 4993 1880 5031 au-

274 5076 530 5133 ctoritate
571 5071 663 5125 Dei
721 5069 943 5141 praecipi
1004 5068 1184 5136 jubet,
1244 5073 1302 5119 ut
1347 5065 1552 5120 nullius
1576 5064 1883 5135 presbyteri

279 5169 503 5222 missam
530 5164 583 5218 in
611 5161 801 5216 eadem
835 5156 1068 5213 ecclesia
1098 5156 1342 5217 audiant,
1367 5154 1469 5207 nisi
1504 5153 1653 5206 illius
1684 5153 1886 5220 injuste

276 5256 493 5329 expulsi
548 5248 877 5323 presbyteri,
908 5248 1085 5301 donec
1145 5244 1320 5315 ipsius
1365 5258 1530 5297 causa
1557 5241 1883 5308 diffiniatur,

280 5348 386 5401 nisi
410 5346 552 5399 forte
584 5342 729 5395 idem
769 5337 1056 5409 presbyter
1082 5351 1178 5405 pro
1211 5333 1527 5388 infirmitate
1559 5332 1641 5385 eis
1670 5331 1887 5385 missam

280 5434 567 5490 celebrare
597 5445 706 5484 non
729 5425 988 5496 potuerit,
1020 5433 1074 5477 et
1105 5431 1318 5477 caetera.
1357 5421 1644 5473 Altmanno
1695 5434 1890 5473 mona-

278 5526 404 5588 cho,
439 5528 604 5592 atque
629 5515 973 5588 presbytero,
993 5528 1157 5582 quem
1181 5509 1369 5581 procul
1395 5507 1730 5564 obedientiae
1761 5523 1892 5561 cau—

279 5629 339 5668 sa
370 5612 664 5674 direxerat,
714 5619 814 5675 pro
865 5603 971 5667 his,
1011 5616 1133 5673 quae
1164 5600 1451 5655 invenerat
1473 5597 1529 5650 in
1560 5595 1890 5667 quibusdam

1980 4440 2495 4511 archipresbyteris,
2511 4436 2995 4493 commonitorium
3019 4433 3328 4488 ministerio
3349 4433 3591 4501 ipsorum

1979 4539 2167 4600 aptum
2200 4526 2467 4582 describit
2516 4526 2573 4579 in
2612 4523 2869 4595 capitulis
2915 4522 3201 4577 tredecim.
3253 4522 3588 4575 Gontramno

1984 4624 2041 4695 [17,
2075 4621 2427 4690 Guntramne]
2487 4617 2802 4689 praeposito,
2856 4631 2954 4686 pro
3003 4614 3219 4669 famulis
3272 4611 3591 4668 monasterii

1979 4712 2083 4767 sibi
2114 4710 2415 4776 commissi,
2446 4708 2541 4780 qui
2572 4722 2700 4761 suas
2751 4704 3006 4769 terrulas,
3048 4712 3104 4757 et
3132 4702 3321 4757 debita
3352 4700 3455 4755 sibi
3492 4700 3595 4753 sti-

1980 4799 2574 4876 pendiaquerebantur
2616 4793 2819 4850 auferri
2864 4793 2931 4847 ab
2983 4807 3071 4857 eo,
3122 4791 3271 4861 quod
3312 4786 3593 4843 emendari

1984 4899 2289 4953 secundum
2329 4894 2474 4966 quod
2527 4892 2735 4960 justum
2805 4887 2990 4953 fuerit,
3040 4883 3596 4953 jubet.Gothescalco

1985 4990 2278 5051 monacho,
2310 4985 2405 5057 qui
2437 4992 2553 5038 erat
2574 4982 2861 5052 prolapsus
2890 4979 2943 5032 in
2968 4977 3243 5042 haeresim,
3271 4976 3339 5029 de
3370 4974 3598 5044 quibus—

1987 5082 2111 5136 dam
2144 5077 2434 5135 sententiis
2459 5082 2763 5136 auctorum,
2797 5087 2934 5142 quas
2964 5070 3058 5123 ille
3089 5084 3198 5123 non
3232 5066 3377 5121 bene
3399 5065 3599 5119 intelli-

1988 5172 2173 5247 gebat,
2219 5169 2305 5224 vel
2358 5165 2687 5237 exponebat,
2738 5163 2974 5217 maxime
3033 5158 3307 5230 Prosperi,
3366 5172 3595 5227 quarum

1988 5278 2209 5319 sensum
2236 5275 2335 5330 per
2360 5256 2661 5312 sententias
2686 5254 2965 5324 praecipue
3003 5251 3150 5305 beati
3183 5248 3468 5324 Augustini
3502 5263 3599 5302 ex-

1989 5354 2164 5426 ponit,
2190 5358 2244 5405 et
2271 5357 2498 5404 caeteros
2528 5346 2758 5401 idoneos
2789 5343 3051 5413 preponit
3083 5348 3253 5397 testes
3283 5337 3598 5426 apostolicae

1992 5423 2121 5495 fidei
2151 5439 2431 5494 doctores:
2465 5449 2699 5505 quorum
2753 5430 3091 5501 sequendam
3122 5429 3176 5482 in
3209 5427 3469 5482 omnibus
3499 5423 3602 5478 ad—

1990 5535 2181 5584 monet
2209 5540 2327 5581 esse
2349 5522 2681 5589 doctrinam,
2700 5520 3053 5589 ostenditque
3076 5516 3408 5573 testimoniis
3430 5512 3604 5569 mani-

1992 5614 2164 5679 festis,
2197 5614 2367 5669 Deum
2401 5618 2457 5665 et
2508 5609 2654 5666 bona
2700 5606 2956 5678 praescire
3011 5612 3064 5660 et
3123 5606 3286 5669 mala,
3334 5604 3429 5659 sed
3459 5599 3603 5656 mala
