3970 6218
404 251 508 375 t259

1527 242 1886 297 FLODOARD]
1931 240 2231 296 CANONlCl
2285 243 2617 297 REMENSIS

3630 251 3740 306 260

420 400 607 446 antum
643 389 918 460 praescire,
956 387 1102 441 bona
1124 401 1254 440 vero
1282 393 1335 438 et
1369 383 1621 455 praiscire
1663 383 2019 454 etprzedesti-
2049 387 2099 454 Α
2123 400 2221 438 nes
2243 385 2311 438 ab
2369 387 2519 440 omni
2569 387 2947 456 perversitatis
2995 387 3186 442 fraude
3217 376 3444 460 seipsos'
3486 393 3540 446 in
3576 408 3739 447 exse-

403 499 556 538 nare.
596 481 747 536 Unde
773 478 1115 550 praescientia
1141 493 1261 530 esse
1291 483 1470 546 potest
1489 477 1611 529 sine
1651 475 2012 545 praedestina-

405 571 556 625 tionc
602 589 618 622 :
673 567 1083 638 pratdestinatio
1126 572 1306 618 autem
1363 580 1474 618 non
1518 571 1839 633 potestesse
1892 563 2012 617 sine

404 659 768 731 praascientia,
799 667 853 711 et
875 657 1005 726 quia
1056 656 1233 710 bonos
1273 655 1548 725 praéscivit
1575 664 1628 707 et
1653 653 2013 723 praedestina-

404 754 482 807 vit
507 753 574 806 ad
599 766 830 825 regnum
858 767 871 814 ;
903 749 1074 802 malos
1103 755 1286 801 autem
1321 747 1594 816 przcscivit
1639 753 1870 808 tantum,
1900 760 2011 798 non

404 839 835 912 praedestinavit,
871 852 972 890 nec
999 843 1058 890 ut
1084 835 1328 904 perirent
1359 850 1459 887 sua
1485 833 1830 903 przescientia
1862 847 2015 886 com-

403 929 559 999 pulit.
596 927 694 982 Ubi
722 924 1041 979 diffinitioni
1073 923 1424 978 subscribere
1458 923 1604 976 idem
1627 922 2014 976 Gotbescalcus

405 1019 842 1092 pertinacissime
875 1015 1164 1070 recusavit.
1194 1015 1423 1084 Scripsit
1446 1029 1665 1084 quoque
1695 1013 1838 1066 idem
1863 1013 2014 1066 dom-

403 1129 505 1167 nus
535 1112 857 1165 Hincmarus
895 1108 960 1161 ad
1008 1107 1307 1162 monachos
1337 1104 1728 1161 Altvillarensis
1748 1102 2011 1166 ctcnobii,

405 1218 501 1272 pro
533 1202 728 1255 eodem
761 1198 1140 1262 Gothescalco,
1190 1204 1248 1251 ut
1274 1197 1319 1250 si
1347 1213 1407 1250 se
1439 1201 1880 1269 recognosceret,
1910 1207 2011 1246 an—

404 1297 623 1359 tequam
645 1287 831 1342 anima
865 1287 1012 1339 illius
1049 1285 1406 1356 egrederetur
1450 1285 1519 1338 de
1550 1297 1798 1352 corpore,
1825 1289 1878 1335 et
1899 1280 2013 1350 spi-

403 1379 618 1433 ritalem
644 1387 698 1432 et
721 1377 1064 1448 corporalem
1120 1376 1516 1430 humanitatem
1573 1372 1903 1427 exhiberent
1932 1369 2009 1424 illi

403 1471 703 1526 ostendens
759 1471 1138 1526 auctoritatem
1218 1469 1642 1523 ecclesiasticam
1702 1482 1767 1519 ex
1828 1463 2014 1518 verbis

402 1563 830 1617 orthodoxorum
890 1578 1059 1631 super
1115 1560 1428 1627 hujusmodi
1497 1555 2010 1612 excommunicatis.

401 1650 674 1722 Amalgiso
706 1659 760 1702 et
791 1648 1060 1720 Ragberto
1083 1645 1339 1700 ﬁdelibus
1366 1646 1502 1711 suis,
1531 1661 1627 1714 pro
1648 1644 1812 1698 rebus
1835 1641 2014 1695 Eccle-

403 1738 496 1791 siae
529 1752 642 1790 sua:
671 1737 725 1790 in
758 1737 1046 1806 Aquitania
1096 1735 1237 1799 sitis,
1287 1750 1384 1804 pro
1439 1733 1643 1804 quibus
1671 1729 2012 1804 Regimundo

405 1826 612 1879 litteras
659 1825 880 1878 miserat
942 1824 1248 1893 deprecans
1304 1831 1361 1876 ut
1415 1821 1621 1877 eisdem
1675 1819 1856 1873 missis
1899 1817 2014 1871 suis

406 1917 735 1988 adjutorium
761 1931 859 1986 pro
888 1916 1053 1969 rebus
1073 1915 1209 1984 ipsis
1237 1913 1620 1968 evindicandis
1644 1910 2011 1980 impenderet,

403 2009 761 2078 prwcipitque
795 2007 931 2073 lSllS,
960 2014 1018 2060 ut
1045 2006 1262 2059 easdem
1289 2022 1381 2059 rex
1406 2021 1468 2059 ex
1488 2005 1704 2078 integro
1721 2000 2008 2070 recipiant,

402 2109 456 2153 et
482 2099 725 2153 habeant
745 2099 796 2152 in
829 2114 928 2151 sua
982 2097 1346 2168 providentia.
1395 2097 1552 2150 Petro
1585 2093 1732 2148 fideli
1760 2107 1882 2157 suo,
1911 2105 2010 2161 pro

402 2187 566 2241 rebus
613 2189 665 2240 in
727 2187 1008 2257 provincia
1058 2185 1510 2250 consistentibus,
1546 2183 1766 2238 mittens
1792 2181 1857 2234 ad
1882 2195 2008 2234 eum

399 2283 664 2352 quosdam
708 2283 923 2347 fratres,
977 2281 1071 2352 qui
1121 2297 1243 2336 cum
1303 2281 1480 2350 ipsius
1509 2278 1739 2333 consilio
1768 2276 1836 2330 de
1872 2273 2011 2328 fide-

400 2370 549 2424 litate
576 2388 673 2424 sua
699 2378 751 2425 et
772 2371 1005 2425 utilitate
1037 2385 1215 2423 rerum
1242 2375 1557 2431 tractarent,
1580 2375 1633 2420 et
1664 2381 1750 2419 res
1782 2365 1928 2434 ipsas
1947 2379 2009 2416 ac

400 2461 666 2527 redditus,
690 2470 855 2531 atque
889 2460 1170 2514 facultates
1217 2461 1462 2529 ipsarum
1510 2458 1888 2526 disponerent.
1948 2454 2007 2507 Et

394 2552 523 2622 quia
550 2552 973 2622 audierat,quod
997 2552 1246 2621 quaedam
1267 2551 1387 2604 sine
1405 2549 1635 2603 consilio
1659 2547 1837 2617 ipsius
1860 2544 2004 2599 Petri

399 2641 598 2695 exinde
630 2639 769 2693 facta
787 2639 1041 2704 fuissent,
1069 2639 1225 2708 quasi
1251 2653 1314 2691 ex
1336 2639 1456 2706 ejus
1485 2635 1829 2698 auctoritate,
1849 2649 2008 2688 excu-

397 2741 479 2787 sat
517 2749 576 2788 se
607 2748 716 2786 non
736 2732 790 2785 id
813 2732 1060 2801 jussisse,
1090 2747 1194 2786 nec
1229 2731 1470 2785 voluisse
1499 2750 1514 2784 :
1541 2729 1808 2784 mandans
1829 2727 1880 2781 ei
1909 2743 2006 2796 per

395 2821 654 2891 capitula,
674 2819 910 2890 qualiter
941 2817 1160 2873 easdem
1177 2835 1265 2873 res
1279 2818 1497 2888 disponi
1521 2816 1796 2881 volebant,
1817 2825 2002 2885 etquae

396 2928 646 2982 personae
672 2912 740 2966 ab
774 2911 908 2981 ipsis
975 2910 1157 2978 rebus,
1204 2919 1258 2966 et
1297 2912 1363 2965 de
1432 2911 1634 2982 quibus
1661 2908 1806 2964 villis
1837 2909 1902 2962 ad
1943 2923 2001 2962 se

393 3001 582 3054 venire
609 3000 894 3053 deberent.
960 2998 1198 3053 Evrardo
1243 2999 1448 3054 sororis
1506 3015 1618 3052 sure
1648 2997 2002 3072 Hildegandis

395 3092 509 3148 filio
540 3093 624 3146 vel
654 3108 882 3166 genero,
916 3092 1135 3147 instruit
1164 3092 1370 3163 scripto
1396 3092 1630 3164 qualiter
1658 3108 1788 3164 erga
1819 3091 2003 3146 Ludo-

397 3184 576 3239 vicum
633 3181 816 3256 regem
863 3185 1368 3238 Transrhenensem
1429 3201 1489 3238 se
1518 3199 1714 3258 gerere
1754 3183 2002 3248 deberet,

397 3293 468 3330 ne
497 3291 656 3330 suum
697 3276 936 3343 alodem,
971 3293 1135 3347 quem
1179 3277 1233 3330 in
1265 3277 1607 3332 Allemannia
1644 3275 1906 3340 habebat,
1935 3276 2004 3329 ab

397 3381 463 3419 eo
495 3365 755 3430 auferret,
799 3382 900 3436 pro
967 3381 1033 3420 eo
1075 3367 1224 3437 quod
1280 3367 1454 3438 ipsius
1517 3368 1822 3422 dominium
1855 3367 2001 3421 idem

400 3459 668 3513 Evrardus
697 3459 994 3514 dimiserat.
1052 3459 1155 3513 Pro
1199 3475 1308 3530 quo
1362 3461 1523 3515 etiam
1558 3459 1797 3530 pmfataz
1827 3459 2002 3514 sorori

395 3567 508 3605 suae
535 3553 746 3621 scribit,
779 3559 975 3622 petens
996 3559 1056 3607 ut
1087 3553 1232 3607 illius
1261 3552 1525 3608 domnum
1581 3553 1883 3623 prudenter
1910 3567 2000 3606 or-

395 3645 736 3716 dinetatque
780 3646 1058 3716 disponat.
1121 3646 1358 3700 Plebeiis
1415 3662 1635 3717 quoque
1667 3645 1998 3717 quibusdam

392 3733 664 3803 personis,
690 3734 937 3787 villarum
996 3733 1208 3788 scilicet
1253 3734 1725 3799 ministerialibus,
1783 3749 1880 3804 pro
1910 3749 2001 3788 re-

391 3819 495 3873 bus
523 3820 956 3876 ministeriorum
1003 3837 1227 3876 suorum
1287 3837 1684 3892 nonnunquam
1724 3822 1997 3890 scribens,

391 3913 694 3984 prudenter
739 3922 905 3986 atque
948 3915 1348 3970 rationabiliter
1381 3915 1733 3986 disponebat,
1765 3916 2000 3987 qualiter

391 4019 479 4058 res
504 4003 612 4058 sibi
670 4003 990 4059 commissas
1038 4011 1270 4059 tractare
1318 4005 1608 4060 deberent.
1661 4005 1999 4060 Generaliter

387 4094 550 4149 etiam
583 4110 776 4150 omnes
813 4094 919 4148 sibi
952 4095 1274 4150 commissos
1329 4099 1438 4151 tam
1471 4096 1678 4163 verbis,
1708 4111 1871 4167 quam
1903 4097 1997 4150 lit-

388 4188 520 4242 teris
541 4188 839 4254 instruens,
865 4187 1132 4243 edocebat
1161 4189 1399 4260 qualiter
1445 4189 1612 4256 juste,
1641 4189 1731 4260 pie
1763 4196 1816 4244 et
1846 4195 1994 4245 caste

386 4279 654 4343 viverent,
715 4295 875 4350 quam
941 4286 1255 4334 reverenter
1309 4287 1473 4351 atque
1531 4280 1728 4335 devote
1781 4279 1994 4348 jejunia

386 4368 686 4423 constituta
706 4374 1050 4423 tractarent:
1108 4383 1205 4439 pro
1236 4369 1322 4423 his
1377 4369 1472 4440 qui
1521 4368 1813 4437 obiissent,
1880 4378 1990 4424 tam

385 4457 680 4529 episcopis,
713 4475 875 4530 quam
907 4459 1026 4513 aliis
1053 4458 1481 4530 quibuscunque
1510 4460 1784 4530 personis,
1817 4461 1994 4531 quali-

385 4556 468 4603 ter
497 4549 710 4604 Domini
780 4551 1128 4605 clementiam
1172 4559 1480 4616 exorarent,
1543 4557 1597 4606 et
1635 4558 1693 4606 ut
1749 4567 1996 4622 personae

386 4636 496 4692 Deo
527 4637 744 4706 placitae
800 4638 854 4691 in
907 4637 1233 4694 vacantibus
1285 4639 1623 4710 eligerentur
1675 4639 1993 4710 episcopiis,

382 4731 489 4779 tam
541 4725 767 4794 jejuniis
795 4743 957 4797 quam
1018 4726 1362 4782 orationibus
1410 4728 1697 4782 Dominum
1749 4730 1996 4799 postula—

382 4821 522 4868 rent.
570 4814 626 4868 ln
651 4815 882 4869 diversis
911 4831 1134 4888 quoque
1183 4817 1409 4888 synodis
1434 4817 1675 4887 capitula
1707 4819 1990 4884 nonnulla,

380 4913 435 4959 et
473 4904 633 4960 valde
675 4906 832 4960 utilia
871 4907 1066 4974 edidit,
1123 4907 1351 4978 suisque
1399 4908 1668 4962 servanda
1695 4909 1867 4964 dedit.
1904 4911 1992 4964 Di-

379 4993 559 5048 versis
601 5009 704 5049 nec
734 5010 844 5048 non
877 4995 1138 5050 Ecclesiis
1180 5011 1291 5051 sua
1321 4995 1651 5064 diteceseos,
1685 4998 1922 5053 maxime
1942 4999 1988 5053 si

378 5081 702 5156 contigisset
732 5083 1046 5153 pastoribus
1069 5082 1302 5151 viduari,
1347 5085 1715 5140 consolatorie
1746 5086 1990 5159 dirigens

376 5172 600 5242 scripta,
645 5173 884 5245 qualiter
912 5191 944 5229 a
977 5175 1088 5230 Deo
1125 5175 1358 5245 primum
1391 5177 1708 5245 hujusmodi
1741 5182 1988 5237 solamen

379 5265 743 5334 requirerent,
798 5265 1153 5321 instruebat:
1211 5269 1448 5338 qualiter
1506 5270 1670 5325 etiam
1701 5277 1988 5330 aterrenis

377 5351 721 5422 principibus
749 5352 976 5408 liberam
1021 5355 1128 5408 sibi
1172 5356 1400 5411 concedi
1421 5368 1732 5427 qurererent
1761 5364 1988 5419 electio-

377 5455 525 5502 nem,
557 5447 693 5494 etut
719 5441 1078 5510 impetrarent
1117 5449 1224 5498 tam
1260 5461 1358 5514 per
1388 5446 1654 5517 seipsum,
1687 5467 1849 5522 quam
1885 5469 1985 5523 per

374 5527 588 5581 litteras
614 5537 666 5584 et
710 5531 922 5604 legatos
968 5547 1096 5586 suos
1141 5533 1426 5591 elaborare
1474 5538 1752 5596 studebat.
1795 5544 1979 5614 Impe-

373 5621 665 5671 tratavero
713 5618 949 5686 qualiter
999 5629 1336 5684 exercerent,
1387 5630 1439 5678 et
1470 5627 1749 5692 quomodo
1773 5629 1980 5686 immu-

2016 4418 2076 4487 D

2121 477 2347 546 quendo
2379 478 2741 545 custodirent,
2785 480 2911 534 data
2942 479 3115 535 forma
3147 481 3439 536 electionis
3470 483 3738 538 edorcere

2113 567 2356 627 curabat,
2419 568 2485 621 ad
2538 566 2742 620 nullam
2797 567 3114 636 specialiter
3163 569 3481 635 intendens,
3538 588 3738 642 perso-

2115 675 2236 712 nam
2262 676 2276 721 ;
2309 659 2406 712 sed
2429 674 2550 729 qua:
2581 659 2934 713 concorditer
2963 659 3031 713 ab
3064 660 3343 724 omnibus,
3372 661 3456 715 vel
3522 661 3734 716 utiliter

2113 766 2143 803 a
2174 750 2427 820 pluribus
2448 765 2510 804 ac
2539 750 2865 805 melioribus
2896 752 3214 826 eligeretur,
3248 753 3569 809 attendens.

2702 856 2912 910 CAPUT
2952 857 3128 910 XXIX.

2114 945 2187 996 De
2210 943 2348 999 libro
2374 946 2514 999 edito
2543 962 2577 999 a
2605 961 2658 999 se
2677 947 2913 1015 qualiter
2933 947 3148 1000 Domini
3171 946 3254 999 vel
3282 950 3594 1000 sanctorum
3620 948 3734 1001 sint

2529 1019 2793 1084 imagines
2821 1016 3159 1080 venerandae,
3189 1024 3294 1070 etc.

2186 1101 2413 1172 Scripsit
2459 1104 2622 1157 etiam
2672 1103 2871 1157 librum
2949 1103 3327 1176 ﬂagitantibus
3375 1104 3732 1175 coepisc0pis

2116 1192 2378 1246 fratribus
2406 1194 2540 1260 suis,
2583 1195 2818 1265 qualiter
2863 1194 3133 1266 imagines
3189 1194 3488 1249 Salvatoris
3535 1197 3729 1260 nostri,

2114 1284 2199 1338 vel
2229 1293 2540 1340 sanctorum
2598 1287 2772 1357 ipsius
2825 1286 3152 1342 venerandae
3192 1286 3325 1350 sint,
3355 1302 3479 1339 cum
3504 1287 3732 1359 epilogo

2113 1377 2351 1446 quodam
2382 1379 2609 1433 metrice
2633 1379 2866 1451 digesto.
2889 1377 3207 1448 Respondet
3229 1391 3450 1448 quoque
3472 1378 3540 1430 ad
3560 1378 3734 1432 inter-

2117 1464 2429 1536 rogationes
2457 1467 2741 1534 cujusdam
2768 1484 2779 1519 :
2813 1482 2911 1521 cur
2940 1474 3200 1536 apostataa
3231 1465 3515 1535 baptizati,
3541 1473 3599 1519 et
3623 1465 3729 1518 im-

2117 1555 2392 1625 positione
2421 1573 2613 1610 manus
2653 1557 2982 1628 episc0palis
3033 1556 3361 1629 consignati.
3396 1563 3551 1609 extra
3577 1556 3729 1610 ordi-

2116 1663 2240 1699 nem
2273 1647 2533 1714 diaconii,
2566 1648 2652 1703 vel
2682 1648 3008 1719 presbyterii
3037 1648 3104 1701 ad
3133 1647 3402 1721 agendam
3437 1647 3729 1716 pmniten-

2117 1734 2244 1788 tiam
2267 1752 2462 1789 manus
2514 1737 2924 1808 impositionem
2967 1736 3264 1806 accipiunt.
3295 1735 3497 1789 Scribit
3537 1742 3592 1788 et
3613 1736 3732 1788 cui-

2113 1826 2236 1880 dam
2268 1828 2686 1899 archiepiscopo
2709 1829 2776 1882 de
2790 1827 3336 1898 przecipuistractans
3361 1817 3730 1880 sacramentis

2114 1920 2365 1975 humanae
2387 1921 2598 1975 salutis.
2619 1923 2750 1976 item
2764 1921 2980 1975 cuidam
2995 1921 3282 1990 episcopo,
3306 1919 3372 1973 ad
3390 1918 3732 1991 interrogata

2111 2008 2284 2078 ipsius
2322 2011 2666 2080 respondens
2722 2010 2790 2064 de
2841 2008 3285 2065 ordinationibus
3309 2009 3728 2078 episcoporum,

2110 2101 2195 2153 vel
2227 2101 2681 2156 translationibus
2737 2102 2804 2156 de
2860 2101 3078 2156 civitate
3118 2100 3186 2154 ad
3218 2100 3494 2154 civitatem
3532 2119 3544 2153 :
3581 2101 3729 2154 etde

2108 2192 2339 2248 Actardo
2393 2193 2745 2248 Namnetensi
2795 2192 3075 2262 episcopo,
3108 2192 3200 2264 qui
3232 2191 3493 2262 expulsus
3527 2208 3558 2244 a
3587 2208 3728 2262 quo-

2110 2285 2233 2338 dam
2265 2285 2545 2340 Britonum
2576 2285 2735 2349 duce,
2792 2285 2845 2338 in
2895 2293 3123 2339 vacante
3149 2283 3445 2339 Morinensi
3481 2283 3727 2337 Ecclesia

2108 2375 2428 2445 aliquandiu
2460 2375 3036 2444 demoratus,petente
3062 2373 3286 2428 cleroac
3318 2372 3483 2443 plebe
3498 2373 3728 2443 provin-

2106 2464 2203 2518 ciae
2223 2463 2578 2527 Turonensis,
2599 2471 2652 2517 et
2669 2461 3136 2517 convenientibus
3148 2461 3513 2532 epiSCOpis,in
3529 2461 3725 2514 eadem

2108 2553 2399 2622 metr0poli
2431 2551 2532 2606 fuit
2563 2551 2957 2605 incardinatus.
2998 2551 3130 2604 Item
3172 2549 3385 2604 cuidam
3445 2550 3623 2614 fratri,
3655 2549 3724 2604 de

2110 2642 2356 2705 homine,
2389 2640 2482 2710 qui
2525 2655 2647 2695 cum
2679 2639 2911 2710 quadam
2948 2638 3151 2692 femina
3187 2637 3510 2696 concubuit.
3543 2647 3600 2692 et
3629 2653 3728 2707 po-

2107 2741 2223 2786 stea
2252 2746 2494 2786 sororem
2515 2730 2756 2800 ipsnusiu
2784 2729 3102 2800 conjugium
3117 2727 3290 2781 duxit.
3325 2727 3529 2781 Scribit
3555 2728 3723 2782 etiam

2107 2827 2308 2888 (supra,
2339 2835 2463 2888 cap.
2485 2818 2570 2888 21)
2601 2817 2912 2891 apologiam
2930 2833 3028 2887 pro
3041 2831 3122 2882 se,
3147 2817 3368 2870 cunctis
3389 2832 3511 2870 eam
3538 2816 3723 2888 legere

2104 2910 2423 2964 volentibus
2453 2917 2644 2964 contra
2665 2923 2759 2963 eos
2781 2908 2876 2978 qui
2897 2907 3216 2961 calumniati
3245 2907 3546 2971 suptillum
3576 2908 3722 2977 apud

2103 3002 2371 3057 Joannem
2405 3017 2624 3070 papam,
2653 3000 2745 3070 qui
2796 2999 3067 3069 synodum
3102 2997 3293 3052 habuit
3351 2998 3634 3068 Trecas(i,
3675 3000 3720 3052 1.

2103 3094 2325 3162 Trecis),
2359 3109 2388 3146 a
2410 3106 2518 3163 quo
2535 3098 2589 3146 et
2617 3090 3016 3162 benigneidem
3067 3089 3267 3160 praesul
3289 3089 3721 3160 suscipiebatur,

2107 3185 2311 3256 quibus
2335 3192 2390 3238 et
2429 3184 2483 3236 in
2517 3182 2728 3252 synodo
2786 3191 2916 3236 tunc
2951 3181 3238 3251 respondit
3295 3196 3396 3251 pro
3447 3190 3720 3252 tempore,

2106 3274 2457 3345 postmodum
2490 3289 2618 3327 vero
2677 3287 2938 3326 excusare
2970 3287 3028 3325 se
3060 3271 3260 3324 litteris
3305 3287 3416 3325 non
3460 3272 3720 3345 neglexit,

2107 3381 2361 3420 asserens
2390 3380 2448 3418 se
2473 3363 2780 3418 decretales
2800 3363 3067 3432 epistolas
3099 3360 3418 3431 pontiﬁcum
3450 3363 3724 3416 Romano-

2105 3477 2224 3515 rum
2256 3457 2650 3514 venerabiliter
2697 3456 2982 3526 suscipere
3014 3461 3176 3525 atque
3222 3462 3438 3521 tenere,
3470 3471 3595 3510 cum
3629 3473 3723 3511 ca—

2103 3549 2505 3603 lumniarentur
2537 3547 2766 3612 inimici,
2799 3547 2898 3599 has
2929 3561 3052 3600 eum
3077 3546 3225 3600 nolle
3248 3546 3314 3599 ad
3331 3546 3715 3601 auctoritatem

2103 3638 2370 3708 recipere.
2407 3638 2538 3690 ltem
2558 3637 2626 3690 de
2677 3635 2894 3689 Nicaana
2922 3633 3156 3704 synodo,
3191 3641 3247 3688 et
3275 3634 3345 3688 de
3377 3635 3716 3703 abjectione,

2099 3731 2184 3785 vel
2217 3729 2563 3785 restitutione
2620 3728 2896 3782 Hincmari
2931 3727 3312 3782 Laudunensis
3343 3728 3614 3800 episcOpi.
3649 3730 3719 3784 De

2102 3823 2205 3878 hoc
2232 3837 2454 3895 quoque
2502 3822 2648 3892 quod
2715 3820 3192 3876 calumniabantur
3220 3836 3346 3874 eum
3387 3821 3578 3876 dicere
3608 3837 3715 3876 non

2099 3915 2326 3983 majoris
2347 3913 2633 3986 dignitatis
2663 3927 2785 3968 esse
2816 3929 3012 3982 papam
3046 3913 3374 3977 Romanum,
3397 3929 3564 3984 quam
3598 3916 3713 3969 exi-

2101 4009 2272 4059 steret
2300 4003 2438 4074 ipse.
2463 4001 2570 4056 Sed
2602 4009 2656 4056 et
2685 4001 2754 4054 de
2784 4000 3173 4066 Karlomanno,
3203 4009 3260 4056 et
3288 4000 3414 4054 aliis
3446 4001 3714 4057 conviciis

2098 4097 2205 4153 sibi
2239 4113 2340 4167 per
2368 4095 2701 4150 calumniam
2729 4093 2916 4158 illatis,
2946 4094 3016 4148 de
3037 4093 3242 4166 quibus
3255 4093 3380 4148 eum
3396 4095 3605 4149 veritas
3624 4111 3713 4148 ex-

2098 4182 2396 4238 cusabilem
2429 4181 2690 4237 reddidit.
2711 4182 2940 4252 Scripsit
2968 4188 3234 4252 praeterea
3266 4182 3445 4252 plura,
3499 4183 3568 4237 ad
3595 4200 3712 4254 qua?

2099 4289 2201 4330 nos
2228 4274 2604 4330 enumeranda
2626 4272 2880 4329 sufficere
2899 4288 3008 4327 non
3041 4280 3319 4343 putamus.

2700 4398 2908 4455 CAPUT
2945 4399 3096 4454 XXX.

2096 4494 2171 4546 De
2195 4490 2549 4545 translatione
2583 4489 2820 4557 corporis
2863 4491 3038 4542 sancti
3061 4488 3295 4555 Remigii
3314 4504 3348 4541 a
3384 4491 3712 4544 monasterio

2382 4561 2575 4628 ipsius,
2604 4563 2654 4612 et
2681 4559 2830 4613 obitu
2866 4561 3152 4613 Hincmari
3170 4561 3424 4628 episcopi.

2169 4649 2621 4704 Excrescentibus
2646 4649 2864 4704 tandem
2909 4649 3148 4720 ﬂagitiis,
3182 4658 3374 4704 contra
3395 4667 3520 4720 quse
3545 4650 3710 4704 veluti

2097 4754 2282 4792 murus
2323 4737 2771 4812 inexpugnabilis
2788 4753 3010 4807 semper
3038 4737 3349 4802 obstiterat,
3383 4753 3522 4809 gens
3552 4739 3710 4794 Nort-

2094 4841 2418 4881 mannorum
2452 4841 2551 4895 per
2576 4840 2741 4879 omne
2774 4825 3102 4880 Francorum
3119 4823 3452 4880 diffunditur
3474 4842 3709 4900 regnum

2094 4919 2396 4990 (Amomus,
2429 4919 2524 4973 lib.
2557 4935 2609 4984 v,
2629 4933 2675 4972 ο.
2698 4917 2807 4986 41).
2843 4918 2901 4972 Et
2930 4917 3191 4988 quoniam
3219 4917 3416 4973 civitas
3435 4919 3557 4974 haec
3581 4926 3711 4973 tunc

2091 5011 2302 5082 absque
2340 5027 2496 5066 muro
2563 5010 2936 5075 habitabatur,
2969 5012 3249 5081 accipiens
3281 5012 3377 5066 ille
3410 5014 3562 5084 quod
3603 5012 3708 5065 sibi

2089 5099 2310 5156 charius
2331 5099 2385 5153 in
2414 5099 2688 5154 thesauris
2727 5099 2989 5165 habebat,
3022 5115 3224 5170 corpus
3255 5100 3516 5156 videlicet
3563 5101 3704 5155 beati

2089 5188 2348 5259 Remigii,
2377 5188 2647 5242 silvestria
2677 5188 2797 5243 loca
2828 5194 2979 5242 trans
3019 5187 3246 5242 ﬂuvium
3266 5188 3574 5244 Matronam
3606 5206 3707 5244 ex-

2088 5278 2266 5350 petiit,
2299 5285 2353 5331 et
2381 5277 2527 5346 apud
2578 5276 2762 5331 villam
2794 5276 3127 5347 Sparnacum
3157 5277 3304 5331 idem
3337 5293 3556 5331 sacrum
3589 5293 3709 5331 cor-

2091 5382 2194 5438 pus
2213 5366 2532 5436 aliquandiu
2565 5364 2874 5420 custodivit.
2912 5364 3160 5434 Denique
3191 5365 3320 5419 dum
3351 5365 3560 5420 ibidem
3586 5381 3704 5419 mo-

2089 5462 2322 5521 raretur,
2346 5455 2490 5524 apud
2521 5455 2770 5510 eamdem
2807 5454 2993 5508 villam
3026 5454 3172 5508 diem
3204 5454 3404 5508 clausit
3431 5454 3702 5518 ultimum,

2084 5544 2452 5615 cujuscorpus
2469 5546 2537 5600 ad
2571 5546 2966 5600 monasterium
2996 5544 3169 5599 sancti
3189 5544 3422 5617 Remigii
3454 5547 3703 5606 relatum,

2086 5635 2478 5704 etpostipsius
2504 5637 2680 5692 sancti
2712 5637 2982 5692 tumulum
3009 5636 3066 5690 in
3097 5635 3378 5706 sepulcro,
3409 5638 3558 5706 quod
3590 5637 3704 5705 ipse
