3970 6218
170 207 274 261 261

171 343 282 396 sibi
315 351 735 413 praeparaverat,
791 352 876 398 est
913 344 1210 414 sepultum.
1257 343 1419 413 Cujus
1453 345 1791 416 epitaphium
1821 357 1868 425 Α

174 431 243 483 ab
279 446 347 485 eo
371 430 631 484 dictatum
663 431 902 485 habetur
932 433 1264 503 bujusmodi.

239 521 453 570 Nomine
475 537 572 569 non
603 523 791 578 merito,
819 523 996 584 praesul
1030 523 1339 578 Hincmarus,
1364 522 1425 570 ab
1451 531 1594 572 antro

306 584 392 640 'l‘e,
433 584 596 641 lector,
623 585 772 640 tituli,
801 599 983 647 quaeso,
1007 593 1252 647 memento
1275 586 1387 632 mei.

240 647 401 710 Quem
427 662 565 708 grege
597 646 844 710 pastorem
876 646 1076 710 proprio
1103 647 1364 710 Dyonisius
1379 647 1500 696 olim

308 713 575 780 Bemorum
605 709 824 780 populis,
863 709 1316 780 utpetierehdcdit.

238 774 458 836 Quisque
485 770 690 836 humilis
716 784 909 836 magnae
932 770 1190 836 Bernensis
1204 770 1426 832 regmina
1454 771 1612 834 plebis

312 833 428 896 Regi
461 849 550 905 pro
575 833 792 903 modulo,
825 833 902 880 hic
930 833 1075 880 modo
1097 847 1263 880 verme
1297 847 1456 881 voror.

245 901 374 962 Ergo
389 895 582 946 anima}
607 895 826 958 requiem
847 909 994 950 nunc,
1023 903 1070 943 ct
1101 909 1211 943 cum
1248 909 1393 942 carne
1417 902 1686 957 resumpta,

833 205 1158 260 lllSTORl/E
1198 206 1526 261 ECCLESIIE
1565 207 1890 264 REMENSIS
1931 209 2105 265 LIBRI
2146 211 2470 276 QUATUOR.
2497 243 2566 252 —
2605 213 2729 268 LIB.
2756 215 2818 268 IV

3395 225 3502 280 262

2015 346 2206 418 Gaudia
2235 347 2381 418 plena
2405 348 2533 418 mihi
2549 349 2876 418 haecnquoque
2914 367 3056 418 posce
3085 355 3252 406 simul.

1955 407 2162 462 Christe,
2184 407 2252 457 tui
2274 410 2488 458 clemens
2513 411 2684 459 famuli
2699 407 2939 463 miserere
2972 416 3130 466 ﬁdelis
3152 435 3162 465 :

2019 469 2094 518 Sis
2109 471 2193 532 pia
2219 472 2391 520 cultori
2415 481 2582 521 sancta
2605 473 2758 522 Maria
2793 485 2892 524 tuo.

1959 531 2124 600 Dulcis
2146 533 2573 600 Remigiisibimet
2603 535 2800 585 devotio
2827 539 2996 600 prosit.

2019 594 2122 652 Qua
2152 603 2196 658 te
2219 595 2393 643 dilexit
2415 605 2624 658 pectore,
2658 607 2705 646 et
2734 594 2842 655 ore,
2871 615 3040 649 manu.

1957 655 2121 724 Quare.
2151 656 2228 704 hic
2261 655 2497 724 suppetiit
2518 661 2725 724 supplex
2749 676 2838 712 sua
2861 664 3083 712 membra
3110 664 3276 724 locari,

2026 716 2086 765 Ut
2110 717 2233 767 bene
2253 716 2813 785 com—placuitfdenique
2837 725 2904 771 sic
2926 725 3065 774 obiit.

1903 834 2057 907 Annn‘o
2070 834 2339 907 Dominicis
2359 837 2717 907 incarnationis
2734 842 2826 889 882
2851 858 2862 901 ;
2898 843 3223 907 Episcopatus
3244 855 3407 896 autem
3435 849 3511 897 sui

1966 897 2043 953 32,
2078 913 2261 957 mense,
2294 900 2320 948 7
2351 908 2399 948 et
2427 901 2507 948 die
2543 911 2734 964 quarta.

185 1013 3498 1036 MM

1306 1128 1699 1214 LIBER
1777 1130 2406 1240 QUARTUS

726 1361 933 1415 CAPUT
981 1361 1264 1415 PRIMUM.

189 1459 264 1509 De
293 1457 604 1523 episcopatu
655 1452 923 1515 Fulconis,
965 1456 1013 1504 et
1059 1468 1177 1520 qum
1216 1455 1426 1520 scripta
1479 1451 1802 1520 quibusdam

549 1525 805 1578 Romanis
830 1524 1175 1591 pontiﬁcibus
1219 1524 1443 1577 direxit.

264 1629 552 1684 Praemisso
584 1629 699 1682 viro
749 1627 841 1680 Dei
905 1629 972 1680 ad
1002 1635 1184 1698 patres
1204 1644 1335 1682 suos
1377 1628 1650 1699 apposito,
1681 1644 1806 1682 suc-

189 1721 361 1776 cessit
393 1721 446 1773 in
480 1719 801 1790 episcopatu
859 1719 1116 1772 Remensi
1168 1719 1330 1774 Fulco
1383 1721 1465 1773 vir
1523 1719 1679 1774 valde
1704 1733 1806 1773 no-

191 1813 340 1875 bilis,
391 1819 445 1865 et
492 1810 750 1880 palatinis
809 1818 1062 1864 assuetus
1119 1809 1361 1865 ofﬁciis:
1396 1811 1489 1881 qui
1521 1809 1648 1864 ﬁdei
1694 1827 1804 1864 sum

193 1913 444 1958 tenorem
501 1903 707 1956 Marino
753 1918 907 1972 papae
969 1902 1256 1973 delegans,
1315 1903 1540 1973 pallium
1592 1901 1660 1956 ab
1715 1918 1803 1968 eo,

190 2002 607 2048 antecessorum
660 2007 882 2046 suorum
915 1993 983 2046 de
1018 2009 1187 2059 more,
1219 1993 1481 2062 suscepit.
1512 1993 1606 2046 Cui
1641 1994 1803 2047 etiam

191 2081 404 2135 litteras
426 2081 572 2134 misit
596 2097 690 2150 pro
714 2081 1073 2135 concedendo
1092 2080 1278 2135 debito
1306 2081 1594 2136 Remeusis
1623 2082 1805 2135 Eccle-

187 2173 287 2226 siae
316 2172 626 2246 privilegio,
658 2180 822 2242 atque
853 2188 953 2242 pro
983 2172 1468 2227 commendatione
1500 2173 1646 2246 regis
1675 2173 1808 2226 Kar-

178 2281 273 2319 om
297 2265 448 2328 anni,
484 2265 538 2317 in
574 2264 902 2335 quibusdam
936 2280 994 2318 se
1034 2265 1308 2338 signiﬁcat
1339 2267 1406 2321 ab
1431 2266 1626 2322 eodem
1664 2282 1806 2336 papa

185 2352 402 2406 dudum
416 2352 578 2406 fuisse
590 2354 869 2424 cognitum
884 2355 1371 2423 temporeloannis
1391 2371 1567 2425 papze,
1585 2354 1806 2425 quando

184 2459 316 2496 cum
349 2443 544 2498 Karolo
584 2444 915 2513 imperatore
961 2444 1108 2498 idem
1164 2445 1328 2500 Fulco
1387 2445 1565 2499 fuerat
1598 2446 1802 2500 Romm.

191 2533 329 2585 Item
361 2547 459 2602 pro
513 2533 753 2604 quodam
791 2533 1148 2602 monasterio,
1191 2534 1339 2604 quod
1385 2535 1552 2588 frater
1606 2534 1804 2604 ipsius,

192 2623 423 2676 nomine
475 2621 707 2692 Rampo,
758 2622 826 2676 ab
878 2639 945 2677 eo
991 2623 1252 2687 construi,
1316 2630 1644 2678 testamento
1701 2623 1802 2676 de-

1823 1365 1874 1432 Β
1902 1365 2291 1434 pmdecessori
2325 1368 2500 1438 ipsius
2551 1370 2807 1438 Marinus,
2845 1373 2908 1426 ad
2939 1389 3130 1428 eorum
3164 1375 3513 1444 petitionem,

1907 1455 2055 1524 pium
2092 1457 2145 1510 in
2172 1459 2276 1512 hoc
2325 1461 2622 1529 przebuerit
2651 1479 2960 1530 assensum,
3004 1465 3234 1536 insuper
3265 1475 3318 1520 et
3351 1467 3515 1535 pallio

1905 1559 2029 1596 eum
2090 1545 2394 1613 donaverit,
2443 1558 2497 1603 et
2545 1550 2716 1620 ipsius
2782 1552 2836 1605 in
2901 1553 3222 1608 Bituriceusi
3278 1555 3515 1609 Ecclesia

1907 1638 2310 1704 promotionem
2356 1641 2575 1710 scriptis
2652 1644 3010 1708 roboravcrit,
3067 1659 3171 1699 etc.
3241 1647 3518 1716 Stephano

1909 1728 2110 1796 (Steph.
2149 1732 2239 1798 VI)
2267 1748 2485 1803 quoque
2525 1735 2689 1802 hujus
2717 1737 2935 1790 Adriani
2965 1739 3269 1793 successori
3304 1741 3516 1795 litteras

1908 1817 2150 1879 mittens,
2186 1821 2483 1892 gratiarum
2550 1824 2796 1878 actiones
2846 1825 3048 1879 referre
3100 1827 3329 1894 curavit,
3365 1828 3512 1898 quod

1907 1920 2053 1971 eum,
2111 1914 2165 1961 et
2215 1908 2509 1963 Ecclesiam
2562 1911 2739 1980 ipsius
2791 1912 2982 1966 litteris
3035 1915 3373 1983 apostolatus
3425 1916 3509 1969 sui

1907 1996 2152 2065 visitare,
2198 2009 2252 2054 et
2306 2001 2448 2055 inter
2501 2003 2678 2056 varias
2737 2003 2925 2057 mundi
2985 2020 3271 2073 pressuras
3317 2021 3514 2060 conso-

1908 2086 2006 2138 lari
2033 2087 2292 2157 dignatus
2348 2089 2529 2156 fuerit,
2572 2099 2626 2144 ct
2658 2092 2785 2162 quia
2827 2091 3008 2146 fratris
3073 2109 3197 2146 eum
3244 2103 3298 2147 et
3356 2095 3514 2148 amici

1907 2175 2172 2231 vocabulo
2195 2177 2432 2232 voluerit
2491 2179 2780 2244 honorare,
2834 2179 2980 2250 quod
3027 2181 3144 2250 ipse
3178 2188 3357 2235 tamen
3383 2183 3520 2236 nolit

1906 2277 2190 2335 appetere,
2223 2269 2318 2322 sed
2351 2271 2526 2344 magis
2552 2287 2740 2325 servus
2770 2279 2824 2325 et
2844 2271 3127 2338 subjectus
3145 2273 3402 2327 existere.
3433 2273 3520 2326 Si-

1905 2352 2240 2426 gniﬁcatque
2271 2373 2327 2410 se
2348 2357 2415 2410 ad
2433 2358 2608 2427 ipsum
2625 2376 2821 2430 papam
2852 2359 3152 2413 videndum
3172 2376 3518 2430 prOperasse,

1909 2445 2013 2498 nisi
2046 2463 2385 2515 paganorum
2431 2449 2723 2503 vallaretur
2761 2451 3052 2504 obsidione
3090 2468 3102 2504 :
3139 2452 3347 2522 hosque
3372 2453 3517 2507 (leno

1909 2539 2117 2587 tantum
2151 2535 2406 2591 milliario
2437 2553 2575 2591 asua
2593 2538 2809 2592 civitate
2842 2539 3055 2605 abesse,
3087 2539 3358 2594 civitatem
3378 2557 3520 2611 quo-

1908 2641 2016 2694 que
2042 2626 2369 2682 Parisiorum
2398 2630 2466 2682 ab
2498 2630 2636 2699 ipsis
2669 2640 2796 2685 tunc
2823 2630 3084 2684 obsideri.
3112 2631 3258 2684 lianc
3289 2631 3521 2686 infesta-

193 2715 474 2784 legaverat
513 2730 576 2767 ex
610 2714 775 2767 rebus
826 2731 936 2768 sua:
992 2714 1364 2784 proprietatis,
1429 2732 1567 2784 quas
1616 2721 1805 2784 postea
1834 2727 1883 2794 ρ
1909 2717 2257 2772 tionemhuic
2286 2719 3518 2794 regnoaboctoannisjamprieteritisinferri,

191 2805 563 2860 Erminfridus
589 2806 810 2876 quidam
873 2814 1209 2876 pervaserat,
1253 2805 1348 2876 qui
1380 2821 1606 2860 uxorem
1633 2805 1807 2875 ipsius

190 2897 496 2966 Ramponis
512 2897 731 2952 viduam
749 2898 854 2950 sibi
871 2898 1354 2967 copulaverat.Pro
1370 2912 1480 2968 quo
1505 2897 1650 2950 idem
1666 2911 1808 2966 papa

187 2989 370 3057 (Joan.
416 2990 552 3052 VIII}
601 2988 834 3042 Evrardo
882 2988 1188 3042 Senonensi
1239 2987 1680 3057 archiepiscopo,
1750 2985 1806 3038 in

184 3079 353 3146 cujus
381 3079 642 3149 parochia
689 3079 834 3133 idem
894 3086 1268 3134 constructum
1324 3078 1500 3133 fuerat
1529 3084 1810 3132 monaste-

191 3169 361 3238 rium,
397 3168 602 3222 litteras
627 3167 843 3221 direxit.
893 3167 998 3221 Sed
1057 3174 1111 3221 et
1165 3167 1364 3221 Joanni
1389 3165 1808 3235 archiepiscopo

189 3261 650 3333 Rothomagensi,
700 3259 756 3312 in
811 3261 967 3330 cujus
1012 3259 1158 3312 idem
1189 3258 1552 3312 Erminfridus
1582 3255 1807 3311 dioecesi

188 3352 459 3426 degebat,
492 3352 823 3422 praecipiens
876 3361 936 3405 ut
977 3367 1103 3405 eum
1157 3352 1480 3406 admoneret
1504 3349 1571 3402 ab
1593 3350 1694 3402 hac
1722 3364 1810 3402 sa-

190 3457 418 3496 crarum
462 3457 641 3495 rerum
683 3439 1008 3509 pervasione
1064 3455 1301 3504 cessare,
1346 3438 1492 3508 quod
1554 3438 1599 3491 si
1631 3438 1810 3492 facere

196 3534 397 3597 nollet,
429 3532 753 3587 canonicam
781 3531 993 3585 subiret
1015 3530 1302 3585 ultionem.
1348 3529 1649 3582 Adrianum
1679 3545 1813 3600 quo-

189 3640 307 3696 que
341 3640 535 3693 papam
569 3624 826 3690 (Adrian.
862 3625 956 3677 III.
986 3639 1074 3676 an.
1110 3623 1232 3689 884)
1265 3621 1437 3691 ipsius
1463 3620 1652 3674 Marini
1676 3637 1806 3674 suc-

186 3728 476 3770 cessorem
505 3713 701 3766 litteris
732 3711 887 3765 initio
918 3709 1270 3780 pontiﬁcatus
1303 3710 1550 3778 ejusdem
1584 3709 1810 3763 visitare

184 3804 432 3870 studuit,
479 3802 836 3877 congaudens
889 3801 1065 3872 ipsius
1115 3801 1332 3868 honori,
1387 3810 1440 3855 et
1478 3817 1538 3854 se
1586 3800 1806 3853 Romam

180 3896 336 3954 velle
391 3903 577 3966 petere
634 3893 928 3968 signiﬁcat,
1001 3893 1047 3947 si
1108 3894 1215 3947 Deo
1264 3908 1454 3963 pacem
1506 3890 1806 3956 tribuente,

185 3989 451 4045 valuerit.
507 3985 841 4055 Exemplaria
899 4001 1117 4056 quoque
1140 3985 1552 4055 privilegiorum
1577 4000 1606 4037 a
1629 3984 1811 4038 Leone

181 4084 317 4153 (Leo
343 4082 464 4145 IV),
491 4078 787 4133 Benedicto
816 4077 1028 4144 (Bened.
1053 4079 1194 4148 ξΙΙΙ),
1219 4084 1273 4130 et
1295 4076 1516 4130 Nicolao
1539 4076 1733 4144 (Nicol.
1768 4077 1809 4145 Ι)

185 4171 558 4247 pontiﬁcibus
622 4169 880 4224 Romanis
939 4167 1192 4222 Remensi
1248 4167 1366 4221 sedi
1420 4182 1811 4221 concessorum

183 4265 330 4322 huic
383 4263 522 4333 petit
564 4262 867 4326 recitanda,
923 4267 977 4314 et
1036 4260 1199 4314 abeo
1257 4259 1363 4314 sibi
1408 4259 1808 4324 conservanda,

181 4362 252 4411 et
274 4350 605 4415 roboranda,
635 4357 800 4420 atque
827 4347 1252 4421 augmentanda.
1297 4347 1372 4400 De
1408 4345 1634 4417 praefato
1667 4362 1810 4417 quo-

180 4458 306 4516 que
327 4438 689 4503 monasterio,
743 4437 898 4504 cujus
950 4452 1037 4490 res
1095 4437 1387 4506 praedictus
1444 4435 1807 4491 Erminfridus

183 4534 498 4587 invaserat.
545 4524 813 4600 suggerit,
866 4531 923 4578 ut
974 4525 1270 4594 praemissis
1317 4524 1480 4579 etiam
1531 4525 1808 4594 archiepi-

179 4617 381 4688 sCOpis
402 4615 643 4670 Aurardo
696 4623 750 4670 et
778 4613 977 4668 Joanni
1035 4630 1147 4668 suae
1193 4612 1532 4668 auctoritatis
1602 4629 1810 4683 prmce-

177 4708 440 4781 ptionem
472 4703 691 4777 dirigat,
731 4702 933 4771 jubens
981 4702 1114 4774 quid
1152 4703 1206 4755 in
1252 4719 1376 4757 eum
1431 4701 1549 4757 ﬁeri
1583 4702 1805 4768 debeat,

177 4808 300 4855 etc.
346 4797 479 4849 ltem
535 4808 634 4863 pro
688 4792 1168 4847 commendatione
1216 4793 1617 4864 praememorati
1663 4794 1809 4868 regis

179 4885 568 4950 Karlomanni,
601 4892 764 4956 atque
815 4901 913 4955 pro
961 4884 1287 4940 defensione
1351 4885 1616 4940 Frotharii
1650 4885 1806 4940 Bitu-

185 4975 431 5036 ricensis
454 4973 875 5043 archiepiscopi,
909 4974 1002 5044 qui
1036 4972 1316 5029 ferebatur
1344 4982 1630 5029 accusatus
1660 4975 1806 5044 apud

181 5065 454 5123 eumdem
479 5079 675 5133 papam
729 5078 828 5132 per
855 5064 1152 5132 quemdam
1195 5080 1308 5118 suae
1337 5063 1639 5118 dioeceseos
1688 5079 1811 5118 mo-

189 5157 438 5211 nachum
490 5152 636 5223 quod
687 5151 903 5206 scilicet
952 5163 1073 5222 post
1101 5170 1212 5208 suae
1270 5154 1506 5209 civitatis
1545 5154 1810 5222 dejectio-

185 5265 322 5304 nem
381 5263 414 5300 a
459 5243 692 5317 paganis
738 5243 954 5312 factam,
989 5243 1045 5298 in
1089 5246 1317 5300 alterius
1365 5245 1513 5301 sedis
1569 5246 1809 5300 invasio-

185 5357 318 5395 nem
354 5347 560 5392 temere
615 5335 907 5390 insiluerit.
961 5335 1322 5408 Ostenditque
1379 5338 1526 5408 quod
1584 5337 1652 5391 ab
1679 5337 1807 5406 epi-

182 5432 378 5502 scopis
411 5429 588 5500 ipsius
619 5428 945 5494 dioeceseos,
986 5430 1249 5499 omnique
1300 5431 1448 5485 clero
1500 5438 1553 5485 et
1606 5433 1809 5501 populo

186 5517 446 5588 ejusdem
477 5515 717 5570 civitatis
772 5515 842 5568 sit
899 5516 1108 5585 peritus
1162 5525 1216 5571 et
1268 5517 1495 5584 electus,
1550 5527 1604 5572 et
1662 5521 1809 5589 quod

1907 2813 1963 2860 ut
1977 2809 2185 2862 nemini
2201 2817 2351 2864 extra
2365 2812 2587 2865 castella
2607 2813 2798 2882 procul
2813 2812 2954 2865 liber
2966 2812 3146 2865 aditus
3168 2818 3353 2880 patere
3370 2811 3494 2864 vide
3509 2842 3526 2850 -

1907 2905 2075 2953 retur.
2118 2902 2280 2956 Addit
2308 2903 2550 2974 denique
2575 2905 2794 2958 audisse
2829 2920 2887 2957 se
2915 2905 2983 2958 de
3012 2903 3229 2957 insidiis
3245 2919 3520 2973 quorum-

1909 2986 2032 3040 dam
2066 2989 2461 3056 pestilentium,
2518 3008 2655 3060 quas
2704 2991 2805 3061 ipsi
2856 3007 3010 3060 papae
3042 2989 3434 3054 moliebantur,
3469 2997 3523 3043 et

1907 3077 2038 3131 satis
2066 3094 2210 3149 aegre
2233 3081 2442 3145 tulisse,
2475 3097 2752 3153 opemque
2779 3081 2944 3147 ferre,
2968 3082 3012 3136 si
3045 3081 3523 3151 licuisset,optare,

1911 3181 2081 3219 unum
2105 3167 2252 3236 quod
2280 3167 2470 3237 quibat
2516 3186 2702 3238 agere,
2759 3170 3018 3240 precibus
3049 3169 3306 3223 videlicet
3339 3185 3434 3238 pro
3459 3185 3525 3222 eo

1910 3253 2181 3308 insistere'
2215 3255 2314 3310 Pro
2345 3255 2576 3309 Widone
2609 3259 2720 3327 (19)
2750 3275 2972 3329 quoque
3001 3258 3166 3312 afﬁne
3207 3274 3329 3323 suo,
3358 3273 3523 3327 quem

1911 3342 2055 3395 idem
2071 3357 2210 3411 papa
2229 3343 2283 3395 in
2303 3343 2474 3396 ﬁlium
2497 3344 3143 3414 adeptaverat,memorat
3163 3353 3270 3398 tam
3286 3358 3343 3397 se
3360 3359 3524 3413 quam

1911 3441 2138 3489 caeteros
2161 3435 2610 3508 consanguineos
2639 3452 2788 3500 suos,
2814 3438 3014 3506 quibus
3037 3439 3090 3493 id
3123 3435 3523 3501 notiticaverat,

1912 3523 2151 3576 debitam
2181 3522 2521 3577 exhibituros
2550 3523 2733 3578 eidem
2765 3540 2920 3593 papa:
2942 3525 3329 3581 reverentiam.
3357 3524 3430 3577 De
3457 3537 3524 3576 eo

1912 3614 2075 3670 etiam
2107 3616 2256 3686 quod
2306 3615 2386 3668 illi
2435 3615 2750 3684 scripserat,
2788 3616 3048 3671 roborare
3115 3634 3174 3671 se
3211 3622 3525 3686 promptum

1912 3710 2027 3766 fore
2059 3725 2403 3782 quaecunque
2438 3709 2751 3763 necessaria
2765 3709 2858 3763 Dei
2875 3711 3131 3765 Ecclesiae
3146 3708 3528 3785 signiﬁcaren-

1911 3808 2018 3866 tur,
2045 3800 2165 3868 ejus
2193 3799 2604 3873 suggestionem
2641 3813 2700 3852 se
2741 3797 2971 3851 multum
3033 3816 3130 3868 per
3155 3816 3376 3854 omnem
3413 3815 3532 3853 mo-

1915 3889 2043 3943 dum
2064 3887 2312 3944 effecisse
2342 3889 2515 3959 ipsius
2553 3886 2803 3942 ﬁdelitati
2844 3887 3165 3952 obnoxium,
3192 3903 3364 3959 seque
3406 3903 3526 3941 cum

1912 3980 2272 4054 suﬂ'raganeis
2303 3981 2649 4052 coepiscopis
2682 3981 2737 4034 in
2771 3981 2919 4035 cultu
2952 3979 3138 4033 debito
3161 3987 3362 4034 sancta:
3380 3980 3532 4034 sedis

1917 4071 2174 4126 Romanae
2197 4078 2698 4142 perseveraturum,
2731 4077 2785 4124 et
2807 4070 2851 4124 si
2872 4069 3005 4140 quid
3025 4068 3359 4123 contrarium
3378 4083 3526 4121 sanae

1917 4161 2046 4217 fidei
2078 4170 2267 4218 contra
2288 4163 2464 4233 ipsam
2493 4161 2805 4227 cmerserit,
2834 4159 3192 4225 omnimodis,
3213 4157 3525 4224 confutare,

1917 4253 2028 4306 Deo
2059 4252 2380 4316 auxiliante,
2431 4258 2676 4320 paratum
2735 4249 2994 4304 existere.
3027 4248 3226 4302 Sedem
3256 4261 3386 4300 vero
3422 4246 3530 4299 Re-

1918 4363 2165 4401 mensem
2192 4353 2380 4400 notum
2403 4345 2604 4399 habeat
2630 4343 2698 4396 ab
2743 4339 3188 4397 antecessoribus
3219 4338 3334 4392 suis
3363 4337 3529 4406 (deest

1914 4438 2047 4508 prae)
2099 4437 2280 4507 potius
2322 4435 2617 4491 Gallicanis
2673 4433 2934 4489 omnibus
2989 4430 3245 4486 Ecclesiis
3307 4444 3528 4498 semper

1914 4525 2080 4580 fuisse
2121 4527 2466 4592 honoratam,
2495 4529 2684 4594 utpote
2732 4538 2855 4577 cum
2902 4521 3114 4590 primus
3146 4518 3523 4589 apostolorum

1915 4619 2106 4672 beatus
2139 4617 2328 4671 Petrus
2376 4617 2611 4688 primum
2657 4613 3015 4669 destinaverit
3059 4611 3187 4666 huic
3245 4608 3366 4664 urbi
3399 4624 3527 4662 san-

1913 4713 2057 4761 ctum
2086 4706 2294 4760 Sixtum
2317 4705 2663 4775 episcOpum,
2708 4710 2762 4757 et
2809 4702 2978 4757 totius
3022 4699 3312 4755 Gallicana:
3343 4697 3528 4768 regio-

1915 4794 1998 4848 nis
2029 4795 2247 4850 dederit
2297 4795 2346 4848 ei
2406 4794 2716 4864 primatum.
2771 4790 3056 4846 Hormisda
3107 4803 3326 4859 quoque
3387 4801 3526 4855 papa

1913 4896 2098 4943 sancto
2149 4887 2395 4959 Remigio
2443 4887 2590 4940 vices
2640 4901 2766 4940 suas
2823 4884 2879 4936 in
2928 4881 3219 4936 Galliarum
3280 4877 3528 4948 partibus

1913 4981 2267 5036 commiserit.
2304 4979 2414 5033 Hoc
2462 4979 2590 5031 ideo
2635 4993 2693 5031 se
2743 4987 3199 5035 commemorare,
3244 4986 3313 5024 ne
3362 4969 3526 5023 sedes

1913 5069 2199 5124 Remensis
2225 5068 2339 5122 suis
2365 5068 2422 5120 in
2453 5067 2648 5121 diebus
2690 5065 2967 5119 sineretur
2986 5057 3341 5115 dehonestari
3376 5074 3388 5109 :
3423 5072 3528 5110 an-

1914 5167 2143 5216 nectens
2172 5159 2337 5213 etiam
2367 5159 2434 5212 dc
2469 5156 2772 5230 privilegiis
2817 5154 2919 5208 sibi
2943 5155 2996 5208 in
3025 5152 3239 5208 cunctis
3259 5165 3381 5222 quae
3422 5163 3522 5218 pc-

1914 5251 1999 5306 tiit
2041 5249 2109 5302 ab
2167 5247 2330 5314 hujus
2381 5243 2882 5314 praedecessoribus
2930 5241 3160 5306 Marino,
3198 5245 3251 5292 et
3285 5235 3522 5292 Adriano

1913 5336 2209 5395 concessis.
2236 5335 2480 5404 Itemque
2505 5332 2572 5385 de
2595 5332 2706 5399 jam
2740 5331 2896 5384 dictis
2921 5330 3086 5384 rebus
3114 5326 3435 5397 Ramponis,
3468 5330 3525 5378 et

1913 5445 2102 5484 earum
2131 5440 2446 5499 pervasore,
2497 5440 2660 5494 quem
2717 5421 2981 5492 praemissi
3022 5418 3315 5490 pontiﬁces
3339 5414 3526 5483 jusse-

1914 5524 2035 5574 rant
2062 5517 2130 5572 ab
2159 5511 2594 5585 archiepiscopis
2633 5509 2920 5567 Senonicze
2970 5525 3033 5564 ac
3063 5504 3527 5580 Rothomagensis

271 5621 384 5687 (l9)
426 5615 590 5669 Wido
623 5632 688 5670 ex
717 5615 858 5671 duce
890 5598 1192 5684 Spoletano
1223 5617 1397 5672 factus
1436 5616 1682 5684 imperat.
1721 5634 1810 5676 an.
1842 5620 1966 5675 892.
