3970 6218
394 224 501 278 263

1519 220 1886 276 FLODOARDI
1926 219 2230 278 CANONICI
2270 223 2602 280 REMENSIS

3624 230 3737 286 264

395 356 548 411 urbis
570 354 1035 410 excommunicari
1071 372 1085 408 :
1118 355 1323 425 quibus
1342 355 1594 409 eamdem
1630 356 2009 412 excommuni-
2038 359 2089 427 Α
2116 366 2244 427 tate,
2278 361 2332 414 id
2360 362 2521 416 etiam
2552 370 2947 429 removeretur,
2979 363 3128 434 quod
3152 365 3454 420 necessitas
3484 367 3745 438 impera-

393 450 666 504 cationem
700 449 1085 515 diferentibus,
1131 448 1278 503 idem
1316 464 1613 519 persuasor
1653 450 1834 505 adhuc
1859 457 2012 519 rapta

397 539 731 610 possidebat.
762 540 915 594 Unde
952 538 1091 609 petit
1136 544 1192 591 ut
1237 539 1541 608 apostolica
1591 538 1660 594 ab
1691 541 1812 610 ipso
1844 540 2013 594 feria-

395 637 482 684 tur
498 631 793 697 sententia,
841 630 1230 701 pracipiatquc
1282 629 1372 684 hic
1392 646 1531 700 papa
1560 630 1804 700 prafatis
1829 632 2010 685 archi-

399 725 698 794 episcopis,
724 742 793 778 ne
843 724 1008 778 ullam
1070 726 1137 779 in-
1159 725 1417 779 eumdem
1473 725 2007 781 excommunicando

399 813 629 867 aﬂerant
650 814 887 884 amplius
916 813 1259 868 dilationem.
1295 814 1369 867 De
1393 813 1721 883 quibusdam
1745 820 2009 883 praterea

398 905 563 958 rebus
603 905 894 958 Bernensis
940 903 1213 970 ecclesia,
1262 920 1399 975 quas
1420 903 1642 974 quidam
1675 904 2012 960 abstulerant

400 995 701 1059 invasores,
727 995 921 1064 poscit,
949 1002 1007 1049 ut
1036 995 1153 1064 ipse
1221 1012 1363 1065 papa
1406 1002 1666 1068 suggerat
1692 996 2010 1067 imperatori

399 1086 593 1140 Karolo
627 1087 840 1154 (Crasso
878 1088 1141 1155 cognom.)
1197 1086 1291 1157 qui
1332 1085 1444 1153 jam
1498 1102 1755 1161 magnam
1807 1104 1873 1141 ex
1926 1088 2012 1142 his

401 1181 610 1245 partem
636 1174 966 1237 restituerat,
1022 1181 1082 1228 ut
1132 1174 1335 1229 bonum
1365 1176 1515 1246 quod
1543 1176 1709 1246 capit
1731 1178 1852 1244 ejus
1883 1193 2013 1247 pre-

399 1272 522 1319 catu
546 1262 812 1334 perficiat,
837 1271 891 1317 ct
910 1264 979 1318 de
1011 1264 1094 1317 his
1124 1281 1247 1335 qua
1269 1267 1381 1338 egit
1410 1267 1527 1336 ipse
1553 1268 1755 1340 gratias
1784 1267 2010 1339 eiagere

398 1355 677 1429 dignetur,
709 1361 763 1408 et
792 1361 1006 1409 catera.
1041 1356 1118 1408 Ad
1158 1373 1280 1427 qua
1302 1357 1394 1411 ille
1436 1359 1783 1428 respondens
1811 1358 2010 1412 asserit

399 1445 603 1516 Oppido
624 1460 683 1498 se
713 1444 883 1499 fuisse
916 1447 1175 1513 latatum,
1216 1448 1365 1519 quod
1394 1464 1519 1502 eum
1550 1448 1694 1503 circa
1709 1449 1860 1503 sedis
1875 1465 2011 1519 apo—

400 1534 605 1588 stolica
647 1534 1010 1589 reverentiam
1034 1537 1357 1607 cognoverit
1383 1538 1669 1603 anhelare,
1700 1539 1926 1593 hortans
1949 1546 2009 1593 ut

400 1626 454 1679 in
486 1626 588 1679 hac
613 1626 910 1681 dilectione
942 1642 1164 1697 semper
1192 1628 1476 1682 ardentius
1505 1630 1857 1684 accendatur.
1892 1630 2007 1683 Me-

400 1716 630 1771 moriam
662 1734 881 1788 quoque
902 1718 1153 1773 Widonis
1199 1720 1357 1774 ducis
1386 1721 1693 1791 gratissime
1726 1736 1784 1775 se
1815 1736 2005 1776 susce-

402 1806 757 1876 pisse,quem
809 1805 974 1860 unico
1026 1806 1145 1861 loco
1184 1805 1281 1860 filii
1328 1823 1387 1861 se
1436 1815 1628 1862 tenere
1682 1806 1901 1864 fatetur.
1935 1809 2008 1863 De

402 1895 859 1949 Nortmannorum
886 1892 1260 1961 infcstatione,
1291 1911 1455 1965 quam
1496 1911 1727 1969 regnum
1742 1896 2008 1963 fnostrum

402 1982 731 2052 patiebatur,
756 1982 943 2036 dolere
976 1982 1053 2036 uti
1113 1983 1334 2053 propria
1368 2001 1381 2047 ;
1412 1984 1694 2054 Deumque
1723 1984 2010 2055 deprecari

403 2091 500 2145 pro
522 2075 684 2143 hujus
707 2075 895 2145 populi
927 2074 1255 2131 defensione
1279 2093 1377 2147 per
1406 2077 1781 2148 apostolorum
1807 2078 2016 2149 princi-

403 2185 533 2239 pum
556 2168 1049 2235 interventionem,
1081 2176 1135 2222 et
1161 2176 1220 2224 ut
1249 2170 1543 2226 incolumis
1569 2171 1657 2225 hic
1674 2172 2015 2243 prasulper-

404 2258 635 2313 ducatur
663 2259 731 2313 ad
753 2259 1124 2329 apostolorum
1155 2259 1347 2314 limina
1368 2278 1381 2314 :
1401 2268 1676 2332 quatenus
1695 2262 1859 2316 etiam
1891 2278 2015 2317 cor-

402 2347 589 2416 poreis
619 2363 744 2401 eum
773 2348 951 2401 valeat
986 2347 1132 2402 ulnis
1162 2349 1440 2418 amplecti,
1460 2348 1784 2404 ctconferre
1804 2351 1872 2405 de
1900 2350 2013 2421 pri-

400 2438 635 2511 vilegiis,
668 2438 737 2491 de
766 2438 968 2509 quibus
991 2438 1096 2492 sibi
1128 2439 1539 2508 scripserat.Ad
1562 2442 2015 2513 archiepiscOpos

404 2529 589 2594 etiam,
612 2544 753 2599 quos
781 2529 1014 2598 petierat
1043 2530 1251 2584 litteras
1271 2546 1330 2584 se
1362 2530 1630 2587 direxisse
1655 2549 1668 2587 :
1692 2548 1912 2587 necnon
1945 2533 2015 2587 ad

405 2616 793 2686 imperatorem
826 2632 923 2686 pro
955 2617 1244 2672 Remensis
1292 2618 1547 2675 Ecclesia
1564 2621 1775 2688 justitia
1805 2622 2013 2692 deprc-

405 2706 660 2771 catorias,
689 2712 744 2760 et
773 2721 872 2776 pro
920 2707 1115 2761 collata
1155 2707 1499 2782 benignitate
1550 2716 1733 2782 grates
1763 2709 1840 2763 illi
1873 2709 2018 2765 refe-

409 2806 537 2846 rens
567 2792 699 2861 (20).

480 2881 612 2933 Item
640 2880 847 2935 litteras
876 2880 1021 2935 idem
1050 2882 1249 2951 prasul
1269 2882 1337 2937 ad
1369 2884 1632 2938 eumdem
1652 2901 1849 2957 papam
1883 2886 2021 2941 diri-

406 2984 566 3041 gens,
598 2985 662 3023 ac
715 2969 783 3023 de
832 2970 1194 3040 prosperitate
1248 2971 1423 3042 ipsius
1466 2972 1726 3029 latificari
1783 2991 1842 3030 se
1876 2976 2019 3030 inter

408 3027 606 3112 inultas
631 3027 1063 3126 tribulationum,
1108 3075 1245 3130 quas
1269 3027 1321 3114 ιθ.
1377 3062 1606 3135 paganis
1627 3027 1639 3029 ⁷
1667 3027 2018 3133 patiebantur
2046 3027 2095 3095 C

407 3146 709 3219 angustias,
740 3154 954 3216 petens,
1012 3147 1220 3218 prafati
1261 3165 1484 3221 quoque
1530 3152 1781 3207 Widonis
1822 3155 2020 3229 satagit

409 3236 798 3290 commendare
859 3236 1123 3292 favorem.
1181 3240 1254 3293 De
1322 3243 1740 3311 pranominata,
1800 3260 2017 3301 necnon

412 3323 747 3381 Erminfrido
769 3328 1173 3397 querimoniam
1201 3339 1481 3401 repetens,
1514 3334 1611 3404 qui
1644 3334 1962 3392 admonitus
1987 3353 2019 3391 a

411 3416 842 3484 pramemoratis
868 3418 1302 3491 archiepiscOpis
1347 3422 1679 3480 inobediens
1715 3428 2017 3496 exstiterat,

412 3503 641 3576 ﬂagitat,
674 3513 732 3562 ut
758 3507 955 3562 iterum
988 3519 1446 3567 commoueantur
1474 3514 1543 3568 ab
1562 3516 1884 3571 auctoritate
1912 3534 2020 3588 pa—

411 3616 495 3670 pa
523 3602 927 3673 archiepisc0pi
954 3604 1103 3660 hunc
1122 3607 1372 3677 asperius
1406 3607 1713 3680 increpare,
1737 3617 1791 3664 et
1817 3610 1863 3665 si
1888 3610 2042 3682 per-'

411 3707 540 3747 vasa
570 3708 680 3747 non
720 3694 1048 3763 reddiderit,
1102 3698 1477 3754 ecclesiastico
1534 3700 1762 3756 feriatur
1785 3702 2019 3771 judicio.

413 3782 717 3857 lnterrogat
763 3793 1049 3855 praterea,
1097 3787 1315 3860 sibique
1367 3791 1681 3846 remandari
1720 3793 1916 3864 poscit,
1974 3795 2021 3850 si

412 3875 512 3929 rite
556 3876 736 3930 valeat
788 3877 1177 3949 episcoporum
1227 3879 1345 3935 ﬁeri
1397 3882 1672 3939 ordinatio
1729 3884 1785 3938 in
1840 3886 2023 3956 quali-

412 3967 504 4022 bet
519 3974 832 4024 sanctorum
864 3969 1182 4040 festivitate,
1214 3973 1319 4028 nisi
1346 3980 1557 4029 tantum
1590 3976 1876 4033 Dominica
1905 3979 2019 4048 die,

411 4065 516 4113 etc.
546 4058 623 4112 Ad
650 4059 769 4115 hac
797 4061 962 4116 etiam
984 4064 1297 4120 rescribens
1324 4066 1472 4122 idem
1497 4085 1658 4141 papa,
1685 4071 1890 4146 gratias
1909 4074 2024 4146 agit

412 4165 512 4218 pro
544 4149 723 4220 ipsius
752 4167 884 4225 erga
909 4152 1100 4208 sedem
1132 4157 1491 4226 apostolicam
1514 4160 1803 4230 charitate,
1827 4169 1883 4218 et
1910 4163 2024 4219 sol-

411 4242 723 4309 licitudine,
754 4245 1063 4302 condolens
1118 4248 1187 4304 de
1244 4251 1419 4322 ipsius
1464 4253 1787 4323 afflictione,
1815 4273 1879 4313 ac
1924 4273 2023 4328 pro

414 4331 590 4402 ipsius
618 4349 892 4404 precesse
940 4336 1171 4394 Domino
1215 4339 1452 4396 fundere
1502 4344 1795 4414 pollicetur
1822 4347 2028 4403 alleva-

414 4422 588 4491 tione,
607 4429 662 4478 et
688 4425 1026 4495 confortans,
1056 4438 1247 4486 monet
1276 4432 1332 4486 in
1353 4433 1868 4493 Dominicontidere
1889 4453 2028 4494 con—

412 4514 705 4570 solatione.
742 4518 876 4572 ltem
931 4519 1122 4576 scribit
1177 4522 1362 4578 eidem
1402 4527 1623 4595 prasul,
1656 4544 1756 4598 pro
1784 4529 2026 4601 quodam

416 4606 704 4663 Dominico
732 4625 763 4663 a
791 4608 920 4664 ﬁliis
970 4618 1025 4666 et
1072 4615 1325 4684 cognatis
1350 4617 1592 4687 propriis
1614 4634 1906 4692 oppresso,
1938 4623 2024 4678 vel

414 4699 665 4769 expulso,
714 4700 941 4757 hortans
996 4710 1058 4758 ut
1106 4704 1161 4759 id
1207 4706 1505 4782 diligenter
1543 4709 1803 4780 inquirat,
1830 4719 1884 4767 et
1906 4713 2027 4782 ejus

414 4785 544 4840 inde
575 4786 794 4855 adjutor
848 4790 1062 4848 existat.
1112 4793 1245 4848 Item
1292 4811 1392 4865 pro
1435 4799 1798 4867 quorumdam
1839 4816 2027 4857 susce-

416 4875 605 4944 ptione
631 4876 953 4950 Anglorum.
985 4879 1119 4934 Item
1141 4880 1321 4936 eidem
1352 4898 1474 4938 cum
1525 4885 1780 4943 Aurelino
1808 4889 2029 4964 Lugdu-

417 4963 597 5031 nensi,
629 4964 941 5039 Adelgario,
970 4965 1199 5024 Geilone
1223 4969 1279 5040 [i,
1308 4970 1586 5044 Gerlone],
1624 4963 2026 5049 EmmennOne,

416 5057 471 5140 et
498 5052 727 5124 reliquis
753 5071 853 5126 per
908 5056 1133 5113 Galliam
1191 5064 1522 5134 constitutis,
1554 5083 1653 5138 pro
1683 5070 2033 5140 querimonia

418 5139 775 5198 Bituricensis
804 5144 1058 5202 Ecclesia
1113 5165 1281 5221 super
1322 5152 1574 5211 invasore
1601 5139 1866 5214 Fortharii
1898 5161 2032 5215 Bur-

418 5227 733 5320 degalensis
762 5232 1031 5305 episc0pi,
1062 5238 1157 5308 qui
1185 5241 1349 5296 etiam
1377 5243 1749 5301 Pictavensem
1781 5248 2033 5320 aliquan-

417 5314 511 5369 diu
535 5323 786 5375 tenuerat
814 5321 1025 5391 sedem,
1047 5327 1142 5397 qui
1165 5338 1357 5399 postea
1388 5331 1738 5389 Bituricensis
1764 5314 1939 5393 fuerat
1962 5340 2032 5394 ad

425 5410 640 5477 tempus
661 5425 692 5463 a
711 5410 926 5468 Joanne
956 5431 1100 5487 papa
1153 5428 1381 5491 propter
1406 5423 1813 5484 infestationem
1834 5429 2034 5487 barba-

422 5493 588 5551 ricam
618 5500 712 5571 tali
746 5510 943 5575 tenore
991 5521 1274 5578 concessa,
1323 5519 1385 5568 ut
1421 5515 1525 5571 hac
1554 5525 1767 5574 remota
1790 5523 2033 5578 necessi-

504 5593 616 5665 (20)
655 5598 773 5654 Non
803 5609 1023 5657 exstant
1059 5607 1143 5663 ha
1172 5610 1437 5679 Stephani
1468 5614 1630 5682 epist.

2113 460 2211 510 rat.
2270 453 2422 507 Unde
2479 454 2728 524 pracipit
2778 454 2869 510 hic
2926 470 3068 525 papa
3118 455 3434 525 Stephanus
3488 458 3737 528 prafatis

2110 545 2562 616 archiepiscopis,
2592 552 2651 599 ut
2677 545 2745 599 ad
2771 545 3048 616 pr0priam
3070 546 3259 600 sedem
3285 545 3440 601 illum
3473 564 3735 604 remeare

2110 638 2459 709 compellant.
2494 638 2648 702 Quod
2663 638 2709 692 si
2739 638 3057 708 apostolicis
3084 639 3310 694 monitis
3338 640 3572 695 obedire
3602 657 3740 696 con-

2110 726 2414 797 tempserit,
2446 727 2699 781 noverint
2728 742 2852 782 eum
2885 727 3059 781 sancti
3091 726 3324 798 Spiritus
3349 728 3567 798 judicio
3596 745 3737 800 per-

2111 816 2293 887 petuis
2349 816 2713 870 anathematis
2766 815 3001 870 vinculis
3060 816 3410 871 innodatum-
3464 818 3601 872 ltem
3637 834 3739 887 pro

2110 909 2453 965 Theutboldo
2502 907 2835 980 Lingonensi
2889 906 3172 977 episcopo,
3222 905 3548 980 signiﬁcans
3578 908 3650 961 ad
3680 923 3741 962 se

2110 1001 2276 1069 hujus
2299 997 2664 1072 Lingonensis
2681 995 2935 1051 Ecclesia
2953 996 3357 1066 querimoniam
3381 996 3736 1065 pervenisse,

2111 1090 2260 1162 quod
2289 1090 2530 1144 obeunte
2572 1089 2721 1141 lsaac
2741 1087 3025 1156 episcOpo,
3049 1085 3363 1139 inconsulto
3384 1084 3607 1139 cleroet
3635 1101 3739 1155 po-

2114 1177 2264 1248 pulo.
2295 1176 2578 1249 Egilonem
2609 1175 2903 1245 quemdam
2934 1174 3269 1228 monachum
3322 1190 3501 1244 nuper
3540 1174 3612 1228 de
3629 1189 3743 1228 sa-

2112 1268 2237 1324 culo
2268 1268 2651 1323 venientemin
2689 1266 3010 1337 episcopum
3026 1267 3355 1320 Aurelianus
3388 1265 3739 1335 Lugdunen-

2112 1360 2187 1414 sis
2216 1358 2572 1424 ordinaverit,
2591 1357 2783 1427 eisque
2812 1355 2970 1409 illata
2998 1354 3072 1419 vi,
3132 1355 3500 1425 praposuerit
3532 1355 3743 1409 nolen-

2110 1451 2270 1505 tibus.
2298 1450 2413 1513 Quo
2444 1447 2629 1502 divina
2658 1444 2945 1500 vocatione
2988 1443 3269 1498 hominem
3298 1444 3631 1510 excedente,
3665 1461 3743 1499 ne

2110 1540 2164 1593 in
2196 1538 2435 1608 idipsum
2490 1536 2858 1600 incurrerent,
2914 1531 3177 1587 concordi
3232 1538 3361 1586 voto
3413 1531 3618 1598 clerus,
3684 1542 3741 1587 et

2108 1625 2349 1698 populus
2372 1624 2738 1679 Teutboldum
2794 1623 2969 1694 ipsius
3016 1623 3272 1678 Ecclesia
3302 1622 3597 1676 diaconem
3621 1621 3741 1676 eli-

2110 1726 2324 1790 gentes,
2355 1718 2558 1788 abipso
2577 1732 2720 1788 papa
2737 1715 3022 1770 sibimetin
3055 1715 3377 1785 episcopum
3408 1714 3740 1768 consecrari

2112 1810 2371 1880 petierint
2424 1807 2531 1861 Sed
2582 1806 2677 1859 ille
2727 1804 3163 1875 uniuscujusque
3213 1803 3469 1858 Ecclesia
3499 1802 3744 1873 privile-

2111 1900 2261 1974 gium
2290 1898 2677 1952 inconcussum
2695 1910 2915 1949 servare
2937 1893 3152 1960 volens,
3178 1893 3234 1947 id
3255 1908 3417 1964 agere
3433 1891 3743 1958 distulerit,

2112 2002 2351 2057 eumque
2409 1983 2635 2056 prafato
2679 1983 2975 2038 Aureliano
3018 1981 3303 2048 direxerit,
3358 1980 3608 2035 scribens
3662 1981 3741 2033 ad

2111 2096 2260 2142 eum,
2288 2085 2348 2133 ut
2372 2077 2419 2132 si
2451 2076 2583 2132 cleri
2605 2075 2909 2147 populique
2922 2081 3050 2129 vota
3077 2074 3133 2127 in
3150 2089 3276 2128 eum
3301 2073 3742 2137 concordarent,

2111 2179 2167 2228 et
2191 2170 2330 2226 sacri
2350 2183 2594 2225 canones
2613 2167 2693 2221 illi
2712 2182 2823 2221 non
2843 2165 3151 2232 obviarent,
3197 2180 3392 2219 manus
3441 2164 3569 2218 huic
3620 2163 3743 2217 im-

2116 2276 2323 2332 ponere
2354 2274 2700 2329 nequaquam
2742 2255 3003 2312 differret.
3028 2255 3185 2319 Quod
3208 2254 3327 2309 ﬁeri
3359 2255 3408 2308 si
3432 2254 3570 2308 ratio
3602 2270 3748 2324 pro-

2114 2351 2351 2415 hiberet,
2379 2354 2433 2403 et
2462 2347 2703 2418 idipsum
2732 2344 2836 2400 sibi
2881 2344 3208 2399 rescriberet
3240 2362 3254 2398 :
3287 2344 3507 2398 interim
3549 2351 3745 2399 tamen

2114 2440 2345 2495 alterum
2378 2437 2512 2491 inibi
2567 2435 2824 2490 ordinare
2881 2433 3034 2489 nullo
3084 2434 3272 2500 modo,
3304 2449 3364 2488 se
3395 2433 3742 2501 inconsulto,

2116 2533 2473 2600 prasumeret
2516 2525 2790 2595 simulque
2839 2529 2893 2578 et
2919 2522 3218 2577 Olrannum
3247 2521 3741 2593 Senogalliensem

2118 2624 2440 2693 episcopum
2468 2638 2501 2675 a
2525 2636 2625 2676 suo
2673 2620 2844 2674 latere
2894 2617 3092 2672 direxit
3130 2622 3533 2672 exsecutorem.
3560 2614 3742 2679 Quem

2120 2714 2394 2769 deludens
2449 2712 2778 2768 Aurelianus
2831 2711 2901 2765 ad
2953 2710 3358 2783 Lingonensem
3407 2708 3748 2779 pramiserit

2120 2809 2333 2874 urbem,
2388 2807 2665 2878 pollicitus
2713 2820 2772 2860 se
2822 2804 3083 2859 citissime
3134 2804 3577 2858 subsecuturum.
3617 2803 3745 2867 Quo

2119 2912 2244 2952 cum
2275 2895 2369 2951 diu
2400 2900 2833 2965 exspectaretur,
2856 2908 2959 2947 nec
2976 2891 3095 2961 ipse
3118 2888 3428 2955 advenerit,
3446 2904 3552 2943 nec
3568 2902 3746 2941 mora

2120 3004 2234 3044 sua
2259 3003 2478 3042 causam
2497 2987 2869 3051 innotescere,
2902 2983 2987 3038 vel
3046 2998 3203 3053 papa
3230 2981 3558 3037 remandare
3594 2995 3747 3050 pra-

2117 3079 2317 3135 viderit
2349 3079 2465 3150 [pro
2508 3076 2854 3149 providerit].
2904 3074 3171 3140 Quocirca
3219 3074 3415 3127 iterato
3471 3072 3656 3127 clerus
3688 3076 3748 3125 et

2118 3171 2358 3243 pepulus
2399 3186 2521 3225 cum
2576 3170 2797 3224 decreto
2850 3166 3096 3222 omnium
3127 3166 3407 3231 roborato,
3448 3162 3745 3235 prafatum

2119 3264 2354 3317 electum
2388 3262 2613 3316 Romam
2671 3260 3031 3324 remiserunt,
3099 3257 3303 3311 obnixe
3328 3256 3552 3310 sibimet
3584 3254 3745 3307 illum

2117 3353 2428 3410 consecrari
2458 3358 2737 3424 petentes.
2758 3350 2865 3405 Sed
2883 3364 2986 3404 nec
3016 3355 3149 3403 tunc
3174 3349 3229 3402 id
3259 3363 3426 3423 agere
3448 3346 3748 3418 acquieve-

2119 3446 2210 3513 rit,
2243 3444 2435 3500 volens
2467 3442 2817 3516 Lugdunensi
2839 3440 3093 3496 Ecclesia
3109 3440 3368 3495 collatum
3385 3438 3742 3511 privilegium

2120 3535 2509 3589 immutilatum
2557 3533 2907 3599 consistere;
2957 3532 3198 3603 ideoque
3238 3531 3350 3599 jam
3389 3531 3538 3585 dicto
3565 3531 3744 3585 Aure-

2121 3627 2268 3681 liano
2324 3626 2520 3680 iterato
2573 3624 2881 3679 rescribens
2924 3621 3287 3686 mandaverit,
3341 3627 3401 3674 ut
3437 3619 3572 3691 quia
3601 3634 3742 3674 con-

2121 3716 2275 3772 cordi
2294 3723 2422 3771 voto
2454 3715 2635 3770 clerus
2666 3722 2719 3768 et
2766 3713 3002 3785 populus
3045 3713 3157 3781 jam
3203 3712 3411 3767 dictum
3442 3711 3741 3766 diaconem

2123 3808 2436 3879 expetebat,
2468 3813 2561 3861 aut
2591 3806 2771 3876 ipsum
2825 3810 3194 3869 consecraret,
3224 3809 3317 3858 aut
3370 3802 3506 3873 quid
3555 3802 3613 3855 in
3669 3817 3742 3856 eo

2123 3895 2560 3968 reprehensibile
2594 3894 2887 3963 judicaret,
2920 3892 3222 3948 rescribere
3277 3896 3597 3945 maturaret.
3629 3889 3741 3944 Sed

2122 3988 2169 4043 is
2195 3987 2365 4059 priori
2416 3986 2810 4042 inobedientia
2852 3983 3252 4040 contumaciam
3301 3982 3596 4051 adjiciens,
3624 3996 3739 4036 non

2120 4078 2299 4134 solum
2327 4077 2573 4132 oblatum
2599 4090 2945 4141 consecrare,
2985 4090 3084 4130 seu
3105 4073 3241 4145 quid
3267 4073 3323 4127 in
3346 4087 3415 4127 eo
3435 4072 3744 4142 reprehen-

2121 4168 2281 4224 sibile
2304 4167 2578 4237 judicaret
2596 4166 2703 4221 sibi
2734 4165 3039 4222 rescribere
3085 4163 3504 4235 contempserit,
3544 4179 3741 4218 verum

2123 4257 2290 4314 etiam
2313 4262 2506 4312 contra
2564 4254 2879 4321 interdicta,
2919 4260 2975 4309 et
3014 4268 3299 4309 sacrorum
3319 4266 3598 4307 canonum
3631 4258 3749 4307 sta-

2127 4356 2242 4406 tuta
2267 4348 2568 4421 quemdam
2594 4356 2938 4414 extraneum,
2987 4352 3042 4400 et
3070 4345 3255 4400 eidem
3294 4344 3557 4400 Ecclesia
3578 4344 3747 4419 igno-

2125 4445 2263 4505 tum,
2288 4439 2343 4493 in
2395 4437 2598 4513 angulo
2646 4436 2982 4503 ordinatum,
3044 4435 3155 4490 illis
3182 4436 3442 4510 ingerere
3472 4436 3574 4490 niti
3605 4451 3746 4506 pra-

2125 4527 2440 4598 sumpserit.
2474 4528 2539 4581 At
2581 4527 2638 4582 hi
2690 4527 2875 4598 potius
2902 4526 3146 4580 laborem
3177 4524 3383 4591 subire,
3410 4540 3578 4596 quam
3613 4525 3748 4579 sub-

2120 4618 2217 4688 jici
2248 4618 2436 4692 ignoto
2464 4617 2754 4691 eligentes,
2786 4618 2854 4672 ad
2879 4633 2939 4672 se
2969 4616 3255 4683 redierint,
3285 4615 3655 4686 implorantes
3675 4632 3748 4671 ne

2126 4716 2407 4780 pateretur
2446 4709 2818 4765 ecclesiastica
2857 4708 2982 4777 jura
3025 4707 3239 4763 violari.
3286 4725 3311 4757 υ
3370 4706 3482 4762 Nos
3540 4713 3745 4773 autem,

2126 4800 2326 4873 inquit,
2347 4799 2442 4871 qui
2471 4800 2721 4855 omnium
2750 4798 3114 4854 Ecclesiarum
3142 4798 3199 4851 in
3227 4798 3391 4852 beato
3423 4797 3588 4853 Petro
3620 4812 3752 4869 apo-

2127 4893 2390 4949 stolorum
2435 4890 2690 4962 principe
2717 4905 2903 4945 curam
2930 4889 3296 4960 suscepimus,
3323 4887 3572 4944 scientes
3611 4889 3755 4943 inter

2129 4984 2422 5055 episcopos
2437 4996 2546 5038 non
2573 4981 2767 5036 haberi
2789 4997 2943 5048 eum,
2961 4979 3055 5051 qui
3076 4995 3258 5051 neque
3280 4995 3314 5033 a
3342 4978 3494 5034 clero
3516 4979 3750 5045 electus,

2130 5091 2312 5148 neque
2341 5090 2374 5129 a
2402 5073 2707 5145 populoest
2724 5071 2998 5143 expetitus
3014 5112 3028 5137 ,
3052 5086 3199 5142 sape
3223 5069 3434 5125 dictum
3457 5069 3754 5126 Teuthbol-

2132 5166 2263 5220 dum
2292 5162 2665 5221 venerabilem
2697 5162 3012 5227 diaconum,
3033 5158 3280 5230 ipsorum
3296 5159 3751 5215 lamentabilibus

2132 5255 2394 5326 precibus
2421 5253 2696 5321 inclinati,
2759 5250 3090 5327 Lingonensi
3132 5249 3394 5305 Ecclesia
3424 5252 3747 5322 episcopum

2133 5349 2601 5416 consecravimus,
2633 5346 2908 5420 condigna
2927 5345 3207 5401 sententia
3229 5344 3750 5416 pravaricatoribus

2134 5439 2308 5507 illata,
2344 5438 2472 5495 licet
2486 5447 2543 5495 et
2566 5439 2689 5495 aliis
2727 5436 3271 5510 pravaricationibus
3315 5435 3526 5492 fuerint
3574 5437 3750 5507 impe-

2132 5526 2250 5582 diti.
2283 5527 2628 5599 Quapropter
2651 5534 2760 5584 tua
2813 5525 3154 5599 iniungimus
3178 5525 3564 5582 sanctimonia
3590 5522 3748 5580 uthis
