3970 6218
241 250 358 306 265

903 260 1228 315 HISTORIA-3
1269 262 1592 320 ECCLESI/E
1633 268 1958 324 REMENSIS
2002 272 2176 328 LIBRI
2219 273 2545 338 QUATlfOIl.
2580 306 2647 317 —
2679 275 2805 328 LIB.
2852 273 2936 327 IV.

3478 274 3585 328 266

244 383 457 480 nostris
486 387 809 480 apostolicis
842 387 1038 444 litteris
1065 394 1363 464 perceptis,
1399 399 1703 467 postposita
1733 401 1944 475 dila-A
1970 421 2186 460 necnon
2231 414 2284 460 et
2342 408 2596 462 eumdem
2657 406 3005 480 Adelgarium
3069 421 3360 459 occurrere
3412 406 3589 474 jusse-

245 467 402 522 tione
433 471 501 523 ad
550 471 955 546 Lingonensem
987 479 1218 534 accedas
1258 481 1572 552 Ecclesiam,
1633 495 1685 542 et
1714 505 1868 543 eum-

244 554 378 608 dem
407 556 814 616 Teuthboldum
861 580 892 618 a
926 566 1088 620 nobis
1132 568 1455 626 solemniter
1493 585 1867 632 consecratum

242 650 600 722 episcopum,
634 655 834 710 exinde
866 659 1151 727 revestias,
1195 663 1565 736 omnibuSque
1597 668 1868 739 archiepi-

243 743 437 813 sc0pis
456 751 510 799 et
534 745 812 818 episc0pis
833 749 1167 818 innotescas,
1199 769 1300 824 pro
1319 763 1480 811 tanta!
1511 760 1868 814 contumaciae

242 833 464 889 ultione
509 837 758 905 ejusdem
793 840 1048 896 Ecclesia":
1094 846 1388 915 Specialem
1434 849 1864 907 sollicitudinem

242 923 587 994 suscepisse,
621 942 720 996 pro
746 929 878 983 tanti
909 930 1114 986 laboris
1137 936 1532 1005 maceratione,
1551 947 1604 994 et
1633 955 1867 1010 oppres-

241 1011 426 1067 sionis
453 1013 616 1069 illatze
645 1015 1000 1074 relevatione.
1023 1020 1299 1093 Quidquid
1318 1032 1498 1079 autem
1523 1026 1668 1082 idem
1697 1044 1867 1083 vene-

242 1099 441 1154 rabilis
467 1101 766 1174 episc0pus
801 1104 1176 1164 Teutbboldus
1208 1111 1365 1166 vobis
1403 1130 1467 1167 ex
1496 1122 1681 1170 nostra
1710 1123 1864 1186 parte

242 1192 498 1246 retulerit
526 1195 756 1261 credite,
803 1203 856 1250 et
888 1197 1106 1254 effectui
1139 1204 1456 1275 mancipare
1509 1207 1659 1261 nullo
1699 1207 1864 1263 modo

240 1283 511 1358 ambigite
541 1303 554 1338 :
585 1293 773 1357 utpote
805 1295 953 1344 tuam
986 1295 1350 1350 reverentiam
1383 1297 1529 1352 circa
1559 1314 1662 1354 nos
1691 1299 1863 1355 devo-

238 1382 355 1430 tam
391 1377 692 1433 consistere
721 1381 1017 1436 credimus.
1050 1404 1075 1434 »

314 1468 396 1522 Ad
429 1469 545 1524 haec
573 1470 718 1526 idem
750 1473 946 1543 praésul
972 1475 1134 1530 Fulco
1166 1479 1497 1547 rescribens,
1521 1481 1724 1554 gratias
1753 1483 1863 1557 agit

238 1574 345 1628 pro
404 1563 784 1619 consolatione
840 1567 1139 1622 litterarum
1204 1569 1416 1641 ipsius,
1477 1587 1750 1640 asserens,
1806 1590 1864 1628 se

1970 503 2070 561 rat,
2113 504 2386 568 quatenus
2424 499 2556 570 quid
2616 499 2813 569 cuique
2875 497 3141 551 debeatur
3181 497 3419 570 diligens
3449 512 3584 550 exa-

1971 585 2196 639 minatio
2229 587 2552 642 declararet.
2587 587 2767 642 Monet
2799 586 2960 640 etiam
2985 585 3380 640 fraternitatem
3413 585 3586 656 ipsius

1974 676 2162 730 domni
2214 677 2488 744 Fulconis,
2532 694 2602 733 ne
2653 678 2757 733 sibi
2799 695 2950 732 suam
2988 676 3283 748 Specialem
3341 692 3582 747 priesen-

1972 769 2122 834 tiam,
2177 769 2222 824 si
2259 770 2594 825 omnimodis
2643 771 2760 825 fieri
2792 771 2983 842 possit,
3035 771 3296 825 exhibere
3350 786 3470 824 eum
3504 769 3586 824 eis

1969 860 2362 930 quoquomodo
2403 860 2650 925 differat;
2682 861 2940 932 quoniam
2974 867 3027 914 et
3056 861 3194 925 htec,
3229 866 3284 914 et
3313 858 3416 912 alia
3461 873 3584 927 quae

1968 948 2331 1005 imminebant
2359 951 2730 1007 ecclesiastica
2762 952 2982 1027 negotia
3023 968 3144 1005 cum
3184 950 3302 1022 ipso
3343 955 3584 1003 tractan-

1968 1039 2057 1104 da,
2119 1041 2348 1114 ejusque
2405 1043 2748 1098 terminanda
2797 1044 3047 1097 consultu
3095 1041 3457 1113 providerat:
3513 1040 3582 1093 de

1967 1144 2076 1199 quo
2098 1130 2310 1183 scilicet
2338 1130 2511 1200 ipsius
2542 1133 2780 1186 adventu
2814 1131 2944 1184 satis
2973 1131 3359 1205 gratularetur,
3392 1129 3583 1181 volens

1967 1216 2032 1270 ad
2057 1218 2430 1273 ecclesiastica
2453 1219 2810 1274 deliberanda
2824 1219 3042 1293 negotia
3069 1219 3190 1286 ejus
3211 1217 3413 1271 habere
3441 1230 3585 1285 prte-

1963 1307 2222 1362 sentiam.
2256 1309 2509 1381 Alioquin
2542 1318 2749 1376 monet,
2781 1317 2837 1364 ut
2869 1308 3172 1364 assertione
3210 1307 3454 1360 veridica
3486 1320 3586 1376 per

1964 1405 2247 1455 strenuum
2283 1402 2617 1473 episcOpalis
2661 1402 2871 1457 ordinis
2915 1401 3090 1454 virum
3125 1415 3232 1453 una
3292 1414 3414 1453 cum
3449 1397 3585 1466 ipsis

1964 1489 2258 1544 abeuntem
2319 1492 2564 1546 notiticet
2617 1490 2852 1562 qualiter
2903 1505 2964 1544 se
3014 1504 3183 1560 super
3227 1487 3331 1542 hoc
3384 1487 3584 1540 veritas

1968 1569 2182 1633 habeat:
2245 1579 2453 1644 Quibus
2483 1579 2527 1633 si
2556 1579 2816 1633 veniendi
2871 1578 3100 1632 facultas
3128 1576 3390 1641 defuerit,
3450 1590 3582 1630 suos

241 1658 498 1758 pa'raturln.
520 1653 781 1754 fuisse,et
802 1673 922 1712 esse
946 1675 1292 1732 quaecunque
1313 1663 1414 1716 sibi
1441 1663 1862 1736 abipsiuspapre
1889 1686 2092 1758 Bcum
2148 1688 2215 1727 eo
2274 1671 2512 1745 dirigant
2561 1671 2791 1745 legatos,
2845 1673 2938 1744 qui
2981 1689 3170 1728 eorum
3223 1671 3579 1726 vicariatione

239 1737 574 1796 celsitudine
594 1742 843 1811 injuncta
855 1745 1406 1819 fuerintadimplere;
1433 1751 1717 1821 praefatum
1731 1769 1860 1808 vero

240 1832 673 1901 praeceptionem
705 1835 773 1890 de
793 1835 1178 1893 Tlieuthboldo
1204 1840 1466 1912 episc0po
1499 1843 1720 1913 explere
1741 1846 1860 1899 sine

238 1936 400 1974 more
448 1923 710 1990 voluisse,
771 1927 867 1980 sed
918 1927 1122 1982 Odonis
1173 1929 1319 2003 regis
1347 1931 1429 1984 sui
1487 1934 1739 1988 consultu
1772 1935 1860 1989 in-

235 2013 400 2066 terim
459 2014 830 2073 intermissum
865 2061 877 2084 ,
926 2020 1055 2075 dum
1111 2037 1204 2076 rex
1259 2022 1404 2077 idem
1465 2040 1596 2079 suos
1651 2026 1860 2100 legatos

232 2100 309 2154 ad
361 2104 620 2159 eumdem
672 2124 868 2178 papam
915 2110 1198 2186 dirigeret,
1248 2128 1311 2166 ac
1364 2131 1465 2185 per
1509 2131 1606 2169 eos
1646 2115 1858 2183 jussio-

232 2207 367 2245 nem
401 2191 574 2262 ipsius
605 2196 906 2254 certissime
936 2209 1315 2275 cognosceret.
1358 2204 1536 2274 Super
1563 2204 1646 2258 his
1671 2212 1854 2260 autem

230 2299 362 2353 quae
394 2284 586 2341 litterze
643 2287 816 2358 ipsius
844 2307 998 2361 papze
1047 2301 1355 2363 prosecutae
1399 2301 1545 2361 sunt,
1577 2296 1717 2350 velle
1747 2297 1854 2350 sci-

227 2373 366 2430 licet
420 2379 797 2435 se-omnibus
847 2380 1106 2438 Ecclesiis
1153 2402 1252 2439 sua
1285 2385 1531 2441 instituta
1585 2393 1639 2440 et
1690 2387 1859 2458 privi-

227 2463 383 2538 legia
423 2465 480 2519 in
531 2466 761 2524 confuso
809 2471 1008 2526 ordine
1043 2473 1369 2529 intemerata
1407 2491 1648 2541 servare,
1697 2475 1855 2530 valde

228 2554 458 2627 gavisos
505 2557 796 2614 universos
833 2560 1147 2632 episcOpos,
1202 2564 1257 2617 in
1297 2579 1531 2634 quorum
1564 2565 1856 2635 praesentia

231 2646 357 2699 haec
408 2646 626 2701 recitari
676 2649 898 2706 fecerat.
960 2652 1204 2709 Consulit
1249 2661 1432 2709 autem
1487 2655 1608 2723 ejus
1663 2664 1851 2710 aucto-

230 2739 452 2793 ritatem
487 2740 818 2810 deposcens,
870 2751 926 2798 ut
971 2745 1075 2800 sibi
1133 2747 1413 2817 rescriptis
1439 2749 1746 2813 remandet,
1806 2748 1852 2803 si

229 2831 400 2886 liceat
430 2835 778 2905 coepiscOpis
798 2835 1162 2912 suffraganeis
1183 2840 1316 2905 suis,
1349 2839 1444 2910 qui
1477 2839 1529 2893 in
1561 2841 1682 2909 ejus
1711 2840 1853 2895 dite-

230 2923 349 2978 cesi
403 2926 730 2994 consistunt,
788 2929 1192 2986 ordinationem
1250 2932 1336 2986 vel
1391 2932 1557 3006 regis,
1609 2933 1696 2989 vel
1752 2933 1852 2986 ali-

229 3017 396 3086 cujus
444 3019 671 3075 alterius
699 3037 950 3092 pcrsonze
999 3024 1119 3079 sine
1169 3041 1265 3080 sua
1294 3025 1518 3080 licentia
1570 3032 1624 3081 et
1655 3025 1850 3079 conni-

1965 1763 2625 1836 perfuncti,disceptandi
2649 1773 2702 1820 et
2730 1767 3076 1822 deliberandi
3108 1766 3415 1820 libertatem
3451 1782 3581 1836 pos-

1961 1851 2200 1917 sideant,
2241 1859 2301 1908 ut
2332 1854 2484 1909 nullo
2542 1855 2768 1909 ulterius
2813 1863 3084 1926 tempore,
3135 1862 3396 1925 percepta
3453 1853 3579 1908 fini-

1960 1941 2069 1996 tiva
2113 1943 2410 2008 sententia,
2457 1944 2525 1998 de
2582 1944 2685 1998 hac
2734 1959 2794 1997 re
2839 1944 3212 1999 necessarium
3245 1944 3316 1997 sit
3362 1952 3576 1997 vertere

1959 2029 2342 2099 quaestionem.

2028 2121 2206 2192 Super
2232 2122 2318 2177 his
2345 2138 2564 2194 quoque
2595 2124 2904 2179 successori
2929 2124 3091 2193 hujus
3122 2124 3386 2179 Formoso
3413 2124 3577 2194 (For-

1955 2230 2132 2268 mosus
2175 2217 2346 2284 papa)
2406 2215 2644 2269 domnus
2698 2215 2862 2270 Fulco
2895 2216 3105 2270 litteras
3136 2215 3376 2280 mittens,
3433 2232 3572 2286 qua-

1957 2305 2226 2361 literhtec
2271 2324 2301 2360 a
2357 2307 2581 2378 praifato
2635 2307 2912 2378 Stephano
2962 2325 3101 2379 papa
3155 2307 3260 2360 sibi
3321 2307 3430 2360 sint
3487 2308 3570 2360 in-

1954 2393 2162 2461 juncta,
2193 2394 2542 2470 significavit,
2599 2403 2651 2449 et
2705 2403 2764 2450 ut
2793 2396 2896 2450 sibi
2952 2395 3294 2450 auctoritatis
3346 2411 3456 2449 sum
3518 2396 3570 2449 in

1957 2482 2044 2536 bis
2102 2485 2472 2556 exsequendis
2525 2485 2728 2556 scripta
2782 2486 3062 2560 dirigeret,
3115 2484 3362 2556 expetiit.
3415 2484 3570 2538 Unde

1957 2580 2010 2626 et
2041 2573 2236 2630 iterum
2293 2576 2542 2630 scribens
2594 2579 2955 2632 vehementer
3007 2577 3264 2631 admirari
3297 2594 3356 2630 se
3417 2577 3568 2642 dicit,

1953 2659 1998 2714 si
2029 2662 2220 2718 litterte
2251 2681 2363 2718 sua:
2394 2664 2460 2718 ad
2493 2665 2613 2732 ejus
2638 2666 2986 2736 przesentiam
3029 2664 3402 2736 pervenerint,
3436 2664 3569 2734 quid

1954 2764 2131 2803 causae
2160 2750 2323 2805 fuerit
2370 2769 2468 2806 cur
2497 2751 2625 2810 hinc
2681 2769 3008 2824 responsum
3054 2753 3214 2821 hujus
3260 2769 3415 2823 papae
3456 2768 3566 2806 non

1951 2842 2212 2897 meruerit
2243 2844 2508 2915 recipere.
2545 2845 2734 2900 Grates
2791 2846 2933 2900 inter
2961 2846 3080 2900 haec
3123 2845 3387 2910 referens,
3420 2845 3567 2915 quod

1951 2932 2034 2986 sui
2083 2935 2405 2990 memoriam
2465 2937 2723 3011 dignatus
2755 2937 2824 2992 sit
2868 2937 3094 3004 habere,
3147 2945 3200 2991 et
3258 2953 3355 3008 per
3401 2935 3570 2989 abba-

1950 3021 2137 3077 tissam
2192 3024 2450 3079 Bcrtham
2504 3027 2670 3080 verba
2744 3034 2946 3081 sanctae
3003 3027 3399 3083 consolationis
3462 3025 3566 3080 sibi

224 3108 420 3164 ventia
451 3109 592 3180 [ms.,
626 3127 697 3178 c.,
743 3113 1105 3183 cohibentia],
1137 3129 1236 3170 seu
1268 3115 1632 3184 permissione
1659 3130 1845 3189 agere,
1870 3107 1921 3177 C
1949 3112 2233 3180 mandare,
2281 3131 2519 3186 eumque
2568 3133 2626 3170 se
2658 3117 2846 3171 videre
2891 3117 3056 3185 velle,
3114 3124 3167 3172 et
3198 3118 3394 3172 collato
3451 3133 3570 3170 ser-

224 3197 322 3252 vel
377 3197 525 3253 aliud
579 3200 810 3273 aliquid,
869 3203 1181 3259 inconsulto
1238 3220 1338 3260 suo
1398 3205 1846 3276 metrOpolitano,

226 3295 328 3342 aut
375 3294 565 3343 contra
616 3290 904 3346 interdicta
932 3293 1018 3347 sui
1058 3293 1305 3363 primatis
1331 3311 1690 3374 pyesumere.
1725 3292 1847 3346 Pri-

223 3374 502 3450 vilegium
555 3378 795 3449 denique
825 3396 857 3434 a
906 3381 1038 3435 sede
1072 3381 1314 3437 Romana
1365 3384 1654 3454 quaesitum
1701 3381 1850 3435 idem

224 3468 527 3539 papahuic
591 3472 882 3539 concessit,
938 3475 1311 3547 scriptumque
1366 3477 1668 3531 transmisit
1713 3492 1855 3548 prm-

224 3559 344 3614 suli
382 3576 551 3631 super
576 3563 740 3617 rebus
769 3565 1162 3622 ecclesiasticis
1214 3568 1344 3622 huic
1374 3569 1632 3623 Remensi
1665 3569 1854 3623 Eccle-

222 3650 330 3705 sia;
387 3651 620 3719 collatis,
649 3654 737 3709 vel
791 3655 1167 3725 conferendis,
1211 3667 1272 3715 ut
1316 3675 1480 3715 nemo
1535 3675 1630 3715 eas
1689 3660 1848 3715 inva-

224 3741 394 3807 dere,
443 3742 530 3797 vel
587 3744 836 3801 detinere
902 3757 1282 3818 praesumeret,
1341 3758 1396 3805 et
1445 3758 1503 3805 ut
1550 3758 1674 3822 post
1731 3751 1852 3818 ejus

222 3830 530 3886 decessum
578 3834 728 3890 nullo
785 3837 948 3892 modo
1003 3838 1202 3910 aliquis
1255 3840 1402 3894 hunc
1445 3841 1846 3911 episcopatum,

221 3923 322 3980 vel
341 3925 611 3997 episcopii
637 3943 724 3982 res
745 3944 1016 4000 occupare
1043 3931 1232 3986 illicite
1255 3933 1504 4000 auderet,
1525 3949 1649 3987 cum
1676 3933 1850 3987 inter-

223 4015 539 4071 minatione
596 4017 712 4072 haec
743 4019 1000 4074 inhibens
1029 4021 1344 4091 apostolicm
1401 4022 1550 4076 sedis
1579 4037 1850 4076 censurae.

227 4109 375 4161 Item
431 4109 621 4164 scribit
672 4109 877 4177 eidem,
936 4129 1035 4184 pro
1090 4115 1446 4170 altercatione
1497 4131 1618 4186 quze
1667 4130 1854 4169 versa-

224 4199 400 4252 batur
429 4198 572 4254 inter
621 4201 1014 4259 Herimannum
1050 4204 1438 4260 Coloniensem
1480 4206 1853 4278 archiepisco-

225 4310 394 4365 pum,
448 4301 501 4348 ct
555 4297 906 4373 Adelgarium
971 4301 1470 4375 Amburgurensem
1527 4309 1580 4356 et
1648 4302 1854 4356 Brene-

224 4398 486 4438 mensem
552 4386 614 4456 [ά.
692 4387 1066 4460 Bremensem]
1133 4390 1483 4460 episcopum,
1567 4406 1666 4461 pro
1745 4406 1855 4462 qua

1950 3224 2115 3264 mone
2166 3216 2356 3264 mutuo
2413 3209 2581 3263 verba
2639 3210 2890 3265 conferre
2977 3213 3144 3277 Quam
3198 3227 3309 3264 rem
3369 3209 3569 3265 fatetur

1952 3301 2281 3355 immensum
2338 3302 2441 3354 sibi
2475 3302 2758 3372 peperisse
2789 3305 3074 3377 gaudium,
3126 3312 3183 3358 ut
3211 3304 3385 3378 magis
3415 3304 3566 3357 desi-

1954 3388 2110 3443 deret
2140 3388 2260 3457 ejus
2302 3388 2490 3443 vidcre
2538 3391 2908 3460 praesentiam,
2953 3394 3221 3462 adjiciens
3253 3394 3358 3447 sibi
3391 3393 3460 3446 ab
3499 3409 3566 3447 eo

1954 3485 2172 3549 tempus
2214 3493 2324 3547 quo
2355 3477 2423 3530 ad
2468 3494 2594 3532 eum
2622 3479 2826 3547 veniat,
2859 3484 3192 3549 remandari,
3248 3484 3564 3553 locumque,

1955 3578 2008 3624 et
2038 3570 2158 3639 ejus
2179 3576 2387 3643 sataget
2415 3570 2707 3640 przeeeptis
2727 3571 3133 3642 obtemperare.
3169 3576 3439 3630 Praeterea
3468 3594 3570 3648 p0-

1953 3661 2136 3727 stulat,
2169 3668 2228 3715 ut
2269 3659 2616 3735 privilegium
2648 3660 2904 3714 Ecclesia}
2958 3662 3217 3718 Remensi
3247 3664 3328 3718 sui
3387 3668 3568 3720 nomi-

1952 3751 2040 3804 nis
2089 3750 2413 3805 auctoritate
2447 3747 2564 3803 fieri
2591 3749 2805 3819 jubeat,
2855 3750 2993 3805 sicut
3024 3753 3186 3806 etiam
3241 3756 3563 3824 praedeces-

1949 3858 2104 3898 sores
2135 3857 2264 3896 suos
2295 3839 2490 3895 fecisse
2524 3847 2734 3896 constat
2769 3858 2782 3894 :
2827 3847 2881 3895 et
2907 3857 2997 3899 res
3029 3841 3158 3896 huic
3185 3842 3440 3897 Ecclesiae
3468 3863 3569 3915 per

1952 3947 2109 3987 suam
2140 3929 2506 3985 humilitatem
2520 3931 2815 4002 acquisitas
2840 3938 3105 4002 perpetua
3137 3929 3393 3987 firmitate
3423 3952 3566 3990 eon-

1953 4029 2036 4077 tra
2066 4038 2262 4077 omnes
2303 4022 2654 4077 adversarios
2682 4022 2910 4076 muniat.
2943 4022 3178 4076 Adnotat
3208 4021 3396 4086 etiam,
3428 4042 3568 4094 qua-

1955 4110 2082 4165 liter
2121 4110 2390 4166 Evrardus
2421 4113 2665 4166 marchio
2707 4112 2881 4166 sancti
2908 4111 3096 4166 Calixti
3119 4107 3280 4182 'papze
3333 4118 3386 4164 et
3418 4129 3564 4167 mar-

1955 4205 2090 4275 tyris
2119 4204 2438 4259 venerabile
2463 4221 2662 4275 corpus
2683 4221 2712 4259 a
2739 4205 2984 4260 Romana
3010 4205 3142 4259 sede
3171 4205 3566 4274 impetraverit,

1953 4300 2116 4364 atque
2139 4293 2192 4346 in
2218 4292 2338 4360 ejus
2366 4294 2574 4350 honore
2597 4292 2993 4347 monasterium
3019 4292 3126 4362 (21)
3159 4293 3212 4346 in
3243 4293 3448 4363 praedio
3467 4309 3567 4349 suo

1955 4380 2321 4435 constituerit.
2384 4381 2537 4444 Quod
2594 4380 2859 4450 praedium
2915 4388 3038 4451 post
3084 4382 3205 4449 ejus
3252 4381 3458 4434 obitum
3500 4383 3567 4436 ad

225 4473 607 4530 Herimannus
663 4477 844 4532 cidem
876 4495 1031 4550 papa;
1085 4494 1240 4532 suam
1280 4479 1574 4545 direxerat,
1613 4486 1668 4533 et
1697 4487 1855 4549 post-
1879 4477 1937 4546 D
1961 4471 2134 4527 ﬁlium
2157 4471 2332 4543 ipsius
2358 4471 2651 4527 Rodulfum
2679 4473 2928 4528 abbatem
2955 4474 3301 4529 haereditario
3324 4474 3448 4543 jure
3472 4476 3568 4528 ad-

223 4567 463 4621 modum
494 4584 593 4639 per
629 4571 987 4641 semetipsnm
1030 4577 1356 4638 accesserat,
1406 4570 1754 4642 proclamans
1783 4571 1851 4624 ab

223 4661 570 4717 Herimanno
611 4663 866 4719 Ecclesiae
895 4680 1007 4719 suae
1039 4664 1326 4738 privilegia
1361 4663 1577 4732 violari,
1609 4663 1849 4734 ideoque

224 4755 293 4808 in
351 4770 507 4808 suam
538 4756 886 4825 praesentiam
933 4764 1350 4812 commonuerat
1402 4763 1698 4828 utrumque
1755 4771 1852 4810 ve-

225 4843 379 4898 nire.
411 4843 519 4897 Sed
549 4845 809 4915 quoniam
839 4844 1131 4919 Adelgario
1185 4845 1442 4901 veniente
1487 4844 1852 4900 Herimannus

224 4933 434 5003 defuit,
493 4943 654 4991 tantae
719 4937 798 4991 liti
857 4935 1022 4992 finem
1074 4937 1358 5009 imponere
1425 4953 1568 5010 papa
1619 4936 1849 5003 distulit,

227 5047 303 5086 ne
335 5029 623 5102 quidpiam
662 5047 1016 5104 praepropere
1056 5031 1308 5101 judicare
1339 5030 1640 5099 videretur,
1698 5031 1846 5085 unde

227 5123 485 5178 rediviva
514 5123 796 5178 contentio
824 5122 1020 5178 futuris
1052 5122 1392 5195 temporibus
1421 5123 1674 5177 oriretur.
1708 5123 1852 5188 Quo-

226 5219 382 5274 circa
410 5217 651 5292 injungit
682 5217 810 5271 huic
841 5217 1060 5286 praesuli
1111 5223 1320 5282 nostro,
1355 5231 1455 5269 sua
1484 5215 1658 5286 ipsius
1697 5230 1852 5285 papa:

224 5309 348 5363 vice
403 5309 678 5379 synodum
711 5321 1018 5362 convocare
1074 5306 1219 5376 apud
1249 5304 1616 5379 Wangionem
1669 5301 1854 5357 civita-

223 5403 360 5465 tem,
422 5413 548 5451 cum
593 5396 789 5451 vicinis
833 5394 1212 5469 suﬁ'raganeis,
1274 5393 1681 5464 limitaneisque
1732 5391 1854 5463 epi-

224 5491 436 5564 sc0pis,
471 5492 541 5546 ad
592 5507 757 5562 quam
797 5489 1189 5544 Herimannum
1229 5488 1544 5563 Agrippinae
1599 5485 1851 5553 coloniae,

226 5588 284 5634 et
300 5578 708 5635 Sonderoldum
737 5575 1116 5651 Moguntinum
1149 5594 1273 5633 cum
1302 5576 1418 5630 suis
1468 5572 1851 5648 suﬁ‘raganeis,

1952 4568 2163 4624 venerit
2197 4585 2209 4622 :
2240 4567 2334 4638 qui
2369 4582 2457 4622 res
2486 4567 2632 4637 ipsas
2653 4566 2818 4621 simul
2843 4584 2966 4621 cum
2999 4567 3285 4622 memorati
3320 4567 3573 4638 martyris

1952 4663 2112 4738 gleba
2141 4661 2266 4717 vitae
2296 4676 2409 4717 suae
2432 4659 2627 4716 diebus
2657 4660 2862 4731 absque
2888 4662 2999 4715 ulla
3030 4661 3466 4716 contradictione
3489 4668 3570 4714 te-

1954 4755 2158 4822 nuerit,
2217 4762 2270 4810 et
2317 4755 2385 4810 de
2429 4753 2632 4810 saeculo
2658 4753 2993 4829 migraturus
3041 4754 3264 4808 easdem
3314 4770 3400 4808 res
3446 4770 3569 4808 cum

1953 4848 2289 4903 monasterio
2346 4854 2399 4903 et
2433 4863 2662 4920 corpore
2715 4862 2872 4902 sacro
2905 4846 3163 4901 Remensi
3213 4853 3413 4901 sanctae
3474 4845 3570 4902 [)ei

1954 4936 2247 4991 Gcnitricis
2290 4937 2541 4991 ecclesiae
2574 4935 2933 5012 delegaverit,
2984 4935 3347 5006 eamdemque
3391 4950 3571 4989 rerum

1952 5045 2172 5085 suarum
2227 5029 2505 5084 heredem
2537 5030 2851 5086 instituerit.
2908 5029 3058 5084 Tunc
3087 5044 3216 5083 vero
3259 5027 3574 5082 Hucboldus

1953 5118 2176 5190 quidam
2208 5117 2418 5174 sororis
2445 5118 2611 5186 hujus
2642 5117 2858 5173 Rodulﬁ
2911 5118 3158 5183 maritus,
3191 5132 3392 5170 munus
3423 5117 3571 5185 ejus—

1953 5208 2080 5261 dem
2111 5205 2325 5260 abbatis
2356 5206 2814 5273 calomniabatur,
2848 5214 2903 5260 et
2944 5207 3012 5260 ab
3048 5205 3300 5260 ecclesia:
3329 5205 3423 5258 Dei
3469 5205 3573 5258 Ge—

1953 5295 2166 5354 nitricis
2189 5297 2314 5364 jure
2362 5296 2666 5351 conabatur
2722 5297 2963 5353 auferre.
3006 5298 3244 5353 Proinde
3298 5304 3573 5367 precatur,

1953 5398 2012 5445 ut
2041 5388 2176 5460 quid
2205 5387 2310 5442 sibi
2344 5387 2415 5442 sit
2446 5389 2504 5442 in
2527 5387 2732 5444 talibus
2760 5389 3061 5463 agendum,
3106 5391 3222 5445 suis
3249 5407 3377 5444 eum
3404 5389 3576 5444 sacris

1955 5480 2191 5534 instruat
2219 5478 2438 5545 litteris,
2472 5485 2527 5533 et
2557 5477 2750 5532 harum
2783 5477 3135 5531 collationem
3163 5494 3345 5534 rerum
3371 5485 3580 5534 aeterna

1953 5571 2251 5628 stabilitate
2307 5572 2648 5639 corroboret,
2699 5578 2860 5643 atque
2916 5571 3363 5628 contradicentes
3414 5573 3581 5650 digna

300 5687 413 5758 (2|)
458 5683 739 5740 Cisonium
768 5687 1003 5738 monast.
1039 5681 1094 5735 in
1121 5683 1309 5755 Belgio
1341 5681 1485 5735 inter
1510 5679 1813 5734 Tornacum
1848 5689 1904 5734 et
1936 5677 2168 5736 insulas.

533 5787 836 5848 PATROL.
892 5783 1230 5846 CXXXV.

3251 5782 3290 5844 9
