3970 6218
434 286 534 340 267

1555 277 1922 332 FLODOARDI
1965 272 2269 329 CANONICI
2309 273 2636 329 REMENSIS

3665 280 3776 332 268

435 406 1022 496 εκοοπιῐηυηίοθῖίοηίε
1050 406 1259 461 “mone
1289 403 1574 478 Ρθτεθηδῖ-
1599 406 1927 496 δοΐυρυιυῐη
1961 405 2054 458 de‘
2080 406 2126 471 A
2155 430 2207 475 et
2237 439 2301 476 ea
2333 441 2456 495 qua?
2489 423 2726 480 domnus
2781 427 2926 482 idem
2965 427 3128 481 Fulco
3187 441 3285 495 per
3321 428 3607 496 precarias
3638 430 3771 484 obti-

437 503 606 572 nique
627 497 730 552 sibi
761 495 895 550 dixit
923 511 987 548 ac
1014 496 1316 569 singultum
1348 513 1593 561 movere,
1625 494 1774 566 quod
1805 494 2053 549 audierat

436 612 467 649 a
496 592 848 664 quibusdam,
881 598 1124 645 sanctam
1156 589 1457 643 Romanam
1491 585 1789 643 Ecclesiam
1823 589 2050 655 turbari,

437 694 796 759 paratumque
819 703 877 741 se
906 687 1035 741 totis
1063 683 1275 739 viribus
1303 681 1598 753 proipsius
1630 683 1840 736 honore
1870 682 2052 737 omni-

439 780 618 835 modis
647 780 952 845 decertare,
1003 785 1054 831 et
1095 777 1277 831 eidem
1335 792 1490 846 papa:
1547 773 1717 828 veluti
1765 775 1970 828 domno
2001 779 2054 826 et

437 874 701 950 magistro
729 876 782 930 in
813 872 1027 928 cunctis
1053 867 1452 924 obsecundare.
1479 865 1765 920 Subnectit
1793 866 1958 919 etiam
1987 865 2055 918 de

438 970 768 1040 quibusdam
825 966 1105 1038 cpisc.0pis
1161 963 1474 1026 Galliarum,
1533 961 1628 1032 qui
1683 959 1788 1014 sibi
1828 957 2054 1028 pallium

441 1059 684 1115 indebite
717 1078 746 1115 a
775 1061 1020 1114 Romana
1067 1057 1370 1129 poscebant
1417 1056 1572 1122 sede,
1606 1053 2058 1124 metropolitanos

440 1166 572 1204 suos
588 1150 681 1204 tali
703 1155 1034 1220 spernentes
1053 1154 1268 1213 tenore,
1289 1161 1543 1201 asserens
1563 1143 1711 1215 quod
1730 1159 1817 1197 res
1838 1143 2056 1209 eadem,

439 1242 546 1296 nisi
580 1239 838 1311 prudenti
867 1245 1141 1309 praecauta
1180 1237 1320 1292 foret
1349 1237 1750 1304 sollicitudine,
1783 1235 2060 1292 confusio-

440 1347 566 1387 nem
599 1347 708 1386 non
740 1330 1081 1385 mediocrem
1131 1338 1426 1404 generaret
1457 1331 1736 1398 Ecclesiae,
1768 1347 2058 1406 magnum-

439 1439 549 1493 que
579 1422 832 1477 charitati
863 1421 1219 1492 dispendium
1259 1423 1469 1475 valeret
1507 1421 1732 1476 inferre.
1769 1421 1920 1478 Unde
1951 1430 2055 1477 tam

439 1534 498 1572 se
549 1535 712 1589 quam
737 1533 960 1572 omnem
1007 1517 1220 1587 precari
1264 1518 1396 1572 dicit
1453 1517 1774 1583 Ecclesiam,
1806 1535 1873 1571 ne
1921 1519 2058 1572 scito

442 1610 674 1678 alicujus
706 1609 1066 1664 irrationabili
1098 1608 1379 1679 petitioni,
1412 1609 1531 1662 sine
1553 1609 1799 1683 generali
1829 1623 2059 1662 assensu

442 1706 708 1761 ctlitteris
736 1708 1069 1774 consentiat,
1093 1723 1162 1761 ne
1197 1724 1296 1777 per
1326 1708 1432 1762 hoc
1460 1707 1852 1761 ecclesiasticae
1879 1707 2057 1779 digni-

442 1800 567 1855 tatis
596 1800 776 1854 honor
804 1797 1069 1852 vilescere
1116 1797 1365 1867 incipiat,
1415 1797 1461 1852 si
1511 1813 1598 1852 rcs
1629 1798 1897 1862 indebita,
1933 1814 2056 1870 quae
2084 1821 2135 1889 Β

440 1899 650 1944 temere
677 1889 979 1954 atiectatur,
1011 1889 1322 1943 inconsulte
1356 1890 1615 1944 tradatur.

451 2054 578 2119 Quae
614 2054 896 2106 Formosus
941 1979 1476 2176 paggbgglggnil.veg
1512 2052 1709 2108 Karolo
1751 2055 1867 2119 regi
1899 2056 2058 2122 atque

1097 2139 1190 2176 om
1245 2138 1441 2176 scrmsz
1476 2164 1485 2174 .

1097 2139 1190 2176 om
1245 2138 1485 2192 εενιρειε.

513 2216 606 2272 Cui
643 2217 956 2271 rescribens
994 2217 1141 2270 idem
1187 2233 1328 2288 papa
1359 2218 1672 2283 Formosus,
1705 2225 1894 2272 monet
1931 2233 2056 2270 eum

443 2310 678 2380 compati
710 2310 914 2363 debere
948 2309 1205 2364 Romana:
1237 2309 1512 2375 Ecclesiae,
1555 2316 1718 2380 atque
1751 2308 2059 2363 imminenti

442 2400 565 2469 ejus
587 2400 884 2455 subvenire
934 2399 1127 2466 ruinae,
1163 2416 1266 2453 nec
1296 2399 1346 2453 ei
1379 2416 1532 2453 suam
1582 2399 1929 2469 praesentiam
1962 2399 2060 2452 de-

442 2506 647 2564 negare
685 2509 695 2544 :
755 2491 1068 2562 adjungcns
1097 2489 1339 2544 haereses
1385 2488 1632 2558 undique
1665 2504 1727 2541 ac
1771 2488 2061 2542 schismata

442 2582 736 2652 pullulare,
771 2599 875 2634 nec
901 2581 996 2653 qui
1041 2582 1108 2635 ad
1141 2580 1510 2635 resistendum
1542 2587 1877 2647 occurreret,
1911 2595 2054 2634 esse.

442 2669 691 2740 Dicitque
724 2670 887 2743 longo
921 2677 1190 2724 rctroacto
1222 2677 1470 2740 tempore
1505 2669 1847 2740 perniciosas
1891 2671 2058 2725 haere-

442 2781 532 2818 ses
562 2764 844 2819 Orientem
898 2765 1261 2831 confundere,
1294 2771 1348 2819 et
1395 2764 2056 2836 ConstantinOpolitanam

442 2853 738 2907 Ecclesiam
773 2855 968 2909 nociva
999 2854 1297 2908 schismata
1324 2855 1679 2924 perturbare;
1707 2854 1867 2908 simul
1891 2855 2054 2909 etiam

443 2942 689 3016 regionis
717 2942 982 2997 Africanae
1012 2943 1222 3016 legatos
1254 2941 1532 3010 insistere,
1565 2959 1834 3014 responsa
1863 2951 2060 3015 peten-

443 3042 526 3087 tes
553 3046 654 3102 pro
684 3033 891 3087 dudum
935 3040 1130 3088 exorto
1159 3033 1304 3088 inter
1345 3035 1637 3106 episcopos
1670 3034 1911 3106 ipsarum
1939 3051 2062 3106 pro-

440 3123 747 3178 vinciarum
779 3123 1100 3178 schismate.
1156 3125 1501 3180 Diversarum
1551 3139 1773 3195 quoque
1821 3127 2056 3195 partium

441 3213 751 3288 legationes
798 3216 1015 3270 diversa
1047 3230 1313 3286 responsa
1353 3221 1606 3286 petentes
1636 3216 1857 3270 instare.
1894 3216 2060 3286 Cujus
2087 3195 2136 3263 Ο

441 3306 522 3359 rei
587 3308 763 3380 gratia
807 3308 1127 3382 generalem
1177 3308 1449 3379 synodum
1497 3309 1703 3375 (concil.
1752 3311 1927 3377 Rom,
1965 3327 2054 3365 an.

440 3399 564 3470 893)
598 3400 688 3454 die
722 3401 1090 3458 Kalendarum
1151 3402 1484 3469 Martiarum,
1516 3403 1834 3458 indictionis
1890 3404 2062 3458 unde-

439 3488 595 3543 cima:
637 3505 696 3544 se
742 3490 1004 3547 inchoare
1037 3492 1406 3564 disposuisse,
1439 3492 1508 3547 ad
1558 3509 1722 3564 quam
1778 3494 2057 3562 eumdem,

437 3585 647 3632 remota
675 3582 824 3634 omni
859 3581 1146 3648 dilatione,
1178 3582 1441 3636 admonet
1466 3581 1752 3649 festinare,
1794 3589 1854 3636 ut
1883 3584 2055 3639 collo-

436 3674 660 3742 quendo
681 3675 886 3749 largius
903 3677 971 3731 de
993 3677 1076 3730 his
1101 3677 1320 3731 valeant
1346 3683 1704 3748 pertractare,
1737 3685 1792 3732 et
1820 3677 2056 3733 afﬂuen-

437 3768 549 3822 tius
591 3769 661 3822 ad
710 3773 962 3827 consulta
992 3771 1210 3845 singula
1262 3772 1621 3842 respondere.
1653 3773 2055 3829 Nortmannicae

435 3869 619 3941 gentis
668 3867 981 3939 procellas,
1031 3867 1234 3938 quibus
1289 3867 1570 3923 asserebat
1623 3884 1682 3922 se
1713 3870 2058 3939 perturbari,

436 3962 736 4031 plurimum
760 3960 970 4026 dolere,
995 3965 1049 4012 et
1078 3966 1137 4012 ut
1167 3973 1264 4014 eos
1287 3959 1496 4014 Excelsi
1529 3960 1754 4015 dextera
1776 3961 2059 4032 reprimat,

436 4051 813 4124 apostolorum
860 4050 1175 4122 principum
1206 4049 1484 4125 suffragiis
1537 4052 2057 4118 intervenientibus,

438 4147 762 4218 implorare.
799 4143 1029 4198 Litteras
1054 4158 1186 4197 vero
1217 4159 1355 4214 quas
1385 4143 1794 4217 significaverat
1822 4145 1890 4200 ad
1929 4163 2055 4201 eum

438 4253 538 4307 per
585 4235 852 4307 quasdam
881 4247 1148 4304 personas
1179 4232 1414 4302 primum
1449 4249 1508 4287 se
1554 4234 1844 4303 direxisse,
1875 4236 1942 4289 ad
1974 4235 2058 4306 ip-

437 4345 560 4384 sum
588 4328 818 4383 minime
843 4327 1188 4398 pervenisse.
1210 4325 1430 4380 Miserat
1456 4325 1592 4380 alias
1617 4327 1803 4394 etiam,
1828 4343 1928 4398 pro
1959 4328 2060 4383 hac

436 4420 631 4474 eadem
691 4419 905 4491 synodo
963 4417 1336 4485 celebranda,
1392 4417 1606 4488 pridem
1667 4419 1794 4473 huic
1836 4434 2058 4490 quoque

434 4510 659 4580 praesuli
710 4516 899 4565 nostro
930 4509 1161 4576 litteras,
1205 4524 1367 4580 quam
1422 4508 1739 4565 decrevisse
1767 4525 1826 4563 se
1865 4508 2062 4564 asserit

432 4603 682 4674 incipere
743 4604 1022 4659 mediante
1079 4603 1219 4657 Maio
1276 4619 1469 4658 mense
1501 4645 1516 4670 ,
1587 4602 1906 4660 indictionis
1958 4567 2132 4657 de-D

433 4693 613 4748 cimze.
664 4695 722 4748 ln
777 4694 980 4765 quibus
1034 4693 1231 4748 litteris
1288 4692 1490 4748 fatetur
1535 4693 1745 4748 italiam
1799 4700 1931 4749 tunc
1974 4710 2058 4748 se-

432 4789 540 4845 mel
593 4796 648 4844 et
677 4791 922 4845 secundo
954 4789 1180 4845 horrida
1238 4789 1382 4844 bella
1437 4805 1783 4861 perpessam,
1818 4797 1872 4845 et
1912 4806 2057 4861 pene

431 4889 838 4954 consumptam.
907 4883 1264 4938 Orientalium
1341 4898 1470 4938 vero
1549 4882 1784 4953 partium
1844 4898 1904 4938 se
1957 4883 2056 4938 de-

431 4977 565 5032 ﬂere
619 4993 882 5033 vesanam
919 4977 1176 5032 heresim
1233 4977 1286 5031 in
1327 4975 1601 5032 Christum
1659 4977 1848 5032 Jesum
1906 4976 2056 5032 blas-

429 5073 707 5143 phemiam
789 5073 1166 5129 continentem
1249 5073 1311 5146 [j,
1397 5072 1836 5142 conjicientem].
1899 5071 2056 5127 Mittit

428 5171 478 5227 ei
530 5177 800 5242 praetcrea
855 5171 1084 5243 petitum
1141 5186 1310 5242 super
1361 5170 1692 5242 quibusdam
1751 5168 2054 5241 praestariis

2153 527 2369 585 nuerat,
2401 520 2721 576 Rodemiam
2762 522 3022 576 videlicet
3053 528 3108 575 et
3153 521 3499 596 Margolium,
3535 522 3770 577 Lastem-

2155 627 2303 677 nam,
2351 616 2405 663 ct
2436 609 2766 681 Guigleium,
2799 619 2962 682 atque
3008 610 3310 676 Virtudem,
3359 626 3583 666 necnon
3622 613 3776 666 abba-

2156 703 2281 756 tiam
2314 718 2436 773 quae
2474 700 2675 756 dicitur
2700 702 3017 772 Campcllis,
3051 701 3253 756 Atteias
3284 702 3448 756 etiam
3491 710 3546 757 et
3579 703 3773 758 Mania-

2158 809 2302 859 cum,
2334 793 2582 865 aliasque
2613 811 2704 848 res
2734 810 2857 866 quae
2887 793 3095 848 (ludum
3127 793 3344 859 ablatae,
3387 800 3520 848 tunc
3551 794 3775 849 reddita:

2159 884 2376 939 fuerant
2432 885 2693 940 Ecclesiae
2765 885 3048 952 Remensi,
3105 884 3385 940 restitutas
3459 887 3776 940 auctoritate

2159 975 2448 1030 confirmat
2477 977 2802 1048 apostolica,
2856 983 2916 1031 ut
2950 993 3067 1042 eas,
3120 976 3206 1031 vel
3237 981 3469 1031 caeteras
3526 977 3774 1045 ejusdem

2161 1067 2443 1135 Ecclesiae,
2479 1069 2869 1138 possessiones
2898 1083 3062 1123 nemo
3094 1074 3396 1139 praesumat
3425 1067 3666 1134 auferre,
3697 1067 3778 1121 vel

2160 1157 2442 1212 invadere.
2492 1157 2760 1211 Sanciens
2814 1157 3046 1227 insuper
3082 1155 3406 1211 auctoritate
3461 1156 3609 1210 beati
3643 1157 3779 1210 Petri

2161 1253 2218 1300 ut
2272 1262 2436 1301 nemo
2468 1263 2686 1318 regum,
2743 1247 2928 1302 nullus
2958 1247 3286 1312 antistitum,
3342 1262 3509 1302 nemo
3554 1246 3781 1316 quilibet

2161 1337 2523 1402 Christianus,
2572 1338 2881 1394 decedente
2930 1340 3224 1394 Remorum
3257 1338 3549 1408 episcOpo,
3604 1337 3782 1407 ipsum

2161 1429 2564 1500 episcopatum,
2595 1431 2681 1485 vel
2713 1447 2803 1486 res
2860 1431 3034 1502 ipsius
3074 1429 3333 1485 Ecclesize
3363 1429 3479 1483 suis
3517 1445 3778 1499 compen-

2161 1518 2267 1572 diis
2319 1517 2578 1588 applicet,
2641 1535 2820 1591 neque
2877 1535 2976 1574 suo
3025 1518 3272 1574 dominio
3321 1525 3529 1584 teneat,
3585 1526 3782 1588 praeter

2161 1611 2336 1682 ipsius
2366 1611 2600 1665 civitatis
2623 1609 2964 1680 episc0pum.
3000 1609 3108 1662 Sed
3139 1614 3194 1662 et
3221 1607 3473 1661 eamdem
3509 1614 3782 1678 metropo-

2161 1703 2254 1757 lim
2288 1719 2398 1758 non
2441 1701 2583 1756 ultra
2612 1700 3061 1756 constitutionem
3090 1697 3436 1763 canonicam,
3468 1698 3594 1751 sine
3627 1715 3779 1766 regu-

2161 1795 2226 1849 lis
2255 1791 2645 1849 ecclesiasticis
2670 1789 3036 1846 conveniente
3069 1795 3289 1859 pastore
3319 1802 3548 1841 manere
3583 1794 3778 1861 cogat:

2159 1902 2342 1959 neque
2371 1887 2529 1940 aliter
2574 1885 2778 1939 ibidem
2811 1885 3155 1954 episcopum,
3217 1881 3325 1935 nisi
3354 1888 3414 1936 ut
3440 1882 3587 1935 sacri
3616 1897 3778 1937 cano-

2158 1999 2260 2038 nes
2310 1981 2528 2050 jubent,
2561 1980 2818 2035 constitui
2865 1979 3047 2033 faciat.
3079 1977 3439 2051 Promulgans
3495 1976 3664 2031 etiam
3723 1995 3783 2044 ac

2159 2085 2426 2142 statuens,
2471 2083 2528 2130 ut
2557 2091 2622 2130 ea
2651 2091 2773 2146 quae
2818 2074 2966 2129 idem
2996 2072 3333 2128 venerabilis
3364 2070 3570 2143 praesul
3612 2072 3776 2128 Fulco

2161 2172 2230 2226 de
2251 2171 2397 2226 villis
2419 2171 2583 2238 hujus
2613 2168 2868 2223 Ecclesiae
2897 2182 2961 2221 ac
2988 2164 3337 2220 facultatibus
3359 2178 3573 2229 earum,
3598 2164 3790 2218 usibus

2161 2259 2660 2314 ecclesiasticorum
2713 2261 3197 2320 ornamentorum,
3253 2252 3337 2308 vel
3393 2251 3784 2319 luminarium,

2162 2367 2261 2405 seu
2313 2351 2416 2404 sub
2445 2348 2739 2420 stipendiis
2791 2346 3208 2412 canonicorum,
3242 2359 3307 2398 ac
3359 2343 3787 2411 monachorum,

2162 2455 2325 2518 atque
2381 2444 2906 2510 sanctimonialium,
2948 2431 3071 2497 seu
3125 2440 3653 2507 matriculariorum,
3737 2449 3790 2495 et

2163 2536 2463 2606 hospitum,
2496 2535 2581 2590 vel
2613 2549 2915 2604 pauperum
2963 2531 3342 2597 constituerat,
3370 2535 3643 2600 perpetuo
3704 2531 3783 2584 in-

2159 2628 2421 2684 convulsa
2463 2632 2842 2698 permaneant,
2876 2625 3017 2679 hanc
3064 2623 3410 2679 autoritatem
3441 2622 3529 2677 sui
3570 2622 3783 2676 decreti

2159 2721 2261 2774 sub
2335 2719 2699 2774 anathematis
2755 2717 2977 2773 vinculo
3057 2715 3417 2772 violatoribus
3499 2713 3788 2770 innodatis

2159 2813 2540 2868 corroborans.
2576 2812 2968 2881 Imperatorem
3021 2823 3244 2879 quoque
3274 2806 3573 2861 Widonem
3632 2820 3790 2861 coro-

2162 2910 2344 2958 natum
2379 2901 2576 2956 eodem
2624 2915 2770 2954 anno
2802 2896 3144 2970 significans,
3203 2895 3510 2951 indictione
3541 2894 3784 2949 decima.

2162 2991 2295 3044 Item
2318 2989 2387 3042 ad
2411 2989 2585 3058 ipsius
2607 2985 2796 3041 domni
2826 2984 3087 3040 Fulconis
3113 2983 3439 3055 petitionem
3465 2983 3618 3038 misit
3642 2983 3794 3039 aliud

2159 3081 2341 3136 eidem
2373 3077 2744 3152 privilegium,
2779 3091 2879 3147 pro
2909 3073 3248 3130 monasterio
3275 3074 3595 3139 Avennaco,
3627 3079 3794 3144 atque

2161 3189 2260 3246 pro
2290 3187 2357 3228 eo
2399 3171 2759 3236 monasterio,
2793 3168 2946 3240 quod
2978 3165 3248 3222 Rodulfus
3276 3164 3449 3220 abbas
3478 3165 3536 3219 in
3578 3164 3793 3221 honore

2161 3263 2334 3317 sancti
2380 3260 2577 3316 Calixti
2631 3257 2884 3328 martyris
2962 3262 3018 3310 et
3069 3270 3228 3326 papa:
3303 3269 3371 3308 ex
3430 3252 3789 3308 haereditario

2162 3350 2512 3423 pr0prietatis
2563 3363 2677 3403 suae
2729 3347 2854 3416 jure
2911 3348 3289 3400 constructum
3334 3341 3464 3396 huic
3520 3342 3790 3397 Remensi

2163 3447 2517 3498 concesserat
2568 3423 2848 3504 EcClesize,
2903 3444 3012 3491 tam
3066 3434 3262 3489 eadem
3312 3432 3570 3489 ctenobia
3618 3449 3791 3506 quam

2160 3546 2356 3588 omnes
2381 3528 2765 3600 possessiones
2816 3524 3144 3579 liberalitate
3173 3521 3366 3597 regali,
3427 3522 3514 3577 vel
3546 3522 3790 3577 aliorum

2157 3621 2601 3678 Christicolarum
2631 3613 3010 3672 munificentia
3049 3612 3306 3668 Remensi
3335 3611 3567 3666 collatas
3597 3611 3789 3667 Eccle-

2158 3715 2278 3782 siae,
2309 3714 2424 3768 sive
2447 3727 2585 3783 quas
2615 3709 2762 3763 idem
2779 3705 2982 3778 praesul
3009 3703 3366 3776 acquisierat,
3392 3708 3488 3757 aut
3515 3703 3794 3774 deinceps

2158 3803 2526 3875 acquisiturus
2573 3805 2710 3864 erat,
2738 3796 2918 3851 eidem
2949 3792 3206 3848 Ecclesiae
3263 3791 3572 3863 apostolica
3603 3808 3793 3847 corro-

2163 3893 2364 3948 borans
2392 3896 2446 3945 et
2475 3886 2762 3944 stabiliens
2812 3889 3102 3955 potestate.
3136 3881 3232 3935 Hic
3277 3895 3502 3952 quoque
3534 3880 3796 3935 Lamber-

2160 3991 2275 4039 tum
2303 3981 2594 4049 (Lambcrt.
2632 3979 2844 4048 imper.)
2874 3973 3048 4029 ﬁlium
3078 3971 3331 4028 Widonis
3356 3986 3504 4026 anno
3534 3974 3794 4027 secundo

2161 4067 2380 4138 imperii
2435 4067 2604 4139 patris
2630 4065 2806 4136 ipsius
2865 4078 3066 4118 novum
3125 4061 3519 4131 imperatorem
3580 4061 3791 4116 factum

2159 4166 2330 4221 fuisse
2381 4163 2650 4236 designat.
2711 4160 2845 4214 Item
2897 4173 2996 4228 pro
3053 4154 3421 4211 dicecesaneis
3475 4155 3790 4226 provincia:

2161 4255 2450 4314 Remensis
2475 4252 2778 4325 episcOpis,
2806 4249 2956 4321 quod
2986 4247 3253 4315 audierat,
3285 4261 3480 4301 eorum
3507 4247 3790 4318 quosdam

2160 4353 2324 4423 hujus
2377 4346 2778 4418 archiepiscOpi
2848 4343 2934 4399 sui
2989 4341 3327 4396 audientiam
3397 4347 3792 4404 contemnere,

2161 4443 2410 4499 scribens
2429 4442 2632 4506 eidem,
2655 4445 2715 4493 ut
2736 4452 2867 4492 suos
2887 4434 3180 4491 conveniat
3209 4431 3603 4504 coepiscOpos,
3628 4441 3795 4488 caete-

2160 4551 2347 4592 rorum
2373 4548 2596 4605 quoque
2623 4544 2765 4602 quos
2786 4528 2968 4598 ipsum
2993 4526 3170 4580 visum
3199 4523 3364 4579 fuerit
3387 4523 3792 4594 episcoporum

2158 4627 2450 4703 collegium
2485 4623 2782 4680 convenire
2812 4619 3122 4685 denuntiet,
3154 4621 3213 4672 ut
3245 4615 3315 4670 de
3343 4621 3498 4671 tanto
3524 4617 3796 4688 neglectu

2157 4717 2409 4792 synodali
2437 4715 2600 4772 simul
2622 4715 2840 4770 actione
2861 4711 3206 4782 perquirant,
3236 4714 3291 4762 et
3315 4706 3594 4778 quidquid
3623 4722 3796 4776 opor-

2157 4813 2321 4868 tuerit
2351 4809 2618 4866 canonica
2674 4813 2836 4878 atque
2870 4802 3172 4875 apostolica
3218 4799 3417 4854 muniti
3461 4799 3801 4853 auctoritate

2159 4905 2481 4970 decernant,
2516 4899 2840 4968 subjiciens,
2871 4903 2930 4950 ut
2958 4909 3125 4950 nemo
3169 4909 3202 4946 a
3231 4898 3339 4946 tam
3372 4891 3488 4945 Deo
3528 4890 3709 4965 digno
3740 4906 3803 4945 se

2159 4993 2445 5048 subtrahat
2498 5004 2693 5060 opere,
2753 4984 2847 5058 qui
2913 4982 3232 5054 apostolicae
3287 4979 3464 5050 ipsius
3517 4980 3809 5051 particeps

2155 5085 2391 5144 voluerit
2449 5079 2858 5138 communionis
2906 5076 3161 5132 existere.
3213 5074 3345 5128 item
3395 5087 3502 5142 pro
3556 5072 3807 5127 evectio-

2155 5196 2224 5236 ne
2251 5176 2430 5233 Karoli
2455 5173 2563 5246 (22)
2597 5174 2665 5228 ad
2689 5171 2937 5244 regimen
2969 5166 3148 5242 regni,
3178 5180 3343 5236 quem
3373 5162 3622 5217 domnus
3645 5163 3799 5216 idem

427 5265 799 5340 privilegium,
834 5282 1276 5322 commemorans
1305 5267 1524 5321 beatum
1559 5265 1868 5341 Remigium
1894 5263 2044 5338 genti

424 5356 780 5425 Francorum,
841 5359 1100 5413 Romanze
1156 5359 1307 5414 sedis
1361 5357 1873 5426 auctoritate,-cum
1920 5372 2046 5430 gra-

424 5450 496 5504 tia
524 5452 620 5506 Dei
651 5451 962 5520 apostolum
993 5452 1371 5505 constitutum.
1403 5451 1633 5505 Bernam
1691 5463 1912 5521 quoque
1942 5448 2046 5502 vil-

2146 5273 2311 5328 Fulco
2341 5271 2410 5325 ad
2449 5267 2660 5342 regium
2692 5265 2911 5319 culmen
2944 5259 3125 5314 adhuc
3164 5272 3397 5328 puerum
3427 5261 3792 5326 provexerat,

2147 5372 2202 5420 et
2229 5365 2296 5420 de
2319 5360 2644 5418 criminibus
2661 5354 2867 5411 Odonis
2889 5352 3059 5427 regis,
3085 5350 3172 5404 vel
3197 5346 3554 5418 correptione
3581 5347 3789 5418 ipsius,

2146 5452 2380 5523 qualiter
2403 5455 2549 5505 esset
2574 5445 2821 5522 agenda:
2853 5457 2956 5513 pro
2984 5438 3189 5511 quibus
3223 5436 3389 5491 rebus
3421 5435 3572 5490 idem
3604 5433 3788 5489 archi-

423 5541 552 5612 lam,
582 5560 707 5616 quae
741 5544 928 5614 inique
969 5543 1174 5597 dudum
1232 5543 1508 5597 subtracta
1539 5541 1732 5609 fuerat,
1782 5540 2042 5596 Remensi
2147 5543 2445 5612 epiSCOpus
2477 5539 2604 5594 huic
2635 5553 2792 5608 papae
2822 5533 3023 5603 scripta
3053 5546 3174 5595 sua,
3207 5526 3504 5583 consilium
3537 5533 3594 5582 et
3625 5525 3786 5580 auxi—

425 5640 684 5697 Ecclesiae
742 5642 1067 5693 restitutam.
1143 5639 1548 5693 Duodeciacum
1608 5652 1852 5708 quoque,
1941 5633 2040 5687 sed
2145 5632 2275 5686 lium
2309 5633 2376 5686 ab
2403 5647 2469 5688 eo
2500 5629 2763 5702 petendo,
2815 5627 3111 5682 direxerat.
3145 5621 3302 5677 Unde
3331 5627 3385 5676 et
3411 5617 3480 5673 ad
3514 5617 3784 5673 eumdem

493 5746 604 5816 (22)
647 5742 872 5796 Carolus
902 5743 1149 5813 Simplex
1185 5750 1538 5797 consecratus
1567 5757 1656 5796 an.
1690 5739 1821 5812 892,
1849 5736 2023 5792 aztatis
2054 5737 2140 5804 12,
2169 5736 2254 5792 vel
2285 5737 2375 5805 14,
2403 5737 2559 5805 juxta
2585 5735 2740 5790 alios.
