3970 6218
260 305 370 362 269

918 295 1240 352 ΗΙΞΤΟΒΙᾹΣ
1283 291 1615 349 ECCl.ESl/E
1656 289 2200 346 REMENSISLIBRI
2240 288 2660 354 QUATUOB.—
2700 287 2825 340 LlB.
2869 285 2953 340 IV.

3500 287 3606 342 2³70

262 450 455 510 regem
496 432 740 488 Odonem
771 429 980 483 “ueras
1019 443 1148 482 suas
1169 427 1314 481 idem
1357 440 1497 496 Papa
1523 423 1879 497 delegaverit,
1906 425 1955 492 Α
1983 445 2134 500 rolus
2160 459 2282 498 cum
2311 441 2493 498 valido
2545 439 2817 494 exercitus
2848 443 3112 508 apparatu
3146 436 3450 491 adveniens
3474 452 3599 491 eum

264 537 325 586 ut
351 530 422 583 ab
452 526 658 582 illicitis
685 523 994 588 recederet,
1052 538 1156 577 nec
1183 521 1437 576 eumdem
1489 535 1674 594 regem
1709 518 1878 574 Karo-

265 626 403 690 lum,
433 623 523 678 vel
543 635 779 694 quaque
820 618 993 689 ipsius
1021 625 1225 682 essent,
1273 617 1574 683 infestaret,
1601 615 1881 670 inducias—

264 729 374 785 que
395 713 528 767 belli
555 709 863 765 differendo
897 708 1072 774 daret,
1105 707 1285 763 donec
1314 707 1459 762 idem
1489 707 1686 778 prasul
1716 707 1878 764 Fulco

265 805 500 873 scilicet,
527 803 885 876 apostolicam
912 802 1104 857 sedem
1120 802 1270 857 adire
1292 802 1559 858 studeret.

409 972 539 1038 Quae
574 970 815 1023 Francia
845 897 1505 1094 ᾳυξὲεὲἔηξὲὦωεαιὶὁαε
1536 971 1743 1040 scripta

965 1055 1173 1094 caaver:
1205 1082 1214 1094 .

965 1055 1214 1106 cgavern.

340 1135 474 1188 ltem
506 1131 574 1186 ad
603 1130 1072 1201 archiepiscopos,
1103 1141 1156 1186 et
1182 1137 1410 1188 eateros
1439 1134 1733 1205 episcopos
1757 1135 1884 1190 Gal-

266 1226 488 1290 liarum,
531 1237 766 1278 monens
822 1229 882 1276 ut
930 1223 1263 1279 conveniant
1293 1235 1459 1296 atque
1491 1233 1910 1282 commoneant'

268 1319 530 1375 eumdem
550 1335 735 1392 regem
768 1317 1035 1386 Odonem,
1066 1336 1133 1374 ne
1162 1320 1352 1376 illicite
1377 1330 1785 1392 perpetrantur,
1826 1328 1881 1376 et

268 1427 338 1465 ne
371 1411 550 1465 aliena
575 1417 930 1481 usurpentur,
960 1411 1059 1465 sed
1110 1410 1315 1466 bellum
1341 1411 1587 1478 sedetur,
1617 1419 1672 1466 et
1701 1412 1882 1467 omnis

268 1504 486 1560 hostilis
511 1502 806 1558 commotio
833 1503 1099 1572 sopiatur,
1148 1503 1234 1558 vel
1266 1503 1502 1558 inducia
1533 1503 1684 1572 belli,
1705 1504 1882 1558 donec

266 1600 436 1655 Fulco
467 1598 716 1663 Romam,
759 1593 882 1653 ceu’
911 1599 1118 1654 dictum
1164 1611 1270 1666 est,
1332 1600 1513 1666 adeat,
1547 1601 1832 1656 edicantur
1864 1617 1878 1666 ;

265 1695 486 1765 ipsique
518 1694 775 1750 studeant
842 1695 1060 1750 interim
1108 1702 1304 1750 cuncta
1332 1694 1575 1763 differre,
1609 1704 1664 1751 et
1691 1711 1881 1766 pacem

1982 537 2050 590 ab
2107 536 2332 591 obsessa
2385 534 2601 588 civitate
2669 531 2995 602 depelleret.
3054 529 3382 601 Significans
3436 529 3598 584 etiam

1982 631 2131 700 quod
2165 631 2434 685 Robertus
2463 628 2626 682 homo
2670 624 2876 679 Arnulli
2903 641 2965 677 ex
2990 623 3248 693 parochia
3288 622 3599 676 Herimanni

1983 716 2327 772 Coloniensis
2379 714 2648 786 episcolii,
2707 729 2795 767 res
2845 713 3009 780 hujus
3041 711 3298 765 Ecclesia
3343 709 3602 763 invaserit

1983 825 2047 862 ac
2067 808 2563 880 diripuerit,donec
2617 821 2742 860 eum
2785 804 2836 857 vi
2885 819 2949 857 ac
3002 802 3046 856 si
3101 819 3292 856 canem
3348 800 3598 854 rabidum

1985 901 2054 954 ab
2109 916 2297 954 earum
2379 896 2750 952 devastatione
2827 893 3107 964 repulerit.
3190 894 3261 946 De
3321 908 3429 962 quo
3490 908 3596 960 pe-

1985 995 2067 1061 tit,
2099 1001 2157 1048 ut
2185 992 2290 1045 nisi
2321 990 2636 1044 admonitus
2663 987 2975 1056 resipuerit,
3007 985 3345 1039 auctoritatis
3375 992 3600 1053 aposto-

1986 1083 2103 1137 lica
2133 1080 2405 1136 sententia
2437 1078 2680 1137 feriatur,
2709 1076 2868 1128 Hisse
2903 1074 3410 1144 perturbationibus
3444 1073 3597 1146 regni

1982 1173 2290 1236 obsessum,
2317 1167 2658 1238 impossibile
2686 1164 2800 1220 fore
2831 1161 3152 1236 significans
3184 1163 3252 1215 ad
3286 1163 3408 1232 ejus
3467 1178 3601 1231 apo-

1981 1264 2228 1320 stolicam
2257 1280 2316 1318 se
2346 1277 2644 1332 prOperare
2701 1258 3070 1328 praesentiam,
3103 1256 3230 1309 dum
3255 1272 3480 1325 semper
3507 1272 3601 1308 ex-

1981 1364 2261 1428 spectetur
2282 1355 2509 1420 bellum,
2534 1369 2637 1408 nec
2661 1353 2816 1406 aliter
2847 1366 3008 1422 posse
3037 1365 3126 1404 res
3155 1348 3308 1421 regni
3341 1345 3598 1416 componi

1983 1453 2278 1508 credantur
2333 1450 2398 1520 [j,
2453 1447 2772 1517 credatur]:
2815 1447 2914 1500 sed
2973 1445 3093 1515 ipse
3141 1458 3363 1512 semper
3396 1441 3599 1494 bellum

1984 1540 2280 1606 distulerit,
2309 1556 2420 1594 non
2460 1538 2608 1609 quod
2659 1536 2968 1600 inferiores,
2998 1533 3083 1588 vel
3107 1533 3345 1603 impares
3377 1529 3598 1594 fuerint,

1983 1645 2075 1693 aut
2097 1639 2166 1693 de
2197 1637 2399 1704 injusta
2429 1649 2591 1689 causa
2625 1631 3014 1694 dubitaverint,
3039 1629 3135 1683 sed
3168 1645 3237 1681 ne
3268 1626 3412 1681 vires
3445 1623 3598 1698 regni

1983 1729 2142 1784 bellis
2169 1727 2382 1793 attrita,
2416 1739 2753 1797 paganorum
2813 1721 3179 1790 proderentur
3200 1716 3597 1772 invasionibus.

264 1806 330 1846 ac
386 1797 766 1888 “"““‘"".“‘.‘.‘S
820 1791 1170 1888 (Poncordlam
1213 1806 1482 1888 re???”
1552 1792 1683 1888 ltf’m
1749 1793 1877 1888 PP":
1907 1792 1958 1860 Β
1985 1821 2138 1875 Unde
2169 1821 2294 1874 dato
2327 1818 2525 1888 placito
2584 1816 2727 1868 inter
2776 1829 2834 1867 se
2865 1813 3082 1866 dextras
3111 1809 3422 1864 securitatis
3455 1807 3600 1859 invi-

264 1898 491 1954 quoque
539 1883 653 1956 regi
685 1882 902 1947 Karolo,
935 1897 1234 1956 congruam
1273 1882 1519 1954 dirigens
1545 1882 1881 1937 admonitio-

267 1995 422 2046 nem,
474 1980 702 2050 ejusque
745 1978 1133 2053 congratulans
1178 1977 1493 2032 eminentia
1525 1983 1690 2046 atque
1715 1976 1884 2032 devo-

265 2073 429 2139 tioni,
474 2088 638 2142 quam
671 2087 763 2124 rex
810 2070 955 2124 idem
988 2086 1046 2123 se
1101 2067 1507 2144 significaverat
1535 2081 1666 2139 erga
1692 2067 1880 2121 sedem

263 2163 628 2236 apostolicam
655 2178 870 2238 gerere,
918 2162 1156 2233 qualiter
1198 2162 1247 2216 ei
1288 2162 1357 2216 sit
1403 2161 1456 2214 in
1487 2176 1660 2233 regno
1709 2175 1886 2232 agen—

263 2260 399 2314 dum
485 2256 802 2323 succincte,
891 2253 1188 2323 lucideque
1289 2252 1660 2314 demonstrat;
1715 2265 1880 2319 quem

261 2351 524 2424 petierat,
558 2349 609 2402 ei
635 2362 835 2417 panem
866 2344 1219 2399 benedictum
1253 2357 1350 2412 pro
1373 2341 1603 2413 pignore
1637 2339 1878 2404 mittens,

262 2450 322 2498 et
352 2441 422 2495 de
455 2439 651 2494 itinere
682 2435 893 2508 prafati
927 2434 1178 2506 prasulis
1210 2432 1382 2488 nostri
1413 2431 1480 2488 ad
1521 2431 1710 2485 sedem
1743 2445 1881 2500 apo-

261 2536 519 2592 stolicam
559 2548 813 2589 monens.

339 2627 527 2681 Eidem
558 2638 780 2695 quoque
838 2621 1042 2675 domno
1091 2617 1316 2672 Fulconi
1362 2615 1574 2671 litteras
1595 2629 1723 2668 suas
1749 2612 1883 2666 diri-

261 2736 426 2795 gens,
493 2719 609 2772 hac
651 2714 963 2786 supradicta
1028 2712 1097 2766 ad
1156 2710 1467 2782 praemissas
1509 2722 1770 2778 personas
1821 2723 1881 2760 se

264 2811 573 2866 destinasse
629 2806 832 2876 scripta
903 2807 1317 2867 commemorat,
1402 2799 1577 2870 ipsius
1626 2796 1885 2852 videlicet

264 2900 646 2974 suggestione,
672 2897 739 2950 de
767 2909 900 2966 pace
925 2893 1010 2949 vel
1042 2890 1282 2946 induciis
1306 2889 1434 2943 belli
1464 2889 1610 2943 inter
1635 2885 1882 2941 Odonem

267 3006 328 3052 et
359 2994 616 3050 Karolum
665 2988 977 3045 differendi.
1013 2988 1149 3041 Item
1191 2984 1383 3040 scribit
1413 2982 1515 3054 ipsi
1540 2997 1638 3052 pro
1669 2981 1884 3035 discor-

265 3088 363 3142 dia
393 3082 658 3149 sedanda,
683 3097 847 3152 quam
872 3079 1119 3134 audierat
1164 3074 1527 3130 insurrexisse
1583 3088 1680 3143 pro
1713 3071 1884 3125 Mani-

263 3179 427 3256 guldi
450 3178 518 3233 ab
572 3175 824 3230 Alberieo
871 3179 1184 3244 perpetrata
1216 3167 1694 3238 interremptione.
1750 3157 1954 3226 ltemC

265 3254 469 3342 petens
489 3267 745 3323 eumdem
792 3279 890 3334 pro
939 3262 1224 3332 cujusdam
1252 3258 1524 3314 Grimlaici
1557 3255 1744 3310 dilecti
1771 3254 1880 3308 sibi

264 3361 578 3419 sacerdotis
606 3360 675 3414 ad
720 3359 1118 3429 episcopatum,
1147 3356 1243 3412 ubi
1293 3371 1351 3409 se
1385 3355 1537 3408 locus
1566 3351 1879 3416 obtulisset,

265 3457 643 3531 promotione.
703 3454 854 3508 ldem
911 3467 1133 3524 quoque
1194 3447 1584 3522 prasulFulco
1616 3444 1884 3500 nonnulla

267 3547 504 3622 prafato
555 3560 710 3616 papa
738 3552 936 3613 prater
986 3541 1268 3613 praemissa
1318 3537 1594 3608 reperitur
1618 3535 1886 3590 direxisse

265 3641 501 3710 scripta,
533 3645 644 3692 tam
674 3650 774 3705 pro
832 3651 932 3689 sua
985 3633 1297 3698 vocatione,
1351 3645 1461 3702 qua
1489 3626 1788 3684 vocabatur
1816 3624 1885 3678 ab

267 3735 398 3805 ipso
419 3733 487 3787 ad
508 3733 696 3786 sedem
722 3730 1100 3800 apostolicam,
1133 3745 1296 3800 quam
1358 3741 1457 3797 pro
1527 3721 1885 3780 contentione

267 3840 401 3896 qua
431 3823 750 3880 versabatur
799 3822 944 3876 inter
982 3835 1141 3895 reges
1175 3820 1422 3874 Odonem
1488 3822 1542 3871 et
1604 3813 1886 3878 Karolum,

270 3936 497 3976 necnon
521 3935 618 3990 pro
649 3917 1033 3988 oppressione,
1073 3932 1235 3988 quam
1265 3912 1554 3969 Remensis
1575 3909 1891 3981 patiebatur

271 4013 547 4078 Ecclesia,
577 4018 769 4082 petens
789 4019 849 4066 ut
889 4027 1050 4082 papa,
1080 4011 1304 4084 regibus
1339 4006 1658 4073 scribendo,
1697 4019 1887 4074 pacem

268 4111 594 4179 imperaret.
615 4105 840 4162 Arnulfo
871 4121 1092 4178 quoque
1112 4103 1544 4160 Transrhenensi
1569 4100 1891 4156 auctoritate

269 4202 580 4275 apostolica
611 4202 956 4273 praeciperet,
991 4217 1058 4256 ne
1086 4201 1511 4276 Karoliregnum
1536 4197 1889 4269 inquietaret,

270 4295 418 4368 quin
439 4295 620 4365 potius
649 4294 700 4348 ei
730 4292 930 4348 auxilio
958 4300 1122 4359 esset,
1167 4299 1228 4346 ut
1253 4291 1626 4362 prOpinquum
1661 4289 1892 4360 propin-

271 4404 394 4462 quo
410 4389 650 4444 deceret.
692 4387 867 4442 Odoni
915 4403 1045 4442 vero
1077 4388 1364 4442 mandaret
1393 4402 1462 4440 ne
1490 4401 1719 4457 regnum
1744 4385 1891 4438 istud

273 4483 544 4538 invadere
575 4491 668 4537 aut
693 4481 999 4552 depradari
1031 4490 1388 4553 prasumeret
1421 4497 1433 4533 :
1466 4479 1615 4550 quod
1646 4479 1691 4532 si
1722 4479 1895 4533 aude-

1987 1930 2106 1968 cem
2137 1927 2315 1982 usque
2344 1909 2413 1964 ad
2472 1915 2688 1977 tempus
2733 1903 3059 1976 praﬁnitum
3094 1900 3366 1965 dederint,
3401 1907 3454 1953 et
3485 1914 3599 1952 cae-

1985 2013 2118 2059 tera.
2152 2005 2282 2057 [tem
2316 2018 2414 2071 pro
2467 2000 2662 2054 eodem
2714 2012 2841 2069 rege
2893 1995 3086 2048 Karolo
3149 1999 3202 2046 et
3267 1992 3599 2062 imperatore

1985 2091 2429 2160 Lantberto(23l,
2486 2089 2778 2164 gratiarum
2827 2085 3074 2140 referens
3129 2082 3400 2146 actiones,
3451 2079 3598 2151 quod

1985 2182 2346 2240 notitieaverit
2372 2180 2475 2235 sibi
2531 2180 2599 2233 de
2631 2178 2750 2248 ipso
2779 2177 3093 2241 Lantberto,
3128 2172 3295 2243 patris
3321 2187 3381 2225 se
3413 2187 3599 2225 curam

1985 2275 2210 2339 habere,
2241 2271 2448 2341 filiique
2480 2266 2784 2322 cliarissimi
2818 2264 2941 2319 loco
2998 2280 3125 2317 eum
3156 2262 3410 2336 diligere,
3436 2266 3598 2330 atque

1981 2364 2357 2419 inviolabilem
2388 2377 2512 2415 cum
2569 2374 2634 2413 eo
2691 2358 3039 2412 concordiam
3098 2371 3156 2410 se
3183 2353 3325 2409 velle
3355 2368 3596 2417 servare,

1982 2471 2254 2522 asserens,
2277 2453 2426 2525 quod
2461 2468 2569 2507 non
2616 2451 2769 2505 illum
2803 2457 3012 2504 tantum
3043 2449 3298 2519 diligeret
3329 2462 3424 2516 pro
3463 2461 3600 2500 con-

1982 2545 2370 2622 sanguinitatis
2391 2541 2822 2607 necessitudine,
2853 2555 2961 2610 qua
2998 2537 3077 2591 illi
3109 2535 3397 2590 devinctus
3425 2534 3599 2587 habe-

1981 2645 2141 2698 batur
2173 2660 2188 2709 ;
2219 2657 2407 2697 verum
2438 2637 2610 2692 multo
2640 2635 2834 2709 magis,
2867 2634 2996 2706 quia
3036 2632 3200 2700 hujus
3234 2648 3388 2701 papa
3419 2646 3595 2685 vene-

1984 2746 2130 2793 rator
2159 2743 2212 2791 et
2263 2742 2474 2790 amator
2529 2734 2807 2788 existeret.
2841 2730 3099 2783 Precatur
3125 2735 3332 2794 autem,
3366 2734 3422 2779 ut
3452 2725 3595 2778 idem

1985 2831 2212 2885 Karolus
2267 2844 2363 2881 rex
2411 2842 2536 2880 cum
2595 2823 2858 2894 pradicto
2911 2821 3203 2874 Lantberto
3254 2819 3308 2871 in
3350 2816 3592 2871 amicitia

1979 2920 2326 2993 jungeretur,
2373 2922 2428 2969 et
2480 2912 2676 2979 Odoni,
2747 2909 2836 2965 vel
2915 2906 3238 2977 proceribus
3283 2905 3436 2978 regni
3500 2919 3598 2973 pro

1985 3030 2149 3068 causa
2202 3011 2353 3082 pacis
2397 3025 2539 3080 papa
2593 3004 2878 3070 rescribat,
2931 3017 3039 3074 quo
3096 3000 3325 3054 Karolus
3374 2999 3440 3051 ad
3504 3013 3596 3050 re-

1984 3120 2153 3178 gnum
2235 3098 2580 3154 hareditario
2659 3095 2763 3150 sibi
2835 3095 2961 3166 jure
3025 3090 3268 3145 debitum
3327 3086 3596 3158 proficiat.

1981 3201 2043 3255 Et
2123 3196 2378 3270 quamvis
2455 3208 2606 3247 nunc
2675 3191 2792 3262 [ms.
2865 3191 2916 3259 j,
2995 3187 3143 3259 tunc]
3234 3193 3406 3241 totum
3485 3200 3595 3238 non

1983 3301 2170 3366 posset
2224 3290 2504 3359 suscipere
2557 3302 2809 3360 regnum,
2869 3285 3059 3338 saltem
3117 3289 3323 3353 partem
3357 3279 3597 3349 aliquam

1984 3382 2179 3438 honori
2234 3395 2335 3435 suo
2391 3375 2745 3448 condignam,
2802 3373 3152 3430 concorditer
3217 3378 3270 3425 et
3316 3371 3463 3438 juste
3516 3384 3602 3421 re-

1986 3490 2153 3549 gnum
2185 3468 2508 3532 dividendo,
2567 3465 2644 3518 illi
2673 3472 3018 3520 conservent.
3052 3464 3406 3536 Subjungens
3437 3469 3599 3515 actu-

1985 3587 2108 3626 rum
2137 3567 2360 3639 sequod
2427 3565 2530 3620 sibi
2591 3561 2927 3632 apostolicus
2981 3561 3128 3615 idem
3186 3559 3429 3631 pontifex
3462 3575 3602 3630 pra-

1987 3668 2207 3733 ceperat
2259 3675 2427 3729 super
2489 3652 2985 3728 transgressoribus
3040 3658 3093 3704 et
3155 3667 3433 3706 sacrorum
3480 3651 3606 3705 vio-

1987 3751 2250 3806 latoribus
2320 3745 2588 3802 Riehardo
2623 3784 2636 3808 ,
2695 3741 2943 3795 Manasse
2978 3782 2991 3806 ,
3049 3748 3211 3812 atque
3295 3742 3603 3810 Rampone,

1989 3855 2114 3895 mox
2140 3845 2201 3894 ut
2249 3835 2610 3907 coepiscopos
2665 3845 2798 3886 suos
2844 3829 2899 3883 in
2951 3845 3120 3884 unum
3179 3831 3415 3899 potuerit
3473 3843 3608 3884 con-

1990 3950 2240 4010 gregare.
2315 3931 2374 3987 Id
2448 3937 2657 3984 tantum
2742 3941 2882 3997 papa
2959 3926 3266 3994 remandet,
3341 3927 3605 3998 quoniam

1991 4032 2196 4080 aterno
2224 4024 2348 4080 illos
2395 4020 2758 4078 anathematis
2797 4017 3016 4074 vinculo
3064 4018 3444 4084 inundaverat,
3470 4019 3515 4071 si
3540 4019 3609 4073 li-

1993 4125 2115 4174 ceat
2147 4120 2228 4174 eis
2259 4118 2326 4172 ad
2378 4114 2756 4187 paenitentiam
2801 4112 3087 4167 conversis
3120 4111 3328 4183 aliquid
3359 4113 3607 4180 impendi

1991 4209 2405 4273 misericordia,
2460 4207 2548 4262 vel
2597 4221 2692 4260 eos
2721 4204 2788 4257 ad
2837 4203 3216 4275 panitentiam
3251 4203 3477 4272 suscipi,
3509 4219 3608 4258 seu

1994 4301 2119 4373 quis
2143 4299 2342 4354 modus
2370 4297 2547 4367 ipsius
2575 4311 2695 4351 esse
2715 4295 2914 4349 debeat
2945 4294 3300 4365 poenitentia.
3338 4294 3410 4347 De
3445 4293 3612 4348 Ram-

1993 4412 2139 4466 pone
2159 4410 2288 4450 vero
2320 4398 2612 4459 asseverat,
2641 4391 2772 4462 quia
2802 4391 2857 4443 in
2889 4391 3068 4444 solum
3103 4388 3472 4444 Teutboldum
3498 4390 3613 4458 epi-

1993 4504 2222 4558 scopum
2253 4500 2380 4540 reus
2410 4483 2688 4549 existeret,
2719 4481 2855 4536 nihil
2888 4481 3065 4556 culpa
3099 4481 3152 4534 in
3187 4481 3484 4534 Walterum
3514 4479 3614 4533 Se-

272 4585 388 4643 ret,
418 4573 730 4646 apostolica
777 4572 926 4626 sedis
947 4573 1277 4627 sententiam
1321 4569 1722 4625 reformidaret.
1758 4571 1890 4625 Item
1916 4575 1973 4643 ι)
2000 4593 2305 4635 nonensem
2361 4575 2674 4639 admiserat,
2709 4573 2776 4627 ad
2830 4589 2995 4644 quem
3029 4569 3610 4642 comprehendendum

271 4671 413 4744 quia
443 4678 566 4740 post
592 4666 1026 4723 admonitionem
1068 4666 1241 4736 ipsius
1285 4681 1439 4736 papa
1494 4680 1597 4719 nec
1641 4663 1899 4720 Arnulfus

269 4763 504 4823 orbitati
537 4761 713 4816 Karoli
763 4759 1063 4815 subvenire
1103 4759 1298 4825 voluit,
1355 4774 1458 4814 nec
1488 4757 1601 4813 Odo
1642 4773 1672 4812 a
1703 4774 1899 4829 perva-

268 4858 438 4914 sione
464 4853 643 4929 regni,
675 4851 904 4922 rapinis,
933 4867 996 4906 ac
1042 4851 1472 4922 depOpulatione
1499 4850 1748 4906 cessavit.
1791 4851 1896 4906 Sed

272 4955 334 5003 et
362 4943 624 5000 Arnulfus
679 4957 766 4996 res
806 4940 1065 4996 Ecclesia
1116 4941 1403 4996 Remensis
1451 4947 1558 4995 tam
1617 4957 1733 5009 eas,
1761 4958 1898 5014 quas

274 5034 602 5107 aliquandiu
649 5031 852 5100 injuste
900 5031 1146 5087 sublatas
1198 5031 1304 5103 ipsi
1359 5031 1688 5098 restituerat,
1731 5049 1894 5104 quam

274 5147 378 5189 eas
406 5130 593 5196 etiam,
649 5142 773 5198 qua
832 5142 1115 5197 nunquam
1163 5127 1318 5197 prius
1343 5127 1630 5181 subtracta
1662 5126 1898 5195 fuerant,

276 5225 528 5292 abstulit,
556 5223 627 5279 ob
656 5221 714 5275 id
760 5220 1164 5288 tantummodo,
1214 5220 1344 5291 quia
1401 5220 1749 5274 temerariam
1782 5222 1902 5289 ejus

276 5318 627 5376 invasionem
659 5315 894 5387 [Papir.,
939 5312 1268 5384 jussionem]
1301 5314 1389 5368 hic
1417 5314 1618 5383 prasul
1650 5315 1902 5385 recipere

280 5412 545 5471 noluerit.
579 5410 648 5466 Et
665 5407 815 5481 quod
849 5406 963 5462 Odo
997 5407 1268 5463 civitatem
1300 5408 1628 5464 Remensem
1662 5409 1901 5464 obsede-

277 5511 372 5577 rit,
403 5509 727 5562 innumeras
753 5503 916 5557 etiam
965 5503 1146 5557 cades
1176 5509 1231 5556 et
1280 5502 1721 5572 depradationes
1752 5519 1911 5558 exer-

281 5602 481 5669 cuerit,
509 5608 565 5656 et
631 5613 719 5653 res
773 5595 1028 5651 Ecclesia
1085 5597 1372 5652 Remensis
1423 5596 1535 5651 suis
1588 5597 1913 5652 satellitibus

288 5696 527 5764 dederit,
559 5693 727 5762 hujus
756 5689 1016 5745 Ecclesia
1044 5689 1305 5745 insistens
1335 5690 1564 5761 rapinis,
1597 5690 1777 5745 donec
1819 5690 1913 5745 Ka-

361 5797 477 5872 (23)
520 5795 696 5852 Fulco
732 5789 1180 5862 consanguineus
1205 5787 1476 5845 Lamberti
1504 5789 1702 5858 imper.

1998 4688 2101 4726 nec
2127 4684 2371 4742 prasens
2383 4665 3067 4735 fuerat,necadjutorium,
3085 4665 3169 4719 vel
3191 4679 3525 4720 consensum
3545 4664 3612 4716 ad

1997 4761 2052 4815 id
2084 4759 2360 4834 agendum
2418 4756 2740 4827 prabuerat.
2779 4755 2912 4808 ltem
2953 4768 3049 4824 pro
3081 4753 3375 4808 Herilando
3399 4752 3613 4806 Tarwa-

1997 4849 2154 4904 nensi
2183 4847 2470 4918 episcOpo,
2495 4846 2652 4914 cujus
2681 4842 2965 4914 epiSCOpiO
2995 4858 3026 4895 a
3055 4842 3406 4896 Nortmannis
3439 4841 3616 4911 depo-

1997 4942 2208 5013 pulato,
2256 4956 2383 4995 eum
2437 4938 2768 4993 necessitate
2797 4942 3030 5011 cogente
3081 4935 3149 4988 ad
3181 4952 3240 4990 se
3271 4935 3612 5001 venientem,

2002 5034 2146 5089 sicut
2189 5031 2494 5103 Oportebat,
2551 5037 2892 5101 susceperat,
2947 5046 3225 5102 quemque
3279 5029 3614 5084 visitatorem

2003 5127 2219 5183 cuidam
2246 5127 2484 5182 viduata
2537 5126 2792 5180 Ecclesia
2847 5126 3224 5191 constituerat,
3255 5133 3314 5180 ut
3343 5124 3616 5180 visitando

2002 5214 2458 5272 sustentationem
2507 5215 2748 5282 interim,
2781 5216 2911 5270 dum
2963 5215 3258 5285 episcopus
3286 5215 3359 5269 ibi
3391 5215 3618 5270 ordina-

2003 5311 2170 5370 retur,
2203 5319 2268 5358 ex
2296 5303 2391 5357 illa
2421 5311 2663 5373 caperet.
2682 5305 2744 5358 At
2770 5306 2900 5375 quia
2928 5306 3184 5360 homines
3213 5306 3450 5377 prafata
3491 5306 3621 5360 Tar-

2006 5393 2281 5450 wanensis
2323 5393 2595 5464 parochia
2651 5394 2946 5449 barbarica
2976 5395 3304 5450 videbantur
3341 5411 3462 5450 esse
3496 5394 3624 5449 feri-

2009 5488 2134 5543 tatis
2161 5493 2215 5542 et
2237 5487 2460 5562 lingua,
2489 5485 2762 5556 supplicat
2787 5493 2847 5541 ut
2869 5503 3134 5557 responso
3167 5504 3322 5560 papa
3352 5495 3628 5543 mereatur

2013 5577 2322 5646 certiﬁcari,
2355 5579 2401 5634 si
2428 5580 2575 5634 hunc
2601 5577 2836 5634 viduata
2866 5579 3066 5634 debeat
3107 5596 3428 5652 praponerc
3459 5580 3628 5652 plebi,

2015 5678 2069 5726 et
2097 5671 2328 5727 alterum
2351 5673 2402 5727 ei
2434 5671 2625 5727 liceret
2671 5671 2726 5726 in
2781 5679 3192 5742 pramemorata
3230 5673 3404 5743 ipsius
3437 5672 3631 5727 Eccle—
