3970 6218
409 299 518 353 273

1059 290 1384 347 HISTORIA}
1421 289 1762 347 ECCLESIA‘I
1802 287 2130 345 BEMENSIS
2170 291 2346 349 LIBRI
2389 294 2714 360 QUATUOR.
2741 326 2812 335 —
2852 295 2976 350 LIB.
3021 297 3102 351 ιν.

3638 306 3745 360 274

411 426 608 482 Karolo
637 423 769 495 (24),
810 422 956 494 regis
987 421 1245 477 Ludovici
1269 420 1733 476 Transrhenensis
1763 418 1898 486 ﬁlio,
1933 435 2028 489 pro
2055 425 2105 492 Α
2134 425 2330 480 asserit
2355 432 2576 482 secutos
2617 444 2676 482 se
2706 427 2877 482 fuisse
2908 446 2920 494 ;
2952 430 3214 500 quoniam
3243 449 3364 488 mos
3393 438 3742 508 semperfue-

411 521 582 575 tutela
603 526 657 574 et
707 516 1031 573 defensione
1085 515 1237 589 regni
1279 516 1630 581 Francorum,
1684 514 1915 586 quodin
1945 513 2030 568 his

410 614 662 684 partibus
692 629 722 667 a
749 609 1099 666 Nortmannis
1130 609 1514 680 multipliciter
1575 608 1987 680 Opprimebatur
2014 625 2026 662 :

410 720 671 759 asserens
701 703 859 769 illud,
901 701 1196 755 auxiliante
1247 701 1378 765 Deo,
1409 701 1674 755 hactenus
1703 698 1872 753 fuisse
1905 714 2030 769 pro-

408 796 634 862 fectum,
668 793 913 868 quandiu
942 793 1116 867 patrui
1150 800 1204 848 et
1230 792 1495 863 aequivoci
1529 792 1668 861 ejus,
1703 808 1765 846 ac
1792 790 2025 846 ﬁliorum

409 892 588 962 ipsius
626 890 919 966 regebatur
971 888 1369 943 dominatione.
1413 887 1562 940 Tunc
1610 901 1737 940 vero
1771 885 1878 938 illis
1907 881 2029 937 fcli-

405 988 545 1042 citer
588 987 830 1042 humana
879 983 1298 1049 excedentibus,
1354 987 1642 1052 postquam
1674 997 1733 1033 se
1767 991 2025 1048 proceres

406 1079 564 1150 regni
586 1079 707 1147 ejus
729 1075 998 1147 imperiali
1026 1076 1417 1131 commiserant
1444 1071 1681 1136 tuitioni,
1719 1085 1817 1124 eos
1860 1067 2024 1122 undi-

407 1184 517 1240 que
545 1183 706 1222 seeus
737 1166 892 1220 multi
924 1169 1392 1240 superaggravent
1422 1177 1604 1215 casus.
1648 1160 2023 1230 Memoratque

406 1264 682 1319 civitatem
711 1261 1064 1327 Parisiorum,
1121 1277 1282 1332 quam
1325 1265 1486 1328 caput
1515 1256 1712 1312 asserit
1742 1263 1796 1310 et
1827 1253 2023 1309 introi-

404 1364 520 1411 tum
549 1371 842 1432 regnorum
871 1355 1135 1409 Neustriee
1166 1361 1330 1424 atque
1360 1351 1706 1426 Burgundiae,
1740 1347 2023 1402 barbarica

404 1449 554 1521 cingi
584 1447 1130 1517 obsidione.citoque
1161 1443 1504 1514 capiendam,
1527 1441 1632 1496 nisi
1661 1440 1752 1494 Dei
1783 1439 2018 1493 subven-

406 1551 521 1598 tum
562 1543 724 1598 fuerit
771 1543 1085 1597 clementia.
1119 1543 1247 1608 Quae
1301 1539 1347 1593 si
1407 1545 1563 1608 capta
1619 1537 1800 1602 fuerit,
1853 1535 2016 1589 totius

403 1635 756 1704 dispendium
787 1634 942 1709 regni
972 1650 1030 1688 se
1049 1647 1431 1705 perpessuros,
1457 1636 1674 1701 tamque
1707 1625 2016 1698 periculose

2133 518 2219 584 rit,
2253 524 2308 570 ut
2339 532 2466 590 rege
2519 517 2822 574 decedente
2883 519 3049 574 alium
3108 523 3174 576 de
3228 525 3376 596 regia
3433 527 3622 597 stirpe,
3658 528 3742 582 vel

2133 606 2512 674 successione,
2545 606 2664 662 sine
2694 617 2945 679 respectu
2978 611 3064 664 vel
3097 611 3526 686 interrogatione
3557 616 3744 683 cujus-

2131 714 2294 770 quam
2325 696 2572 767 majoris,
2603 703 2693 750 aut
2749 700 3074 767 potentioris
3128 702 3275 774 regis
3307 703 3594 777 eligerent.
3629 705 3742 761 Hoc

2130 805 2284 845 more
2316 790 2461 843 hunc
2491 805 2675 863 regem
2705 791 2904 844 factum
2933 792 3109 862 ipsius
3140 791 3387 848 ﬁdelitati
3420 802 3472 849 et
3505 797 3740 852 consilio

2129 881 2470 937 committere
2499 881 2791 947 voluerint,
2825 889 2882 935 ut
2913 881 3088 952 ipsius
3108 884 3380 952 adjutorio
3419 893 3473 940 et
3503 887 3738 943 consilio

2127 980 2369 1030 uteretur
2421 972 2476 1025 in
2528 973 2806 1038 omnibus,
2838 981 2891 1026 et
2947 974 3068 1042 ejus
3124 975 3452 1030 subderetur
3483 985 3589 1032 tam
3623 995 3738 1044 rex,

2126 1090 2287 1145 quam
2320 1070 2637 1125 universum
2680 1085 2910 1141 regnum
2961 1071 3249 1140 praeceptis
3289 1080 3342 1126 et
3373 1074 3739 1129 ordinationi-

2125 1173 2246 1225 bus.
2279 1168 2546 1221 Praeterca
2576 1166 2724 1236 quod
2753 1166 3002 1218 audierat
3033 1165 3160 1218 huic
3216 1168 3331 1239 regi
3390 1177 3736 1244 suggestum,

2124 1265 2253 1336 quia
2283 1267 2470 1317 contra
2493 1258 2809 1314 ﬁdelitatem
2868 1261 3066 1332 ipsius,
3099 1268 3152 1314 et
3207 1269 3430 1333 prepter
3469 1267 3736 1334 privatum

2124 1366 2229 1420 hoc
2259 1360 2432 1435 egerit
2455 1359 2825 1425 commodum,
2857 1358 3018 1412 infert
3044 1359 3191 1429 quod
3223 1359 3560 1416 Aschericus
3594 1365 3732 1435 ipse,

2119 1457 2212 1529 qui
2254 1458 2370 1511 haec
2415 1458 2698 1526 jactitasse
2759 1460 3066 1526 videbatur,
3098 1467 3390 1531 antequam
3450 1465 3517 1518 de
3545 1484 3600 1520 re
3635 1467 3736 1522 hu-

2112 1550 2426 1620 juscemodi
2458 1551 2665 1622 aliquid
2704 1553 2850 1607 idem
2891 1553 3344 1625 archiepiscOpus
3375 1573 3536 1632 agere
3566 1577 3732 1615 cona-

2118 1651 2283 1708 retur,
2312 1642 2525 1696 venerit
2554 1643 2621 1696 ad
2672 1660 2752 1710 se,
2814 1645 3177 1714 praesentibus
3238 1647 3516 1706 lleriberto
3548 1661 3600 1707 et
3633 1653 3734 1707 Ec-

407 1729 657 1798 hwciam
690 1730 831 1784 mala
859 1730 1119 1804 grassari,
1171 1735 1230 1783 ut
1258 1744 1289 1781 ει
1343 1725 1603 1797 praedicta
1653 1725 1786 1778 urbe
1818 1723 2018 1776 Remos
2041 1754 2090 1822 Β
2118 1739 2256 1793 frido
2288 1739 2428 1808 (ms,
2465 1737 2701 1803 Exfrido,
2733 1738 2961 1810 Ertrido]
2995 1740 3307 1803 comitibus,
3330 1749 3380 1795 et
3413 1746 3730 1812 consilium,

403 1842 582 1895 usque
630 1825 766 1879 nihil
819 1832 991 1880 tutum
1050 1823 1420 1880 remanserit:
1454 1820 1602 1875 nulla
1647 1819 1750 1873 nisi
1794 1833 2014 1888 perver-

402 1934 590 1974 sorum
647 1918 1075 1973 Christianorum
1140 1914 1496 1985 barbarisque
1549 1909 2011 1966 consentientium

399 2025 597 2064 secura
624 2009 694 2064 sit
722 2009 1006 2074 habitatio,
1058 2024 1294 2080 quorum
1342 2006 1520 2071 multi,
1551 2004 1886 2059 Chistianam
1917 2001 2015 2053 de-

400 2108 653 2155 serentes
696 2100 1042 2176 religionem,
1097 2113 1435 2174 paganorum
1480 2113 1537 2151 se
1594 2093 1840 2150 societati
1873 2107 2009 2146 con-

389 2193 708 2260 junxerant,
764 2208 827 2246 ac
883 2191 1100 2246 tuitioni
1151 2189 1528 2244 subdiderant.
1588 2186 1817 2256 Scripsit
1861 2192 1914 2238 et
1943 2185 2009 2238 ad

399 2283 658 2338 eumdem
693 2283 1076 2351 imperatorem
1129 2297 1224 2351 pro
1285 2279 1642 2350 percipiendo
1672 2296 1701 2332 a
1729 2277 1862 2331 sede
1893 2277 2008 2331 lto-

397 2390 562 2427 mana
605 2373 789 2444 pallio,
843 2371 1278 2442 roborandisque
1333 2369 1473 2423 datis
1529 2369 1660 2423 olim
1689 2385 1718 2421 a
1753 2366 2011 2422 Romanis

397 2461 756 2535 pontiﬁcibus
783 2463 1044 2518 Ecclesiae
1074 2462 1333 2517 Remensi
1367 2459 1686 2533 privilegiis.

469 2559 692 2616 Arnulfo
723 2560 837 2632 regi
891 2558 1323 2614 Transrhenensi
1381 2558 1587 2612 litteras
1638 2557 1880 2622 mittens,
1912 2571 2009 2626 pro

395 2668 565 2706 causa
595 2651 740 2725 regis
769 2652 969 2717 Karoli,
1021 2666 1183 2722 quem
1239 2649 1522 2720 parvulum
1573 2650 1753 2704 adhuc
1782 2655 2011 2702 unxerat

396 2750 453 2803 in
486 2765 693 2820 regem,
723 2749 902 2803 reddit
946 2765 1141 2802 causas
1170 2747 1289 2816 ejus
1347 2746 1735 2816 provectionis,
1763 2760 1828 2799 eo
1860 2742 2008 2816 quod

395 2845 645 2899 audierat
674 2851 881 2898 motum
914 2844 1085 2897 fuisse
1108 2843 1349 2896 animum
1383 2841 1558 2911 ipsius
1585 2839 1789 2895 Arnulﬁ
1820 2846 2009 2894 contra

394 2950 456 2990 se
489 2949 585 3004 pro
627 2935 730 2989 hac
783 2934 1190 3005 perpetratione
1225 2951 1236 2986 :
1271 2948 1710 2987 commemorans
1733 2932 1880 3004 quod
1909 2930 2008 2984 de-

394 3025 628 3080 cedente
679 3025 872 3079 Karolo
914 3025 1261 3095 imperatore,
1298 3024 1461 3092 hujus
1486 3022 1688 3078 Arnulﬁ
1713 3022 2005 3089 avunculo,

394 3118 451 3171 in
486 3117 662 3187 ipsius
705 3114 904 3169 Arnulﬁ
939 3115 1218 3169 servitium
1253 3114 1413 3168 fuerit
1443 3115 1741 3185 profectus,
1775 3113 2007 3184 cupiens

393 3209 519 3276 ejus
547 3208 829 3277 suscipere
857 3206 1160 3261 dominium
1191 3212 1244 3260 et
1273 3207 1729 3282 gubernationem
1759 3225 1773 3273 ;
1802 3207 1901 3260 sed
1924 3205 2009 3276 ip—

393 3319 458 3356 se
490 3317 583 3356 rex
613 3317 738 3356 eum
767 3301 887 3355 sine
915 3301 1026 3356 ullo
1059 3300 1292 3355 consilio
1325 3302 1408 3355 vel
1433 3301 1814 3357 consolatione
1845 3302 2010 3354 dimi-

393 3397 718 3453 serit.Unde
738 3411 858 3451 cum
890 3412 992 3451 nec
1025 3396 1077 3449 in
1102 3411 1168 3449 eo
1201 3396 1304 3449 sibi
1336 3412 1464 3466 spes
1485 3395 2005 3466 ulla'remansisset,

391 3498 618 3548 coactus
646 3491 715 3544 sit
744 3492 863 3562 ejus
917 3491 1178 3558 hominis,
1207 3491 1462 3545 videlicet
1493 3491 1719 3558 Odonis,
1755 3492 2008 3546 domina-

391 3591 508 3638 t—um
538 3583 842 3652 suscipere,
875 3582 967 3652 qui
1006 3581 1073 3634 ab
1105 3581 1272 3651 stirpe
1305 3581 1453 3656 regia
1498 3582 1740 3636 existens
1769 3583 2004 3648 alienus,

391 3673 565 3747 regali
625 3671 904 3742 tyrannice
959 3672 1165 3724 abusus
1221 3671 1384 3726 fuerit
1426 3680 1717 3742 potestate,
1769 3674 1926 3742 cujus
1955 3681 2008 3729 et

389 3769 598 3824 invitus
629 3769 894 3822 hactenus
925 3767 1228 3821 dominium
1282 3768 1620 3822 sustinuerit.
1656 3770 1716 3824 Et
1745 3770 2005 3841 quoniam

390 3861 560 3930 hujus
603 3858 806 3914 Arnulﬁ
855 3860 1192 3914 dominatum
1247 3860 1661 3928 desideraverit,
1713 3863 1918 3918 idcirco
1952 3865 2005 3918 in

392 3954 571 4024 ipsius
604 3955 882 4010 servitium
915 3953 1192 4026 profectus
1246 3953 1427 4009 fuerit.
1461 3956 1525 4010 At
1566 3965 1854 4030 postquam
1884 3959 2008 4013 nul-

397 4045 509 4101 lum
539 4044 898 4100 consiliumin
931 4045 1051 4115 ipso
1080 4046 1519 4116 reperirevaluit,
1541 4051 1642 4105 hoc
1658 4050 1834 4105 solum
1859 4051 2006 4122 quod

393 4136 638 4192 restabat
667 4137 861 4211 egerit,
893 4137 1106 4213 eligens
1153 4153 1276 4192 eum
1329 4157 1514 4214 regem
1567 4143 1789 4210 habere,
1844 4159 2007 4214 quem

397 4229 576 4283 solum
601 4235 725 4298 post
752 4228 931 4298 ipsum
963 4231 1029 4284 de
1046 4230 1195 4305 regia
1217 4231 1394 4301 ipsius
1413 4233 1687 4288 habebant
1719 4236 2004 4310 progenie,

397 4330 452 4378 et
481 4324 637 4392 cujus
669 4325 1108 4394 prwdecessores
1137 4345 1200 4383 ac
1230 4327 1425 4384 fratres
1478 4332 1797 4386 exstiterant
1825 4350 2002 4409 reges.

2117 1835 2392 1906 simulque
2421 1834 2682 1888 auxilium
2715 1836 3013 1905 quaesierit,
3040 1836 3171 1906 quid
3201 1854 3363 1910 agere
3404 1839 3631 1896 deberet
3662 1843 3732 1895 de

2110 1926 2459 1996 jussionibus
2491 1925 2717 1990 Odonis,
2753 1929 2845 1996 qui
2901 1943 2989 1979 res
3049 1926 3428 1995 importabiles
3457 1930 3505 1984 ei
3541 1933 3733 2001 pracci-

2115 2020 2318 2090 piebat.
2353 2019 2424 2072 Ex
2448 2027 2598 2090 parte
2629 2033 2850 2089 Quoque
2881 2016 3116 2071 ﬁliorum
3149 2017 3394 2073 Godfridi
3438 2024 3730 2078 consilium

2116 2111 2334 2182 petierit
2363 2111 2431 2164 de
2460 2109 2625 2174 malo,
2677 2109 2825 2179 quod
2884 2109 2964 2162 eis
3020 2107 3133 2161 Odo
3199 2108 3378 2165 facere
3406 2114 3729 2182 conabatur,

2113 2213 2553 2281 rogaveruntque
2583 2211 2639 2258 ut
2691 2203 2795 2258 tale
2819 2213 2980 2275 caput
3036 2207 3312 2259 communi
3355 2209 3588 2264 consilio
3616 2217 3729 2264 sta—

2113 2308 2375 2367 tueretur,
2411 2317 2507 2370 per
2535 2299 2680 2370 quod
2740 2301 2919 2353 securi
2972 2307 3200 2370 possent
3227 2318 3353 2355 esse
3385 2303 3612 2370 subditi,
3645 2305 3730 2357 in-

2114 2397 2404 2451 tendentes
2421 2394 2504 2448 vel
2540 2394 2593 2446 in
2623 2393 2930 2462 \Vidonem,
2963 2395 3046 2447 vel
3081 2394 3133 2446 in
3169 2395 3314 2449 hunc
3345 2397 3509 2470 regiae
3542 2414 3728 2467 prosa-

2114 2487 2216 2556 piae
2249 2485 2525 2548 Karolum,
2554 2490 2608 2538 et
2638 2483 2801 2537 simul
2834 2484 3251 2538 considerantes
3291 2486 3383 2556 qui
3417 2487 3725 2553 adfuerant,

2112 2582 2179 2635 ad
2208 2596 2371 2652 quem
2404 2579 2603 2634 melius
2634 2579 2917 2633 attendere
2951 2579 3240 2649 deberent,
3272 2581 3447 2635 visum
3480 2582 3589 2636 illis
3621 2590 3724 2643 est,

2113 2678 2403 2743 propterea
2459 2669 2852 2741 acquirendam
2911 2670 3063 2743 regni
3122 2670 3433 2736 utilitatem,
3468 2680 3519 2725 et
3553 2673 3729 2743 ipsius

2111 2765 2315 2820 Arnulﬁ
2361 2765 2660 2820 cavendam
2713 2764 3181 2829 contrarietatem,
3242 2772 3573 2836 prOpterque
3633 2784 3723 2820 re-

2110 2868 2276 2927 ctum,
2310 2874 2726 2932 congruumque
2783 2859 2920 2929 regii
2974 2858 3164 2932 generi
3229 2859 3616 2929 principatum,
3671 2870 3728 2916 ut

2109 2954 2177 3007 ad
2208 2953 2353 3006 hunc
2383 2951 2636 3005 Karolum
2694 2966 2752 3003 se
2809 2955 3212 3013 converterent,
3247 2950 3538 3004 credentes
3578 2953 3726 3022 quod

2110 3046 2366 3101 Arnulfus
2397 3046 2499 3099 hoc
2531 3046 2598 3099 de
2631 3045 2942 3116 prepinquo
2992 3060 3091 3097 suo
3114 3050 3326 3116 gratum
3362 3044 3608 3110 haberet,
3645 3047 3729 3117 ip-

2110 3141 2268 3212 sique
2299 3145 2351 3193 et
2384 3153 2552 3211 regno
2597 3138 2912 3207 praesidium
2963 3137 3143 3191 ferret.
3177 3137 3330 3200 Quod
3355 3147 3536 3194 autem
3561 3141 3727 3210 jaeti-

2110 3241 2276 3288 tatum
2302 3232 2568 3297 audierat,
2625 3247 2790 3284 causa
2847 3231 3099 3284 Widonis
3127 3231 3233 3284 hoc
3261 3248 3385 3286 eum
3413 3234 3636 3301 fecisse,
3673 3245 3730 3291 ut

2110 3331 2211 3382 hac
2233 3334 2344 3380 arte
2404 3325 2552 3378 illum
2613 3325 3091 3378 subintroduceret
3143 3324 3198 3376 in
3255 3343 3504 3400 regnum,
3560 3333 3729 3385 etdi-

2110 3419 2280 3472 misso
2315 3431 2483 3486 puero
2518 3415 2738 3478 Karolo,
2769 3431 2828 3468 se
2859 3415 3179 3469 verteretad
3207 3416 3491 3474 Widonem
3525 3440 3536 3475 :
3571 3440 3727 3476 asse-

2109 3514 2174 3568 rit
2201 3513 2369 3566 livore
2397 3510 2640 3573 invidiae,
2674 3515 2861 3563 contra
2894 3525 2953 3564 se
2989 3509 3228 3563 scienter
3275 3512 3390 3567 haec
3420 3515 3556 3570 falso
3590 3517 3727 3570 fuis-

2108 3624 2166 3661 se
2188 3607 2410 3674 jactata,
2443 3610 2534 3658 aut
2561 3603 2724 3657 etiam
2757 3603 2906 3674 quod
2962 3605 3142 3674 qualis
3173 3613 3287 3660 erat
3319 3608 3438 3677 ipse
3470 3611 3562 3680 qui
3598 3614 3724 3667 talia

2108 3695 2438 3762 diffamabat,
2491 3693 2652 3747 talem
2711 3693 2967 3747 eumdem
3022 3711 3188 3764 posse
3244 3695 3361 3751 ﬁeri
3410 3702 3722 3767 sentiebat;

2110 3792 2228 3861 ipse
2259 3805 2386 3844 vero
2420 3804 2521 3843 nec
2550 3803 2608 3841 se
2639 3786 2800 3840 talem
2858 3785 2995 3853 fore,
3031 3803 3132 3840 nec
3173 3787 3373 3842 talibus
3403 3798 3582 3846 ortum
3617 3811 3720 3848 na-

2109 3883 2308 3937 talibus
2339 3880 2789 3954 recognoscebat,
2823 3879 3270 3934 Praedecessores
3298 3897 3517 3954 quoque
3548 3884 3723 3953 ipsius

2108 3982 2254 4055 regis
2309 3995 2656 4050 nequaquam
2716 3976 2843 4029 talia
2901 3976 3121 4048 ingenia
3180 3976 3233 4029 in
3277 3978 3721 4051 progenitoribus

2093 4076 2226 4129 -suis
2279 4072 2486 4142 experti
2539 4070 2772 4132 fuerant,
2824 4084 2965 4138 quos
3021 4069 3074 4121 in
3131 4067 3279 4121 omni
3341 4067 3602 4122 ﬁdelitate
3660 4089 3723 4125 ac

2108 4167 2265 4242 regni
2319 4165 2551 4219 utilitate
2605 4161 2863 4231 probatos
2920 4159 3254 4213 habuerint:
3309 4158 3547 4230 ideoque
3599 4161 3723 4216 illos

2111 4256 2413 4314 honorifice
2437 4251 2874 4307 sublimaverint.
2908 4252 3248 4321 QuaprOpter
3279 4251 3720 4307 erubescendum

2109 4349 2290 4403 eidem
2317 4347 2431 4420 regi
2465 4345 2679 4408 fuisset,
2713 4348 2771 4396 ut
2801 4342 2903 4397 hoc
2921 4343 2989 4396 de
3007 4358 3065 4396 se
3095 4341 3352 4406 crederit,
3381 4343 3463 4397 vel
3498 4342 3724 4399 infamia

397 4417 474 4472 De
503 4417 609 4471 hoc
637 4417 820 4482 etiam,
855 4421 1161 4490 quodidem
1180 4425 1340 4478 rexin
1372 4425 1533 4495 culpa
1564 4427 2006 4498 trahebat,quare

2114 4459 2168 4496 se
2198 4441 2288 4495 tali
2314 4417 2546 4496 notaret.
2585 4435 2832 4506 Denique
2899 4436 3048 4506 quod
3090 4437 3338 4492 audierat
3369 4437 3463 4508 qui
3491 4438 3722 4494 Arnulfo

396 4525 508 4562 non
540 4509 594 4562 id
617 4516 741 4564 ante
771 4509 1049 4576 fecissent,
1084 4515 1262 4570 reddit
1292 4518 1582 4586 rationem,
1629 4519 1776 4591 quod
1822 4536 2006 4591 quan-

397 4602 468 4656 do
501 4601 730 4657 Karolus
761 4603 1058 4674 imperator
1085 4608 1346 4676 decessit,
1378 4618 1431 4665 et
1463 4612 1608 4666 idem
1635 4612 1892 4666 Arnulfus
1921 4629 2010 4666 re-

395 4694 581 4765 gimen
613 4695 776 4763 hujus
806 4697 959 4771 regni
991 4700 1272 4771 suscipere
1303 4703 1498 4768 noluit,
1533 4703 1622 4757 hic
1653 4704 1878 4758 Karolus
1901 4705 2004 4758 ad-

398 4785 506 4838 huc
536 4786 832 4840 admodum
887 4804 1116 4858 corpore
1163 4792 1326 4846 simul
1381 4801 1433 4847 et
1491 4795 1719 4848 scientia
1750 4796 2008 4866 parvulus

397 4873 687 4940 existebat,
720 4891 825 4932 nec
878 4879 1032 4950 regni
1089 4880 1479 4953 gubernaculis
1529 4886 1762 4940 idoneus
1791 4896 1926 4954 erat,
1957 4897 2010 4943 et

397 4963 638 5018 instante
676 4965 1078 5024 immanissima
1105 4971 1562 5031 Nortmannorum
1595 4979 2006 5049 persecutione,

398 5060 769 5130 periculosum
796 5071 911 5118 erat
941 5072 1069 5120 tunc
1123 5086 1247 5124 eum
1280 5073 1504 5147 eligere.
1539 5075 1598 5130 Ut
1627 5093 1754 5132 vero
1783 5079 1850 5132 ad
1885 5093 2006 5130 eam

397 5152 652 5206 viderunt
709 5157 1031 5226 perductum
1086 5170 1322 5232 aetatem,
1381 5167 1434 5220 in
1497 5184 1605 5238 qua
1655 5171 1873 5224 salubre
1901 5171 2006 5224 sibi

398 5243 694 5300 consilium
727 5247 984 5304 dantibus
1014 5268 1302 5311 assensum
1337 5259 1582 5328 praebere
1614 5265 1857 5329 noverat,
1884 5279 2010 5317 sus-

398 5343 664 5432 ceperunt
691 5353 816 5393 eum
871 5345 1176 5401 secundum
1230 5349 1326 5404 Dei
1382 5353 1669 5419 honorem,
1725 5362 1783 5408 ut
1836 5372 2007 5432 regno

398 5426 735 5495 consuleret,
783 5431 1034 5490 volentes
1077 5454 1200 5494 eum
1257 5442 1329 5496 ita
1375 5442 1680 5514 instituere,
1743 5426 2014 5520 quatenus

399 5520 529 5575 huic
560 5539 752 5598 regno,
787 5535 840 5582 et
895 5529 999 5599 ipsi
1030 5533 1251 5592 Arnulfo
1281 5538 1560 5610 proﬁcuus
1587 5546 1792 5600 valeret
1817 5547 2013 5603 existe-

396 5627 478 5666 re.
512 5612 585 5667 De
617 5631 684 5670 eo
711 5635 935 5708 quoque
966 5627 1113 5693 quod
1169 5630 1289 5686 sine
1347 5633 1521 5702 ipsius
1544 5638 1746 5690 Arnulti
1780 5641 2013 5699 consilio

397 5713 856 5780 praesumpserint
889 5715 992 5770 hoc
1020 5735 1203 5792 agere,
1236 5742 1442 5782 morem
1475 5731 1801 5787 Francorum
1831 5741 2014 5807 gentis

473 5807 585 5878 (24)
625 5810 856 5870 Carolus
897 5816 1117 5877 Crassus
1143 5827 1213 5880 de
1242 5844 1352 5897 quo
1378 5845 1559 5898 supra.

2111 4533 2316 4587 dictum
2387 4532 2596 4596 fuisse,
2660 4528 2807 4599 quod
2892 4528 2978 4581 hic
3046 4528 3274 4584 Karolus
3330 4528 3475 4583 ﬁlius
3546 4529 3724 4584 Ludo-

2110 4631 2214 4686 vici
2248 4645 2356 4683 non
2387 4626 2568 4690 fuerit,
2606 4630 2884 4677 asseverat
2916 4623 3197 4679 neminem
3233 4641 3291 4678 se
3320 4641 3487 4694 posse
3519 4625 3719 4679 crede-

2112 4745 2169 4783 re
2201 4727 2337 4791 fore,
2366 4723 2455 4794 qui
2485 4739 2610 4776 eum
2643 4721 2686 4774 si
2717 4720 2933 4786 viderit,
2995 4727 3047 4774 et
3077 4727 3360 4791 parentum
3397 4721 3570 4791 ipsius
3601 4721 3723 4776 efﬁ-

2108 4825 2255 4898 giem
2298 4819 2635 4893 cognoverit,
2679 4833 2787 4871 non
2840 4824 3199 4889 recognoscat
3250 4817 3399 4870 illum
3451 4819 3516 4871 de
3574 4819 3724 4891 regia

2111 4916 2451 4990 processisse
2504 4913 2766 4988 progenie
2801 4931 2812 4966 :
2845 4911 3094 4983 quaedam
3149 4928 3369 4982 quoque
3432 4914 3599 4982 patris
3639 4914 3725 4968 sui

2113 5005 2370 5063 Ludovici
2427 5005 2584 5078 signa
2641 5011 2878 5078 gestare,
2933 5003 3135 5073 quibus
3190 5011 3521 5076 agnoscatur
3579 5004 3725 5058 ﬁlius

2110 5101 2285 5171 ipsius
2313 5098 2508 5152 fuisse.
2545 5097 2722 5151 Poscit
2751 5113 2880 5171 ergo
2910 5095 3114 5150 Arnulti
3132 5096 3334 5171 regiam
3356 5099 3722 5166 majestatem,

2110 5201 2167 5249 ut
2191 5195 2305 5247 haec
2329 5207 2456 5245 vera
2492 5190 2554 5261 [j,
2609 5191 2790 5260 verba]
2822 5191 3114 5265 dignanter
3145 5191 3395 5262 accipiat,
3427 5193 3725 5264 nullusque

2110 5284 2352 5338 animum
2382 5280 2558 5350 ipsius
2582 5287 2768 5334 contra
2800 5281 2947 5334 hunc
2977 5298 3162 5354 regem
3187 5283 3562 5352 innocentem,
3598 5302 3726 5356 pro-

2116 5375 2383 5444 pinquum
2417 5386 2574 5423 suum
2635 5386 2983 5426 commovere
3015 5373 3210 5427 valeat.
3245 5374 3351 5426 Sed
3397 5381 3574 5428 utrum
3607 5375 3727 5429 haec

2116 5482 2236 5538 quae
2260 5464 2455 5519 asserit
2483 5464 2556 5517 ita
2588 5482 2645 5519 se
2680 5465 2937 5532 habeant,
2989 5468 3043 5521 in
3094 5486 3190 5522 sua
3243 5471 3554 5539 praesentia,
3583 5471 3728 5525 tide-

2117 5557 2361 5626 liumque
2424 5570 2647 5610 suorum
2695 5555 2996 5610 examinari
3055 5558 3235 5625 faciat,
3269 5568 3322 5616 et
3375 5563 3442 5616 ad
3482 5563 3728 5619 debitum

2117 5652 2285 5706 ﬁnem
2316 5649 2598 5721 perducat,
2660 5650 2908 5726 cegitans
2955 5653 3190 5722 qualiter
3227 5664 3613 5712 antecessores
3643 5655 3728 5710 sui

2116 5748 2272 5822 regni
2329 5754 2528 5803 statum
2580 5747 3029 5823 gubernaverint,
3087 5756 3141 5804 et
3187 5752 3467 5820 quomodo
3525 5750 3731 5821 regalis
