3970 6218
358 322 468 379 275

1496 323 1863 379 FLODOARDI
1905 322 2208 380 CANONlCl
2250 320 2576 377 REMENSIS

3594 318 3714 373 276

368 462 627 521 culminis
669 460 951 516 successio
978 476 1197 532 semper
1225 461 1333 516 huc
1353 477 1530 532 usque
1545 462 1798 535 viguerit.
1830 465 1980 519 Tunc
2005 469 2056 535 Α
2083 460 2338 519 Widonis
2378 475 2505 515 eum
2538 457 2839 530 conjungat
2884 454 3159 511 amicitiae.
3219 454 3402 509 Poscit
3422 453 3614 520 etiam,
3645 463 3716 509 ut

366 576 497 616 vero
528 559 620 613 ille
651 564 860 613 tantum
887 558 1170 629 princeps,
1200 563 1255 611 et
1293 556 1382 611 hic
1409 573 1608 627 parvus
1639 559 1981 630 propinquus

370 652 491 721 ejus
539 650 789 716 Karolus,
843 650 912 704 de
970 656 1081 703 tota
1130 647 1299 723 regali
1344 648 1514 718 stirpe
1570 651 1979 717 remanserint;

371 744 788 816 perpendatque
834 740 968 812 quid
1015 740 1337 812 contingere
1367 740 1564 809 possit,
1596 742 1643 794 si
1674 757 1799 795 eum
1823 742 1983 796 debi-

372 846 459 891 tus
479 835 691 890 cunctis
719 849 881 889 casus
910 832 1309 903 rep0poscerit,
1331 848 1455 886 cum
1476 839 1555 888 tot
1574 832 1687 902 jam
1704 834 1774 887 de
1804 833 1985 888 aliena

373 928 543 998 stirpe
570 941 730 1000 reges
768 925 1023 985 existant,
1058 928 1112 976 et
1166 922 1347 977 adhuc
1377 922 1487 977 sint
1517 922 1724 994 plures,
1755 922 1847 994 qui
1879 922 1983 975 sibi

373 1020 585 1095 regium
617 1032 818 1072 nomen
851 1012 1126 1077 affectent,
1160 1011 1284 1083 quis
1335 1019 1459 1081 post
1486 1011 1664 1083 ipsius
1691 1012 1984 1067 decessum

374 1108 654 1179 adjuvabit
684 1107 805 1175 ejus
837 1103 1031 1170 filium,
1064 1109 1122 1157 ut
1150 1102 1221 1156 ad
1250 1102 1493 1156 debitam
1523 1103 1627 1157 sibi
1660 1103 1813 1176 regni
1842 1119 1980 1158 con-

374 1199 1025 1264 scendathucrcditatem,
1085 1196 1130 1250 si
1182 1196 1478 1270 contigerit
1504 1197 1650 1251 hunc
1698 1197 1803 1251 sibi
1853 1214 1979 1268 pro-

375 1301 643 1371 pinquum
671 1296 868 1351 cadere
930 1292 1205 1348 Karolum.
1254 1293 1508 1347 Adnectit
1536 1295 1721 1361 etiam,
1749 1295 1899 1367 quod
1926 1296 1980 1350 in

371 1391 631 1447 omnibus
658 1404 800 1460 pene
827 1385 1084 1461 gentibus
1134 1390 1324 1439 notum
1354 1382 1535 1453 fuerit,
1566 1392 1786 1460 gentem
1818 1386 1986 1441 Fran-

374 1499 563 1537 corum
619 1496 779 1553 reges
831 1494 895 1532 ex
950 1474 1307 1530 successione
1339 1473 1542 1528 habere
1600 1476 1981 1541 consuevisse,

376 1574 663 1648 proferens
693 1589 860 1644 super
887 1572 991 1626 hoc
1035 1568 1412 1624 testimonium
1443 1569 1586 1623 beati
1619 1569 1865 1644 Gregorii
1889 1588 1986 1641 pa-

377 1690 458 1744 pae
488 1673 655 1742 (hom.
689 1671 791 1733 10).
842 1666 1072 1735 Subjicit
1102 1665 1266 1719 etiam
1298 1681 1361 1719 ex
1390 1665 1543 1719 libris
1571 1666 1886 1721 Teutonicis
1915 1666 1985 1721 de

2082 558 2263 613 eidem
2297 553 2411 627 regi
2442 553 2513 608 de
2543 551 2784 607 amicitia
2836 566 2934 606 sua
2989 566 3091 623 per
3134 564 3294 604 suum
3325 548 3578 615 missum,
3609 558 3715 604 aut

2085 666 2184 721 per
2212 663 2313 701 sua
2362 645 2567 716 scripta
2621 642 2784 697 Wido
2840 641 3149 697 remandet.
3188 639 3295 694 Sed
3354 647 3411 695 et
3438 640 3580 702 suis,
3614 640 3713 694 vel

2085 742 2339 801 Ecclesiae
2369 742 2475 797 sibi
2504 738 2812 796 commissa?
2871 736 3242 808 compatiatur
3286 734 3530 805 injuriis,
3565 751 3711 807 quas

2085 833 2366 890 fidelitatis
2412 831 2586 903 ipsius
2638 844 2804 885 causa
2869 826 3161 883 tolerabat.
3232 824 3484 881 Notificat
3533 826 3711 881 etiam

2086 925 2366 980 abbatiam
2392 921 2566 981 sancti
2592 918 2808 975 Martini
2838 934 2871 973 a
2908 933 3039 991 rege
3062 917 3169 973 sibi
3201 932 3520 973 concessam
3558 917 3713 989 [ms.,

2086 1018 2483 1089 commissam],
2518 1030 2717 1089 rogans
2744 1021 2909 1070 utres
2935 1013 3077 1082 ejus,
3097 1028 3221 1084 quae
3251 1012 3306 1066 in
3333 1027 3507 1085 regno
3528 1012 3717 1083 ipsius

2084 1117 2261 1176 erant,
2294 1109 2351 1165 in
2383 1126 2482 1165 sua
2513 1106 2687 1163 tutela
2707 1105 2869 1160 Wido
2892 1104 3143 1176 recipiat.

2156 1201 2333 1257 Odoni
2363 1200 2479 1276 regi
2508 1199 2718 1254 litteras
2748 1196 3017 1273 dirigens,
3039 1204 3197 1270 rogat
3212 1212 3313 1268 pro
3335 1196 3708 1252 concedenda

2085 1296 2339 1353 Ecclesiae
2391 1294 2741 1350 Laudunensi
2791 1298 2915 1364 post
2966 1293 3257 1347 decessum
3319 1292 3551 1348 Didonis
3582 1291 3716 1362 epi-

2083 1393 2259 1464 sc0pi,
2287 1392 2558 1447 electione
2585 1390 2785 1457 libera,
2817 1389 3122 1445 ostendens
3150 1404 3260 1443 non
3290 1394 3551 1459 Oportere
3578 1388 3713 1443 vio-

2082 1490 2259 1544 lenter
2274 1502 2371 1542 eos
2408 1486 2477 1541 ad
2516 1501 2665 1552 eum,
2699 1500 2860 1556 quem
2891 1484 3528 1555 nolint,suscipiendum
3552 1499 3714 1540 com-

2086 1579 2240 1651 pelli.
2275 1577 2534 1633 Precatur
2570 1576 2758 1641 etiam,
2789 1585 2850 1631 ut
2877 1576 3129 1631 eamdem
3161 1576 3459 1632 Ecclesiam
3482 1559 3717 1647 absque

2087 1668 2473 1742 inquietudine
2499 1667 2703 1741 degere
2730 1667 2947 1736 jubeat,
2980 1683 3164 1738 neque
3195 1683 3282 1722 res
3322 1666 3499 1739 ipsius
3520 1683 3552 1720 a
3576 1682 3717 1736 per-

375 1782 503 1840 rege
533 1764 771 1834 quodam
799 1759 1153 1815 Hermenrico
1199 1759 1446 1826 nomine,
1475 1760 1570 1831 qui
1601 1777 1823 1816 omnem
1853 1777 1984 1832 pro-
2013 1783 2061 1851 Β
2084 1764 2372 1821 vasoribus
2390 1761 2697 1833 depraedari
2740 1762 2906 1830 sinat,
2939 1777 3010 1816 ne
3026 1761 3301 1833 particeps
3318 1760 3715 1832 diripientium

374 1860 593 1935 geniem
623 1875 777 1913 suam
806 1856 969 1911 morti
1001 1854 1361 1910 destinaverit
1390 1855 1577 1926 impiis
1612 1857 1863 1912 consiliis
1890 1873 1988 1912 cu-

369 1951 590 2021 jusdam
622 1947 922 2004 consiliarii
951 1946 1058 2013 sui,
1083 1945 1469 2017 supplicatque
1510 1963 1578 2002 ne
1601 1948 1883 2003 sceleratis
1897 1948 1987 2004 hic

376 2041 811 2111 rexiacquiescal
840 2037 1088 2093 consiliis
1113 2035 1325 2107 (Gens,
1353 2039 1683 2109 inEvang.),
1705 2038 1801 2093 sed
1826 2040 1988 2094 mise-

377 2142 559 2189 reatur
577 2133 759 2209 gentis
789 2133 974 2202 hujus,
1020 2139 1073 2186 et
1115 2131 1265 2205 regio
1288 2133 1478 2205 generi
1509 2133 1799 2189 subveniat
1828 2134 1985 2189 deci-

376 2228 547 2295 denti,
581 2234 836 2301 satagens
868 2234 925 2282 ut
955 2227 1010 2281 in
1040 2225 1236 2280 diebus
1266 2226 1382 2281 suis
1411 2227 1652 2302 dignitas
1681 2229 1988 2285 successio-

379 2319 463 2372 nis
494 2335 606 2371 suzn
634 2317 941 2387 roboretur,
964 2322 1018 2371 et
1074 2316 1126 2369 hi
1157 2315 1253 2386 qui
1283 2331 1349 2371 ex
1384 2316 1564 2373 alieno
1594 2334 1797 2391 genere
1827 2337 1987 2395 reges

376 2413 684 2482 exstabant,
714 2412 798 2467 vel
837 2412 1072 2466 existere
1125 2412 1439 2483 cupiebant,
1492 2429 1602 2468 non
1631 2416 1989 2485 praevalerent

378 2511 567 2559 contra
596 2520 716 2570 eos,
735 2501 939 2572 quibus
969 2519 1036 2556 ex
1081 2517 1286 2573 genere
1333 2502 1513 2558 honor
1538 2504 1723 2578 regius
1753 2505 1989 2561 debeba-

379 2607 482 2654 tur.
519 2598 836 2668 Asseritque
863 2614 922 2651 se
972 2596 1192 2651 misisse
1223 2598 1595 2654 Aledrannum
1631 2601 1746 2671 [ms.
1773 2603 1984 2671 Papir.,

378 2693 736 2761 Alerannum]
765 2692 833 2745 ad
903 2691 1161 2745 eumdem
1214 2690 1522 2756 Arnulfum,
1563 2694 1912 2768 suggerendo
1929 2701 1988 2749 ut

378 2798 743 2855 quoscunque
774 2781 878 2835 sibi
929 2782 1191 2852 placeret,
1247 2799 1311 2837 ex
1366 2783 1450 2837 his
1488 2785 1582 2855 qui
1616 2784 1868 2841 Karolum
1899 2802 1989 2841 re-

377 2895 503 2954 gem
549 2877 971 2942 constituerant,
1026 2876 1082 2929 in
1141 2895 1301 2933 suum
1386 2896 1615 2955 pergere
1701 2881 1986 2938 servitium

378 2974 720 3045 praeciperet,
757 2972 851 3043 qui
908 2988 1091 3027 coram
1150 2973 1485 3030 sublimitate
1531 2975 1708 3047 ipsius
1748 2976 1865 3031 haec
1914 2976 1987 3031 ita

378 3084 505 3123 esse
536 3067 934 3123 rationabiliter
958 3068 1331 3124 ostenderent.
1358 3070 1631 3145 Flagitans
1651 3072 1816 3128 etiam
1847 3079 1984 3139 orat,

2087 1860 2200 1927 ﬁat,
2230 1859 2275 1914 si
2314 1858 2444 1913 talia
2496 1855 2614 1912 ﬁeri
2674 1857 2972 1927 permittat.
3024 1856 3221 1912 Karolo
3276 1857 3393 1932 regi
3421 1872 3523 1912 suo
3556 1855 3713 1911 scri-

2087 1954 2247 2019 bens,
2303 1951 2791 2027 indignaturvalde
2845 1951 2951 2006 sibi
3009 1951 3280 2023 perlatum
3339 1952 3487 2023 quod
3518 1950 3715 2022 pravis

2086 2043 2452 2118 quorumdam
2490 2041 2740 2098 consiliis
2795 2043 2962 2097 vellet
3021 2042 3167 2096 idem
3222 2058 3317 2096 rex
3368 2059 3433 2097 se
3493 2042 3718 2097 sociare

2085 2135 2456 2202 Nortmannis,
2489 2142 2548 2188 ut
2586 2133 2803 2188 illorum
2836 2131 3041 2187 auxilio
3073 2131 3142 2186 ad
3174 2132 3326 2207 regni
3360 2132 3532 2186 decus
3552 2130 3714 2187 obti-

2087 2224 2524 2294 nendumjuvari
2557 2230 2761 2294 posset.
2791 2243 2815 2274 α
2842 2222 2974 2287 Quis
3002 2222 3397 2294 enim,inquit,
3428 2222 3524 2294 qui
3549 2221 3719 2277 vobis

2088 2320 2227 2375 sicut
2257 2323 2475 2389 Oportet
2493 2315 2673 2370 fidelis
2712 2322 2814 2381 est,
2846 2329 2958 2370 non
2997 2322 3346 2385 expavescat,
3390 2330 3490 2369 vos
3522 2313 3718 2367 inimi-

2088 2431 2278 2470 corum
2307 2412 2402 2466 Dei
2426 2410 2725 2467 amicitiam
2755 2410 2921 2476 velle,
2966 2416 3021 2464 et
3077 2409 3134 2462 in
3158 2409 3368 2464 cladem
3397 2424 3461 2463 ac
3493 2408 3712 2463 ruinam

2088 2507 2330 2563 nominis
2359 2505 2647 2561 Christiani
2717 2520 2931 2579 pagana
2991 2520 3162 2570 arma,
3220 2510 3275 2557 et
3316 2504 3526 2559 foedera
3549 2505 3716 2558 dete-

2087 2601 2281 2658 standa
2309 2600 2594 2672 suscipere
2626 2599 2655 2653 ‘P
2685 2599 2830 2654 Nihil
2857 2598 3006 2654 enim
3051 2599 3237 2664 distat,
3266 2608 3449 2653 utrum
3482 2598 3611 2670 quis
3647 2615 3714 2654 se

2087 2694 2318 2767 paganis
2347 2694 2541 2761 societ,
2573 2710 2643 2748 an
2683 2693 2959 2768 abnegato
2999 2693 3112 2748 Deo
3146 2692 3293 2748 idola
3321 2693 3535 2748 adoret.
3572 2693 3708 2748 Nam

2086 2789 2132 2844 si
2172 2791 2255 2857 (ut
2284 2789 2362 2845 ait
2404 2788 2712 2860 Apostolus)
2772 2802 2957 2843 mores
3014 2787 3191 2844 bonos
3229 2787 3508 2859 colloquia
3539 2805 3715 2859 prava

2088 2890 2456 2953 corrumpunt
2479 2884 2524 2951 (Ι
2558 2883 2659 2939 Cor
2708 2884 2817 2948 xv),
2850 2890 3056 2954 quanto
3114 2882 3291 2956 magis
3328 2883 3716 2954 corrumpitur

2088 2974 2309 3030 castitas
2363 2974 2559 3030 animae
2608 2973 2930 3031 Christianae
2976 2974 3320 3031 ethnicorum
3374 2976 3627 3032 consiliis
3654 2987 3715 3033 et

2087 3068 2351 3126 societate
2381 3068 2410 3121 ?
2440 3069 2629 3141 Neque
2659 3069 2807 3124 enim
2839 3069 3042 3139 poterit
3072 3084 3182 3124 non
3215 3069 3412 3124 imitari
3431 3070 3584 3141 quod
3616 3088 3717 3125 as-

377 3160 569 3213 uthaec
588 3158 871 3230 praemissa
896 3158 1139 3231 benigno
1170 3176 1263 3215 rex
1291 3167 1483 3217 tractet
1513 3164 1720 3227 animo,
1752 3171 1806 3219 et
1844 3165 1988 3219 hanc
2010 3150 2059 3220 C
2083 3160 2240 3215 sidue
2298 3158 2516 3226 viderit,
2567 3159 2701 3231 quin
2760 3159 2946 3230 potius
3000 3168 3286 3215 assuescet
3327 3160 3614 3231 paulatim,
3655 3170 3719 3217 et

377 3257 515 3313 sciat
544 3254 721 3328 ipsius
761 3270 888 3309 esse
937 3255 1311 3324 devotionem,
1336 3258 1422 3313 vel
1462 3257 1827 3315 intentionem
1859 3276 1988 3333 erga

379 3352 554 3423 ipsius
583 3349 924 3415 fidelitatem,
956 3355 1015 3403 ut
1036 3349 1124 3405 hic
1150 3350 1375 3408 Karolus
1393 3353 1462 3407 ad
1485 3353 1662 3424 ipsius
1693 3354 1986 3410 consilium

378 3442 431 3495 in
471 3440 751 3506 omnibus,
782 3454 904 3510 quae
963 3446 1185 3495 acturus
1232 3450 1337 3508 est,
1394 3444 1677 3514 respiciat,
1707 3451 1760 3499 et
1810 3445 1988 3516 ipsius

376 3534 577 3604 pietate
604 3536 754 3585 tutus
781 3530 1070 3599 consistat,
1099 3538 1152 3586 et
1196 3541 1255 3588 ut
1309 3551 1472 3591 nemo
1503 3536 1669 3605 hujus
1690 3535 1837 3609 regis
1867 3539 1989 3593 ani-

376 3643 524 3681 mum
554 3626 622 3680 ab
654 3624 857 3680 auxilio
886 3624 1046 3680 istius
1074 3630 1250 3702 regni,
1283 3632 1367 3686 vel
1399 3631 1649 3701 ejusdem
1683 3633 1981 3693 Karolide-

376 3717 596 3771 ﬂectere
616 3716 816 3772 valeat.
847 3716 982 3771 ltem
1013 3718 1081 3771 ad
1111 3721 1368 3777 eumdem
1420 3739 1628 3797 regem,
1661 3725 1983 3800 signiﬁcans

375 3808 425 3862 ei
454 3809 523 3862 de
554 3806 814 3863 fidelitate
845 3814 900 3862 et
952 3809 1265 3875 devotione,
1316 3831 1478 3885 quam
1522 3831 1650 3888 erga
1681 3816 1861 3889 ipsum
1886 3819 1982 3875 ha-

372 3901 558 3962 bebat,
590 3905 644 3953 et
672 3899 802 3969 quia
829 3899 885 3953 in
916 3899 1035 3968 ejus
1064 3902 1350 3959 servitium
1366 3906 1432 3960 ad
1466 3906 1641 3977 ipsius
1668 3911 1981 3980 jussionem

374 4008 667 4065 properare
697 3992 1069 4048 desiderabat.
1091 3993 1517 4055 Promissionem
1539 4017 1780 4074 quoque,
1818 4020 1981 4076 quam

373 4104 468 4142 rex
506 4101 638 4140 suus
668 4084 894 4139 Karolus
947 4085 1128 4141 eidem
1184 4090 1430 4156 Arnulfo,
1473 4093 1568 4164 qui
1618 4110 1848 4169 regnum
1876 4096 1982 4151 sibi

370 4178 796 4244 contradiderat,
847 4179 1209 4250 promisisset,
1293 4200 1518 4240 manere
1579 4186 1979 4256 inconvulsam,

372 4282 479 4328 tam
526 4272 581 4326 in
630 4272 749 4342 ipso
818 4286 970 4344 rege,
1018 4288 1182 4343 quam
1242 4274 1296 4330 in
1356 4276 1592 4334 subditis
1617 4278 1750 4333 sibi.
1782 4280 1983 4352 thuia

370 4369 710 4435 proponeret
765 4361 913 4416 idem
971 4362 1201 4420 Karolus
1265 4366 1509 4425 Odonem
1550 4370 1835 4427 inimicum
1875 4372 1982 4427 sibi

370 4475 579 4535 regem,
611 4467 666 4513 et
692 4457 920 4513 insidias
944 4458 1050 4514 sibi
1118 4479 1456 4538 magnOpere
1497 4473 1785 4538 parantem
1816 4468 1982 4522 armis

2088 3254 2245 3327 quasi
2263 3254 2482 3310 vinculo
2541 3255 2697 3309 malae
2754 3256 3174 3311 consuetudinis
3203 3256 3453 3310 trahetur
3471 3257 3540 3310 ad
3574 3257 3716 3314 faci-

2087 3365 2207 3404 nus.
2243 3347 2399 3405 Certe
2430 3349 2813 3421 progenitores
2867 3349 3031 3405 vestri
3064 3365 3243 3425 reges,
3276 3349 3529 3421 deposito
3566 3366 3716 3425 gen-

2089 3439 2248 3495 tilitio
2270 3454 2475 3504 errore,
2505 3439 2693 3495 divino
2715 3440 2884 3496 cultui
2900 3457 2963 3495 se
2981 3440 3295 3496 sublimiter
3311 3441 3712 3509 subdiderunt,

2087 3541 2142 3590 et
2171 3535 2328 3590 aDeo
2358 3549 2580 3605 semper
2604 3536 2866 3591 auxilium
2896 3536 3282 3607 expetiverunt
3313 3544 3542 3607 propter
3583 3554 3713 3609 qua!

2084 3628 2394 3684 etfeliciter
2420 3636 2813 3702 regnaverunt,
2879 3639 2935 3686 et
3002 3631 3160 3706 regni
3219 3630 3604 3686 haereditatem
3640 3632 3715 3686 ad

2083 3738 2214 3779 suos
2270 3729 2524 3795 posteros
2580 3724 3023 3783 transmiserunt.
3101 3725 3207 3781 Vos
3261 3733 3491 3781 econtra
3560 3743 3717 3784 nunc

2083 3820 2255 3876 Deum
2286 3819 2616 3892 relinquitis.
2669 3821 2851 3877 Dicam
2907 3829 3078 3887 certe,
3129 3822 3258 3877 licet
3316 3822 3532 3888 nolens,
3577 3824 3717 3895 quia

2084 3913 2254 3968 Deum
2303 3910 2635 3983 relinquitis,
2679 3928 2802 3968 cum
2855 3928 2954 3969 vos
2992 3913 3115 3981 ejus
3168 3912 3421 3969 hostibus
3462 3914 3713 3971 sociatis.

2086 4002 2239 4058 Unde
2266 4010 2321 4057 et
2348 4002 2545 4057 merito
2576 4003 2901 4074 prophetica
2955 4004 3049 4058 illa
3078 4018 3183 4059 vox
3212 4003 3279 4058 ad
3302 4018 3399 4058 vos
3425 4004 3714 4079 dirigitur,

2084 4110 2207 4167 quae
2229 4094 2506 4166 quondam
2527 4094 2599 4148 ad
2629 4109 2815 4169 regem
2841 4095 3148 4166 (25)13rael
3180 4094 3383 4151 similia
3414 4095 3715 4153 facientem

2085 4190 2296 4246 directa
2323 4196 2445 4245 est:
2474 4192 2644 4259 Impia
2669 4192 2879 4262 prwbes
2909 4193 3206 4257 auxilium,
3232 4196 3283 4247 et
3312 4192 3397 4247 his
3452 4196 3556 4263 qui
3586 4195 3722 4250 ode-

2084 4285 2211 4337 rant
2234 4285 2401 4337 Deum
2439 4284 2682 4336 amicitia
2727 4282 2982 4351 jungeris
3031 4285 3102 4351 (11
3132 4285 3256 4338 Par.
3292 4283 3427 4353 XIX).
3465 4284 3528 4340 Et
3559 4295 3717 4342 certe

2083 4390 2209 4429 cum
2240 4372 2524 4429 deberetis
2573 4373 2760 4429 multis
2818 4373 3109 4444 praateritis
3141 4375 3439 4432 terminum
3473 4395 3717 4450 ponere,

2083 4470 2137 4519 et
2162 4462 2372 4534 rapinis
2398 4469 2453 4518 et
2482 4462 2993 4533 depraedationibus
3018 4478 3324 4535 pauperum
3355 4467 3711 4533 renuntiare,

367 4550 906 4626 aggredi.\Viooxnu
968 4552 1357 4623 imperatorem
1413 4556 1690 4631 legatione
1755 4574 1978 4613 suarum
2014 4571 2149 4639 Dac
2180 4573 2279 4629 pro
2310 4558 2395 4612 his
2433 4557 2697 4613 omnibus
2753 4556 3138 4629 paenitentiam
3186 4574 3375 4635 agere,
3436 4577 3590 4617 nunc
3641 4563 3714 4618 ad

368 4642 942 4708 visitanslitterarum,
999 4644 1297 4700 admodum
1355 4647 1487 4702 sede
1537 4647 1709 4718 ipsius
1737 4647 1979 4721 gaudere

366 4736 564 4790 fatetur
600 4734 776 4806 gloria
806 4735 1251 4803 etexallatione;
1287 4736 1470 4793 mirari
1513 4753 1641 4794 vero
1664 4747 1831 4811 atque
1865 4747 1979 4794 tur-

367 4825 506 4892 bari,
538 4825 669 4897 quia
689 4825 879 4880 multis
922 4827 1128 4882 nuntiis
1164 4828 1277 4897 jam
1322 4830 1485 4904 longo
1525 4835 1772 4901 tempore
1803 4838 1978 4885 trans-

365 4930 488 4977 acto
518 4922 625 4977 sibi
653 4922 865 4994 aliquid
886 4923 955 4978 de
1016 4930 1159 4978 statu
1200 4930 1254 4978 et
1303 4924 1669 4996 prosperitate
1699 4941 1797 4980 sua
1827 4925 1975 4982 noti-

364 5011 630 5069 ﬁcaverit.
690 5015 883 5069 Exorat
934 5023 1140 5081 autem,
1186 5021 1247 5069 ut
1273 5015 1389 5091 regi
1420 5031 1520 5071 suo
1554 5015 1749 5071 Karolo
1780 5014 1978 5072 suifra-

361 5104 510 5178 gium
544 5104 847 5175 impendat,
892 5114 949 5159 et
979 5103 1104 5158 talis
1132 5120 1263 5181 erga
1291 5106 1472 5178 ipsum
1503 5107 1723 5173 existat,
1753 5108 1973 5180 qualem

364 5216 487 5255 eum
514 5216 645 5276 erga
674 5200 1048 5272 propinquum
1079 5201 1317 5258 existere
1347 5203 1528 5270 decet,
1557 5212 1613 5259 et
1651 5211 1712 5259 ut
1740 5202 1977 5259 celerius

362 5295 514 5348 illum
543 5293 687 5351 scire
744 5294 926 5359 faciat,
987 5294 1209 5365 qualem
1250 5297 1592 5354 voluntatem
1623 5296 1771 5354 circa
1794 5297 1975 5369 ipsum

360 5384 580 5442 habeat.
610 5386 682 5441 De
715 5385 940 5441 Arnulfo
998 5380 1223 5458 quoque
1290 5402 1420 5462 rege
1470 5386 1768 5464 signiﬁcat,
1823 5388 1974 5460 quod

362 5492 471 5531 non
502 5480 634 5534 velit
675 5481 858 5536 eidem
914 5480 1136 5536 Widoni
1195 5500 1386 5556 pacem
1434 5500 1673 5540 servare.
1716 5484 1968 5540 Karolum

360 5566 601 5638 denique
629 5573 747 5627 sedi
800 5571 1115 5643 apostolicae
1171 5593 1325 5631 suam
1394 5576 1682 5647 epistolam
1708 5576 1967 5649 dirigere,

357 5655 699 5713 orationibus
735 5677 795 5715 se
858 5665 1300 5721 commendando
1346 5682 1525 5736 papae,
1572 5675 1737 5738 atque
1796 5668 1970 5738 ipsius

359 5747 554 5808 petens
585 5746 829 5801 roborari
856 5746 1267 5817 benedictione,
1297 5760 1352 5807 et
1374 5761 1433 5808 ut
1469 5754 1614 5807 idem
1639 5771 1783 5825 papa
1804 5756 1969 5824 hujus

430 5833 542 5902 (25)
582 5836 717 5895 Sunt
742 5840 908 5897 verba
935 5840 1075 5895 Jehu
1099 5845 1167 5898 ad
1198 5846 1462 5917 JoSaphat
1493 5864 1681 5920 regem
1709 5849 1872 5905 Juda.

2078 4654 2344 4725 majorem
2397 4653 2532 4709 iram
2586 4654 2680 4708 Dei
2749 4653 3175 4725 provocandam,
3236 4654 3323 4710 his
3376 4656 3470 4727 qui
3532 4658 3710 4715 Deum

2078 4749 2358 4825 ignorant,
2383 4754 2439 4803 et
2492 4748 2547 4802 in
2597 4765 2695 4804 sua
2732 4747 2946 4804 feritate
2994 4747 3303 4815 conﬁdunt,
3336 4766 3435 4806 vos
3465 4753 3713 4822 conjun-

2076 4844 2227 4919 gitis.
2263 4843 2480 4900 Credite
2538 4843 2697 4911 mihi,
2745 4843 2876 4916 quia
2928 4860 3208 4916 nunquam
3253 4845 3336 4902 sic
3383 4847 3608 4921 agendo
3636 4849 3711 4906 ad

2077 4956 2311 5016 regnum
2369 4940 2726 5011 pervenietis,
2786 4939 2896 4995 imo
2952 4939 3219 4997 velociter
3263 4940 3553 5013 disperdet
3608 4959 3710 5001 vos

2078 5032 2243 5099 Deus,
2301 5046 2465 5104 quem
2528 5030 2774 5087 irritatis.
2823 5031 3099 5087 Hactenus
3148 5031 3373 5103 quidem
3431 5034 3503 5090 de
3544 5034 3711 5092 vobis

2077 5122 2307 5179 meliora
2354 5122 2687 5194 sperabam:
2749 5138 2896 5178 nunc
2925 5122 3088 5179 video
3127 5140 3224 5181 vos
3282 5142 3408 5181 cum
3441 5127 3709 5184 omnibus

2077 5212 2505 5286 consanguineis
2554 5213 2671 5285 [ms.
2688 5213 2742 5282 j,
2796 5214 3012 5284 Papir.,
3067 5215 3475 5289 consentaneis]
3505 5220 3709 5278 vestris

2079 5304 2406 5376 periturum,
2435 5303 2480 5358 si
2512 5309 2698 5359 tamen
2727 5304 2831 5360 hoc
2845 5319 2974 5359 vere
3001 5304 3171 5360 vultis
3200 5320 3388 5380 agere,
3415 5312 3469 5362 et
3498 5309 3707 5367 talibus

2074 5394 2323 5452 consiliis
2349 5394 2723 5467 acquiescere.
2784 5395 2997 5450 Revera
3051 5394 3145 5467 qui
3195 5396 3304 5452 tale
3355 5396 3519 5454 vobis
3568 5400 3705 5456 dant

2071 5486 2385 5554 consilium,
2420 5502 2529 5543 non
2563 5486 2778 5556 ﬁdeles,
2810 5487 2908 5544 sed
2940 5505 3040 5560 per
3066 5488 3254 5545 omnia
3286 5490 3547 5548 inﬁdeles
3576 5510 3701 5550 esse

2070 5580 2524 5651 comprobantur,
2557 5597 2698 5654 quos
2735 5583 2782 5637 si
2842 5582 3035 5638 audire
3075 5583 3380 5652 volueritis,
3414 5593 3697 5644 terrenum

2068 5669 2232 5724 simul
2262 5677 2318 5726 et
2342 5671 2565 5728 caaleste
2596 5689 2826 5748 regnum
2880 5673 3162 5729 amittetis.
3198 5674 3476 5745 Deprecor
3506 5677 3696 5750 itaque

2068 5774 2166 5816 vos
2185 5776 2284 5830 per
2338 5762 2533 5831 Deum,
2568 5769 2626 5819 ut
2671 5765 2782 5821 tale
2840 5764 3111 5821 deseratis
3161 5765 3478 5835 consilium,
3509 5786 3693 5843 neque
