3970 6218
285 308 396 364 277

942 304 1269 360 HISTORIA?
1309 306 1641 363 ECCLESle
1682 311 2011 366 REMENSIS
2055 314 2227 371 LIBRI
2271 317 2602 381 QUATUOR.
2631 353 2700 362 —
2741 323 2864 377 LIB.
2908 325 2992 379 IV.

3531 333 3636 387 278

283 462 473 516 velitis
503 475 602 515 vos
665 459 721 512 in
771 464 1040 512 aeternum
1105 459 1453 529 praecipitare
1509 459 1813 528 interitum,
1868 470 1922 518 et
1950 465 2280 541 Adeneget,
2313 485 2416 524 nec
2447 487 2572 526 eum
2602 481 2869 544 perpetuo
2922 478 3269 533 anathemate
3311 480 3634 535 innodatum

285 552 423 606 mihi
456 550 802 620 caeterisque,
853 547 946 618 qni
979 548 1283 603 secundum
1342 549 1512 603 Deum
1541 550 1698 604 vobis
1725 550 1918 607 fideles

284 651 438 708 sunt,
464 641 655 696 aeterni
687 639 898 695 doloris
919 637 1117 692 aﬁ'erre
1149 638 1523 708 dispendium.
1551 641 1744 696 Melius
1766 643 1912 697 enim

282 737 463 790 fuerat
488 751 588 790 vos
617 749 728 788 non
776 731 950 796 nasci,
983 746 1146 800 quam
1177 731 1380 785 diaboli
1432 733 1736 802 patrocinio
1769 735 1911 789 velle

280 846 543 904 regnare,
592 836 646 883 et
695 828 1060 896 illosjuvare,
1102 845 1242 899 quos
1272 828 1553 883 deberetis
1596 843 1696 898 per
1725 830 1910 883 omnia

279 924 632 996 impugnare.
689 922 886 976 Sciatis
939 921 1110 986 enim,
1143 921 1274 992 quia
1305 921 1350 975 si
1402 923 1507 976 hoc
1540 921 1805 989 feceritis,
1858 931 1912 977 et

278 1017 485 1070 talibus
522 1014 770 1069 consiliis
800 1013 1211 1085 acquieveritis,
1245 1030 1524 1085 nunquam
1567 1030 1657 1068 me
1686 1013 1907 1069 ﬁdelem

276 1104 577 1170 habebitis,
608 1104 707 1158 sed
739 1109 794 1158 et
823 1118 1186 1174 quoscunque
1227 1109 1457 1172 potuero
1489 1118 1519 1156 a
1548 1111 1730 1157 vestra
1771 1101 1908 1157 ﬁde-

275 1194 435 1247 litate
469 1192 762 1257 revocabo,
811 1198 1016 1245 etcum
1075 1191 1333 1244 omnibus
1366 1190 1716 1262 coepiscOpis
1771 1191 1910 1246 meis

272 1298 378 1337 vos
422 1288 476 1335 et
507 1297 702 1335 omnes
736 1287 952 1335 vestros
983 1279 1490 1345 excommunieans,
1534 1285 1741 1333 aeterno
1773 1295 1904 1334 ana-

275 1375 526 1428 themate
579 1372 986 1427 condemnabo.
1058 1372 1160 1427 Pro
1217 1371 1482 1426 ﬁdelitate
1535 1388 1696 1443 quam
1744 1372 1904 1427 vobis

270 1479 460 1528 servo,
489 1463 607 1516 haac
639 1461 1025 1536 gemebundus
1054 1461 1257 1526 scribo,
1299 1461 1559 1530 quoniam
1590 1461 1755 1531 cupio
1802 1478 1900 1517 vos

265 1555 578 1609 secundum
629 1553 798 1606 Deum
831 1559 886 1605 et
941 1551 1204 1606 saeculum
1234 1567 1456 1622 semper
1505 1567 1626 1606 esse
1659 1553 1896 1607 honora-

270 1656 412 1712 tum,
445 1651 498 1700 et
529 1661 639 1700 non
670 1645 907 1710 Satanae,
943 1644 1042 1698 sed
1073 1643 1269 1698 Christi
1298 1643 1593 1710 adjutorio,
1625 1645 1694 1698 ad
1738 1645 1894 1698 debi-

268 1745 386 1792 tum
442 1737 598 1792 vobis
649 1736 1024 1791 conscendere
1082 1736 1240 1810 regni
1289 1734 1585 1807 fastigium.
1647 1737 1893 1810 Regnum

271 1831 426 1884 enim
461 1830 608 1900 quod
652 1829 797 1883 Deus
827 1830 938 1892 dat,
971 1827 1184 1883 ﬁrmum
1232 1830 1394 1884 habet
1429 1830 1847 1885 tundamentum
1883 1849 1897 1896 ;

260 1919 416 1989 quod
471 1934 600 1973 vero
663 1933 762 1988 per
818 1917 1143 1987 injustitiam
1200 1925 1254 1972 et
1315 1919 1538 1990 rapinas
1596 1920 1902 1991 acquiritur

259 2008 534 2060 caducum
564 2012 667 2071 est,
698 2012 752 2059 et
783 2006 890 2060 cito
922 2006 1257 2072 decidivum,
1290 2023 1395 2061 nec
1426 2008 1627 2077 poterit
1657 2008 1750 2062 diu
1780 2024 1901 2078 per

259 2115 515 2153 manere.
562 2119 587 2149 ))

334 2193 624 2248 Lamberto
671 2194 990 2264 imperatori
1023 2194 1512 2268 congratulationis
1541 2195 1889 2264 apices'diri-

255 2299 424 2359 gens,
455 2282 697 2338 notiﬁcat
729 2284 862 2354 quid
909 2284 1013 2338 sibi
1047 2283 1115 2338 de
1145 2284 1265 2353 ipso
1324 2284 1562 2338 domnus
1593 2300 1733 2354 papa
1765 2284 1891 2338 For-

255 2387 454 2426 mosus
481 2371 595 2426 suis
651 2371 846 2425 litteris
884 2372 1218 2425 intimaverit
1250 2390 1263 2424 :
1304 2371 1452 2442 quod
1493 2372 1704 2426 scilicet
1734 2388 1887 2426 eum-

255 2464 390 2517 dem
425 2463 814 2533 imperatorem
847 2464 1078 2518 multum
1126 2464 1408 2536 dirigeret,
1439 2470 1492 2517 et
1532 2463 1587 2516 in
1629 2465 1888 2521 omnibus

253 2559 308 2612 ei
342 2559 657 2624 consulere,
686 2558 808 2613 loco
849 2557 1153 2612 charissimi
1187 2556 1306 2621 ﬁlii,
1354 2563 1519 2627 atque
1567 2556 1887 2612 indissocia-

253 2647 428 2702 bilem
459 2648 622 2703 vellet
662 2649 730 2701 ad
782 2664 907 2702 eum
948 2664 1168 2702 servare
1222 2646 1596 2703 concordiam.
1633 2647 1886 2702 Hortatur

253 2755 396 2810 ergo
455 2740 599 2794 hunc
643 2740 976 2810 principem,
1034 2746 1088 2793 et
1143 2739 1495 2794 admonendo
1554 2739 1783 2813 ﬂagitat,
1827 2748 1884 2794 ut

251 2836 423 2884 tanta;
445 2830 768 2902 benignitati
798 2829 1047 2898 ejusdem
1080 2845 1235 2901 papaa
1265 2836 1451 2903 gratus
1476 2830 1692 2896 existat,
1725 2829 1879 2885 illum

253 2932 314 2979 ut
346 2930 557 2994 patrem
605 2925 912 2995 piissimum
971 2925 1182 2998 diligat,
1223 2940 1558 2994 omnemque
1606 2925 1686 2979 illi
1741 2925 1876 2979 ﬁde-

247 3020 487 3085 litatem,
544 3026 598 3075 ct
654 3020 1028 3075 obedientiam
1083 3027 1284 3088 servet,
1344 3019 1574 3090 ejusque
1631 3021 1875 3085 monitis,

2018 559 2521 633 irrecuperabiliter
2552 568 2730 636 perire
2761 571 2902 624 sinat
2929 589 2942 636 ;
2974 573 3072 626 sed
3126 591 3288 644 quam
3318 579 3393 634 illi
3433 583 3631 652 placet,

2019 654 2398 750 paenitentiam
2423 665 2475 712 et
2497 661 2885 718 satisfactionis
2906 682 3218 723 mensuram
3251 671 3327 725 illi
3361 673 3628 750 injungat.

2015 741 2182 797 Nobis
2210 745 2372 800 etiam
2406 753 2460 800 et
2489 748 2759 805 universis
2792 753 2974 814 Italiae.
3012 757 3094 809 vel
3126 757 3310 813 Gallize
3333 741 3629 834 episcopis,

2011 831 2213 901 quibus
2243 834 2312 888 de
2339 837 2460 903 ejus
2483 837 2837 895 damnatione
2880 843 3115 914 scripsit,
3150 847 3388 903 vicissim
3419 853 3486 906 de
3526 831 3632 907 sua

2010 919 2391 978 misericordia
2420 927 2554 996 quid
2585 929 2737 983 illum
2771 947 2955 1002 agere,
2989 941 3043 988 et
3080 937 3316 1006 qualiter
3345 956 3466 995 esse
3497 957 3629 998 con-

2010 1010 2214 1076 veniat,
2236 1015 2464 1069 rescribi
2491 1017 2702 1085 jubeat.
2750 1045 2774 1068 ιο

2079 1147 2315 1204 Albrado
2347 1151 2462 1222 regi
2503 1151 2890 1212 Transmarino
2921 1158 3242 1217 amicabiles
3269 1163 3477 1219 litteras
3507 1167 3628 1221 mit-

2009 1241 2151 1303 tens,
2182 1244 2364 1309 grates
2393 1239 2578 1307 refert,
2610 1243 2738 1313 quia
2772 1251 2878 1300 tam
2919 1247 3127 1303 bonum
3158 1251 3332 1306 virum
3367 1262 3420 1307 et
3455 1256 3626 1310 devo-

2006 1330 2122 1378 tum
2149 1327 2650 1401 ecclesiasticisque
2681 1333 2886 1405 regulis
2934 1347 3331 1410 congruentem
3386 1343 3627 1397 destina-

2002 1414 2138 1468 verit
2191 1416 2514 1487 episcopum
2595 1421 2648 1474 in
2707 1422 2928 1479 civitate
3006 1426 3314 1501 Cantaburg
3371 1433 3618 1486 nomine.

1999 1503 2256 1558 Audierat
2305 1506 2474 1574 enim,
2507 1511 2656 1580 quod
2708 1514 3181 1581 perversissimam
3228 1521 3368 1590 [ms.,
3406 1537 3623 1590 perver-

1999 1595 2282 1668 tissimam]
2313 1609 2519 1654 sectam
2549 1603 2830 1674 paganieis
2859 1609 3141 1664 erroribus
3168 1619 3434 1680 exortam,
3466 1621 3520 1667 et
3564 1615 3618 1668 iu

1999 1686 2092 1740 illa
2119 1696 2284 1760 gente
2312 1697 2444 1745 tunc
2471 1709 2646 1764 usque
2676 1696 2944 1764 relictam,
2997 1703 3147 1756 verbi
3181 1719 3446 1760 mucrone
3473 1714 3618 1761 sata-

1929 1783 2152 1857 Bgeret
2198 1790 2504 1852 amputare.
2564 1787 2692 1851 Quae
2736 1796 2886 1844 secta
2932 1807 3232 1865 suggerere
3289 1797 3620 1854 videbatur:

2001 1874 2278 1944 episcopis
2325 1882 2379 1929 et
2408 1877 2744 1949 presbyteris
2783 1882 3230 1940 subintroductas
3269 1889 3470 1945 habere
3508 1907 3624 1945 mu-

2001 1963 2168 2017 lieres
2199 1980 2212 2027 ;
2272 1964 2342 2017 ad
2373 1966 2712 2038 propinquas
2741 1986 2963 2042 quoque
2992 1975 3214 2044 generis
3244 1977 3349 2039 sui,
3381 1978 3620 2052 quisque

1998 2052 2184 2114 vellet,
2219 2054 2483 2108 accedere
2514 2055 2743 2126 insuper
2773 2066 2826 2112 et
2852 2068 3092 2116 sacratas
3133 2065 3244 2118 Deo
3278 2065 3510 2123 feminas
3540 2069 3619 2123 in-

1994 2147 2232 2208 cestare,
2271 2148 2324 2194 et
2364 2157 2586 2197 uxorem
2643 2145 2852 2201 habens
2908 2153 3273 2208 concubinam
3303 2156 3465 2210 simul
3519 2159 3611 2213 ha-

1994 2232 2123 2287 bere
2191 2233 2317 2297 Qua:
2375 2235 2580 2299 omnia,
2641 2254 2803 2307 quam
2848 2257 2997 2296 sana
3051 2243 3177 2298 ﬁdei
3229 2247 3338 2301 sint
3383 2250 3611 2305 adversa

1991 2321 2341 2376 documentis
2365 2324 2678 2380 manifestat
2717 2328 3167 2400 evidentissimis,
3202 2350 3266 2388 ex
3297 2344 3608 2392 sanctorum

1990 2409 2209 2464 Patrum
2265 2412 2508 2481 probatis
2565 2415 2679 2484 [γης.
2731 2417 2784 2486 j,
2867 2419 3110 2491 prolatis]
3172 2424 3610 2480 auctoritatibus.

1990 2497 2280 2552 Richildim
2311 2501 2681 2573 reginam,vel
2703 2504 3108 2574 imperatricem
3136 2508 3334 2565 litteris
3363 2529 3609 2568 commo-

1988 2606 2126 2644 nens
2155 2597 2317 2662 atque
2347 2594 2707 2666 redarguens,
2742 2596 2932 2652 dolore
2963 2599 3136 2654 multo
3167 2617 3226 2655 se
3255 2601 3453 2657 fatetur
3483 2620 3608 2660 esse

1986 2688 2322 2752 correptum,
2377 2701 2475 2754 pro
2503 2684 2645 2740 fama
2676 2703 2786 2742 non
2827 2689 2992 2756 bona,
3043 2708 3165 2762 quae
3197 2694 3264 2747 ad
3299 2695 3478 2765 ipsum
3537 2697 3609 2752 de

1984 2769 2112 2833 vita,
2143 2771 2228 2826 vel
2273 2772 2487 2827 actibus
2517 2775 2766 2842 ejusdem
2805 2777 3010 2849 reginae
3057 2790 3382 2849 pervenerat
3411 2802 3425 2838 :
3457 2787 3606 2856 quod

1981 2859 2197 2914 scilicet
2224 2869 2370 2915 esset
2410 2862 2686 2932 diabolus,
2733 2865 2827 2919 ubi
2867 2865 3062 2922 fuisset
3108 2869 3200 2922 illa
3231 2873 3409 2944 magis
3447 2891 3608 2944 quam

1979 2951 2144 3018 Deus,
2196 2968 2320 3006 cum
2369 2952 2546 3009 forent
2594 2956 2737 3010 circa
2769 2957 2916 3012 illam
2961 2976 3084 3030 quin
3139 2971 3328 3018 contra
3372 2967 3605 3021 salutem

1979 3039 2220 3114 militant
2264 3042 2480 3106 anima),
2539 3044 2592 3097 id
2660 3053 2764 3112 est,
2823 3048 2936 3114 iraa,
2996 3049 3143 3115 rixae,
3200 3052 3602 3119 dissensiones,

246 3121 311 3167 ιιι
342 3129 507 3169 Verus
521 3113 685 3178 ﬁliuso
704 3116 1067 3186 Obteml’eret.
1091 3123 1146 3170 Θι
1170 3116 1360 3171 sedem
1385 3116 1684 3170 Romanam
1709 3117 1877 3192 digna
1908 3104 1956 3172 Ο
1979 3109 2256 3196 incendia,
2288 3131 2604 3198 homicidia,
2631 3132 2882 3201 luxuriae,
2908 3138 3111 3207 rapinae
3134 3157 3359 3212 quoque
3394 3161 3606 3214 paupe—

246 3203 611 3258 veneratione
662 3205 916 3259 honoret.
951 3225 978 3254 α
1014 3205 1091 3257 Ita
1146 3204 1295 3258 enim
1349 3211 1615 3270 vestrum,
1674 3205 1873 3277 inquit,

247 3295 487 3365 perenni
537 3294 814 3350 soliditate
844 3296 1152 3351 stabilietur
1206 3297 1520 3366 imperium,
1582 3303 1636 3351 et
1685 3305 1876 3353 contra

243 3402 450 3440 omnes
498 3386 772 3450 inimicos,
826 3394 880 3441 et
934 3388 1119 3442 hostes
1156 3393 1368 3442 vestros
1425 3388 1671 3443 divinum
1718 3389 1875 3444 vobis

241 3477 516 3532 auxilium
546 3477 953 3553 suffragabitur,
1004 3479 1210 3552 ﬁetque
1240 3486 1298 3534 ut
1335 3480 1595 3534 omnibus
1624 3481 1878 3534 adversa-

241 3566 369 3630 riis,
445 3566 632 3621 divino
663 3567 956 3634 adjutorio,
1016 3584 1238 3638 semper
1274 3567 1528 3638 superior
1576 3575 1631 3621 et
1686 3567 1879 3622 fortior

238 3655 388 3708 sitis.
411 3653 819 3722 Recordamini,
838 3672 1046 3726 quieso,
1076 3657 1507 3711 avunculivestri
1527 3664 1580 3712 et
1606 3657 1876 3727 aequivoci

241 3745 522 3799 Lamberti
577 3745 950 3814 illustrissimi,
981 3748 1160 3818 qualis
1213 3764 1340 3819 erga
1374 3755 1616 3803 sanctam
1676 3748 1872 3803 Roma-

239 3819 377 3889 nam
408 3835 598 3890 sedem
655 3835 840 3903 fuerit,
896 3837 1227 3909 qualemque
1279 3841 1484 3894 exitum
1541 3847 1874 3895 consecutus

237 3927 338 3994 sit,
365 3933 420 3980 et
476 3933 633 3981 caute
666 3943 734 3981 ne
790 3928 844 3982 in
893 3928 1038 3983 idem
1071 3930 1386 4001 exemplum
1441 3931 1770 4000 deveniatis,
1823 3932 1868 3985 si

242 4017 462 4089 aliquid
492 4017 673 4073 simile
705 4034 867 4093 agere
897 4019 1202 4076 volueritis.
1239 4023 1508 4078 Domnum
1541 4022 1702 4077 etiam
1735 4039 1868 4094 apo-

242 4107 511 4164 stolicum
532 4108 931 4178 deprecamini,
959 4118 1016 4164 ut
1047 4127 1170 4165 eum
1205 4112 1459 4186 dignetur
1483 4114 1791 4178 absolvere,
1817 4122 1870 4169 et

242 4214 350 4269 pro
404 4197 497 4253 illo
539 4199 684 4269 apud
734 4199 904 4254 Deum
948 4199 1306 4255 intervenire.
1371 4202 1470 4256 Pro
1529 4219 1614 4256 me
1646 4219 1867 4282 quoque

240 4287 515 4342 attentius
546 4289 782 4358 postulo,
815 4296 874 4344 ut
903 4290 1024 4358 ejus
1047 4291 1180 4344 mihi
1212 4291 1655 4347 benevolentiam
1683 4294 1866 4348 conci-

240 4377 421 4446 lietis,
468 4387 744 4450 quatenus
774 4385 882 4433 tam
913 4380 981 4434 de
1027 4396 1138 4446 me,
1179 4398 1343 4451 quam
1402 4382 1566 4436 etiam
1618 4384 1687 4437 de
1737 4384 1870 4438 sede

239 4467 513 4521 Remensi
542 4469 860 4522 mercedem
887 4467 1146 4542 dignetur
1174 4469 1398 4534 habere,
1432 4477 1486 4524 et
1516 4488 1616 4524 sua
1646 4471 1722 4525 illi
1758 4472 1870 4542 pri-

238 4560 454 4635 vilegia
498 4562 890 4617 inviolabiliter
936 4563 1236 4628 custodire,
1293 4564 1434 4619 sicut
1471 4581 1666 4620 omnes
1697 4566 1870 4620 sancti

239 4653 692 4725 praedecessores
723 4654 896 4724 ipsius
925 4671 1146 4725 semper
1195 4653 1391 4709 fecisse
1425 4662 1763 4710 noscuntur:
1817 4663 1871 4711 et

238 4740 291 4795 si
325 4739 530 4811 aliquis
574 4757 816 4812 unquam
849 4741 912 4812 Li,
947 4743 1315 4814 nequaquam]
1358 4759 1518 4798 aures
1559 4744 1868 4800 clementia}

239 4832 425 4900 ipsius
452 4831 781 4902 inquietare,
817 4839 872 4886 et
901 4833 969 4886 de
1015 4833 1175 4888 nobis
1205 4833 1641 4906 sinistrﬂaliquid
1684 4836 1868 4891 dicere

242 4923 684 4996 praesumpserit,
720 4940 829 4979 non
862 4925 1016 4994 prius
1038 4924 1467 4996 obloquentibus
1489 4927 1736 4992 credere,
1768 4928 1868 4983 do-

242 5034 354 5074 nec
383 5033 485 5088 per
511 5035 620 5085 me,
650 5026 742 5072 aut
769 5025 916 5073 certe
947 5035 1046 5090 per
1073 5036 1256 5086 suum,
1289 5021 1373 5074 vel
1402 5037 1585 5075 meum
1616 5021 1864 5087 missurn,

238 5112 396 5184 quod
452 5128 639 5166 verum
681 5113 772 5179 sit,
823 5113 995 5182 possit
1041 5130 1362 5188 agnoscere.
1415 5117 1491 5171 De
1523 5124 1723 5172 caetero
1780 5134 1869 5173 co-

238 5208 477 5277 gnoscat
531 5200 832 5271 imperialis
862 5201 1101 5276 dignitas
1130 5209 1330 5270 vestra,
1364 5203 1706 5274 Ramponem
1739 5222 1864 5276 pro-

240 5293 516 5364 pinquum
547 5299 808 5356 vestrum,
840 5299 893 5347 et
919 5309 1127 5361 meum,
1159 5295 1227 5347 ab
1258 5295 1455 5350 eodem
1487 5297 1691 5352 domno
1730 5313 1865 5367 apo-

238 5387 442 5442 stolico
474 5387 1034 5456 excommunicatum,
1066 5389 1293 5443 sicutex
1323 5391 1443 5459 ejus
1471 5391 1664 5446 litteris
1694 5407 1866 5466 agno-

237 5480 443 5536 vimus.
495 5479 598 5534 Pro
626 5495 738 5551 quo
769 5479 998 5534 obsecro
1055 5481 1535 5537 mansuetudinem
1576 5483 1717 5554 [ms.,
1751 5500 1863 5537 ma-

238 5572 614 5647 gnitudinem]
647 5577 908 5639 vestram,
938 5579 995 5626 ut
1017 5589 1142 5628 eum
1163 5573 1563 5642 deprecemini,
1595 5583 1868 5646 quatenus

239 5663 319 5718 illi
339 5664 525 5719 locum
550 5661 883 5734 paenitendi,
900 5668 957 5716 et
980 5664 1128 5734 quod
1156 5662 1379 5716 admisit
1402 5665 1734 5720 emendandi
1756 5682 1864 5722 non

1977 3236 2119 3286 rum,
2168 3221 2525 3289 pervasiones
2565 3223 2947 3280 ecclesiarum.
2982 3229 3055 3282 De
3103 3232 3308 3300 quibus
3348 3236 3608 3291 omnibus

1976 3310 2160 3364 debita
2190 3312 2566 3366 sollicitudine
2615 3320 2669 3367 et
2727 3318 2984 3383 pastorali
3037 3320 3324 3391 diligentia
3356 3341 3599 3380 commo-

1978 3408 2106 3455 neat
2137 3419 2279 3465 eam,
2314 3411 2370 3456 ut
2401 3404 2662 3459 tranferat
2690 3423 2748 3460 se
2781 3407 2851 3462 de
2882 3411 3048 3466 tantis
3075 3414 3233 3469 malis
3263 3417 3330 3468 ad
3365 3416 3600 3474 fructum

1976 3499 2197 3546 aeternae
2229 3493 2456 3547 salutis:
2493 3512 2810 3565 proponens
2848 3499 2897 3553 ei
2945 3504 3313 3571 quadrivium,
3348 3509 3432 3562 vel
3463 3527 3597 3580 qua-

1978 3580 2188 3652 drigam
2239 3581 2522 3652 virtutum,
2553 3600 2717 3654 quam
2777 3602 3067 3642 assumens
3098 3598 3150 3644 et
3179 3595 3480 3649 ascendere
3513 3598 3598 3652 ni-

1977 3680 2119 3739 tens,
2179 3676 2560 3745 apprehendat
2615 3692 2679 3731 ea
2734 3695 2858 3750 qua:
2913 3687 3041 3734 sunt
3093 3685 3401 3753 sapientiae,
3439 3695 3600 3760 atque

1975 3764 2376 3832 sanctimoniae,
2418 3781 2482 3820 ac
2513 3765 2790 3823 felicitatis
2817 3776 3057 3824 aeternae.
3088 3771 3345 3828 Velamen
3374 3793 3597 3848 quoque

1975 3852 2192 3921 Christi,
2234 3855 2382 3926 quod
2430 3866 2802 3928 assumpserat
2848 3859 3150 3925 viduitatis,
3214 3862 3593 3935 incorruptum

1969 3963 2188 4003 servare
2217 3950 2486 4017 studeret,
2515 3959 2573 4005 ut
2612 3952 2748 4007 illud
2778 3954 3099 4009 inviolatum
3149 3955 3258 4011 Deo
3289 3973 3594 4028 repraesen-

1971 4047 2085 4094 tare
2118 4049 2322 4110 posset,
2358 4059 2460 4098 nec
2491 4059 2791 4114 preperare
2815 4047 2947 4101 velit
2998 4048 3066 4100 ad
3095 4047 3320 4115 inferos,
3354 4056 3414 4103 ut
3441 4049 3595 4107 inve-

1971 4128 2084 4182 niat
2113 4128 2504 4185 inaestimabile
2539 4133 2740 4186 malum
2799 4135 3113 4202 multarnm,
3147 4153 3283 4207 quas
3314 4137 3362 4190 ei
3395 4154 3595 4208 prepa-

1972 4217 2084 4272 lare
2144 4219 2356 4285 nititur,
2407 4220 2773 4278 miseriarum.
2820 4224 3152 4294 Perpendat,
3201 4226 3246 4279 si
3301 4235 3383 4280 est
3422 4229 3596 4284 amica

1970 4309 2086 4373 Dei,
2120 4311 2205 4364 vel
2258 4326 2436 4366 soror.
2471 4313 2624 4376 Quod
2682 4314 2727 4367 si
2759 4330 2870 4369 non
2902 4322 2983 4370 est
3032 4318 3153 4372 sine
3182 4318 3595 4376 intermissione

1970 4398 2061 4452 det
2087 4413 2314 4468 Operam
2338 4400 2470 4468 (Tit.
2498 4402 2574 4469 ιι),
2602 4409 2660 4456 ut
2689 4419 2812 4458 esse
2840 4405 3034 4474 possit,
3059 4413 3113 4460 et
3141 4407 3187 4461 si
3216 4423 3325 4462 non
3354 4409 3594 4465 candore

1899 4473 2325 4558 Dvirginitatis,
2380 4489 2561 4544 studio
2633 4473 2854 4546 tamen,
2888 4493 3244 4550 continentiae
3317 4496 3591 4564 salutaris,

1975 4585 2123 4633 recte
2149 4580 2452 4644 credendo,
2486 4581 2655 4636 Deum
2685 4599 2749 4637 ac
2796 4585 3108 4654 proximum
3141 4588 3444 4662 diligendo,
3477 4589 3592 4660 pie-

1973 4671 2095 4725 tatis
2139 4687 2308 4742 Opera
2338 4672 2614 4743 faciendo,
2643 4674 2828 4730 sobrie
2859 4684 2912 4731 et
2958 4678 3106 4746 juste
3135 4685 3188 4733 et
3234 4680 3321 4749 pie
3353 4681 3590 4737 vivendo

1975 4765 2152 4824 (Hebr.
2189 4764 2263 4831 ιιι)
2293 4783 2306 4829 ;
2361 4767 2605 4820 attendat
2635 4774 2692 4821 ut
2720 4767 2886 4822 vitam
2942 4770 3177 4844 corrigat
3209 4771 3392 4826 donec
3424 4773 3587 4828 hodie

1970 4857 2411 4928 cognominatur,
2475 4875 2542 4914 ne
2587 4859 2791 4914 incidat
2846 4861 2899 4915 in
2944 4861 3199 4932 laqueum
3248 4864 3593 4919 confusionis

1969 4951 2208 5010 aeternae,
2244 4947 2372 5001 dum
2408 4964 2517 5003 non
2560 4949 2821 5022 reCOgitat
2848 4967 3011 5022 quam
3055 4951 3318 5006 velociter
3349 4969 3592 5022 priesens

1970 5033 2133 5088 hodie
2162 5042 2418 5091 transeat.
2481 5038 2898 5095 Parcatanima:
2954 5057 3085 5108 sum,
3144 5047 3198 5093 et
3255 5041 3502 5095 attendat
3532 5050 3591 5097 ut

1968 5126 2078 5180 Deo
2112 5127 2358 5196 proxima
2389 5127 2500 5192 ﬁat,
2533 5138 2586 5184 et
2617 5132 2887 5187 habeatur
2916 5133 3169 5189 columba
3201 5149 3299 5204 per
3326 5133 3591 5203 simplici-

1967 5221 2133 5268 tatem
2168 5214 2312 5285 [ms.,
2355 5217 2553 5272 habeat
2584 5221 2850 5276 columbae
2874 5221 3304 5294 simplicitatem]
3339 5229 3394 5275 et
3425 5221 3581 5276 inno-

1967 5310 2225 5378 centiam,
2257 5316 2316 5363 ut
2367 5310 2560 5366 audire
2591 5321 2866 5368 mereatur
2902 5333 2932 5369 a
2975 5314 3189 5372 Christo
3236 5315 3590 5370 cumexierit

1968 5415 1997 5452 e
2026 5415 2275 5470 corpore.
2311 5401 2494 5456 Hiems
2527 5403 2764 5467 transiit,
2817 5413 2869 5459 et
2899 5409 3149 5472 recessit,
3184 5407 3440 5462 columba
3465 5423 3588 5462 mea

1967 5487 2116 5554 veni,
2145 5504 2473 5561 mecumque
2503 5491 2792 5562 requiesce
2821 5493 3000 5562 (Cant.
3032 5496 3115 5560 ιι),
3146 5495 3348 5549 sedens
3376 5494 3430 5548 in
3461 5496 3590 5550 dex-

1969 5587 2081 5634 tera
2135 5581 2307 5637 Patris
2345 5585 2474 5639 mei.
2511 5585 2866 5656 Multumque.
2921 5605 2980 5642 se
3012 5589 3138 5644 ideo
3165 5588 3316 5662 loqui
3365 5591 3584 5652 asserit,

1966 5671 2112 5740 quod
2141 5671 2208 5726 de
2231 5671 2407 5742 ipsius
2436 5675 2610 5730 salute
2636 5674 2934 5746 plurimum
2964 5677 3235 5733 sollicitus
3267 5678 3356 5746 sit,
3386 5688 3584 5752 Optans
