3970 6218
440 381 548 434 279

1566 358 1931 419 FLODOARDI
1974 356 2275 415 CANONICI
2318 356 2646 413 REMENSIS

3674 360 3785 417 280

446 524 505 571 ut
551 529 677 568 vere
707 511 799 565 ﬁat
830 508 1043 583 regina,
1099 506 1348 563 ornando
1393 503 1681 559 virtutibus
1736 500 2093 569 viduitatem,

2196 514 2217 568 1
2249 521 2431 569 tamen
2471 512 2887 589 insurgentibus
2929 513 3333 570 Nortmannicze
3371 518 3786 587 persecutionis

446 623 624 670 suam,
686 618 794 674 pt‘tB
825 600 1001 655 oculis
1031 600 1243 653 habens
1272 597 1417 651 diem
1452 593 1665 659 mortis,
1707 591 1793 647 vel
1825 606 2062 644 resurre-

448 696 645 753 ctionis
692 710 824 756 suae,
863 690 1161 762 audiatque
1213 687 1528 760 Apostolum
1581 685 1894 740 dicentem:
1939 681 2060 736 Evi-

449 787 612 860 gilatc
666 781 820 851 justi,
849 788 903 835 et
949 780 1120 834 nolite
1153 793 1382 849 peccare
1414 778 1460 847 (1
1511 777 1608 832 Cor
1657 774 1759 839 xv).
1790 774 1889 827 Det
1942 778 2062 825 tan-

451 879 576 932 dem
629 876 739 929 Deo
789 889 890 927 suo
943 870 1198 943 gloriam,
1238 878 1293 924 et
1345 873 1605 940 Operetur
1655 866 1885 920 salutem
1936 879 2063 935 pro-

453 967 648 1040 priam,
673 966 903 1020 divertat
924 979 955 1017 a
976 962 1138 1025 malo,
1156 969 1209 1015 et
1239 960 1399 1015 faciat
1428 959 1634 1014 bonum
1667 957 1833 1025 (Psal.
1860 958 2061 1021 χχχιιι).

454 1061 691 1129 Oratque
731 1062 997 1126 exeptans
1024 1059 1083 1109 ut
1113 1052 1384 1123 correptio
1411 1067 1508 1105 sua
1539 1057 1592 1104 et
1621 1049 1933 1104 emendatio
1966 1063 2066 1101 ne-

454 1154 692 1211 cessaria
739 1150 1086 1220 salubrisque
1142 1148 1492 1218 compunctio
1549 1151 1733 1216 tangat
1775 1159 1870 1199 cor
1924 1143 2067 1211 ejus,

459 1252 517 1300 ut
546 1245 770 1299 tandem
800 1239 1100 1312 aliquando
1134 1237 1421 1309 resipiscat
1450 1235 1653 1291 diaboli
1686 1236 1924 1307 laqueis:
1957 1251 2077 1307 gra~

458 1341 534 1395 tia
564 1354 788 1410 quoque
817 1336 914 1391 Dei
946 1334 1239 1391 resuscitat
1268 1349 1388 1388 eam
1421 1333 1489 1387 de
1520 1332 1793 1403 sepulcris
1819 1330 2075 1386 vitiorum

460 1437 538 1501 (II
590 1436 725 1487 Tim.
785 1430 863 1501 ιι),
895 1436 949 1485 et
997 1436 1213 1483 czetera.
1272 1428 1694 1483 Febricitantem
1752 1443 1974 1500 quoque
2019 1428 2075 1482 in

462 1525 640 1588 malis,
682 1522 845 1577 faciat
891 1536 1013 1575 eam
1048 1519 1260 1573 ﬁrmam
1304 1525 1358 1573 et
1388 1519 1639 1574 stabilem
1689 1519 1852 1585 Deus,
1885 1518 2075 1573 fixam-

462 1631 571 1686 que
600 1615 653 1668 in
684 1614 864 1680 bonis,
894 1619 953 1667 ut
983 1612 1072 1666 hic
1099 1618 1152 1666 et
1174 1611 1229 1664 in
1260 1617 1467 1665 aztema
1497 1610 1607 1665 vita
1636 1610 1807 1681 possit
1835 1612 2078 1685 gaudere

464 1718 589 1758 cum
628 1703 853 1757 sanctis.
910 1701 1063 1767 Quod
1114 1703 1165 1755 si
1219 1701 1501 1755 consilium
1555 1704 1819 1769 nostrum,
1879 1701 2078 1772 inquit,

2164 604 2480 660 turbinibus
2506 603 2782 677 impediri.
2825 605 2889 660 Ut
2916 612 3101 660 autem
3141 608 3527 677 Opportunitas
3554 625 3618 663 se
3646 616 3785 665 tem-

2164 697 2314 768 poris
2351 696 2645 768 aperuerit,
2670 702 2942 752 maturata
2970 695 3233 753 facilitate
3262 699 3574 770 adimplere
3612 716 3788 757 cona-

2165 790 2230 844 ri.
2273 788 2777 859 Intimatpreeterea
2807 803 2893 842 res
2927 789 3191 860 quasdam
3222 789 3483 847 Rcmensi
3526 793 3787 849 Ecclesiae

2167 881 2222 935 in
2244 880 2418 951 ipsius
2446 880 2703 951 parochia
2736 896 2992 950 perverso
3018 882 3139 951 jure
3168 898 3200 937 a
3226 882 3558 954 quibusdam
3592 901 3790 955 perva-

2166 969 2385 1025 soribus
2410 967 2698 1041 possideri.
2731 968 2847 1034 Qua
2878 968 2947 1023 de
2977 985 3144 1024 causa
3167 971 3469 1041 expetierat
3500 972 3789 1027 Arnulfum

2167 1078 2353 1137 regem
2381 1061 2526 1133 apud
2552 1060 2933 1130 Warmaciam,
2974 1068 3034 1117 ut
3070 1061 3191 1134 ipse
3217 1062 3543 1119 Willeberto
3567 1065 3793 1136 praesuli

2177 1154 2341 1222 hujus
2371 1151 2763 1224 praedecessori
2807 1153 3152 1224 praeciperet,
3183 1163 3455 1226 quatenus
3480 1155 3603 1227 ipse
3624 1171 3798 1227 super

2177 1243 2283 1297 hoc
2329 1239 2574 1315 negotio,
2619 1240 2923 1295 secundum
2972 1240 3152 1297 edicta
3191 1258 3462 1298 canonum
3505 1250 3723 1317 ageret.
3756 1244 3797 1297 Α

2179 1352 2288 1409 quo
2310 1335 2521 1392 scilicet
2545 1351 2696 1411 rege,
2727 1336 2872 1392 idem
2910 1336 3074 1393 etiam
3104 1337 3470 1393 Herimannus
3490 1354 3665 1410 super
3694 1340 3799 1395 hoc

2181 1428 2299 1499 ipso
2332 1426 2562 1502 legatus,
2587 1427 2651 1481 ad
2688 1427 3032 1498 praemissum
3054 1429 3376 1501 episeOpum
3409 1429 3590 1484 fuerat
3622 1430 3799 1485 desti-

2178 1523 2356 1571 natus.
2389 1516 2495 1571 Sed
2543 1515 2673 1587 quia
2703 1515 2847 1571 idem
2900 1516 3246 1573 Willebertus
3277 1528 3617 1590 prmeeptum
3652 1521 3803 1595 regis

2179 1605 2234 1659 in
2268 1606 2370 1660 hoc
2400 1604 2700 1676 adimplere
2724 1620 2833 1661 non
2862 1606 3059 1677 potuit,
3091 1606 3238 1661 hunc
3264 1623 3498 1662 monens
3530 1616 3714 1684 rogat,
3749 1619 3805 1665 ut

2182 1699 2407 1754 eosdem
2441 1714 2789 1769 pervasores,
2817 1697 2905 1753 vel
2933 1699 3025 1769 qui
3057 1714 3145 1753 res
3175 1698 3326 1769 ipsas
3355 1700 3673 1772 inquietare
3709 1716 3806 1756 co-

465 1796 773 1859 audieritis,
798 1794 930 1847 tales
959 1794 1105 1848 vobis
1122 1794 1343 1853 erimus,
1377 1794 1564 1861 quales
1589 1807 1697 1846 esse
1726 1792 1993 1859 debemus,
2017 1796 2076 1847 in
2104 1820 2155 1888 B
2182 1798 2399 1857 nantur,
2459 1790 2938 1846 animadversione
3013 1792 3282 1847 canonica
3363 1791 3545 1860 feriat,
3611 1793 3721 1848 nisi
3775 1811 3804 1847 a

466 1890 614 1943 omni
639 1888 896 1957 ﬁdelitate
932 1892 983 1941 et
1010 1890 1308 1942 reverentia
1343 1892 1505 1956 atque
1532 1887 1711 1942 debito
1747 1890 1988 1953 servitio,
2027 1892 2075 1943 et

469 1978 610 2047 quod
629 1977 713 2030 his
736 1977 981 2030 omnibus
1010 1977 1190 2045 majus
1219 1981 1317 2042 est,
1334 1979 1438 2031 erit
1456 1977 1604 2031 vobis
1620 1979 1759 2031 Deus
1787 1978 2078 2046 propitius,

469 2070 612 2121 sicut
631 2071 898 2135 optamus,
931 2070 982 2119 et
1005 2080 1242 2121 oramus.
1274 2066 1537 2136 Alioquin
1563 2066 1828 2134 volumus,
1856 2071 1916 2122 ut
1940 2069 2083 2121 scia-

471 2160 541 2213 tis
570 2172 757 2210 revera
793 2157 939 2226 quod
960 2173 1066 2227 pro
1084 2159 1233 2212 vobis
1254 2159 1504 2213 nolumus
1532 2161 1811 2213 incurrere
1847 2159 2085 2228 offensio.

471 2269 591 2307 nem
638 2254 750 2313 Dei,
783 2252 878 2307 sed
905 2253 1195 2307 secundum
1224 2254 1587 2307 ministerium
1621 2257 1886 2323 nostrum,
1916 2256 2088 2321 facie-

474 2357 591 2396 mus
615 2341 681 2394 de
720 2342 890 2405 vobis,
924 2342 1065 2411 quod
1107 2343 1366 2395 canonica
1398 2342 1550 2395 nobis
1585 2341 1742 2411 jubet
1769 2344 2082 2396 auctoritas.

476 2431 629 2497 Quod
642 2445 805 2499 quam
834 2432 1038 2484 invitus
1055 2432 1338 2497 faciemus,
1370 2432 1505 2485 Deus
1532 2434 1682 2487 testis
1706 2437 1802 2499 est,
1832 2448 1939 2486 non
1951 2434 2091 2485 enim

472 2540 757 2596 possumus
785 2526 1052 2579 discedere
1089 2527 1157 2580 ab
1186 2527 1463 2596 Apostolo,
1505 2529 1602 2596 qui
1629 2528 1763 2581 dicit
1788 2545 1800 2581 :
1835 2527 2093 2593 Quandiu

480 2615 772 2683 Apostolus
800 2629 920 2667 sum
946 2617 1205 2681 gentium,
1234 2617 1595 2669 ministerium
1625 2631 1805 2671 meum
1834 2617 2094 2685 honoriﬁ-

481 2710 611 2762 cabo
638 2710 809 2777 (Rom.
839 2711 946 2776 x1);
977 2716 1069 2761 et:
1098 2711 1195 2762 Dei
1223 2710 1499 2778 adjutores
1526 2725 1713 2766 sumus
1748 2711 1792 2781 (I
1822 2712 1943 2767 Cor.
1979 2711 2091 2781 in);

485 2806 566 2855 et:
622 2804 755 2854 Deus
808 2804 904 2863 est,
952 2801 1050 2870 qui
1098 2804 1351 2868 operatur
1399 2804 1463 2857 in
1513 2803 1665 2857 nobis
1716 2803 1941 2873 (Philip.
1986 2804 2091 2875 ii);

484 2896 539 2944 et
568 2906 581 2942 :
616 2891 706 2943 An
734 2890 1154 2958 experimentum
1184 2891 1428 2959 queritis
1454 2891 1591 2960 ejus,
1624 2895 1722 2964 qui
1744 2896 1804 2949 in
1822 2910 1905 2950 me
1923 2896 2094 2967 loqui-

486 2982 580 3032 tur
624 2979 914 3034 Christus?
956 2979 1013 3032 II
1059 2979 1177 3034 Cor.
1227 2979 1367 3049 xm.)
1429 2980 1577 3036 Unde
1595 2997 1780 3051 precor
1814 2986 1980 3040 Deum
2035 2987 2094 3039 in

486 3075 813 3128 conscientia
840 3088 977 3139 mea,
1033 3077 1094 3127 ut
1144 3074 1457 3130 adhaereant
1505 3079 1657 3133 cordi
1705 3084 1880 3135 vestro
1932 3082 2094 3135 verba

486 3180 623 3230 mea,
680 3170 733 3220 et
779 3169 895 3236 ipse
937 3166 1035 3236 qui
1061 3181 1158 3235 per
1213 3182 1296 3221 me
1335 3169 1594 3237 loquitur,
1633 3171 1742 3227 haec
1778 3175 1835 3227 in
1873 3175 2096 3229 auribus

486 3256 681 3309 vestris
717 3269 819 3324 per
854 3257 1085 3323 seipsum
1126 3254 1380 3325 loquatur
1422 3258 1479 3311 in
1515 3259 1671 3314 corde
1719 3265 1914 3315 vestro.
1956 3265 2095 3317 Deus

488 3347 818 3415 omnipotens
871 3345 947 3399 ad
982 3350 1106 3399 vota
1151 3352 1339 3401 nostra
1382 3364 1603 3404 manum
1654 3367 1809 3406 suam
1863 3354 1926 3407 de
1965 3355 2094 3420 alto,

490 3442 541 3490 et
593 3437 781 3491 liberet
856 3451 948 3491 vos
1002 3436 1068 3490 de
1138 3437 1435 3493 canulento
1487 3440 1651 3510 hujus
1714 3444 1898 3498 seculi
1963 3460 2099 3514 pro-

488 3528 680 3597 fundo.

794 3635 803 3639 -
1135 3598 1347 3655 CAPUT
1369 3600 1455 3655 VI.

799 3672 925 3738 Quae
953 3671 1183 3726 diversis
1210 3674 1485 3741 scripserit

566 3763 804 3818 Diversis
830 3762 994 3818 etiam
1039 3763 1370 3833 praesulibus
1400 3763 1618 3821 diversa
1644 3768 1917 3837 reperitur
1936 3769 2103 3843 [dire-

493 3856 638 3910 xisse
667 3856 891 3926 scripta,
922 3855 1014 3925 pio
1041 3855 1157 3909 sale
1189 3870 1460 3925 respersa,
1492 3864 1547 3911 et
1581 3858 1782 3915 divinis
1810 3865 2109 3921 auctorita-

496 3951 644 4006 tibus
677 3949 898 4015 referta,
941 3949 1199 4004 Flothero
1233 3950 1654 4023 archiepiscOpo
1681 3971 1781 4026 pro
1813 3957 1977 4015 rebus
2003 3963 2111 4018 Re-

496 4043 703 4098 mensis
744 4041 1002 4097 Ecclesiae
1031 4041 1088 4095 in
1123 4057 1223 4095 sua
1245 4043 1663 4112 conjacentibus
1703 4046 1949 4117 dioecesi,
1984 4069 2107 4124 quae

495 4138 564 4193 ab
615 4137 965 4192 invasoribus
1003 4150 1113 4192 non
1157 4137 1435 4193 modicum
1483 4139 1838 4210 patiebantur
1875 4145 2109 4219 dispen-

495 4232 649 4286 dium
677 4247 690 4283 :
723 4245 956 4285 monens
976 4236 1031 4283 et
1057 4245 1278 4305 rogans,
1305 4239 1366 4287 ut
1394 4248 1607 4289 memor
1626 4234 1919 4293 ministerii
1950 4241 2055 4296 sibi
2078 4259 2108 4297 a

496 4323 607 4376 Deo
637 4319 843 4387 collati,
872 4325 927 4373 et
955 4319 1382 4389 apostolieorum
1418 4330 1841 4394 praeceptorum,
1873 4345 2109 4400 quorum

2182 1886 2363 1952 erepta
2396 1879 2825 1951 praesumptione
2854 1878 3209 1949 resipiscant.
3242 1880 3531 1935 Decretum
3574 1897 3807 1953 quoque

2182 1971 2490 2043 Symmachi
2518 1987 2675 2042 papae
2719 1970 2900 2026 eidem
2932 1970 3263 2026 Herimanno
3295 1972 3506 2048 dirigit,
3545 1974 3643 2027 ubi
3671 1974 3807 2046 quid

2184 2064 2253 2117 de
2284 2062 2483 2117 talibus
2509 2061 2581 2116 sit
2619 2062 2893 2135 agendum
2921 2061 3372 2117 manifestissima
3404 2064 3582 2133 possit
3622 2081 3807 2119 asser-

2185 2155 2336 2211 tione
2365 2169 2723 2229 cognoscere.
2753 2154 2885 2209 Item
2915 2153 3121 2219 eidem,
3150 2171 3248 2225 pro
3279 2154 3615 2227 quibusdam
3642 2156 3812 2212 rebus

2186 2248 2353 2317 hujus
2374 2245 2632 2301 Eeclesiaa
2664 2262 2833 2317 super
2862 2245 3113 2301 Rhenum
3138 2246 3279 2311 sitis,
3303 2246 3358 2301 in
3387 2248 3510 2303 loco
3542 2248 3639 2319 qui
3670 2248 3813 2303 dici-

2189 2343 2276 2392 tur
2330 2335 2558 2391 Bothert
2610 2334 2678 2405 ]j,
2732 2333 2974 2405 Bobert],
3023 2350 3161 2406 quas
3218 2334 3568 2407 Maingaudio
3614 2336 3811 2408 [j,Ma~

2188 2422 2485 2499 gnigaudo]
2538 2422 3022 2477 commendaverat
3055 2440 3068 2476 :
3111 2438 3221 2494 quo
3260 2422 3542 2489 defuncto,
3577 2425 3719 2495 petit
3756 2432 3812 2479 ut

2192 2514 2337 2569 idem
2391 2512 2593 2583 praesul
2649 2512 3015 2567 Herimannus
3054 2527 3149 2567 eas
3201 2513 3459 2568 tutandas
3517 2515 3810 2587 suscipiat.

2192 2607 2491 2674 Quemdam
2544 2605 2707 2661 etiam
2736 2604 3062 2673 Wibertum,
3092 2605 3186 2676 qui
3229 2620 3317 2660 res
3343 2605 3814 2679 aliaquemeusis

2195 2699 2456 2755 Ecclesiae
2503 2705 2695 2754 tenere
2740 2696 3052 2763 videbatur,
3102 2696 3420 2763 admoneat,
3453 2705 3515 2753 ut
3561 2715 3661 2754 eas
3690 2716 3813 2755 cum

2195 2790 2434 2845 amicitia
2462 2790 2566 2844 sibi
2606 2787 2875 2844 restituat.
2906 2787 2982 2842 De
3022 2787 3186 2842 rebus
3240 2802 3463 2859 quoque
3523 2789 3812 2860 cujusdam

2192 2880 2425 2944 abbatize
2455 2877 2560 2932 sibi
2585 2894 2616 2931 a
2646 2891 2776 2951 rege
2799 2890 3101 2937 concessae,
3126 2889 3250 2945 quae
3281 2874 3337 2928 in
3368 2875 3620 2945 partibus
3643 2877 3817 2947 ipsius

2197 2969 2511 3030 Herimanni
2560 2964 2939 3034 conjacebant,
2999 2969 3152 3036 rogat
3198 2969 3257 3017 ut
3298 2978 3392 3018 eas
3421 2965 3491 3018 ab
3521 2974 3818 3024 extraneo-

2197 3083 2316 3122 rum
2347 3060 2673 3135 pervasione
2704 3056 2988 3126 defendat,
3022 3062 3078 3110 et
3114 3063 3335 3110 caetera.
3366 3055 3615 3112 Waltero
3645 3058 3819 3115 Seno-

2198 3154 2384 3211 nensis
2414 3149 2672 3206 Ecclesiae
2703 3145 3143 3215 archiepiscOpo,
3196 3160 3296 3214 pro
3330 3160 3497 3200 causa
3537 3146 3819 3223 Ilildegar-

2197 3244 2284 3300 dis
2323 3239 2637 3304 abbatissae,
2678 3238 2746 3291 de
2777 3251 2884 3307 qua
2912 3232 3113 3304 placita
3141 3233 3397 3304 quaedam
3428 3236 3817 3303 constituerat,

2197 3332 2295 3389 sed
2326 3331 2395 3386 ad
2434 3327 2645 3384 nullum
2684 3324 2832 3380 idem
2861 3322 3154 3389 Walterus,
3183 3323 3383 3393 partim
3426 3327 3818 3396 occupatione,

2201 3424 2400 3497 partim
2420 3419 2735 3475 infirmitate
2766 3431 3014 3488 pressus,
3042 3416 3365 3472 attenderat.
3387 3416 3543 3473 Unde
3574 3422 3822 3490 praescri-

2201 3515 2282 3570 bit
2307 3513 2512 3578 eidem,
2542 3524 2665 3582 quae
2700 3522 2788 3561 res
2825 3506 2947 3577 ipsa
2973 3504 3138 3561 tinem
3170 3506 3475 3580 legitimum
3511 3507 3584 3563 sit
3613 3509 3825 3565 habitu-

2205 3625 2264 3664 ra
2295 3625 2309 3675 ;
2369 3616 2712 3677 precansque
2734 3606 2930 3656 “monet
2966 3608 3025 3655 ut
3073 3599 3390 3655 nullatenus
3420 3598 3658 3667 omittat,
3690 3603 3822 3673 quin

2205 3702 2274 3757 ad
2318 3701 2373 3755 id
2405 3699 2663 3772 placitum
2713 3695 2918 3751 veniat.
2973 3694 3027 3749 Si
3084 3708 3216 3749 vero
3264 3708 3375 3747 non
3407 3692 3650 3760 venerit,
3707 3694 3825 3765 ipsa

2205 3800 2410 3858 tamen,
2440 3790 2589 3844 salva
2627 3786 2910 3854 charitate,
2940 3786 3090 3858 quod
3142 3786 3418 3861 agendum
3453 3794 3558 3854 est,
3601 3793 3824 3843 auctore

2209 3883 2341 3950 Deo,
2369 3881 2499 3936 inde
2530 3878 2795 3952 perlicere
2826 3875 3118 3932 conabitur
3144 3892 3157 3929 :
3191 3882 3247 3929 et
3275 3876 3425 3947 quod
3472 3876 3747 3931 hactenus
3774 3877 3827 3931 id

2210 3971 2520 4035 distulerat,
2569 3985 2680 4024 non
2706 3966 2865 4039 quasi
2915 3963 3313 4028 auctoritatem,
3345 3970 3440 4020 aut
3473 3964 3826 4040 privilegium

2209 4064 2314 4119 hoc
2344 4061 2545 4137 agendi
2576 4076 2687 4116 non
2718 4060 2963 4124 haberet,
2995 4063 3183 4133 egerat
3214 4074 3228 4122 ;
3288 4057 3385 4111 sed
3418 4058 3609 4127 potius
3665 4074 3829 4113 causa

2209 4151 2525 4206 dilectionis
2560 4149 2760 4220 ipsius,
2787 4164 2953 4220 quam
2978 4163 3079 4219 per
3105 4147 3291 4203 omnia
3317 4145 3640 4202 inviolatam
3657 4163 3839 4203 serva—

2211 4260 2267 4300 re
2306 4243 2582 4315 cupiebat.
2638 4242 2777 4297 Petit
2822 4240 2987 4296 etiam
3045 4248 3104 4296 ut
3157 4239 3442 4311 praefatam
3492 4238 3831 4294 abbatissam

2210 4335 2358 4391 idem
2401 4335 2692 4401 Walterus,
2722 4340 2914 4405 utpote
2961 4333 3363 4387 diaaeesaneam
3394 4346 3577 4397 suam,
3602 4347 3835 4403 praemo-

496 4411 656 4482 plura
684 4407 969 4481 subjungit
995 4408 1268 4479 exempla,
1311 4410 1398 4466 his
1428 4415 1851 4482 persuasoribus
1871 4420 2113 4475 auctori-
2213 4424 2333 4479 neri
2414 4422 2594 4490 faciat,
2647 4438 2757 4495 quo
2824 4437 2894 4477 ne
2939 4421 3088 4477 velut
3143 4421 3416 4497 ignaram,
3492 4434 3555 4473 se
3613 4436 3648 4473 a
3701 4435 3835 4476 con-

498 4513 605 4563 tate
631 4504 898 4560 canonica
927 4503 1241 4572 interdicat,
1266 4521 1336 4560 ne
1364 4506 1431 4561 de
1460 4511 1626 4564 rebus
1658 4510 1821 4580 hujus
1856 4513 2111 4571 Ecclesiae
2212 4524 2380 4570 ventu
2432 4515 2608 4586 ipsius
2638 4513 2981 4581 subtrahere,
3041 4514 3367 4584 sed'potius
3410 4511 3503 4566 die
3535 4514 3831 4581 pmnomi-

498 4593 737 4665 amplius
769 4608 1103 4664 praesumere
1132 4600 1390 4663 audeant,
1422 4595 1564 4652 sicut
1596 4597 1809 4669 [rectins
1838 4602 1904 4673 si]
1938 4602 2185 4678 oﬂ'en-D
2216 4616 2344 4664 nata
2402 4613 2730 4679 praesentem
2787 4608 3007 4662 studeat
3079 4607 3364 4663 exhibere.
3424 4611 3557 4666 Item
3635 4625 3831 4666 conso-

496 4706 615 4745 sam
654 4689 865 4745 domini
917 4696 1342 4762 sanctorumque
1384 4690 1558 4763 ipsius
1607 4693 1890 4752 incurrere
1920 4699 2112 4756 nolint.

501 4781 777 4853 Rostagno
839 4778 1237 4834 Arelatensium
1289 4780 1531 4851 praesuli,
1604 4790 1789 4858 grates
1845 4787 2114 4858 referens,

500 4875 650 4949 quod
697 4890 823 4929 eum
882 4875 950 4928 de
981 4874 1148 4929 rebus
1183 4874 1438 4930 Ecclesiae
1491 4876 1778 4934 Remensis
1817 4882 2115 4940 sollicitum

501 4985 625 5027 esse
651 4975 1014 5040 compererat,
1046 4984 1182 5041 quas
1211 4968 1317 5023 sub
1347 4968 1523 5040 ipsius
1552 4973 1922 5045 providentia,
1953 4985 2007 5034 et
2028 4985 2112 5036 tu-

499 5060 608 5115 tela
661 5057 1060 5123 constituerat;
1119 5056 1217 5112 sed
1256 5057 1521 5115 audiebat
1573 5078 1669 5117 eas
1706 5079 1737 5118 a
1780 5065 2114 5136 quibusdam

501 5155 686 5229 pravis
742 5154 1091 5209 invasoribus
1163 5154 1433 5223 infestari,
1486 5158 1572 5213 vel
1627 5162 1900 5232 usurpari.
1964 5164 2115 5220 Unde

501 5251 770 5318 hortatur,
825 5256 885 5305 ut
927 5252 1154 5308 eosdem
1212 5268 1557 5323 pervaseres,
1609 5254 1715 5310 nisi
1763 5255 2113 5327 resipiscant,

499 5339 747 5396 districta
777 5343 1037 5412 percellat
1071 5343 1662 5412 excommunicatione,
1695 5346 1738 5401 si
1771 5361 1882 5402 non
1902 5347 2116 5416 judicet

502 5448 616 5486 rem
641 5431 956 5501 hujusmodi
984 5434 1051 5489 ad
1079 5433 1435 5506 apostolicam
1469 5437 1656 5492 sedem
1689 5435 1913 5491 deferri.
1958 5438 2113 5493 Heri-

501 5541 704 5581 manno
737 5525 1267 5599 Aggrippinensium
1320 5528 1744 5602 archiepisc0po
1788 5531 2112 5605 signiﬁcans

501 5627 557 5666 se
587 5613 903 5668 desiderare
933 5632 1055 5672 cum
1095 5617 1216 5688 ipso
1238 5616 1567 5690 ueterisque
1597 5619 1909 5675 dioeceseos
1944 5621 2123 5692 ipsius

501 5702 777 5771 episcopis
806 5704 979 5772 loqui,
1006 5714 1062 5762 et
1107 5709 1177 5762 de
1208 5709 1542 5765 necessariis
1583 5711 1951 5766 Ecclesiarum
1983 5728 2120 5767 cau-

503 5788 599 5852 sis,
632 5797 691 5841 ut
717 5791 785 5843 ab
816 5790 1010 5849 eodem
1037 5795 1141 5850 sibi
1170 5801 1489 5866 suggestum
1508 5798 1703 5869 fuerat,
1737 5806 2076 5871 pertractare
2103 5819 2117 5857 :

2218 4696 2441 4752 latorias
2469 4695 2647 4751 eidem
2707 4695 2956 4772 dirigens
3012 4712 3182 4767 super
3238 4696 3414 4769 ipsius
3473 4701 3836 4774 aegrotatione

2219 4784 2447 4853 litteras,
2493 4791 2547 4840 et
2576 4785 2644 4839 de
2670 4784 3023 4841 absolutione
3051 4801 3215 4857 quam
3272 4786 3379 4841 sibi
3425 4789 3667 4859 petierat
3692 4790 3836 4844 idem

2216 4875 2509 4944 Walterus,
2547 4885 2656 4932 tam
2706 4876 2775 4931 ab
2809 4892 2899 4944 eo,
2944 4894 3106 4949 quam
3137 4895 3169 4932 a
3216 4876 3478 4934 fratribus
3511 4880 3696 4954 ipsius
3721 4881 3837 4937 fieri

2214 4968 2490 5040 simulque
2537 4968 2607 5023 de
2635 4967 2877 5038 ipsorum
2916 4968 3261 5039 providendo
3291 4971 3360 5026 ab
3389 4972 3591 5027 eodem
3631 4973 3834 5029 domno

2215 5057 2478 5125 Fulcone,
2508 5056 2728 5128 quando
2773 5055 2891 5112 ﬁeri
2950 5068 3161 5128 posset.
3215 5058 3518 5132 colloquio.
3576 5060 3834 5117 Pleonico

2215 5145 2638 5217 archiepiSCOpo
2659 5144 3072 5214 Transmarino,
3097 5147 3489 5222 congratulans
3517 5147 3687 5204 bonis
3716 5149 3833 5218 ejus

2216 5237 2434 5305 studiis,
2461 5237 2664 5311 quibus
2675 5252 2801 5293 eum
2829 5238 3082 5294 laborare
3108 5247 3477 5309 compererat,
3496 5257 3599 5311 pro
3621 5241 3833 5296 abscin-

2215 5331 2413 5387 dendis
2437 5337 2492 5386 et
2519 5330 2886 5401 exstirpandis
2926 5330 3262 5387 incestuosis
3287 5331 3518 5387 luxuriae
3551 5332 3828 5397 fomentis,

2215 5439 2383 5495 supra
2438 5422 2493 5477 in
2524 5423 2613 5477 his
2643 5421 2859 5490 litteris,
2906 5438 3029 5493 quae
3076 5422 3314 5478 Albrado
3365 5423 3480 5496 regi
3514 5424 3830 5496 scripserat,

2220 5514 2667 5571 commemoratis
2719 5513 2859 5585 (cap.
2904 5511 2978 5585 5),
3008 5529 3132 5585 quae
3166 5513 3223 5568 in
3269 5528 3336 5569 ea
3364 5522 3535 5589 gente
3569 5516 3829 5573 videban-

2222 5609 2312 5657 tur
2358 5603 2658 5671 inoluisse;
2695 5603 2867 5659 sacris
2896 5619 3023 5659 eum
3066 5603 3348 5659 instruens
3383 5612 3439 5660 et
3483 5620 3711 5661 armans
3736 5621 3830 5661 au—

2223 5694 2568 5751 ctoritatibus
2614 5710 2862 5751 censurae
2941 5696 3219 5751 canonica:
3283 5696 3434 5768 [for.,
3492 5696 3826 5769 Scriptum],

2222 5782 2501 5853 particeps
2548 5784 2807 5840 nimirum
2875 5782 2983 5855 piis
3030 5784 3205 5856 ipsius
3270 5784 3559 5842 laboribus
3604 5786 3828 5858 cupiens
