3970 6218
279 339 384 395 281

934 333 1259 391 HISTORUE
1297 334 1635 390 ECCLESMS
1676 336 2003 391 REMENSIS
2044 337 2219 392 LIBRI
2260 337 2585 403 QUATUOR.
2613 368 2683 377 ——
2724 337 2827 390 LIB
2893 336 2974 390 IV.

3508 334 3616 388 282

286 464 547 519 existere.
580 461 780 518 Joanni
823 461 1041 515 cuidam
1102 462 1348 517 Romano
1390 462 1628 532 praesuli,
1662 477 1909 517 comme-
1934 467 1983 534 Α
2008 462 2219 519 Dodillo
2263 464 2326 533 [j,
2360 462 2656 532 Doddoni],
2689 461 2989 516 admonere
3022 458 3198 525 illum,
3234 466 3293 513 ut
3322 457 3616 528 resipisce-

287 568 512 608 morans
541 550 885 606 affectionem
948 550 1278 612 dilectionis,
1321 566 1484 621 quam
1519 550 1757 605 habebat
1777 567 1906 624 erga

287 659 438 708 eum,
482 642 555 697 ita
586 649 645 695 ut
676 641 901 705 diceret,
951 639 1160 693 nullum
1209 654 1268 693 se
1301 639 1576 695 invenisse
1607 640 1901 709 recordari,

288 752 417 791 cum
448 750 558 807 quo
586 734 665 787 sic
686 732 1034 787 concorditer
1072 740 1264 787 mutuo
1320 734 1751 808 conjungeretur
1779 736 1905 790 cha-

292 825 471 880 ritatis
516 822 751 878 affectu:
816 839 1193 879 rememorans
1259 839 1457 896 magna
1508 840 1565 879 se
1624 826 1903 897 quondam

290 913 693 970 benevolentia
724 923 1038 985 susceptum
1075 916 1143 968 ab
1170 928 1237 969 eo
1265 913 1456 980 fuisse,
1490 914 1905 969 liberalissima-

292 1022 405 1077 que
428 1006 772 1059 humanitate
804 1012 1114 1071 tractatum,
1150 1007 1475 1077 magnisque
1506 1005 1901 1060 beneficiorum

294 1098 596 1168 impendiis
639 1097 1063 1151 accumulatum.
1122 1096 1436 1168 Asseritque
1466 1112 1526 1150 se
1558 1097 1907 1167 quantocius,

294 1203 431 1257 pace
462 1186 695 1251 reddita,
729 1186 912 1259 dignis
941 1186 1183 1240 servitiis
1212 1193 1585 1248 ostensurum,
1637 1191 1745 1239 tam
1778 1200 1911 1258 erga

295 1293 449 1343 eum,
484 1291 645 1347 quam
686 1290 816 1348 erga
865 1274 1128 1330 domnum
1189 1290 1384 1345 papam
1416 1274 1753 1344 Stephanum
1784 1289 1913 1346 gra-

298 1378 411 1425 tam
451 1368 620 1423 animi
687 1367 1059 1430 devotionem,
1120 1374 1488 1438 precaturque
1532 1373 1592 1420 ut
1648 1380 1773 1420 eum
1814 1381 1912 1420 suo

295 1459 481 1513 favore
512 1464 731 1512 tueatur
752 1456 899 1527 apud
954 1456 1127 1527 ipsius
1157 1455 1539 1510 excellentiam
1578 1470 1753 1525 papae,
1780 1462 1834 1507 et
1856 1455 1911 1507 in

299 1548 724 1619 quibuscunque
777 1546 1145 1600 necessarium
1187 1544 1403 1609 viderit,
1458 1544 1508 1597 ei
1535 1543 1676 1598 sicut
1704 1542 1913 1613 Optime

300 1637 355 1689 in
386 1636 508 1706 ipso
538 1634 785 1699 confidit,
829 1634 1067 1688 assistat.
1119 1632 1376 1688 Dodiloni
1438 1632 1913 1687 Cameracensium

303 1724 551 1796 praesuli,
578 1740 673 1795 pro
702 1724 918 1795 placitis
936 1722 1043 1776 sibi
1074 1722 1142 1775 ab
1172 1737 1239 1777 eo
1260 1722 1421 1784 datis,
1446 1722 1513 1775 ad
1541 1738 1664 1793 quae
1684 1721 1914 1775 minime

2008 562 2089 609 ret
2128 572 2158 609 a
2202 569 2369 625 pravo
2425 553 2750 609 temeritatis
2807 569 2919 607 suae
2971 551 3135 606 fastu.
3189 549 3296 605 Sed
3354 549 3614 620 quoniam

2010 645 2155 698 idem
2197 643 2393 713 praesul
2429 646 2802 716 rescripserat,
2828 640 3344 697 occurrereeisdem
3377 638 3620 709 praesuli-

2008 734 2111 789 bus
2140 750 2199 788 se
2230 735 2566 807 nequivisse,
2627 736 2755 807 quia
2802 749 2961 790 suum
3021 733 3123 787 iter
3160 731 3617 785 Nortmannorum

2008 827 2535 900 pmripuitgladius,
2566 843 2664 882 ceu
2680 827 2748 881 de
2770 826 3050 881 communi
3071 826 3403 895 compatitur
3430 824 3617 879 exitio.

2007 916 2270 971 Caeterum
2289 916 2437 987 quod
2453 916 2685 985 petierat
2703 916 2769 968 de
2802 914 3092 979 Balduino,
3123 914 3179 967 in
3196 915 3300 968 hoc
3317 912 3623 984 acquiescit

2008 1007 2081 1073 ei,
2108 1014 2166 1062 ut
2196 1006 2943 1072 admonendo,exhortando,
2970 1005 3396 1075 etincrepando,
3425 1004 3621 1059 sedulo

2009 1114 2136 1153 eum
2169 1098 2449 1167 corripiat,
2481 1105 2582 1151 uta
2605 1112 2703 1151 sua
2756 1096 3058 1170 corrigatur
3088 1097 3372 1166 pravitate,
3407 1093 3623 1149 divinas

2011 1191 2062 1245 ei
2085 1204 2403 1259 proponens
2432 1194 2745 1241 sanctorum
2785 1185 3089 1240 sententias
3117 1186 3330 1239 Patrum
3363 1202 3379 1238 :
3414 1185 3622 1237 litteras

2012 1279 2175 1333 etiam
2221 1277 2402 1331 eidem
2469 1276 2734 1329 Balduino
2792 1276 2858 1329 ad
2930 1275 3171 1344 ipsorum
3233 1274 3622 1344 episcOporum

2016 1376 2169 1438 parte
2220 1365 2384 1438 dirigi
2434 1364 2729 1438 significat.
2770 1364 2843 1417 De
2894 1362 3097 1435 quibus
3160 1362 3426 1425 hortatur,
3460 1371 3519 1416 ut
3577 1364 3623 1418 si

2014 1462 2177 1516 fuerit
2207 1476 2471 1530 pnesens,
2520 1458 2571 1514 ei
2622 1456 2955 1521 recitentur;
2992 1455 3037 1509 si
3060 1454 3260 1509 absens
3302 1454 3486 1520 fuerit,
3531 1472 3627 1526 per

2015 1567 2174 1605 suum
2207 1549 2654 1605 archidiaconum
2714 1547 2819 1616 ipsi
2896 1543 3245 1609 transmittat,
3312 1542 3406 1614 qui
3461 1542 3625 1597 etiam

2017 1644 2137 1697 illas
2167 1658 2291 1696 eum
2342 1632 2655 1711 intelligere
2714 1636 2894 1691 faciat.
2965 1635 3118 1700 Quod
3161 1634 3206 1687 si
3254 1640 3308 1687 et
3356 1648 3483 1687 eum
3535 1632 3627 1686 ille

2018 1730 2324 1802 nequiverit
2374 1729 2545 1793 adire,
2608 1728 2815 1780 litteras
2856 1725 3004 1790 ipsas
3071 1721 3290 1792 publice
3344 1736 3526 1775 coram
3566 1736 3627 1773 se

303 1782 619 1870 intenderat
652 1832 665 1868 :
696 1782 929 1869 monens
955 1822 1009 1867 et
1041 1828 1262 1887 regans,
1294 1820 1356 1867 ut
1402 1782 1611 1887 satagat
1631 1812 1819 1866 venire
1849 1812 1917 1866 ad
2019 1782 2313 1893 legifaciat
2343 1782 2654 1871 inloco'ubi
2683 1782 2981 1868 Balduinus
3022 1782 3348 1882 religionem
3370 1810 3625 1881 pervasit,

305 1906 618 1976 proximum
653 1907 913 1977 placitum
954 1906 1277 1976 ubicunque
1310 1920 1402 1959 rex
1442 1904 1555 1958 0d0
1596 1903 1762 1957 fuerit
1794 1920 1916 1957 cum

305 1995 609 2065 episcOpis,
642 1996 901 2065 quoniam
935 2012 1049 2049 rem
1091 1994 1161 2049 de
1192 2010 1303 2065 qua
1334 2002 1464 2048 tunc
1521 1992 1790 2063 agebatur
1850 1993 1918 2046 dc

308 2084 635 2157 llildegarde
662 2092 716 2138 et
740 2083 1121 2157 Hirmingarde
1169 2082 1466 2137 terminare
1497 2080 1781 2136 deberent.
1818 2081 1921 2135 Ac-

298 2181 587 2228 cusatores
624 2188 846 2244 quoque
905 2172 1080 2243 ipsius
1139 2170 1559 2245 Hirmingardis,
1587 2186 1794 2241 eosque
1825 2170 1918 2241 qui

303 2266 690 2337 presbyterum
722 2265 1025 2320 luminibus
1080 2265 1301 2335 privari,
1334 2280 1397 2318 ac
1452 2262 1720 2334 suspendi
1742 2264 1919 2331 jusse-

302 2367 453 2423 runt,
486 2374 610 2413 cum
637 2357 895 2413 omnibus
925 2356 1019 2428 qui
1060 2356 1240 2411 eidem
1274 2354 1527 2409 nefandae
1552 2355 1789 2425 jussioni
1822 2370 1921 2424 pa-

303 2454 558 2511 ruerunt,
613 2446 699 2500 vel
757 2445 1001 2500 fautores
1057 2445 1220 2512 hujus
1287 2443 1515 2498 sceleris
1570 2444 1915 2509 exstiterunt,

299 2539 642 2594 commoneri
690 2538 872 2603 faciat,
926 2546 982 2592 et
1034 2537 1301 2592 canonice
1355 2536 1751 2602 convocari,ut
1790 2536 1919 2589 huic

299 2627 602 2682 conventui
629 2643 688 2681 se
728 2627 988 2682 studeant
1043 2635 1398 2697 praesentare.
1434 2626 1568 2679 Item
1602 2640 1700 2694 pro
1722 2624 1916 2678 eadem

302 2731 497 2781 causa,
550 2715 756 2787 gratias
812 2715 1059 2770 referens
1124 2714 1251 2785 quia
1308 2714 1509 2769 devote
1562 2713 1737 2783 ipsius
1764 2727 1918 2767 com-

305 2809 674 2864 monitionem
702 2808 1029 2879 susceperit,
1062 2816 1116 2863 et
1146 2808 1213 2861 ad
1245 2808 1601 2861 constitutam
1652 2806 1798 2859 diem
1822 2822 1921 2877 pa-

303 2900 990 2957 ratissimusoccurrerit.
1058 2900 1197 2953 lllud
1261 2914 1391 2953 vero
1450 2913 1779 2953 succensere
1838 2898 1922 2950 vi-

306 2994 492 3055 detur.
526 3009 625 3047 cur
651 3008 775 3047 cum
834 2993 901 3047 de
959 2992 1196 3065 negotiis
1225 2990 1617 3046 ecclesiasticis
1646 2999 1919 3064 ageretur,

2020 1918 2073 1966 et
2095 1912 2385 1980 deinceps,
2412 1908 2516 1962 nisi
2548 1906 2843 1977 resipuerit
2867 1921 2975 1961 non
3008 1904 3056 1958 ei
3087 1902 3170 1956 vel
3194 1901 3515 1965 monachus,
3540 1900 3628 1953 vel

2020 2005 2255 2077 quilibet
2286 2002 2391 2059 rite
2419 1999 2760 2054 Christianus
2812 1998 3164 2068 adjungatur,
3184 1994 3227 2047 si
3258 2009 3367 2048 non
3400 1993 3630 2047 anathe-

2021 2098 2183 2152 matis
2235 2093 2455 2150 vinculo
2496 2091 2766 2163 implicari
2821 2090 3073 2145 voluerit.
3118 2088 3169 2140 Si
3202 2086 3378 2141 Hetilo
3409 2100 3628 2157 quoque

2019 2187 2087 2241 ad
2145 2184 2421 2239 civitatem
2469 2180 2919 2236 Atrabantensem
3003 2175 3239 2242 venerit,
3298 2172 3489 2228 Dodilo
3550 2171 3629 2225 illi

2020 2281 2290 2339 occurrat,
2323 2280 2384 2327 ut
2411 2272 2480 2325 de
2512 2273 2617 2325 hac
2647 2285 2705 2323 re
2727 2267 2875 2339 quod
2923 2266 3199 2337 agendum
3231 2271 3333 2329 est,
3367 2260 3633 2317 canonice

2024 2382 2286 2440 peragere
2320 2364 2553 2435 possint,
2588 2369 2641 2416 et
2669 2359 2939 2432 quidquid
2970 2357 3101 2411 inde
3132 2355 3383 2419 fecerint,
3438 2352 3636 2407 litteris

2020 2456 2442 2532 sibisignificet.
2500 2454 2734 2509 Hetiloni
2788 2450 3007 2523 praesuli
3058 2448 3257 2503 litteris
3307 2445 3548 2509 mandat,
3576 2450 3637 2497 ut

2022 2548 2399 2620 proficiscatur
2420 2561 2544 2600 cum
2576 2542 2838 2597 fidelibus
2859 2541 3005 2613 regis
3019 2538 3086 2594 ad
3103 2536 3638 2608 Attrabatem,agens

2022 2652 2122 2709 pro
2154 2651 2315 2708 posse
2349 2633 2496 2705 quod
2532 2632 2585 2685 in
2614 2631 2721 2686 alio
2742 2629 2946 2700 scripto
2975 2628 3250 2702 agendum
3277 2626 3383 2681 sibi
3410 2638 3637 2694 repere-

2022 2730 2091 2783 rit
2111 2726 2501 2803 significatum.
2547 2725 2678 2778 ltem
2703 2737 2802 2792 pro
2832 2721 2916 2776 his
2942 2736 3064 2792 qua:
3088 2735 3117 2774 a
3143 2718 3408 2773 Dodilone
3450 2716 3640 2770 Came-

2022 2820 2235 2875 racensi
2270 2816 2590 2889 patiebatur
2620 2814 2911 2884 episcopo,
2942 2826 3196 2867 asserens
3226 2808 3507 2880 quomodo
3538 2824 3638 2879 pro

2021 2909 2345 2975 benefactis,
2388 2907 2457 2961 ab
2517 2921 2582 2961 eo
2636 2904 2741 2958 sibi
2790 2901 3189 2959 contumeliosa
3218 2898 3637 2955 retribuantur:

2023 2998 2446 3067 adsciscensque
2478 2997 2626 3049 hunc
2680 2992 2786 3047 sibi
2842 2998 3059 3055 testem,
3096 2988 3333 3060 qualiter
3380 2987 3639 3042 eumdem

308 3102 502 3151 causa,
537 3101 647 3141 non
680 3101 779 3157 per
797 3085 1079 3150 clericum,
1103 3085 1202 3139 sed
1228 3100 1329 3155 per
1352 3083 1561 3138 laicalis
1591 3083 1804 3139 ordinis
1829 3084 1921 3137 bo-
1955 3101 2003 3173 ς
2024 3091 2346 3145 Dodilonem
2390 3096 2642 3158 paterno,
2674 3084 3021 3155 simplicique
3066 3079 3424 3154 benignitatis
3444 3076 3640 3133 affectu

305 3175 515 3228 minem
544 3174 649 3228 sibi
668 3174 1225 3228 mandarevoluisset.
1246 3174 1367 3243 Ipse
1398 3188 1526 3227 vero
1545 3172 1922 3227 domnusFul-

303 3277 397 3327 co,
414 3263 609 3332 partim
628 3262 863 3317 senioris
884 3262 1107 3317 servitio
1126 3263 1404 3329 detentus,
1428 3262 1623 3332 partim
1642 3277 1923 3331 corporeae

306 3355 786 3410 incommoditatis
839 3354 1095 3409 molestia
1138 3355 1495 3425 praepeditus,
1542 3354 1699 3422 juxta
1725 3355 1923 3410 condi-

308 3454 468 3499 ctum
499 3444 687 3499 venire
707 3443 1051 3515 nequiverat.
1076 3444 1549 3506 Admonetetiam,
1579 3459 1706 3497 eum
1731 3442 1927 3497 memi-

309 3536 470 3591 nisse
501 3536 729 3601 debere,
760 3536 938 3607 qualis
962 3536 1078 3606 ipse
1108 3552 1239 3610 erga
1256 3552 1382 3591 eum
1396 3535 1674 3607 quondam
1703 3535 1929 3590 exstite-

310 3626 406 3692 rit,
436 3625 677 3696 qualiter
705 3625 824 3679 sine
857 3642 1008 3699 rege,
1038 3624 1159 3679 sine
1182 3624 1294 3680 ullo
1326 3625 1502 3695 ipsius
1533 3624 1674 3695 parti
1720 3638 1929 3678 consu-

312 3717 465 3769 lente
496 3713 675 3768 modis
705 3713 962 3769 omnibus
1020 3713 1300 3777 institerit,
1342 3719 1401 3766 ut
1439 3712 1506 3766 ad
1541 3712 1687 3767 hunc
1717 3712 1935 3781 episco-

309 3802 499 3875 palem
518 3802 834 3871 perveniret
865 3802 1151 3868 honorem,
1202 3818 1326 3856 cum
1356 3800 1537 3856 adhuc
1564 3799 1671 3853 sibi
1691 3800 1932 3870 perfecte

308 3904 483 3951 notus
513 3910 623 3951 non
683 3900 848 3948 esset.
901 3893 980 3946 lta
1020 3898 1203 3945 tamen
1263 3906 1361 3961 pro
1418 3905 1484 3945 eo
1532 3889 1731 3964 egerit,
1765 3889 1931 3945 veluti

309 4001 417 4058 pro
447 3985 613 4039 fratre
660 3982 1002 4047 charissimo,
1058 3980 1186 4052 quia
1218 3979 1532 4035 crediderat
1560 3987 1615 4033 et
1672 3978 1935 4033 credebat

306 4077 369 4129 in
402 4090 470 4129 eo
500 4073 805 4144 simplicem
855 4072 1231 4143 prudentiam,
1271 4070 1439 4126 fidem
1499 4085 1611 4125 non
1643 4068 1846 4135 fictam,
1880 4076 1935 4124 et

307 4163 528 4217 firmam
560 4174 613 4216 et
654 4161 783 4215 inde
832 4160 1159 4215 mutabilem
1228 4160 1589 4215 stabilitatem
1625 4177 1638 4213 :
1672 4175 1935 4230 sperave-

312 4264 401 4311 rat
453 4256 617 4310 etiam
675 4255 727 4308 in
771 4253 1032 4309 omnibus
1077 4253 1185 4307 sibi
1243 4260 1661 4323 cooperatorem
1693 4258 1748 4307 et
1776 4250 1935 4321 adju-

316 4357 499 4404 torem
531 4347 666 4403 fore.
702 4348 803 4402 Per
835 4348 985 4402 illam
1041 4362 1178 4419 ergo
1247 4347 1517 4402 sinceram
1556 4344 1937 4411 dilectionem,

2024 3185 2090 3238 ad
2114 3182 2325 3253 potiora
2356 3176 2684 3249 provexerit.
2728 3175 2834 3228 Sed
2866 3182 2922 3229 et
2949 3172 3226 3244 quomodo
3262 3168 3532 3225 Rodulfus
3558 3167 3641 3221 vir

2025 3276 2257 3329 devotus
2283 3269 2561 3324 abbatiam
2589 3267 2883 3338 quamdam
2908 3263 2964 3319 in
2993 3266 3158 3333 hujus
3190 3262 3457 3317 Hetilonis
3489 3274 3643 3329 paro-

2026 3365 2149 3419 chia
2177 3365 2339 3419 sitam
2365 3359 2623 3416 Remensi
2644 3357 2987 3431 delegaverit
3020 3355 3277 3411 Ecclesia:
3294 3354 3645 3409 committens

2027 3456 2191 3512 simul
2217 3453 2396 3508 eidem
2416 3465 2615 3519 corpus
2666 3448 2815 3503 beati
2868 3447 3057 3504 Calixti
3106 3463 3263 3519 papa:
3293 3443 3643 3514 etmartyris,

2029 3545 2177 3617 quod
2206 3544 2557 3613 impetratum
2597 3553 2627 3590 a
2658 3536 2903 3590 Romana
2934 3535 3206 3589 detulerat
3236 3535 3389 3589 urbe.
3427 3533 3649 3587 Intimat

2033 3649 2164 3707 ergo
2224 3629 2458 3702 qualiter
2514 3631 2770 3696 precatus
2818 3623 2888 3677 sit
2936 3623 3299 3677 amicabiliter
3360 3621 3646 3692 praefatum

2036 3722 2389 3785 Dodilonem,
2407 3717 2475 3770 ad
2493 3714 2853 3769 Atrabatense
2909 3712 3194 3766 castellum
3209 3711 3422 3775 venire,
3448 3710 3645 3764 etinde

2037 3811 2270 3883 pignora
2314 3804 2521 3877 praefati
2574 3800 2825 3871 martyris
2864 3798 3169 3854 honorifice
3238 3801 3441 3863 levare,
3481 3807 3649 3870 atque

2036 3915 2210 3970 usque
2237 3897 2304 3951 ad
2336 3893 2650 3950 ownobium
2682 3888 2857 3945 sancti
2889 3889 3137 3953 Quintini
3166 3890 3465 3944 deducere.
3500 3889 3653 3945 Hunc

2036 3992 2200 4047 etiam
2235 3988 2539 4044 Hetilonem
2570 3983 2894 4054 expetierat,
2930 3990 2989 4036 ut
3012 3982 3077 4035 ad
3115 3982 3292 4052 ipsum
3334 3980 3647 4035 cuinobium

2034 4085 2367 4143 occurreret,
2392 4084 2446 4132 et
2470 4074 2658 4131 tandiu
2674 4089 2797 4127 cum
2825 4087 2983 4127 sacro
3014 4071 3369 4126 comitaretur
3396 4086 3649 4141 corpore,

2035 4174 2214 4228 donec
2247 4171 2364 4241 ipse
2415 4170 2613 4225 domus
2663 4167 2829 4221 Fulco
2885 4165 3117 4227 veniret,
3151 4171 3207 4217 et
3233 4162 3366 4216 illud
3392 4162 3654 4216 decenter

2042 4265 2319 4335 excipere,
2346 4270 2400 4317 et
2430 4277 2607 4332 usque
2624 4260 2691 4314 ad
2716 4261 2861 4313 hanc
2895 4259 3218 4311 Remensem
3237 4255 3652 4310 valereturbem

2042 4358 2319 4412 deducere
2353 4353 2485 4409 :ubi
2526 4352 2714 4407 tandiu
2776 4359 3101 4409 servaretur,
3155 4363 3466 4418 quousque,
3522 4362 3655 4416 pace

318 4456 491 4512 quam
553 4440 609 4493 ίη
660 4441 780 4511 ipso
842 4439 1123 4505 credebat:
1176 4455 1301 4493 eum
1356 4454 1415 4493 se
1469 4437 1603 4493 ἀίοίί
1654 4452 1877 4492 monere
1921 4450 2272 4535 1Dreddita,
2306 4447 2427 4503 loco
2480 4444 2703 4515 proprio
2736 4442 2909 4512 ipsius
2939 4440 3204 4495 Hetilonis
3254 4438 3515 4511 parochia
3548 4438 3655 4495 sito

319 4531 594 4585 mandans
620 4538 680 4586 ut
708 4530 1022 4601 posthabita
1072 4530 1223 4585 omni
1268 4528 1557 4595 dilatione,
1588 4528 1674 4582 vel
1699 4544 1939 4599 occupa—

316 4621 495 4686 tione,
528 4621 596 4675 ad
633 4620 948 4675 condictum
1004 4628 1334 4674 conventum
1379 4618 1767 4689 episcOporum
1801 4635 1942 4688 pm-

313 4729 455 4769 sens
483 4712 677 4767 adesse
717 4712 956 4777 studeat,
1011 4711 1161 4766 nulla
1209 4727 1376 4767 causa
1398 4718 1650 4781 excepta,
1681 4710 1787 4765 nisi
1818 4717 1940 4766 tan-

317 4814 436 4860 tum
496 4802 816 4858 infirmitate
870 4818 1155 4874 corporea.
1247 4802 1518 4856 Personas
1576 4802 1742 4856 etiam
1799 4818 1944 4873 prae-

316 4910 539 4958 missas,
576 4911 719 4971 quas
755 4910 853 4965 per
900 4895 1127 4949 alteram
1173 4893 1579 4968 significaverat
1626 4893 1941 4965 epistolam,

318 4984 662 5040 commoneri
679 4982 947 5038 canonice
989 4982 1170 5048 faciat,
1218 4993 1277 5037 ut
1306 4989 1625 5053 praeparatae
1658 4981 1945 5036 adsolem-

326 5090 459 5129 nem
492 5082 690 5127 castum
739 5073 1125 5143 episcoporum
1187 5073 1277 5143 pie
1331 5069 1550 5143 praefixa
1605 5087 1664 5125 se
1694 5076 1944 5144 satagant

328 5172 691 5240 praesentare.
722 5168 857 5221 ltem
886 5184 1009 5222 cum
1071 5169 1286 5222 caeteris
1334 5167 1706 5238 coepiscopis,
1738 5168 1947 5223 Didone

328 5258 545 5313 scilicet
567 5258 938 5323 Laudunensi,
1002 5258 1252 5314 Hetilone
1299 5258 1677 5327 l‘oviomensi,
1735 5258 1947 5314 Riculfo

327 5349 679 5413 Suessorum,
732 5346 1044 5403 llerinando
1077 5352 1285 5417 (supra,
1341 5363 1462 5416 cap.
1512 5348 1567 5413 3)
1612 5345 1947 5417 (llerilando)

327 5438 627 5493 Marinensi
693 5438 989 5494 scribens:
1026 5439 1154 5493 huic
1208 5437 1427 5510 praesuli
1482 5438 1735 5494 Dodiloni
1766 5437 1945 5509 signi-

326 5531 476 5597 ficat,
513 5531 613 5587 hos
642 5531 957 5601 praemissos
976 5530 1031 5584 in
1054 5530 1246 5585 urbem
1279 5530 1604 5585 Remensem
1627 5527 1949 5584 convenisse

328 5625 619 5696 praesules,
680 5625 748 5679 ad
799 5625 1137 5680 tractandum
1189 5626 1258 5679 de
1310 5622 1635 5694 pervasione
1696 5620 1950 5676 Balduini

326 5717 473 5771 Buld
504 5718 724 5773 Calvus.
754 5715 951 5771 Fland.
979 5720 1193 5786 comes),
1218 5715 1289 5770 de
1320 5728 1431 5784 quo
1452 5710 1947 5781 scripserateidem

2041 4538 2255 4595 restitui
2288 4542 2490 4609 posset.
2526 4534 2588 4587 At
2615 4531 2809 4587 Dodilo
2843 4546 2967 4585 cum
3009 4528 3293 4583 debuisset
3316 4543 3480 4597 agere
3508 4528 3655 4598 quod

2041 4632 2351 4705 petebatur,
2376 4645 2406 4684 e
2437 4634 2646 4692 contra,
2703 4622 2984 4679 filiationis
3022 4638 3084 4675 ac
3114 4620 3471 4677 fraternitatis
3504 4627 3657 4691 post-

2044 4726 2229 4782 habita
2281 4721 2607 4786 reverentia,
2663 4718 2719 4771 in
2748 4715 2931 4771 medio
2976 4730 3273 4769 occurrens
3326 4715 3449 4781 viae,
3505 4713 3656 4768 etde

2046 4816 2304 4873 manibus
2334 4813 2666 4889 gestantium
2688 4819 2936 4866 sanctum
2963 4808 3161 4879 pignus
3182 4805 3484 4876 abripiens,
3509 4806 3657 4875 apud

2046 4923 2107 4961 se
2138 4905 2403 4976 reposuit,
2438 4904 2630 4958 dicens
2664 4921 2678 4955 :
2712 4901 2828 4955 Non
2860 4898 2995 4953 illud
3027 4895 3285 4965 cuiquam
3313 4910 3372 4948 se
3405 4893 3658 4949 redditu-

2046 5011 2188 5060 rum,
2224 4993 2331 5047 nisi
2377 4992 2559 5047 eidem
2628 4986 2889 5053 Hetiloni,
2949 4987 3005 5039 in
3036 4984 3193 5053 cujus
3231 4981 3659 5055 dignoscebatur

2046 5081 2215 5137 fuisse
2240 5080 2499 5151 parochia
2526 5080 2842 5150 depositum
2872 5096 2885 5132 :
2910 5086 2965 5133 et
2995 5077 3101 5132 hoc
3128 5075 3310 5145 ipsum
3336 5089 3489 5129 novae
3512 5073 3658 5127 frau-

2047 5171 2134 5225 dis
2166 5174 2491 5243 argumento
2521 5167 2779 5239 gessisse,
2812 5183 2922 5238 quo
2938 5162 3439 5235 valeretprzefatum
3457 5176 3660 5232 corpus

2048 5274 2262 5313 sacrum
2295 5256 2513 5313 cuidam
2542 5255 2827 5311 Hucboldo
2851 5256 2993 5326 [ms.,
3025 5251 3320 5322 Bucholdo}
3347 5248 3533 5305 comiti
3556 5256 3654 5303 tra-

2049 5350 2199 5405 dere.
2253 5346 2517 5412 Quocirca
2559 5347 2695 5416 petit
2757 5348 2904 5401 hunc
2954 5346 3287 5409 Hetilonem,
3319 5349 3379 5397 ut
3430 5340 3658 5395 missum

2050 5458 2211 5497 suum
2242 5440 2310 5495 ad
2342 5455 2469 5494 eum
2500 5438 2718 5513 dirigat,
2761 5446 2815 5492 et
2840 5445 3070 5508 paterno
3108 5454 3171 5492 ac
3202 5435 3442 5490 fraterno
3472 5448 3659 5489 amore

2053 5534 2237 5606 ipsum
2264 5531 2625 5604 redarguens,
2665 5529 2922 5603 corrigat,
2962 5536 3017 5583 et
3045 5528 3099 5582 in
3132 5527 3453 5583 memoriam
3477 5524 3529 5581 ei
3561 5541 3656 5580 re-

2050 5628 2227 5689 vocet,
2256 5619 2534 5693 quomodo
2558 5618 2843 5694 religionis
2871 5617 3043 5673 solius
3064 5626 3119 5673 et
3146 5616 3300 5684 fidei,
3328 5632 3488 5688 quam
3514 5615 3570 5669 in
3591 5628 3658 5669 eo

2052 5711 2193 5768 forte
2213 5709 2496 5776 credebat,
2527 5707 2752 5778 intuitu,
2782 5707 2934 5763 illum
2961 5707 3173 5779 absque
3202 5706 3351 5778 regis
3379 5714 3474 5761 aut
3504 5704 3660 5777 prin-
