3970 6218
446 322 553 379 283

1576 316 1944 371 FLODOARDI
1981 313 2288 370 CANONICI
2327 312 2651 368 REMENSIS

3682 314 3795 369 288

447 450 587 520 cipis
614 447 1272 518 alicujusexspeclatione
1294 445 1349 500 in
1367 445 1501 500 sede
1525 443 1824 515 pontiﬁcali
1843 444 2055 500 locave-
2083 451 2128 516 Α
2159 443 2403 499 cordiam
2433 458 2619 497 secum
2649 442 2946 497 tenendam
2995 443 3205 499 redeat.
3239 443 3423 498 Monet
3457 441 3626 515 igitur
3656 459 3786 497 cum

446 543 534 608 rit,
567 548 900 612 moneatque
932 550 991 594 ut
1013 557 1044 594 e
1073 546 1247 610 erepta
1293 537 1598 592 temeritate
1668 537 1862 606 pedem
1901 553 2057 592 revo-

446 641 553 697 cet,
575 646 642 684 ne
672 629 882 701 aliquid
902 630 1049 683 hunc
1077 627 1334 682 eumdem
1366 626 1850 696 archiepiscopum
1867 635 2057 680 contra

448 740 525 786 se,
557 722 702 793 quod
735 721 880 774 idem
915 719 1069 781 nolit,
1099 735 1262 793 agere
1304 717 1617 787 compellat.
1654 716 1805 771 Hunc
1836 733 2056 788 quoque

449 821 702 886 precatur
733 813 1037 869 Hetilonem
1097 812 1322 878 obnixe,
1369 828 1439 866 ne
1487 811 1562 865 illi
1603 827 1890 865 assensum
1920 810 1975 863 in
1999 827 2056 864 re

447 902 538 956 tali
571 902 838 973 przebeat,
867 901 966 956 sed
1019 901 1182 969 justae
1210 900 1350 970 parti
1401 900 1454 953 in
1489 899 1745 953 omnibus
1775 897 1973 961 faveat,
2005 903 2058 950 et

447 995 762 1049 thesaurum
795 994 1097 1059 ctelestem,
1132 991 1384 1046 Remensi
1411 990 1660 1046 ecclesiae
1685 1003 2059 1061 apnememo-

446 1093 560 1141 rato
591 1085 707 1139 viro
753 1084 1036 1148 traditum,
1091 1082 1213 1138 urbi
1256 1099 1318 1138 ac
1350 1083 1589 1137 basilica:
1641 1081 1816 1152 ipsius
1847 1079 2055 1134 restitui

447 1192 557 1231 non
584 1177 761 1231 solum
795 1175 1126 1240 consentiat,
1183 1174 1279 1228 sed
1313 1174 1476 1227 etiam
1508 1172 1634 1228 totis
1664 1171 1870 1227 viribus
1896 1170 2055 1239 adju-

443 1277 551 1324 vet.
589 1269 786 1324 Didoni
836 1266 1187 1322 Laudunensi
1245 1265 1532 1336 episc0po,
1584 1281 1680 1335 pro
1729 1263 2057 1318 reconcilia-

445 1357 595 1410 tione
627 1355 826 1409 animze
857 1354 1144 1424 cujusdam
1164 1354 1432 1413 Valcheri,
1469 1353 1562 1424 qui
1593 1368 1720 1407 rcus
1757 1352 2059 1420 majestatis

446 1449 723 1513 inventus,
777 1447 1108 1517 supplicium
1160 1447 1350 1501 mortis
1400 1446 1650 1501 incurrit.
1705 1447 1777 1500 De
1804 1461 1912 1517 quo
1951 1461 2054 1499 au-

445 1537 640 1601 dicrat,
659 1535 804 1606 quod
843 1535 896 1588 in
919 1534 1147 1589 articulo
1171 1534 1358 1588 mortis
1386 1534 1764 1604 paenitentiam
1808 1549 2054 1602 percon-

444 1624 739 1678 fessionem
769 1629 1010 1678 etsacraa
1063 1623 1473 1677 communionis
1524 1623 1781 1677 viaticum
1817 1623 1884 1677 ab
1940 1623 2058 1693 ipso

443 1716 762 1786 expetierat.
821 1729 922 1768 nec
972 1714 1264 1784 impetrare
1325 1714 1588 1769 valuerat.
1619 1717 1849 1785 Insuper
1878 1723 2053 1770 etsc-

446 1806 680 1875 pulturae
712 1801 1047 1857 beneficium
1071 1801 1309 1857 fucratei
1335 1804 1688 1877 denegatum,
1709 1811 1762 1858 et
1794 1804 1937 1858 orari
1958 1820 2055 1874 pro

443 1910 510 1948 eo
541 1891 894 1963 prohibitum.
929 1892 1226 1947 Succenset
1281 1907 1412 1963 ergo
1446 1892 1704 1947 eumdem
1737 1894 2053 1963 praesulem,

445 1986 674 2039 horrens
703 2002 800 2039 cur
828 1985 907 2039 sic
954 1984 1186 2040 voluerit
1244 1999 1432 2056 agere,
1489 2000 1611 2037 cum
1643 1983 1810 2037 sciret
1848 1984 2054 2053 optime

443 2075 593 2144 quod
641 2074 938 2129 auctoritas
985 2089 1140 2128 sacra
1190 2073 1260 2127 de
1317 2089 1426 2128 non
1470 2073 1722 2144 neganda
1764 2072 1820 2125 in
1851 2072 2056 2127 ultimis

443 2168 692 2222 statuerit
720 2168 1073 2238 ptenitentia;
1103 2167 1440 2237 adhibetque
1461 2166 2055 2222 nonnullasanctorum

443 2260 658 2314 Patrum
702 2276 872 2331 super
903 2261 1003 2314 hac
1061 2274 1119 2314 re
1169 2258 1500 2322 testimonia,
1533 2274 1766 2312 monens
1789 2266 1847 2312 ut
1874 2257 2059 2312 consi-

445 2351 636 2406 derato
665 2351 944 2406 communi
998 2349 1266 2420 periculo,
1313 2349 1561 2402 imitetur
1617 2348 1924 2404 communis
1955 2349 2059 2403 Do-

445 2443 578 2496 mini
614 2442 894 2512 pietatem,
924 2451 979 2496 et
1004 2441 1130 2495 huic
1150 2441 1425 2511 peccatori
1457 2441 1760 2495 remedium
1789 2442 2060 2511 pteniten-

445 2538 531 2593 tite
583 2538 636 2591 in
681 2537 889 2591 ultimis
921 2538 1216 2606 deprecato
1264 2537 1546 2606 impendat
1597 2536 2056 2603 misericordiam,

445 2634 579 2681 utet
608 2627 749 2681 orari
785 2642 884 2697 pro
916 2642 983 2680 eo
1017 2625 1196 2685 faciat,
1230 2633 1282 2679 et
1315 2642 1414 2696 per
1451 2625 1700 2695 seipsum
1732 2627 2057 2680 reconcilia-

449 2715 653 2770 tionem
665 2758 678 2783 ,
709 2718 1020 2788 animaeque
1035 2717 1569 2772 commendationem
1585 2731 1736 2772 more
1750 2716 2058 2774 Christiano

446 2807 758 2878 persolvat;
787 2822 1028 2876 eumque
1083 2805 1152 2860 de
1202 2803 1322 2861 loco
1386 2805 1578 2876 pervio
1610 2805 1665 2859 in
1697 2821 1807 2876 quo
1838 2821 1946 2860 non
1969 2822 2057 2861 se-

447 2895 633 2966 pultus
658 2895 756 2949 sed
785 2895 1063 2965 projectus
1092 2902 1230 2956 erat,
1284 2894 1356 2948 ad
1395 2894 1773 2948 ccemeterium
1808 2893 2054 2948 fidelium

448 2985 754 3040 transferat.
797 2986 925 3039 Item
961 3000 1058 3055 pro
1099 2985 1201 3039 hac
1229 2985 1424 3040 eadem
1479 2999 1664 3050 causa,
1694 2985 1977 3055 postulans
2004 2994 2059 3039 et

449 3074 726 3129 adhibens
755 3073 1228 3145 exemplumbeati
1259 3074 1509 3148 Gregorii
1540 3075 1600 3144 (Ι.
1625 3091 1676 3128 tv
1699 3077 1870 3141 Dial.,
1895 3091 1943 3128 (ο.
1966 3076 2058 3142 55)

447 3167 518 3220 de
553 3166 792 3237 quodam
825 3167 1116 3232 monacho,
1145 3182 1310 3237 quem
1347 3167 1584 3235 jusserat
1625 3181 1728 3221 nec
1757 3166 2057 3236 sepultura:

448 3260 722 3313 communi
758 3259 920 3324 tradi,
955 3273 1060 3312 nec
1085 3257 1434 3314 orationibus
1451 3257 1718 3326 adjuvari,
1769 3264 1890 3328 post
1921 3259 2059 3332 legi-

448 3351 638 3406 timum
674 3351 788 3421 [ms
824 3367 894 3415 c.,
927 3350 1172 3424 longum]
1199 3349 1435 3420 spatium
1461 3349 1965 3406 reconciliationem
1987 3351 2062 3405 ei-

447 3440 572 3495 dem
630 3441 892 3511 przecepit
934 3439 1180 3510 impendi
1237 3457 1252 3506 ;
1311 3440 1629 3498 adsciscens
1693 3440 1856 3495 etiam
1927 3439 2059 3493 illud

445 3528 826 3604 evangelicum
858 3548 874 3584 :
906 3529 1036 3600 quia
1063 3529 1231 3583 Filius
1263 3529 1502 3584 hominis
1529 3529 1678 3585 venit
1707 3545 1976 3600 quaerere,
2008 3536 2063 3583 et

441 3619 651 3673 salvum
682 3617 866 3673 facere
891 3617 1039 3689 quod
1091 3617 1332 3688 perierat
1381 3619 1526 3685 (Luc.
1580 3619 1710 3686 xix).
1744 3617 1851 3670 Sed
1884 3624 1939 3670 et
1966 3616 2061 3669 Ni-

443 3705 580 3760 caeni
609 3707 830 3761 concilii
897 3707 1040 3777 (cap,
1103 3707 1189 3773 13,
1245 3707 1319 3760 αι.
1381 3707 1463 3774 12)
1510 3705 1906 3768 testimonium,
1949 3720 2059 3776 quo

443 3793 1022 3868 generalitercuilibet
1052 3795 1107 3848 in
1145 3794 1297 3850 exitu
1337 3794 1538 3865 posito,
1566 3803 1621 3848 et
1651 3794 1900 3864 poscenti
1932 3810 2055 3868 gra-

447 3887 576 3942 tiam
595 3888 1002 3943 communionis
1031 3887 1201 3942 tribui
1242 3887 1577 3957 praecipitur.

522 3979 678 4034 Petro
705 3979 924 4034 cuidam
964 3979 1210 4034 Romano
1236 3977 1426 4033 scribit
1457 3977 1850 4048 cpiscopo,pro
1866 3977 1949 4032 his
1987 3978 2058 4031 de

449 4072 654 4143 quibus
682 4071 999 4127 Formosum
1058 4085 1256 4140 papam
1318 4069 1671 4124 consuluerat
1696 4085 1864 4140 super
1904 4069 2058 4124 Heri-

449 4166 632 4220 nando
664 4164 958 4221 Morinensi
989 4164 1270 4235 episcopo.
1295 4180 1462 4235 quem
1484 4163 1850 4219 Catalaunicze
1880 4163 2060 4234 praefi-

447 4272 572 4311 cere
609 4256 947 4312 decernebat
987 4256 1222 4311 viduatae
1239 4254 1539 4323 "Ecclesiae,
1570 4256 1819 4327 petitque
1839 4265 1900 4311 ut
1927 4272 2059 4330 sug-

445 4355 600 4422 gerat
626 4365 781 4420 papae
802 4364 902 4419 pro
931 4350 1033 4404 hoc
1060 4363 1161 4404 suo
1186 4349 1459 4414 consultu,
1493 4355 1768 4421 quatenus
1809 4355 2054 4418 Optatum

444 4452 612 4506 super
636 4453 702 4492 eo
731 4436 892 4491 citius
913 4437 1149 4508 adipisci
1181 4445 1454 4492 mereatur
1485 4451 1812 4507 responsum
1849 4454 1861 4489 :
1899 4452 2054 4490 com-

447 4540 761 4580 memorans
790 4527 938 4596 quod
967 4535 1186 4599 gestum
1227 4525 1608 4580 reminiscatur
1635 4539 1800 4594 super
1825 4524 2058 4580 Actardo

449 4617 780 4673 Namnetica:
820 4618 976 4672 urbis
1001 4619 1286 4689 episc0po,
1317 4618 1466 4690 quod
1499 4633 1626 4672 eum
1652 4617 1689 4671 Ν
1701 4617 1906 4672 icolaus
1919 4632 2060 4687 papa

449 4710 746 4767 Morinensi
769 4712 1022 4768 Ecclesiae
1062 4721 1254 4783 postea
1307 4711 1588 4768 censuerit
1619 4710 2056 4781 praeficiendum,

445 4819 510 4859 ac
529 4803 750 4859 demum
793 4805 848 4859 in
888 4804 1365 4875 archiepiscopatu
1404 4804 1552 4859 sedis
1567 4804 1848 4860 Turonicte
1869 4804 2057 4859 decre-

444 4896 583 4950 verit
611 4895 1088 4951 incardinandum.
1125 4897 1385 4950 Precatur
1413 4895 1579 4950 etiam
1602 4903 1660 4950 ut
1687 4895 1943 4951 idoneam
1958 4912 2052 4950 su-

445 5008 545 5063 per
571 4993 676 5048 hoc
703 4990 958 5062 exquirat
973 4991 1380 5059 auctoritatem,
1409 4997 1794 5064 repertamque
1819 4991 1925 5045 sibi
1949 4991 2052 5045 de-

444 5084 1056 5156 stinetexsequendam.
1097 5085 1371 5141 Honorato
1394 5083 1806 5141 Belvacensium
1836 5087 2054 5158 praesuli

441 5177 657 5244 scribit,
683 5175 880 5232 asserit
906 5193 966 5232 se
998 5177 1180 5232 mirari
1223 5178 1730 5244 vehementissime,
1775 5179 2055 5250 quomodo

447 5268 503 5323 id
533 5268 777 5338 potuerit
805 5267 1225 5342 contingere,ut
1249 5266 1468 5323 animus
1498 5268 1670 5338 ipsius
1697 5276 1802 5325 tam
1834 5276 2058 5324 contra-

444 5369 565 5417 ctus
593 5361 932 5417 etadversus
988 5362 1096 5416 sibi
1153 5362 1432 5430 existeret,
1491 5379 1615 5418 cum
1670 5363 1836 5418 sciret
1875 5363 2056 5434 qualis

447 5467 579 5522 erga
605 5467 732 5505 eum
763 5450 951 5518 fuerit,
983 5461 1039 5508 et
1065 5453 1300 5525 qualiter
1341 5469 1467 5508 eum
1500 5453 1622 5510 loco
1659 5453 1842 5509 fratris
1863 5469 1927 5508 ac
1956 5453 2055 5506 filii

449 5553 672 5608 semper
701 5539 977 5609 habuerit,
1043 5541 1306 5613 qualique
1359 5540 1579 5608 affectu,
1610 5551 1670 5596 ut
1701 5543 1767 5597 ad
1798 5542 2056 5596 eumdem

453 5630 719 5685 honorem
759 5635 1090 5700 perveniret,
1141 5634 1528 5689 decertaverit.
1575 5636 1684 5690 Nec
1716 5644 1898 5690 tamen
1933 5635 2056 5689 idco

457 5720 756 5790 desperare
785 5723 1007 5792 debeat,
1026 5727 1122 5781 sed
1146 5725 1476 5796 quantocius
1503 5728 1570 5781 ad
1594 5743 1784 5798 pacem
1816 5736 1872 5782 ct
1919 5741 2056 5781 con-

2157 544 2415 607 tanquam
2448 535 2624 590 filium
2652 537 3058 603 charissimum,
3090 538 3269 592 redire
3300 538 3367 590 ad
3391 537 3787 606 semetipsum,

2157 637 2212 683 et
2250 629 2494 701 cogitare
2514 628 2673 696 cujus
2701 627 2771 681 sit
2819 625 3051 687 ordinis,
3083 625 3352 696 cujusque
3387 625 3784 695 professionis,

2158 723 2576 793 perpendatque
2607 721 2755 792 quod
2789 721 2843 774 in
2878 721 3029 776 nullo
3061 719 3129 774 ab
3163 719 3283 790 ipso
3313 719 3479 774 laesus
3495 719 3784 783 existaLet

2156 816 2201 870 si
2233 814 2496 884 possibile
2527 813 2619 879 sit,
2641 811 2710 868 ad
2733 829 2793 867 se
2823 812 3029 878 veniat,
3062 819 3338 883 quatenus
3368 811 3438 864 de
3479 811 3784 866 hiscollato

2157 916 2413 957 sermone
2443 901 2644 957 melius
2671 900 2959 957 conferant
3032 900 3087 954 Si
3119 915 3251 955 vero
3309 900 3363 953 id
3395 898 3516 954 ﬁeri
3556 900 3780 970 nequit,

2158 993 2451 1065 quemdam
2486 991 2811 1046 familiarem
2868 991 2973 1046 sibi
3035 991 3254 1064 dirigat,
3290 1006 3387 1061 per
3451 1005 3620 1060 quem
3653 1006 3781 1060 qua:

2158 1085 2264 1140 fert
2289 1083 2698 1139 animuseidem
2727 1083 3052 1138 remandare
3081 1083 3281 1137 valeat.
3322 1080 3580 1138 Notificat
3607 1082 3781 1136 etiam

2156 1190 2216 1228 se
2243 1174 2463 1229 audisse
2485 1174 2739 1245 quaedam
2770 1173 2841 1226 de
2863 1173 3005 1242 ipso,
3037 1187 3160 1242 quae
3202 1186 3313 1226 non
3347 1169 3509 1224 facile
3544 1171 3784 1224 credere

2160 1263 2419 1334 potuerit,
2451 1263 2659 1318 scilicet
2719 1262 2866 1334 quod
2934 1261 3141 1332 rapinis
3207 1261 3509 1327 insisteret,
3567 1261 3785 1315 alienas

2160 1354 2545 1424 possessiones
2574 1354 2876 1420 invaderet,
2930 1363 2985 1408 et
3034 1352 3300 1423 pecunias
3328 1352 3598 1422 diriperet
3626 1367 3644 1408 :
3679 1367 3784 1406 no-

2160 1446 2523 1518 minatimque
2546 1445 2804 1520 designat
2843 1445 3165 1500 Rotbertum
3217 1445 3515 1517 quemdam
3545 1445 3782 1514 apudse

2160 1536 2327 1590 fuisse
2359 1545 2749 1606 conquestum,
2811 1535 2960 1606 quod
3017 1534 3277 1590 universa
3314 1534 3543 1589 mobilia
3568 1550 3674 1588 sua
3717 1551 3782 1588 ea

2161 1627 2471 1682 abstulerit.
2515 1651 2541 1674 «ι
2570 1627 2682 1699 Ego
2726 1633 2933 1692 autem,
2989 1626 3189 1697 inquit,
3247 1641 3356 1681 non
3386 1627 3490 1680 hoc
3517 1626 3589 1680 de
3617 1625 3782 1680 vobis

2161 1717 2387 1772 credere
2411 1733 2658 1788 possum,
2698 1717 2796 1772 sed
2827 1723 2958 1786 puto
3013 1731 3136 1770 esse
3189 1716 3452 1787 aliquem,
3485 1715 3783 1786 quivestra

2160 1809 2334 1881 gratia
2359 1816 2413 1861 et
2441 1808 2763 1864 auctoritate
2790 1808 2978 1873 fretus,
3013 1808 3130 1861 haec
3151 1823 3313 1878 agerc
3336 1806 3779 1878 praesumpserit,

2157 1907 2211 1954 et
2276 1898 2482 1953 idcirco
2537 1899 2696 1953 vobis
2752 1898 3042 1954 ascribitur
3072 1899 3222 1969 quod
3286 1897 3358 1953 ab
3387 1896 3498 1953 alio
3554 1904 3778 1969 gestum

2157 1999 2258 2047 est.
2311 1991 2363 2044 Si
2412 2006 2542 2064 ergo
2591 2007 2620 2044 a
2672 2007 3002 2061 quocunque
3059 1996 3244 2044 vestro
3296 1989 3351 2042 id
3399 1987 3606 2044 factum
3669 1999 3778 2054 est,

2158 2081 2390 2135 obsecro
2455 2087 2516 2133 ut
2558 2087 2837 2135 auctorem
2902 2081 3066 2147 hujus
3110 2079 3238 2134 mali
3291 2079 3456 2154 digne
3504 2092 3778 2135 coercea-

2157 2173 2250 2238 tis,
2275 2180 2330 2228 et
2358 2173 2618 2226 damnum
2688 2187 2852 2226 omne
2910 2173 3206 2227 emendare
3256 2171 3518 2239 jubeatis.
3573 2173 3632 2226 Si
3665 2187 3776 2227 au-

2160 2267 2269 2316 tem
2298 2276 2485 2315 verum
2528 2267 2630 2324 est,
2663 2261 2809 2331 quod
2839 2275 2935 2314 vos
2985 2261 3089 2330 ipsi
3144 2261 3250 2316 hoc
3287 2259 3537 2335 egeritis,
3576 2273 3780 2329 precer

2161 2355 2278 2404 uta
2321 2349 2414 2404 tali
2466 2348 2772 2404 intentione
2818 2349 3083 2403 desinatis
3144 2355 3197 2403 et
3253 2348 3303 2403 ei
3356 2347 3450 2420 qui
3507 2347 3779 2403 damnum

2162 2459 2355 2514 passus
2377 2448 2478 2506 est,
2539 2457 2637 2497 sua
2685 2458 2752 2496 ex
2801 2443 3012 2515 integro
3075 2441 3286 2495 restitui
3315 2440 3544 2496 faciatis.
3583 2459 3610 2490 ι)
3647 2441 3780 2495 Item

2162 2534 2500 2606 redarguens
2515 2550 2640 2587 eum
2667 2534 2736 2587 de
2767 2531 3069 2598 nonnullis,
3101 2531 3304 2602 quaead
3325 2547 3385 2585 se
3403 2545 3517 2586 non
3539 2529 3781 2600 simplici

2161 2624 2506 2695 professione
2535 2625 2823 2694 scripsisse
2851 2621 3323 2692 videbatur,quasi
3341 2619 3582 2676 domnus
3615 2619 3784 2675 Fulco

2159 2731 2349 2786 pacem
2405 2722 2458 2769 et
2496 2715 2846 2770 concordiam
2912 2713 3305 2784 perturbasset.
3359 2709 3780 2784 Signiﬁcaverat

2159 2807 2322 2862 etiam
2345 2824 2374 2862 a
2397 2807 2578 2878 pravis
2607 2805 2939 2876 quibusdam
2972 2820 3126 2858 suam
3163 2801 3346 2857 vexari
3373 2801 3703 2866 Ecclesiam,
3726 2806 3782 2854 et

2158 2916 2323 2971 super
2343 2900 2448 2954 hac
2477 2917 2536 2954 re
2566 2899 2774 2953 nullum
2809 2898 2876 2952 ad
2909 2899 3013 2952 hoc
3040 2895 3458 2965 archiepisc0po
3491 2899 3777 2964 petentem

2159 3009 2219 3048 se
2241 2993 2550 3063 suscepisse
2566 3007 2892 3062 responsum
2949 2989 3101 3043 Unde
3114 2996 3331 3042 revocat
3341 2986 3410 3041 ad
3426 2985 3753 3040 memoriam
3765 3027 3778 3049 ,

2092 3116 2140 3182 Ο
2161 3085 2292 3155 quia
2315 3091 2561 3156 precatu,
2595 3099 2756 3154 quam
2790 3080 3088 3153 praeceptio
3112 3079 3259 3149 apud
3310 3078 3489 3148 ipsum
3524 3077 3783 3131 maluerit

2162 3178 2415 3232 obtinere
2449 3175 2555 3229 illis
2577 3174 2895 3229 hominibus
2912 3171 3167 3228 inducias
3192 3169 3409 3224 interim
3423 3169 3784 3240 dari,quous-

2162 3283 2270 3338 quc
2302 3265 2465 3320 simul
2497 3264 2801 3337 quivissent
2833 3262 2936 3332 ipsi
2967 3261 3230 3332 praesules
3248 3259 3415 3331 loqui.
3439 3259 3514 3313 De
3537 3259 3780 3330 quodam

2162 3373 2385 3430 quoque
2417 3355 2773 3420 Aledramno,
2805 3367 2969 3422 quem
3001 3359 3133 3404 tunc
3161 3347 3645 3403 excommunicare
3677 3347 3780 3401 mi-

2163 3447 2415 3508 nabatur,
2457 3453 2513 3498 et
2557 3441 2976 3513 archiepiscOpo
3029 3455 3184 3494 suam
3214 3438 3444 3509 exsequi
3482 3453 3776 3493 censuram

2163 3535 2467 3607 praecipere
2496 3531 2789 3587 videbatur
2822 3548 2835 3587 :
2874 3530 3178 3601 asseritque
3198 3546 3258 3583 se
3288 3544 3571 3600 nunquam
3605 3527 3780 3583 desti-

2162 3640 2325 3679 nasse
2351 3621 2742 3678 communibus
2783 3627 2838 3675 et
2883 3619 3098 3675 collatis
3127 3618 3602 3688 IcoepiscOporum
3637 3633 3779 3687 prte-

2161 3716 2510 3789 ceptionibus
2538 3730 2602 3768 ac
2658 3710 3114 3787 suggestionibus
3144 3725 3251 3764 non
3305 3725 3498 3780 parere
3533 3726 3549 3773 ;
3578 3709 3776 3765 Belva-

2160 3807 2311 3863 censi
2335 3813 2519 3859 tamen
2548 3802 2806 3858 Ecclesiae
2835 3798 3188 3874 singulariter
3215 3797 3456 3853 Ecclesia
3489 3797 3778 3853 Remensis

2162 3913 2355 3971 parere
2378 3896 2634 3952 nesciret.
2671 3894 2733 3948 Et
2784 3892 2913 3964 quia
2942 3893 2996 3946 in
3048 3893 3151 3946 hac
3203 3891 3779 3947 excommunicatione

2161 4006 2271 4046 non
2294 3987 2663 4044 ecclesiastica
2718 3985 2907 4058 vigere
2955 3999 3210 4049 censura,
3236 3983 3331 4037 sed
3360 3998 3608 4056 pmceps
3635 3998 3778 4054 prae-

2157 4082 2341 4137 valere
2369 4078 2700 4135 cernebatur
2717 4075 3054 4131 animositas.
3089 4074 3256 4143 Cujus
3308 4076 3385 4129 rei
3407 4082 3527 4130 erat
3555 4075 3777 4130 initium

2159 4175 2403 4232 desertio
2434 4173 2582 4246 regis
2613 4171 2837 4234 Odonis,
2871 4177 2926 4224 et
2956 4168 3228 4223 institutio
3259 4168 3459 4223 Caroli.
3493 4169 3777 4223 Annectit-

2158 4283 2265 4340 que
2292 4274 2419 4338 post
2449 4265 2750 4334 aliquanta,
2780 4263 2851 4316 de
2879 4260 3199 4315 viduatione
3231 4259 3620 4315 Ecclesiarum.
3669 4261 3775 4315 Sil-

2156 4359 2501 4418 vanectensis
2531 4356 2791 4412 videlicet
2844 4363 3007 4427 atque
3059 4355 3492 4420 Catalaunensis,
3536 4372 3770 4426 quarum

2079 4481 2136 4550 D
2160 4452 2596 4512 Silvanectensis
2612 4459 2743 4506 tunc
2788 4450 3030 4521 elegerat
3055 4446 3361 4513 Otfredum,
3391 4463 3673 4519 quemque
3704 4449 3770 4503 ad

2164 4547 2487 4600 Remensem
2513 4539 2798 4612 praesulem
2854 4537 3472 4608 perduxerant,sihique
3497 4539 3775 4608 petierant

2159 4635 2526 4693 ordinandum
2559 4629 2899 4703 pontificem.
2925 4628 3000 4682 Ad
3033 4645 3193 4699 quam
3221 4629 3358 4698 petit
3378 4630 3523 4684 hanc
3547 4631 3776 4684 ordina-

2159 4733 2365 4788 tionem
2395 4727 2604 4793 venire,
2638 4733 2870 4788 remota,
2894 4732 2963 4778 ut
2991 4721 3433 4789 canonicajubet
3455 4723 3776 4789 auctoritas,

2159 4821 2309 4877 omni
2340 4817 2712 4874 excusatione.
2764 4812 3061 4885 Subjungit
3110 4827 3332 4882 quoque
3401 4826 3636 4865 monens
3709 4827 3776 4866 ne

2154 4913 2405 4972 intendat
2432 4912 2552 4980 ejus
2573 4911 2791 4965 animus
2817 4909 3020 4964 lizecita
3038 4907 3206 4971 dicta,
3230 4913 3491 4978 tanquam
3515 4905 3774 4959 eumdem

2152 5023 2263 5062 non
2304 5005 2465 5059 liceat
2493 5001 2814 5072 episcOpum
2847 5000 2988 5054 ultra
3017 4998 3071 5052 in
3123 4997 3298 5067 ipsius
3326 5011 3554 5067 sperare
3582 4995 3774 5051 amici-

2156 5097 2308 5156 tiam,
2341 5108 2504 5164 quam
2534 5090 2639 5145 sibi
2680 5096 2871 5143 mutuo
2920 5087 3341 5155 conjunxerant,
3375 5101 3659 5157 quamque
3689 5086 3776 5139 in-

2157 5183 2473 5241 convulsam
2499 5180 2650 5236 omni
2688 5187 2936 5249 tempore
2975 5176 3428 5247 archiepiscOpus
3460 5184 3654 5230 tenere
3676 5193 3762 5231 cu-

2160 5276 2366 5348 piebat,
2397 5279 2452 5328 et
2473 5272 2539 5326 ad
2578 5272 2845 5326 honorem
2885 5285 2998 5323 suae
3049 5267 3217 5330 sedis,
3249 5266 3444 5322 sedem
3470 5267 3646 5337 ipsius
3672 5268 3774 5322 ho-

2159 5384 2355 5426 norare
2385 5383 2449 5422 ac
2474 5365 2774 5422 sublimare
2835 5361 3206 5418 desiderabat.
3242 5360 3349 5415 Sed
3382 5361 3515 5432 quia
3542 5377 3604 5415 se
3634 5377 3773 5416 mor-

2158 5462 2277 5518 daci
2301 5458 2735 5532 reprehensione
2784 5457 2994 5511 Viderat
3027 5454 3146 5524 ejus
3176 5454 3418 5508 latenter
3445 5453 3664 5508 corrodi
3689 5453 3773 5506 lit-

2158 5551 2310 5613 teris,
2343 5555 2544 5603 atanta
2585 5545 2945 5616 subreptione
3001 5559 3059 5598 se
3108 5541 3345 5597 voluerit
3402 5541 3769 5596 excusabilem

2161 5636 2413 5702 reddere,
2447 5652 2516 5691 ne
2545 5636 2828 5690 videretur
2844 5635 2897 5688 in
2913 5634 3016 5689 hoc
3036 5630 3317 5686 eisilendo
3340 5631 3769 5684 assentireJtem

2157 5741 2256 5797 pro
2285 5725 2638 5781 ordinatione
2691 5724 2992 5781 Mancionis
3045 5718 3461 5776 Catalaunensis
3498 5718 3766 5788 episcOpi,
