3970 6218
193 303 300 353 285

849 306 1172 363 ΗΙδΊῸΒΙᾹΞ
1212 311 1544 367 ΕΟΕῙΑΕὸΙᾹΞ
1582 316 1915 371 REMENSIS
1958 317 2133 372 LIBRI
2175 315 2503 381 QUATUOR.
2535 348 2604 357 —
2647 317 2769 371 LIB.
2803 317 2887 371 1V.

3434 318 3537 373 286

195 435 267 488 ad
309 449 473 503 quam
505 435 761 490 eumdem
815 436 1147 495 Honoratum
1201 444 1389 497 venire
1421 448 1773 503 mandaverat
1806 466 1820 514 ;
1848 454 1901 521 Α
1926 450 2164 518 rejectus
2193 451 2277 505 vel
2311 451 2655 521 reprobatus,
2681 449 3076 506 consolatorias
3099 450 3284 523 dirigit
3310 450 3536 516 litteras,

195 525 298 579 sed
328 524 422 577 ille
456 540 567 578 non
602 526 853 594 veniens,
890 530 1052 583 etiam
1090 532 1261 601 ipsam
1287 535 1689 591 ordinationem
1729 554 1821 593 re-

197 614 593 683 prehensionis
613 616 795 688 elogio
818 626 1068 673 notarat:
1103 637 1264 691 quam
1300 632 1478 679 tamen
1513 628 1821 697 reprehen-

194 708 412 760 sionem
473 709 929 781 archiepiscopus
986 714 1266 769 charitatis
1325 719 1506 773 studio
1556 721 1826 791 patienter

196 796 436 863 ferebat,
496 800 767 854 mandans
815 808 867 855 et
899 818 1154 872 poscens,
1197 813 1253 859 ut
1306 808 1373 861 ad
1419 810 1821 867 ordinationem

200 886 473 956 praemissi
512 886 707 941 Otfridi
744 904 1003 945 occurere
1035 892 1273 960 studeat,
1308 902 1409 949 etc.
1443 898 1574 951 ltem
1604 916 1702 969 pro
1733 901 1820 955 lit-

198 975 335 1029 teris
360 974 429 1028 ab
464 991 531 1029 eo
572 975 679 1030 sibi
707 977 951 1045 directis,
1004 980 1058 1034 in
1088 981 1290 1052 quibus
1320 984 1566 1041 hortatus
1622 988 1818 1056 fuerat,

197 1070 257 1116 ut
286 1063 477 1129 statui,
515 1073 568 1118 et
616 1064 869 1138 religioni
903 1078 1105 1123 sanctae
1148 1068 1403 1126 Ecclesiae
1436 1073 1669 1130 labentis
1697 1094 1819 1132 suc-

192 1168 420 1206 currere
464 1152 710 1207 deberet.
760 1154 913 1209 Unde
944 1156 1241 1227 gratiarum
1282 1167 1404 1214 vota
1434 1160 1544 1216 Deo
1582 1179 1641 1217 se
1691 1180 1822 1234 per-

193 1242 416 1298 solvere
457 1244 814 1314 archipraesul
854 1247 1070 1313 asserit,
1099 1249 1193 1319 qui
1224 1250 1291 1304 ad
1345 1252 1449 1306 hoc
1477 1254 1818 1311 suadendum

194 1333 324 1400 ejus
351 1333 673 1389 excitaverit
692 1334 960 1397 animum,
985 1352 1106 1390 cum
1132 1338 1344 1407 priores
1378 1340 1550 1411 ipsius
1572 1345 1819 1416 episc0pi

192 1422 452 1492 epistolae
498 1424 765 1478 tumidum
838 1426 1157 1481 viderentur
1209 1430 1441 1499 praafcre
1482 1448 1767 1489 rancorem
1804 1453 1817 1489 :

196 1512 321 1565 haec
374 1526 503 1566 vero
560 1519 671 1567 tota
730 1512 1030 1569 fraternum
1096 1525 1389 1573 testaretur
1440 1538 1700 1577 amorem.
1763 1526 1817 1579 Si

194 1619 331 1658 vero
374 1605 522 1675 quod
566 1606 734 1660 verba
765 1608 1121 1677 resonabant,
1180 1611 1487 1668 Honoratus
1517 1616 1681 1671 corde
1735 1626 1817 1672 ιθ-

194 1703 379 1760 neret,
412 1705 661 1765 paratum
720 1714 779 1752 se
813 1699 947 1754 dicit
1000 1701 1120 1768 ejus
1151 1702 1399 1759 cliaritati
1453 1708 1812 1777 respondere,

194 1802 437 1857 eamque
493 1787 885 1843 inviolabiliter
938 1806 1291 1848 conservare.
1352 1796 1456 1849 Sed
1506 1774 1634 1868 quia
1689 1774 1818 1853 tunc
1845 1774 1891 1840 Β

190 1886 572 1948 Opportunum
616 1886 856 1951 tempus,
887 1898 999 1953 quo
1026 1884 1186 1939 simul
1220 1886 1517 1941 convenire
1546 1889 1815 1955 valerent,

191 1987 312 2025 non
342 1971 655 2037 videbatur,
705 1988 830 2027 cum
871 1974 1105 2030 Domino
1135 1976 1383 2044 juvante,
1419 1986 1638 2050 tempus
1676 1981 1816 2034 arri-

188 2063 383 2127 sisset,
457 2064 510 2117 id
560 2073 941 2134 competenter
1017 2076 1123 2121 tam
1184 2068 1313 2139 ipsi,
1389 2088 1550 2142 quam
1602 2072 1814 2126 czeteris

182 2156 557 2230 suffraganeis
594 2160 964 2228 prasnuntiare
995 2172 1226 2217 curaret.
1272 2165 1403 2219 Item
1432 2181 1531 2235 pro
1559 2166 1811 2234 jussione

181 2249 458 2319 Stephani
495 2266 670 2320 papze,
728 2251 859 2322 quia
907 2254 1258 2309 mandaverat
1316 2257 1519 2312 domno
1560 2258 1809 2321 Fulconi,

180 2342 316 2395 data
346 2341 531 2395 eidem
565 2341 786 2397 licentia
838 2343 1080 2410 interim,
1114 2355 1171 2400 ut
1211 2348 1462 2417 petierat,
1498 2351 1809 2405 remorandi

178 2440 468 2503 quatenus
500 2434 648 2488 hunc
676 2434 1009 2490 Honoratum
1042 2437 1385 2507 episcopum,
1420 2447 1586 2511 atque
1616 2442 1813 2497 Rodul-

179 2522 303 2576 fum
350 2522 771 2577 Laudunensem
810 2524 1122 2579 Ravennam
1160 2527 1401 2582 mitteret
1438 2530 1506 2582 ad
1537 2532 1807 2600 synodum

179 2612 397 2666 ibidem
437 2612 826 2669 celebrandam
912 2615 1063 2670 Unde
1105 2624 1310 2683 monet,
1365 2626 1424 2672 ut
1471 2619 1611 2674 sicut
1669 2638 1809 2691 papa

174 2701 365 2769 jubet,
421 2701 542 2769 ejus
610 2704 971 2773 prmceptioni
1038 2704 1404 2776 obtemperet.
1466 2708 1807 2765 Teuthbaldo

183 2789 526 2861 Lingoncnsi
574 2791 839 2861 episcopo
892 2792 1211 2849 amicabiles
1237 2804 1291 2848 et
1320 2795 1601 2851 charitatis
1633 2799 1809 2852 utrin-

180 2902 295 2956 que
327 2884 739 2952 conjunctrices
774 2886 913 2956 [ms.,
949 2888 1360 2959 continetrices]
1390 2890 1575 2964 dirigit
1600 2892 1807 2947 litteras

182 2975 515 3050 significans
541 2977 611 3030 de
641 2978 869 3048 privatis
900 2978 1043 3032 inter
1067 2995 1126 3034 se
1150 2978 1335 3047 rebus,
1367 2998 1504 3052 quas
1534 2984 1581 3036 ei
1614 2984 1808 3038 Teuth-

182 3072 389 3125 baldus
420 3088 519 3141 per
547 3088 705 3126 suum
740 3072 1147 3145 significaverat
1188 3075 1437 3139 missum,
1470 3083 1524 3130 et
1553 3076 1619 3131 de
1650 3093 1806 3132 com-

1925 540 2241 606 amicitiam,
2276 558 2438 612 quam
2479 542 2527 596 ei
2564 541 2911 612 promiserat,
2942 557 3198 595 asserens
3228 557 3289 594 se
3339 558 3536 612 perpe-

1925 638 2018 683 tuo
2050 639 2409 685 servaturum.
2461 632 2662 686 Dolens
2694 648 2821 686 vero
2852 638 2905 685 et
2963 632 3357 704 ingemiscens,
3390 634 3537 702 quod

1926 738 2071 787 eum,
2105 738 2265 793 quem
2300 722 2646 792 praeelectum
2688 722 2941 795 regimini
2974 723 3251 795 gaudebat
3282 722 3537 777 Ecclesiae

1925 809 2029 863 hoc
2057 810 2275 865 videbat
2303 819 2433 865 tunc
2453 810 2650 866 effectu
2675 810 2991 865 frustratum
3014 829 3026 863 :
3058 812 3304 865 hortatur
3330 818 3534 877 tamen,

1924 909 1984 956 ut
2023 903 2151 957 licet
2180 903 2352 957 elisus
2378 903 2447 958 sit
2477 903 2690 958 fortiter
2725 902 2961 957 validius
2992 909 3259 971 resurgat,
3305 902 3537 971 cupiens

1923 993 2103 1048 eidem
2133 1010 2327 1049 omnes
2361 995 2705 1066 prOpinquos
2735 1004 2789 1049 et
2823 994 3029 1049 amicos
3058 1010 3207 1057 suos,
3237 993 3321 1047 vel
3367 1008 3531 1064 quos-

1922 1101 2142 1157 cunque
2167 1087 2307 1142 alios
2339 1096 2528 1157 posset
2568 1088 2633 1140 ad
2667 1101 2855 1155 pacem
2898 1091 2951 1138 et
2982 1085 3331 1139 concordiam
3374 1100 3535 1139 revo-

1922 1196 2065 1241 care,
2100 1188 2204 1233 etc.
2238 1179 2502 1233 Balduino
2530 1178 2717 1232 comiti
2750 1177 3092 1242 Flandrensi,
3126 1192 3224 1248 pro
3257 1176 3531 1236 admissis,

1924 1270 2122 1339 ipsius,
2155 1270 2225 1323 de
2277 1270 2481 1341 quibus
2513 1286 2636 1325 cum
2678 1268 3026 1339 coepiscOpis
3065 1269 3369 1322 dioeceseos
3398 1283 3532 1331 suae,

1923 1378 2044 1432 qua?
2077 1361 2269 1417 forent’
2308 1362 2519 1435 agenda
2552 1368 2898 1416 tractaverat.
2933 1360 3032 1425 Qui
3066 1359 3365 1414 Balduinus
3395 1359 3537 1412 inter

1920 1451 2027 1505 alia
2052 1452 2313 1522 quailibet
2337 1468 2520 1522 prava,
2540 1452 2703 1506 etiam
2737 1450 3117 1520 presbyterum
3147 1448 3532 1522 ﬂagellaverat,

1920 1539 2072 1604 Quod
2106 1538 2307 1594 factum
2342 1541 2529 1612 quanti
2564 1541 2635 1594 sit
2666 1539 2911 1603 sceleris,
2941 1554 3005 1591 ex
3064 1538 3265 1592 divinis
3294 1535 3535 1591 ostendit

1918 1631 2355 1686 auctoritatibus.
2405 1632 2663 1685 Basilicas
2690 1630 2851 1685 etiam
2882 1629 3144 1701 quasdam
3179 1628 3478 1683 abstulerat
3503 1644 3533 1681 a

1918 1718 2257 1789 presbyteris
2281 1718 2417 1772 inibi
2449 1719 2735 1784 ordinatis,
2768 1726 2821 1772 et
2880 1718 3000 1771 aliis
3029 1718 3278 1782 dederat,
3336 1718 3532 1771 incon-

1917 1812 2061 1866 sulto
2084 1811 2325 1882 ipsorum
2346 1812 2628 1882 episcopo.
2659 1812 3070 1865 Possessionem
3091 1826 3311 1881 quoque
3334 1825 3531 1879 quam-

1918 1900 2065 1965 dam,
2115 1916 2277 1970 quam
2344 1916 2435 1953 rex
2485 1899 2737 1953 Ecclesia)
2790 1898 3139 1954 Noviomensi
3208 1897 3529 1961 tradiderat,

1918 1979 2063 2046 idem
2096 1991 2399 2046 Balduinus
2431 1991 2718 2057 invadens,
2760 2006 2858 2061 per
2883 1990 3197 2045 violentiam
3234 1988 3528 2044 retinebat.

1913 2082 2143 2138 Adnecti
2176 2099 2307 2157 ergo
2337 2084 2602 2139 canonica
2650 2092 2705 2137 et
2742 2084 2938 2158 legalia
2987 2100 3153 2153 super
3215 2080 3529 2151 bujusmodi

1914 2171 2250 2227 facinoribus
2287 2172 2545 2242 capitula.
2584 2173 2881 2244 Redarguit
2931 2172 3096 2226 etiam
3144 2171 3398 2226 eumdem
3433 2186 3530 2241 pro

1912 2276 1978 2316 eo
2002 2261 2149 2331 quod
2172 2262 2566 2315 monasterium
2594 2262 2990 2316 monachorum
3012 2260 3119 2314 sibi
3148 2264 3530 2330 usurpaverat,

1911 2358 1965 2402 et
1992 2349 2362 2403 insurrexerat
2391 2355 2578 2403 contra
2612 2364 2795 2421 regem
2826 2365 2951 2403 cum
2982 2347 3305 2402 infidelitate
3323 2356 3376 2399 et
3403 2361 3531 2416 pcr-

1904 2440 2072 2507 jurio.
2108 2440 2283 2511 Super
2313 2440 2514 2510 quibus
2532 2440 2833 2508 rebusjam
2866 2440 3075 2494 dudum
3108 2439 3231 2493 data
3259 2438 3365 2492 sibi
3387 2437 3530 2491 dila-

1911 2528 2085 2592 tione,
2119 2534 2173 2581 et
2211 2526 2462 2581 adhibita
2495 2528 2797 2598 episcopali
2831 2527 3233 2586 admonitione,
3290 2527 3435 2580 hanc
3461 2527 3530 2579 de

1911 2616 2029 2671 loco
2060 2617 2126 2670 ad
2150 2616 2328 2670 locum
2362 2632 2482 2670 sese
2515 2616 2892 2671 convertendo
2923 2616 3218 2670 videbatur
3246 2613 3527 2669 subterfu-

1909 2724 2059 2781 gere.
2095 2708 2250 2763 Unde
2277 2716 2331 2762 et
2354 2708 2439 2761 his
2468 2724 2593 2761 eum
2627 2708 2823 2762 litteris
2854 2715 3077 2779 paterna
3111 2722 3315 2761 vocans
3344 2706 3531 2760 admo-

1911 2799 2142 2867 nitione,
2178 2802 2425 2855 hortatur
2480 2800 2930 2855 emendationem
2974 2799 3239 2871 profiteri.
3296 2798 3449 2863 Quod
3481 2798 3525 2851 s2

1910 2909 2018 2948 non
2054 2893 2274 2957 faceret,
2312 2902 2581 2948 extorrem
2609 2908 2668 2947 se
2713 2894 2878 2948 sciret
2921 2909 3044 2947 esse
3068 2910 3097 2946 a
3133 2893 3275 2963 [ms.,
3308 2892 3450 2945 deest
3474 2889 3523 2960 a]

1909 2979 2212 3034 Christiana
2261 2980 2675 3046 communione,
2710 2990 2814 3036 etc.
2850 2982 2985 3035 Item
3015 2980 3082 3033 ad
3110 2980 3366 3034 eumdem
3401 2994 3525 3033 cum

1907 3069 2254 3139 coepisc0pis
2281 3069 2397 3123 suis
2438 3070 2691 3124 scribens
2726 3086 2789 3123 ex
2849 3070 3061 3140 synodo
3115 3069 3301 3123 Remis
3333 3067 3525 3121 habita

174 3164 337 3218 muni
393 3163 672 3234 colloquio
703 3143 913 3229 secum,
966 3166 1035 3219 de
1076 3166 1224 3241 regis
1254 3183 1476 3238 quoque
1526 3175 1581 3222 οι
1633 3169 1805 3239 ipsius
1832 3143 1880 3210 C
1906 3160 2202 3215 Dominicae
2233 3161 2630 3215 lncarnationis
2662 3177 2805 3215 anno
2838 3163 2964 3227 89:2,
3007 3162 3184 3232 arguit
3214 3176 3339 3215 eum
3375 3160 3524 3231 quod

173 3252 518 3308 Teuthbaldi
561 3253 1057 3327 consanguinitate,
1116 3265 1282 3327 atque
1338 3257 1577 3313 amicitia
1628 3259 1804 3329 ipsius

172 3344 430 3415 episcopi
469 3344 580 3416 regi
617 3344 813 3399 Karolo
844 3354 1017 3420 grata.
1052 3347 1223 3423 Rogat
1249 3348 1413 3403 etiam
1449 3350 1555 3404 sibi
1591 3367 1804 3405 reman—

173 3434 302 3488 dari
317 3433 387 3487 de
419 3433 693 3487 Richardo
721 3433 1172 3507 Burgundionum
1194 3436 1618 3507 principe,etde
1642 3438 1805 3508 Aqui-

178 3525 351 3589 lanis,
380 3525 526 3595 quod
559 3541 683 3579 eum
716 3525 1009 3597 contigerit
1061 3526 1224 3593 scire,
1258 3537 1364 3582 etc.
1426 3527 1656 3583 Rodulfo
1689 3528 1801 3597 jam

172 3616 315 3671 dicti
351 3614 578 3669 Didonis
607 3615 851 3687 episcopi
885 3616 1217 3683 successori,
1257 3616 1584 3689 gratulando
1613 3618 1679 3672 de
1712 3621 1803 3675 ho-

173 3727 317 3766 nore
343 3710 537 3780 ipsius,
564 3717 618 3764 et
646 3698 893 3780 profectu
929 3712 982 3765 in
1007 3711 1256 3766 Domino.
1284 3713 1415 3766 Item
1446 3728 1543 3782 pro
1562 3713 1800 3783 quodam

172 3804 360 3876 ipsius
395 3802 609 3858 Rodulfi
643 3804 921 3873 subjecto,
967 3806 1065 3861 sed
1096 3806 1164 3861 ab
1197 3806 1391 3861 eodem
1425 3806 1658 3874 abjecto,
1691 3825 1802 3864 mo-

169 3909 321 3948 nens
342 3892 647 3947 cavendum
676 3910 743 3947 ne
767 3894 993 3948 laedatur
1018 3894 1207 3949 inhoc
1234 3895 1568 3966 episc0palis
1589 3896 1798 3965 Opinio,

166 3986 306 4040 dum
350 3985 500 4055 quod
531 3986 714 4059 agitur
743 3985 860 4040 zelo
893 3986 1261 4053 rectitudinis,
1294 3986 1500 4041 feratur
1532 3987 1649 4042 ﬁeri
1680 3987 1800 4043 zelo

166 4080 504 4134 exercendae
537 4079 797 4134 ultionis:
858 4080 1103 4135 inferens
1140 4081 1439 4137 Ecclesiam
1474 4082 1798 4138 Hemensem

169 4175 281 4227 hoc
299 4188 367 4226 ex
382 4172 611 4242 antiquo
626 4172 1257 4243 privilegiumhabuisse,
1276 4181 1333 4228 ut
1346 4175 1801 4246 quicunquedice-

170 4276 542 4316 cesaneorum
569 4262 821 4331 proprios
862 4261 1156 4331 episcopos
1187 4261 1465 4333 quoslibet
1504 4262 1800 4318 offendisse

173 4372 238 4410 se
303 4355 468 4408 modo
526 4354 852 4420 sensissent,
912 4355 979 4407 ad
1028 4354 1165 4409 hanc
1212 4364 1529 4411 caterarum
1570 4363 1798 4411 matrem

171 4446 548 4518 confugerent
580 4445 971 4511 Ecclesiarum,
1003 4445 1266 4501 auxilium
1298 4446 1403 4500 sibi
1438 4446 1615 4501 veniae
1640 4446 1795 4521 ﬂagi-

167 4546 361 4593 tantes
388 4537 456 4591 ab
480 4538 616 4608 ipsa.
643 4562 667 4583 «ι
705 4538 796 4591 Ast
819 4554 943 4612 ego,
966 4538 1164 4609 inquit,
1193 4539 1341 4593 nulla
1370 4538 1424 4591 in
1446 4538 1553 4593 hoc
1568 4539 1794 4613 negotio

165 4632 249 4687 uti
302 4632 450 4685 volui
481 4631 852 4686 auctoritate:
906 4632 1002 4686 sed
1049 4632 1192 4687 sicut
1233 4632 1443 4686 amicus
1485 4630 1554 4684 ab
1590 4632 1787 4699 amico,

164 4724 287 4776 imo
305 4721 447 4774 sicut
466 4720 821 4790 aspecialiter
848 4720 1048 4775 dilecto
1072 4718 1185 4775 filio
1206 4720 1483 4790 postulare
1507 4737 1521 4781 ;
1552 4735 1619 4775 eo
1642 4720 1789 4791 quod

163 4826 261 4865 me
295 4810 440 4880 apud
499 4825 618 4874 vos,
652 4825 761 4864 non
822 4810 997 4865 dicam
1046 4809 1276 4881 aliquid,
1311 4825 1370 4863 se
1404 4809 1547 4863 bene
1608 4824 1792 4880 posse,

162 4899 543 4955 confidebam.
584 4919 609 4949 (ι
637 4899 990 4973 Subjungens
1016 4915 1235 4970 quoque
1283 4906 1405 4968 post
1428 4898 1632 4969 aliqua,
1666 4899 1795 4970 quia

166 4986 459 5042 miseratio
485 5001 594 5039 non
627 4993 711 5040 est
744 4987 1116 5056 praevaricatio
1144 5003 1156 5039 :
1190 5003 1313 5041 cum
1349 4987 1493 5040 Deus
1523 4987 1791 5057 quotidie,

171 5087 302 5151 post
320 5077 499 5131 minas
525 5076 783 5131 districta:
804 5078 1052 5143 ultionis,
1082 5078 1150 5132 ad
1164 5094 1223 5133 se
1255 5079 1537 5133 conversis
1555 5087 1795 5149 paterna:

169 5170 527 5226 consueverit
556 5168 881 5237 impendere
900 5170 1107 5225 viscera
1142 5169 1384 5241 pietatis;
1412 5170 1610 5242 etquia
1634 5185 1795 5225 nemo

164 5263 251 5317 sic
282 5277 527 5333 unquam
565 5259 731 5324 cadit,
766 5268 824 5315 ut
852 5261 902 5315 ei
938 5262 1264 5335 resurgendi
1291 5261 1450 5332 copia
1469 5261 1669 5317 debeat
1695 5262 1790 5317 de-

166 5349 383 5422 negari,
418 5356 531 5404 etc.

809 5422 1019 5476 CAPUT
1052 5422 1161 5476 νη.

236 5514 364 5579 Quae
394 5511 707 5575 abbatibus,
736 5513 815 5564 vel
854 5513 1159 5566 illustribus
1206 5514 1339 5565 viris
1372 5510 1716 5580 quibusdam.

231 5618 522 5690 Stephano
555 5613 776 5667 cuidam
808 5615 993 5669 abbati
1027 5631 1089 5670 ac
1138 5614 1489 5670 nobilissimo
1519 5613 1658 5679 viro,
1693 5615 1785 5685 qui

164 5714 224 5767 ad
256 5715 653 5786 episc0patum
681 5709 891 5764 electus
930 5709 1244 5778 videbatur,
1269 5719 1400 5765 tunc
1431 5714 1613 5764 autem
1644 5708 1785 5765 forte

1904 3249 2271 3304 ecclesiastica
2301 3250 2462 3303 simul
2496 3257 2551 3303 et
2604 3250 2801 3323 legalia
2826 3250 2951 3317 jura
3000 3255 3402 3313 contemneret,
3437 3264 3528 3303 res

1902 3341 2323 3404 ecclesiasticas,
2358 3349 2412 3394 et
2464 3342 2700 3395 honores
2732 3340 2835 3393 sibi
2874 3357 2982 3394 non
3040 3355 3340 3395 concessus
3371 3339 3528 3393 inva-

1906 3430 2083 3494 deret,
2118 3428 2211 3482 Dei
2236 3429 2483 3483 timorem
2508 3446 2536 3481 a
2559 3444 2616 3482 se
2647 3427 2965 3498 projiciens,
2990 3437 3042 3481 et
3075 3426 3237 3482 fidem
3273 3444 3438 3498 quam
3468 3427 3522 3481 in

1906 3517 2235 3588 baptismate
2254 3517 2363 3570 Deo
2383 3515 2731 3585 promiserat,
2758 3516 3024 3585 operibus
3036 3516 3321 3581 abdicans,
3344 3514 3523 3569 locum

1904 3608 2044 3663 sacri
2097 3607 2382 3662 monastici
2416 3606 2628 3662 ordinis
2675 3608 3000 3676 pervadens,
3059 3615 3112 3661 et
3166 3606 3382 3662 abbatis
3420 3606 3525 3661 sibi

1904 3713 2109 3754 nomen
2135 3700 2411 3767 usurpans
2464 3696 2617 3751 Unde
2650 3696 2927 3751 communi
2959 3695 3185 3751 decreto
3216 3696 3523 3765 episcopo-

1905 3804 2021 3842 rum
2070 3788 2378 3857 judicatum
2434 3787 2629 3855 fuerat,
2681 3801 2806 3840 eum
2847 3783 3190 3839 auctoritatis
3244 3780 3524 3837 canonica:

1900 3878 2248 3932 anathemate
2278 3878 2608 3932 feriendum.
2640 3875 2746 3930 Sed
2778 3874 3037 3946 quoniam
3073 3879 3125 3927 et
3157 3873 3435 3937 Ecclesiae,
3469 3883 3525 3929 et

1904 3969 2137 4041 publicis
2191 3970 2343 4042 regni
2411 3970 2736 4023 utilitatibus
2777 3966 3067 4022 videbatur
3106 3964 3521 4032 accommodus,

1902 4077 2136 4116 censura
2158 4060 2515 4132 suspenditur
2535 4060 2717 4114 adhuc
2746 4056 3240 4113 animadversionis
3260 4055 3524 4109 ecclesia-

1902 4151 2071 4218 sticaa,
2114 4153 2560 4224 recogitandique
2591 4151 2695 4206 sibi
2730 4157 2783 4204 et
2812 4148 3144 4203 emendandi
3175 4146 3407 4217 spatium
3443 4163 3524 4201 re-

1902 4252 2166 4311 servatur,
2193 4252 2246 4298 et
2274 4244 2594 4299 obsecratur
2634 4260 2733 4313 per
2758 4241 3191 4296 misericordiam
3220 4238 3334 4303 Dei,
3367 4245 3424 4292 ut
3452 4239 3521 4293 ab

1905 4335 2004 4388 hac
2058 4332 2488 4404 praesumptione
2527 4332 2771 4385 animum
2837 4336 3076 4395 revocet,
3131 4343 3235 4381 nec
3286 4326 3525 4397 amplius

1901 4423 2036 4477 iram
2070 4423 2164 4477 Dei
2190 4430 2382 4477 contra
2412 4436 2470 4475 se
2503 4426 2786 4492 provocet,
2824 4435 2924 4472 nec
2961 4418 3102 4489 [ms.,
3137 4416 3225 4486 ne]
3274 4415 3353 4469 illi
3384 4431 3521 4486 quo-

1813 4512 1868 4581 l)
1895 4511 2188 4566 dammodo
2226 4511 2467 4586 gladium
2500 4508 2765 4581 praebeat,
2808 4513 2911 4561 etc.
2965 4506 3394 4574 Divinarumque
3428 4520 3522 4559 se-

1894 4611 2138 4676 quuntur
2190 4603 2577 4658 auctoritatum
2632 4598 2952 4655 testimonia
2991 4598 3057 4651 ad
3116 4595 3520 4666 correptionem

1895 4697 2065 4767 ipsius
2094 4711 2314 4768 quoque
2346 4695 2581 4767 prolata.
2623 4692 2831 4759 Quibus
2862 4706 2922 4745 se
2964 4688 3284 4760 acquiscere
3329 4687 3518 4756 nollet,

1896 4790 1964 4843 ab
1985 4789 2133 4843 omni
2156 4805 2215 4843 se
2232 4797 2421 4845 nosset
2448 4787 2702 4843 Ecclesiae
2734 4784 3014 4841 consortio
3036 4782 3516 4852 sequestrandum.

1896 4885 2275 4951 perpetuoque
2316 4881 2664 4933 anathemate
2695 4876 3025 4931 feriendum.
3065 4874 3242 4945 Ipsius
3299 4889 3519 4945 quoque

1898 4972 2147 5043 propalat
2175 4971 2761 5027 excommunicationis
2785 4968 3115 5024 sententiam
3148 4968 3203 5021 in
3238 4968 3514 5028 eumdem.

1896 5066 1941 5119 si
1968 5081 2028 5119 se
2058 5064 2337 5138 corrigere
2370 5066 2565 5131 noluit,
2599 5063 2929 5136 quantocius
2954 5060 3326 5131 jaculandam.
3361 5058 3517 5115 Clero

1900 5164 1954 5210 et
2012 5155 2159 5226 plebi
2191 5155 2620 5211 Silvanectensis
2680 5155 2954 5220 Ecclesia-2,
2986 5168 3085 5224 pro
3126 5151 3360 5223 pastoris
3413 5150 3518 5204 sibi

1899 5248 2228 5321 prazferendi
2262 5249 2454 5303 scribit
2485 5249 2779 5315 electione,
2828 5264 3180 5313 succensens,
3224 5262 3321 5301 cur
3360 5246 3428 5299 ad
3458 5260 3517 5300 se

1898 5339 2087 5396 venire
2107 5338 2445 5406 distulerint,
2478 5340 2562 5394 vel
2597 5340 2851 5410 apicibus
2870 5340 3075 5412 alloqui
3098 5356 3179 5405 se,
3203 5354 3366 5409 quam
3394 5336 3516 5392 viva

1894 5444 2027 5484 voce
2040 5428 2365 5483 maluerint:
2397 5428 2670 5483 mandans
2687 5437 2747 5483 ut
2765 5429 2940 5484 electa
2956 5444 3015 5483 se
3031 5426 3264 5501 collegio
3280 5442 3379 5482 suo
3400 5441 3516 5496 per-

1892 5537 2078 5589 sonas,
2113 5529 2218 5576 tam
2237 5528 2394 5576 aetate
2427 5537 2591 5592 quam
2622 5521 2894 5592 sapientia
2920 5530 3161 5576 maturas
3177 5527 3230 5575 et
3259 5520 3509 5585 idoneas,

1887 5614 1954 5668 ad
1978 5630 2037 5668 se
2064 5613 2286 5669 mittere
2318 5619 2614 5681 maturent,
2641 5615 2735 5685 qui
2768 5631 2872 5669 nec
2888 5613 3083 5689 gratia,
3116 5628 3217 5669 nec
3243 5613 3391 5679 odio,
3416 5619 3511 5667 aut

1886 5709 2073 5764 ulllius
2084 5709 2325 5765 avaritia:
2344 5709 2598 5776 obtentu,
2623 5726 2654 5764 a
2679 5710 2894 5766 tramite
2918 5714 3068 5765 recto
3090 5708 3401 5765 exorbitare
3423 5706 3509 5761 ul-
