3972 6206
105 296 202 352 289
724 290 1047 345 ΙΙΙδΤΟΒΙᾹΞ
1088 290 1414 345 ΕΩΟιΕΒΙᾹῖ
1453 291 1737 348 REMENSI

1840 294 1995 350 .IBRI
2038 292 2363 359 QUATUOR.
2405 323 2475 333 —
2515 291 2638 346 LIB.
2686 291 2769 345 ιν.

3303 292 3410 348 290

106 427 451 487 Catelaunicze
482 426 683 481 obnixe
705 424 982 499 ﬂagitans,
1015 433 1075 480 ut
1124 427 1253 497 quia
1284 426 1437 480 locus
1464 427 1576 492 ille,
1611 427 1704 480 ubi
1732 434 1781 500 Α
1805 429 2113 483 liberalium
2133 429 2330 483 artium
2361 426 2561 481 studiis
2588 425 2967 479 adolescentes
2997 424 3226 480 clericos
3253 440 3410 479 exer—

108 521 200 573 hoc
230 532 439 572 sacrum
472 530 672 585 corpus
710 514 812 567 sub
845 515 936 568 dio
982 515 1219 581 jacebat,
1281 514 1530 569 funditus
1587 525 1703 569 erat
1805 518 1915 571 ceri
1945 516 2094 581 fecit,
2125 517 2355 587 ipseque
2407 530 2530 570 cum
2597 514 2677 567 eis
2708 512 2929 567 lectioni
2974 529 3035 567 ac
3062 513 3407 567 meditationi

106 613 419 670 destructus,
464 606 619 661 daret
651 607 701 660 ei
732 606 1009 659 licentiam
1042 607 1177 659 illud
1206 606 1697 667 transferendi,ubi
1803 607 2090 678 sapientia:
2126 623 2347 678 operam
2400 606 2571 660 dedit.
2626 604 2732 659 Sed
2764 614 2817 658 et
2865 604 3205 658 llucbaldum
3234 605 3407 657 sancti

106 697 341 752 devotius
361 703 415 749 et
445 694 821 749 venerabilius
860 694 1061 747 servari
1111 694 1394 748 valuisset.
1429 694 1527 759 Qui
1570 695 1698 747 dum
1804 700 2029 755 Amandi
2055 703 2405 766 monachum,
2437 699 2611 753 virum
2631 713 2852 769 quoque
2889 697 3194 765 disciplinis
3227 699 3414 767 δοριιί-

102 790 189 843 diu
218 787 514 859 persistens
544 786 599 838 in
633 785 893 855 precibus
908 785 1128 839 tandem
1159 801 1272 839 suae
1302 784 1588 855 petitionis
1607 784 1702 839 ob-

1840 794 1879 848 is
1902 793 2164 848 nobiliter
2189 793 2465 848 eruditum
2520 790 2823 854 accersivit,
2875 798 2927 843 et
2976 788 3273 843 Ecclesiam
3308 790 3414 844 Re-

105 881 338 935 tinuisset
366 876 621 933 effectum
653 883 847 932 vocato
879 884 1045 930 nauta
1078 876 1249 931 fertur
1273 877 1322 931 ei
1354 883 1579 930 nautum
1609 876 1701 931 de-
1802 902 2051 941 mensem
2074 877 2350 957 pfgeclaris
2384 884 2672 939 illustravit
2701 882 2983 937 doctrinis,

104 974 253 1035 disse,
293 986 359 1026 eo
392 978 603 1032 tenore,
635 976 695 1023 ut
720 976 885 1023 noctu
917 975 1041 1021 ante
1055 969 1183 1041 galli
1212 974 1435 1023 cantum
1459 968 1525 1021 ad
1551 982 1699 1023 oram
2460 974 2667 1029 CAPUT
2691 975 2752 1027 Χ,

106 1062 329 1118 ﬂuminis
367 1062 487 1129 ejus
518 1062 927 1131 praestolaretur
967 1059 1288 1113 adventum.
1321 1059 1565 1129 Cumque
1590 1066 1703 1111 sta-
2022 1069 2091 1120 De
2118 1068 2526 1134 interemptione
2554 1066 2801 1119 Fulconis
2829 1064 3236 1133 archiepiscopi.

105 1160 207 1206 tuto
229 1151 401 1205 noctis
432 1157 678 1219 tempore
712 1149 808 1203 viri
840 1156 950 1203 tres
974 1164 1097 1202 cum
1134 1148 1374 1219 quodam
1414 1147 1701 1201 sacerdote
1875 1158 2083 1213 Accidit
2131 1163 2316 1211 autem
2349 1164 2406 1210 ut
2460 1156 2736 1209 abbatiam
2766 1154 2937 1210 saucii
2973 1156 3212 1219 vedasii,
3254 1170 3417 1226 quam

104 1244 343 1296 adessent
374 1241 524 1295 ﬂuvii
552 1242 705 1311 ripa),
738 1240 891 1293 missi
920 1240 987 1293 ab
1021 1240 1126 1294 hoc
1156 1240 1379 1303 comite,
1401 1249 1565 1293 nauta
1604 1238 1704 1291 de-

1840 1249 2105 1303 :alduinus
2135 1264 2319 1303 comes
2369 1246 2594 1302 tenebat
2640 1262 2762 1300 cum
2820 1246 3168 1300 Atrabatensi
3219 1255 3419 1311 castro,

102 1336 210 1399 fuit,
238 1349 374 1388 nave
403 1332 652 1387 ulteriori
682 1332 859 1385 defixa
923 1332 1167 1387 ﬂuminis
1197 1347 1326 1387 ora).
1364 1332 1453 1385 "is
1483 1346 1704 1402 quoque
1808 1354 1900 1393 rex
1930 1338 2159 1392 Karolus
2193 1352 2291 1407 pro
2320 1335 2647 1390 infidelitate
2682 1335 2932 1389 Balduini
2976 1335 3043 1388 ab
3063 1351 3129 1389 co
3159 1335 3421 1397 auferret,

102 1423 219 1477 viris
247 1422 547 1476 adventum
606 1421 848 1494 navigeri
892 1421 987 1474 diu
1051 1420 1516 1491 priestolantibus,
1542 1427 1596 1473 et
1617 1420 1701 1473 vi-
1804 1434 1967 1496 atque
1999 1426 2129 1480 huic
2188 1426 2407 1496 praesuli
2449 1442 2567 1480 eam
2600 1426 2948 1489 concederet,
2993 1425 3229 1478 Altmaro
3278 1439 3423 1494 quo—

104 1518 273 1572 cissim
304 1515 671 1571 clamantibus
705 1530 827 1568 cum
887 1528 1051 1567 nemo
1083 1512 1162 1567 eis
1192 1513 1576 1583 responderet,
1609 1512 1702 1566 do-
1805 1515 1928 1569 dam
1961 1516 2163 1571 comite
2196 1516 2471 1569 abbatiam
2503 1516 2675 1569 sancti
2702 1514 2941 1569 Medardi
2973 1522 3231 1568 tenente:
3259 1528 3421 1584 quam

106 1612 208 1663 lore
228 1608 467 1679 perculsi
518 1612 783 1661 corruunt
831 1605 886 1659 in
914 1613 1113 1659 terram
1148 1604 1553 1675 proni,devote
1586 1619 1711 1673 pre-
1815 1607 1920 1661 sibi
1940 1608 2117 1661 visum
2149 1613 2250 1671 est,
2306 1607 2737 1677 Opportunitatis
2791 1605 2987 1679 gratia,
3048 1622 3171 1659 cum
3228 1606 3423 1659 eodem

106 1708 277 1755 cantes
302 1710 360 1754 ut
389 1700 437 1753 si
469 1699 582 1753 Deo
630 1698 888 1768 placitum
935 1696 1075 1751 foret
1106 1712 1310 1767 corpus
1356 1696 1503 1749 illius
1533 1695 1705 1749 sancti
1814 1697 2014 1752 comite
2058 1706 2395 1751 commutare
2448 1697 2675 1762 debere,
2736 1697 2883 1767 quod
2929 1703 2983 1749 et
3041 1696 3172 1767 egit.
3205 1697 3427 1766 Accepit

108 1791 166 1842 de
194 1789 308 1844 loco
329 1788 530 1843 eodem
555 1785 858 1851 transferri,
891 1784 1170 1855 aliquibus
1196 1784 1249 1838 id
1272 1785 1352 1838 eis
1382 1784 1705 1857 dignaretur
1734 1808 1779 1875 Β
1811 1788 1996 1859 itaque
2029 1788 2096 1843 ab
2135 1788 2327 1843 eodem
2362 1788 2600 1843 Altmaro
2641 1788 2918 1842 abbatiam
2952 1789 3123 1842 sancti
3159 1788 3425 1854 Medardi,

108 1881 387 1935 ostendere
419 1878 860 1953 signis.Moxque
892 1878 1047 1932 navis
1067 1878 1249 1933 soluta
1278 1877 1465 1930 divina
1485 1877 1702 1937 virtute,
1808 1888 1861 1934 et
1885 1880 2037 1933 dedit
2068 1879 2145 1933 illi
2199 1878 2480 1934 abbatiam
2534 1881 2707 1934 sancti
2763 1880 3002 1941 Vedasti,
3057 1889 3279 1950 recepto
3330 1896 3428 1949 per

104 1985 235 2022 nexu
267 1983 375 2038 quo
408 1966 706 2021 tenebatur
744 1964 926 2029 affixa,
964 1964 1095 2035 ripas
1146 1981 1253 2036 qua
1284 1964 1707 2033 exspectabatur
1809 1971 1918 2025 vim
1947 1970 2303 2025 obsidionisa
2337 1969 2600 2024 Balduino
2631 1969 3000 2023 Attrabateusi
3034 1980 3235 2025 castro.
3258 1969 3423 2037 Cujus

105 2062 427 2116 mirabiliter
457 2059 941 2130 acceditappulsa.
973 2059 1127 2122 Quod
1149 2058 1473 2113 admirando
1494 2059 1711 2129 perspi—
1812 2059 2102 2113 anxietatis
2145 2059 2336 2114 dolore
2385 2074 2681 2113 succensus
2738 2065 2845 2113 tam
2901 2058 3225 2125 Halduinus,
3261 2074 3425 2130 quam

103 2152 315 2217 cientes,
349 2160 404 2205 et
447 2150 713 2204 maximas
752 2149 862 2203 Deo
918 2148 1123 2221 gratias
1153 2146 1475 2213 referentes,
1508 2163 1709 2202 ascen-
1814 2147 1996 2203 omnis
2026 2148 2148 2215 ejus
2188 2148 2498 2215 comitatus,
2533 2148 2663 2202 dum
2686 2154 2941 2218 quierunt
2971 2148 3208 2219 qualiter
3238 2147 3427 2201 ulcisci

104 2246 225 2300 dunt
267 2262 487 2309 navem,
531 2244 600 2298 de
642 2243 925 2298 voluntate
982 2243 1079 2296 Dei
1137 2242 1447 2296 securiores
1506 2240 1707 2297 effecti.
1814 2259 1871 2297 se
1901 2242 2136 2313 possint,
2170 2243 2468 2297 amicitiam
2494 2259 2617 2297 cum
2641 2242 2833 2297 eodem
2869 2242 3101 2312 praesule
3131 2258 3189 2295 se
3218 2242 3434 2314 fingunt

107 2341 548 2409 .iccedentcsque
580 2339 648 2392 ad
670 2338 851 2393 locum
882 2336 1145 2408 sepulcri,
1172 2344 1227 2391 et
1257 2343 1449 2405 aperto
1479 2338 1711 2392 saxeoin
1819 2338 2107 2403 resarcire,
2133 2346 2445 2408 quzerentes
2474 2337 2708 2392 ultionis
2739 2337 2944 2403 locum,
2969 2338 3435 2407 explorantesque

107 2444 205 2499 quo
233 2445 381 2483 sacra
414 2426 669 2481 membra
684 2426 943 2493 jacebant
994 2424 1358 2495 sarc0phago,
1392 2431 1710 2480 reverenter
1815 2429 2093 2500 quomodo
2121 2446 2151 2484 a
2173 2438 2374 2484 metatu
2416 2445 2517 2484 suo
2538 2430 2602 2483 ad
2644 2429 2791 2503 regis
2813 2429 3154 2500 colloquium
3187 2428 3429 2498 stipato-

107 2521 327 2585 elevant,
363 2525 799 2588 transponentes
822 2517 939 2570 haec
961 2516 1016 2569 in
1049 2522 1353 2586 praeparato
1386 2514 1453 2569 ad
1484 2514 1535 2567 id
1567 2528 1706 2583 opus
1809 2520 1959 2574 ribus
1989 2521 2221 2576 vallatus
2260 2520 2536 2592 proficisci
2593 2521 2796 2574 soleret
2827 2538 2839 2573 :
2871 2521 3108 2592 quadam
3149 2520 3261 2585 die,
3296 2518 3427 2572 dum

109 2614 304 2669 noviter
338 2611 606 2668 scriniolo
638 2628 651 2665 :
683 2610 873 2681 sicque
904 2626 1027 2664 cum
1062 2610 1271 2681 ingenti
1311 2609 1514 2681 gaudio
1528 2624 1708 2662 reme—
1808 2612 1999 2683 paucis
2029 2612 2325 2667 admodum
2343 2613 2658 2678 comitatus,
2685 2611 2832 2684 regis
2860 2617 3074 2682 peteret
3103 2610 3430 2681 alloquium,

108 2716 247 2760 antes
298 2706 366 2759 ad
428 2718 652 2767 navem,
710 2709 999 2756 transeunt
1054 2699 1305 2754 celeriter
1343 2700 1573 2763 ﬂumen,
1607 2698 1713 2753 hoc
1815 2720 1941 2759 eum
1965 2703 2021 2758 in
2055 2705 2163 2769 via,
2206 2705 2346 2759 duce
2374 2705 2615 2776 quodam
2673 2702 2997 2757 Winemaro
3046 2700 3435 2773 aggredicntes

110 2796 292 2869 pignus
317 2812 446 2850 cum
475 2793 729 2847 laudibus
767 2792 1086 2847 deferentes
1152 2791 1219 2845 ad
1249 2792 1431 2846 vicum
1492 2790 1713 2845 Balbia—
1816 2793 2197 2863 intercipiunt.
2242 2793 2304 2847 Et
2335 2793 2559 2865 quidem
2582 2792 2817 2863 primum
2845 2790 2999 2863 quasi
3033 2790 3360 2843 deamicitia
3382 2796 3437 2843 et

109 2904 215 2940 cum
244 2887 488 2957 (Balby),
521 2885 617 2939 ubi
680 2900 779 2954 per
816 2883 1116 2938 triennium
1170 2890 1385 2938 constat
1414 2882 1712 2937 venerabi-

1840 2889 2239 2961 ecuperatione
2266 2884 2519 2940 Balduini
2537 2882 2772 2937 aﬂ'antur
2800 2900 2813 2947 ;
2840 2884 3061 2936 demum
3080 2896 3209 2936 vero
3235 2881 3439 2950 impro-

113 2979 223 3033 lilcr
274 2983 686 3033 conservatum
748 2976 875 3031 POSI
928 2976 1042 3029 11ch
1109 2974 1177 3028 ad
1236 2975 1527 3030 ecclesiam
1568 2974 1715 3029 beati
1818 2980 1998 3035 visum
2054 2976 2262 3033 lanceis
2317 2976 2613 3046 impetunt,
2657 2979 3018 3043 prosternunt
3044 2987 3106 3026 ac
3136 2971 3440 3041 perimunt.

114 3068 325 3140 Remigii
349 3066 661 3123 honorifice
712 3073 795 3120 est
844 3065 1108 3130 delatum,
1137 3072 1192 3119 et
1220 3064 1435 3119 custodi
1467 3064 1715 3119 ecclesiae
1818 3068 2048 3132 Quidam
2079 3082 2208 3122 vero
2236 3081 2459 3121 suorum
2492 3080 2616 3119 sese
2646 3063 2717 3118 ob
2768 3063 3001 3117 nimium
3035 3064 3157 3131 ejus
3184 3076 3437 3116 amorem

114 3157 294 3212 devote
321 3154 705 3220 commissum,
741 3154 1008 3225 juxtaque
1054 3153 1367 3224 sepulcrum
1390 3153 1555 3221 hujus
1581 3169 1713 3207 san-
1745 3183 1793 3228 ρ
1820 3172 1987 3228 super
2012 3158 2191 3227 ipsum
2214 3161 2650 3225 prosternentes,
2693 3153 2903 3223 pariter
2940 3169 3067 3208 cum
3100 3167 3166 3207 eo
3197 3150 3443 3206 transfixi

111 3249 321 3302 ctissimi
353 3244 853 3319 patrishonorifice
892 3246 1239 3301 collocatum.
1279 3245 1407 3300 Post
1432 3244 1719 3299 biennium

117 3340 569 3410 przefatuscomes
582 3354 707 3392 cum
721 3352 891 3392 uxore
904 3353 1003 3392 sua
1025 3336 1314 3392 Herisinde
1329 3337 1594 3392 domuum
1609 3337 1729 3390 Ful-

116 3449 298 3488 conem
326 3431 629 3504 praesulem
677 3430 958 3486 humiliter
987 3430 1235 3500 expetiit,
1269 3428 1558 3500 postulans
1597 3436 1657 3483 ut
1676 3429 1724 3482 ei

117 3526 284 3581 locum
297 3525 609 3597 sepultura:
639 3524 970 3580 concederet
984 3524 1039 3577 in
1057 3523 1283 3578 dextera
1298 3522 1463 3590 hujus
1480 3521 1728 3576 ecclesia:

113 3620 275 3684 parte,
305 3612 682 3683 juxtaostium
710 3610 1731 3683 cryptae.Quoimpetrato,etaltarista-

118 3713 419 3778 tuto,atque
431 3712 698 3780 argenteo
712 3705 913 3760 decore
926 3704 1330 3774 cooperto,illic
1339 3704 1602 3759 decenter
1614 3702 1730 3757 hinc

121 3799 457 3854 venerabilia
473 3799 829 3869 deponuntur
845 3797 1365 3869 membra.Denique
1390 3804 1679 3868 postquam
1704 3812 1732 3849 a

124 3887 340 3956 praefato
380 3887 683 3958 sepulturae
722 3902 833 3940 sua:
890 3886 1103 3941 sublata
1141 3894 1268 3940 sunt
1296 3887 1437 3951 loco,
1478 3885 1734 3957 quaedam

126 3981 316 4037 mulier
344 3996 512 4039 caeca.
548 3979 868 4034 Erentrudis
909 3978 1157 4046 nomine,
1192 3979 1284 4033 illo
1324 3978 1610 4034 candelam
1642 3977 1740 4031 de-

130 4070 307 4126 ferens
337 4072 595 4139 accessit,
627 4071 985 4141 impetrandae
1016 4086 1179 4125 causa
1209 4070 1459 4125 medelas.
1493 4068 1557 4124 At
1586 4082 1740 4123 com-

131 4172 277 4231 perto
298 4179 522 4217 sacrum
579 4177 780 4232 corpus
837 4161 965 4216 inde
1023 4161 1299 4216 sublatum
1346 4160 1565 4231 penitus
1594 4174 1737 4224 esse,

130 4250 294 4306 nimio
316 4266 531 4326 angore
560 4250 752 4305 affecta
778 4251 947 4321 capit
976 4250 1161 4305 ﬂendo
1198 4250 1463 4321 conqueri
1486 4266 1585 4305 cur
1610 4265 1741 4304 san-

126 4350 239 4395 ctus
274 4341 365 4395 hic
400 4341 621 4396 Domini
650 4340 854 4394 abinde
884 4355 944 4394 se
968 4339 1311 4410 permisisset
1340 4340 1540 4394 auferri
1578 4338 1604 4391 ‘?
1644 4355 1742 4394 cur

125 4432 467 4487 deseruisset
520 4432 752 4491 vicinos.
804 4432 1012 4502 quibus
1068 4431 1343 4486 beneficia
1392 4431 1588 4487 solitus
1621 4442 1740 4487 erat

124 4525 373 4594 praabere
405 4524 597 4579 divina
627 4523 655 4576 ‘P
684 4523 975 4579 Subveniri
1006 4538 1138 4595 ergo
1176 4523 1279 4577 sibi
1312 4523 1611 4597 gemitibus
1649 4540 1744 4578 ex-
1769 4504 1826 4571 D

126 4627 381 4681 poscens,
420 4613 603 4669 visum
655 4612 763 4666 sibi
802 4618 885 4666 est
917 4608 1189 4681 proficisci
1239 4610 1443 4665 debere
1464 4611 1533 4664 ad
1564 4611 1740 4665 vicum

126 4704 434 4781 Matusgum
469 4705 759 4772 (Maroug),
794 4703 891 4758 ubi
940 4702 1107 4757 frater
1148 4702 1266 4770 ejus
1327 4711 1548 4756 sanctus
1574 4703 1742 4773 quie-

124 4798 311 4853 scebat
339 4799 606 4852 Vetanus.
667 4797 745 4850 Ad
793 4795 950 4863 cujus
979 4795 1294 4865 sepulcrum
1325 4793 1607 4848 candelam
1641 4810 1745 4865 po-

126 4904 283 4956 nens,
315 4904 562 4958 seseque
606 4888 659 4941 in
699 4886 946 4942 oratione
969 4894 1344 4957 prosternens,
1370 4884 1537 4955 coapit
1562 4882 1746 4938 ﬂendo

123 4988 425 5053 utrumque
468 4978 729 5034 invocare
795 4979 1037 5034 fratrem.
1070 4978 1317 5048 Dumque
1337 4976 1511 5031 sancti
1544 4990 1745 5031 nomen

125 5072 320 5127 crebro
361 5068 575 5139 repetit
618 5068 885 5133 Gibriani,
922 5068 1092 5138 coepit
1147 5067 1323 5139 caligo
1381 5065 1660 5139 albuginis
1680 5064 1748 5120 ab

125 5163 297 5217 oculis
330 5162 459 5231 ejus
488 5158 745 5229 abrumpi
782 5178 794 5212 :
828 5160 1015 5231 sicque
1048 5158 1236 5213 divina
1268 5157 1603 5228 prOpitiante
1626 5156 1745 5226 pie-

125 5251 453 5322 tate,prisco
490 5247 795 5302 redonatur
821 5246 1049 5301 lumine.
1084 5244 1346 5299 Prtefatus
1363 5244 1751 5315 deniqueprae-

123 5346 203 5399 sul
234 5340 598 5401 honorabilis
627 5341 813 5408 Fulco,
872 5340 1140 5397 sollicitus
1171 5340 1314 5394 circa
1342 5339 1434 5393 Dei
1463 5337 1669 5392 cultum
1698 5347 1752 5394 et

125 5437 379 5492 ordinem
395 5432 1061 5498 ecclesiasticum,amore
1086 5445 1306 5501 quoque
1337 5426 1621 5498 sapientia
1644 5426 1751 5480 fer-

126 5546 275 5595 vens,
320 5530 469 5583 duas
505 5525 723 5579 scholas
753 5522 1357 5591 Remis,canonicorum
1378 5518 1591 5574 scilicet
1619 5518 1750 5585 loci,

125 5633 290 5697 atque
324 5620 605 5678 ruralium
635 5618 977 5683 clericorum,
1000 5617 1111 5686 jam
1146 5630 1285 5685 pene
1319 5611 1753 5684 delapsasresti-

126 5716 244 5783 tuit,
276 5724 335 5771 et
368 5716 611 5770 evocato
671 5709 917 5784 Remigio
947 5706 1427 5763 Antissiodorense
1468 5701 1749 5775 magistro,

1828 3254 1882 3301 et
1909 3242 2227 3314 interempti
2249 3251 2397 3297 sunt.
2424 3242 2615 3297 Caeteri
2648 3242 2741 3311 qui
2775 3242 3121 3312 superfuere,
3158 3240 3244 3294 his
3264 3242 3445 3311 quiad

1830 3336 2122 3406 hospitalia
2153 3342 2553 3401 remanserant,
2578 3335 2696 3387 haec
2724 3335 2947 3389 maximi
2968 3335 3052 3388 sui
3075 3333 3285 3387 doloris
3301 3348 3450 3387 nun-

1828 3427 1903 3482 tia
1931 3432 2171 3497 portant.
2204 3426 2303 3489 Qui
2335 3426 2413 3480 rei
2448 3426 2695 3480 novitate
2728 3426 2989 3495 perculsi,
3023 3425 3302 3495 armisque
3326 3441 3450 3478 mu-

1830 3520 1953 3589 niti,
1978 3534 2333 3589 percussores
2386 3517 2633 3590 episc0pi
2694 3525 2965 3572 conantur
2990 3518 3199 3572 ultione
3221 3518 3450 3577 adoriri.

1831 3611 2040 3677 Quibus
2062 3610 2289 3665 minime
2320 3610 2574 3681 repertis,
2602 3624 2806 3679 corpus
2853 3610 3128 3674 exanime,
3164 3609 3456 3665 immensis

1832 3704 2103 3773 ejulantes
2128 3703 2511 3776 plangoribus,
2534 3702 2739 3767 levant,
2764 3709 2955 3756 etcum
2989 3701 3197 3773 ingenti
3222 3716 3449 3757 suorum

1834 3796 2080 3853 omnium
2109 3796 2258 3851 luctu
2316 3796 2646 3851 Remensem
2715 3794 2785 3848 ad
2838 3793 3031 3848 urbem
3063 3791 3340 3848 deferunt.
3372 3795 3452 3848 lbi

1835 3887 2057 3943 tandem
2085 3888 2278 3956 lotum,
2319 3897 2373 3943 et
2421 3887 2604 3961 dignis
2650 3882 2929 3955 exsequiis
2956 3882 3310 3947 honoratum,
3345 3885 3453 3939 de-

1838 3978 1984 4033 centi
2013 3986 2095 4033 est
2124 3980 2422 4050 sepulturas
2478 3976 2819 4033 mandatum.
2856 3972 3019 4041 Cujus
3059 3974 3320 4031 antistitis
3351 3976 3456 4029 hoc

1839 4070 2072 4125 habetur
2100 4072 2442 4142 epitaphium
2478 4086 2492 4125 :

1902 4159 2001 4208 Hoc
2027 4162 2219 4209 tumulo
2246 4160 2411 4219 magni
2437 4160 2669 4209 Fulconis
2691 4158 2915 4208 membra
2939 4164 3186 4219 teguntur,

1964 4222 2233 4272 Remorum
2268 4222 2399 4272 sedis
2424 4223 2651 4285 praesulis
2680 4222 2877 4285 egregii.

1903 4282 2132 4355 Germine
2160 4286 2402 4355 nobilium
2419 4281 2576 4355 quem
2603 4281 2815 4355 Francia
2837 4281 3045 4355 protulit
3068 4289 3254 4331 ortum.

1965 4348 2191 4413 Aulaque
2214 4348 2273 4397 de
2300 4344 2480 4396 scholis
2503 4348 2733 4413 sumpsit,
2764 4344 3052 4413 etéxcoluit:

1904 4407 2029 4474 Hch
2059 4404 2184 4460 Déus
2212 4417 2524 4474 assumptum
2548 4404 2723 4474 statuit
2741 4409 2924 4456 virtute
2947 4404 3232 4474 probatum,

1969 4472 2198 4524 Ecclesiae
2224 4469 2498 4537 speculum,
2526 4471 2913 4537 pontificemque
2936 4469 3095 4532 pium,

1905 4533 2143 4603 Septenos
2164 4532 2416 4603 denosque
2447 4532 2596 4603 simul
2622 4533 2701 4583 cui
2725 4532 2925 4597 przefuit
2949 4546 3126 4603 annos,

2017 4612 2093 4648 res
2110 4615 2319 4657 menses,
2337 4594 2507 4648 'denos
2523 4594 2743 4658 insuper'
2758 4603 2905 4658 atque
2933 4594 3057 4642 dies.

1907 4657 2061 4726 Auxit
2078 4663 2394 4726 episcopium
2410 4657 2749 4726 superaddens
2765 4657 2989 4726 plurima
3012 4670 3195 4715 rerum,

1972 4718 2185 4773 Urbis'et
2214 4718 2358 4773 istius
2381 4718 2568 4774 nim-nia
2582 4718 2817 4772 restituit.

1906 4782 2049 4835 Orbis
2071 4787 2246 4849 honor,
2276 4788 2450 4849 patriae
2472 4795 2619 4843 tutor,
2646 4783 2843 4849 pietatis
2859 4790 3080 4849 amator.

1972 4851 2066 4899 Pro
2090 4848 2254 4897 studio
2274 4846 2410 4911 pacis
2435 4846 2717 4899 confoditur
2739 4846 2918 4911 jaculis

1909 4906 2181 4973 Septenum
2203 4906 2485 4973 denumque
2500 4912 2631 4961 diem
2651 4906 2756 4973 jam
2779 4908 2962 4973 mensis
2983 4906 3155 4973 agebat

2012 4929 2181 4963 tonum
2203 4929 2485 4973 aeuumque
2500 4929 2631 4961 atem
2651 4929 2756 4973 jam
2780 4929 2962 4958 mensis
2983 4929 3155 4970 agebat

1974 4929 2168 5030 gunius,
2211 4980 2267 5021 ut
2286 4972 2398 5020 dira
2420 4983 2577 5023 morte
2603 4981 2888 5037 peremptus
2918 4970 3020 5020 abit
3046 4967 3233 5091 (Apud(
3260 4970 3458 5093 [gaqunq

3238 5046 3267 5081 ο
3305 5047 3320 5079 ι
3347 5068 3358 5079 .

3238 5039 3358 5081 obit.

1910 5102 2000 5166 Cui
2028 5097 2196 5166 Matris
2224 5095 2442 5166 Domini,
2474 5086 2661 5166 pariter
2689 5111 2887 5166 quoque
2909 5094 3136 5166 praesulis
3158 5086 3278 5143 almi

1975 5160 2183 5224 Remigii
2207 5158 2363 5221 pietas
2383 5158 2606 5206 obtineat
2640 5158 2878 5221 requiem.
2910 5158 3089 5208 Amen.

1852 5244 2097 5314 Denique
2122 5241 2469 5295 Winemarus
2520 5239 2643 5307 ejus
2697 5240 3063 5311 interemptor
3093 5239 3160 5294 ab
3186 5238 3460 5311 episcopis

1854 5332 2009 5408 regni
2040 5332 2370 5386 Francorum
2402 5343 2525 5381 cum
2580 5326 2694 5381 suis
2750 5329 3118 5398 complicibus
3148 5345 3466 5385 excommu-

1855 5425 2068 5480 nicatus
2104 5429 2160 5478 et
2224 5417 2741 5482 anathematizatus,
2789 5419 3020 5487 insuper
3080 5419 3377 5475 insanabili
3436 5435 3465 5471 a

1856 5515 1967 5568 Deo
2025 5526 2317 5583 percussus
2369 5516 2450 5564 est
2497 5507 2723 5562 vuluere
2805 5507 3048 5577 [Baron.,
3106 5510 3337 5580 ulcere],
3395 5511 3468 5564 ita

1854 5614 1915 5660 nt
1951 5600 2526 5675 computrescentibus
2584 5599 2864 5665 carnibus,
2921 5607 2975 5651 et
3026 5601 3339 5655 exundante
3379 5619 3469 5657 sa-

1856 5701 1968 5769 nie,
2017 5700 2174 5756 vivus
2220 5699 2576 5755 devoraretur
2617 5713 2649 5752 a
2695 5694 3007 5753 vermibus:
3046 5699 3100 5746 et
3153 5692 3283 5745 dum
3341 5711 3471 5764 pro-
