3972 6206
462 306 562 358 291

1573 295 1936 350 FLODOARDI
1979 291 2282 348 CANONICI
2329 292 2670 348 REMENSIS.

3697 302 3802 356 299.

466 436 587 499 pter
619 425 1014 480 immanitatem
1072 421 1263 477 fetoris
1325 420 1589 476 nullusad
1647 435 1773 474 eum
1814 419 2334 487 accedereAnere,
2391 418 2622 473 claudus
2671 420 2918 491 quidam,
2975 421 3047 476 de
3097 438 3208 494 quo
3253 424 3366 492 jam
3427 441 3598 495 supra
3649 433 3801 480 retu-

466 523 671 588 pnsset,
713 512 1082 569 miserrimam
1106 512 1270 565 vitam
1305 509 1854 565 miserabilidecessu
1879 507 2077 563 finivit.

1104 603 1312 658 CAPUT
1353 602 1440 656 Xl.

860 701 932 752 De
954 693 1259 764 prasulatu
1287 694 1473 746 domm“
1491 694 1724 746 Herivei.

536 789 797 860 Sequitur
821 788 875 841 in
906 783 1227 856 pontificatu
1255 783 1508 837 Remensi
1539 783 1776 836 domnus
1798 779 2078 844 Heriveus,

468 901 532 939 ex
560 883 685 937 aula
712 866 933 952 quoque
968 878 1115 950 regis
1143 876 1211 930 ad
1242 875 1620 946 episcOpatum
1649 873 2076 943 assumptus,vir

461 993 666 1048 genere
699 972 924 1037 nobilis,
953 985 1126 1038 nepos
1162 967 1423 1023 videlicet
1489 982 1554 1020 ex
1584 982 1772 1022 sorore
1806 964 2071 1019 Hucbaldi

463 1064 702 1129 comitis,
733 1063 826 1134 qui
852 1060 1070 1129 juvenis
1111 1058 1334 1129 quidem
1367 1057 1435 1110 ad
1501 1057 1645 1111 hunc
1675 1062 1966 1126 provectus
1992 1062 2074 1110 est

465 1155 752 1217 honorem,
783 1148 1217 1220 exsequentibus
1263 1155 1318 1201 et
1370 1145 1472 1200 rite
1520 1144 1932 1200 celebrantibus
1955 1143 2074 1210 ejus

464 1241 868 1296 ordinationem
900 1236 1109 1292 Riculfo
1142 1237 1466 1290 Suessorum
1488 1235 1768 1304 episcopo,
1806 1232 2071 1287 Dodilone

463 1332 866 1390 Cameracensi.
926 1329 1143 1402 Otgario
1197 1327 1572 1391 Ambianensi,
1607 1323 1889 1379 Mancione
1917 1320 2071 1374 Cata-

465 1421 740 1486 launensi,
767 1419 1001 1474 Rodulfo
1026 1416 1400 1480 Laudunensi,
1423 1414 1632 1469 Otfrido
1649 1411 2068 1475 Silvanectensi,

463 1511 787 1581 caterisque
813 1506 1178 1562 diacesaneis
1225 1519 1561 1560 consensum
1590 1501 1984 1573 praebentibus,
2023 1508 2077 1555 et

463 1605 744 1659 decretum
775 1602 939 1672 hujus
984 1597 1352 1655 ordinationis
1417 1593 1922 1652 corroborantibus.
1976 1592 2076 1658 Qui

465 1712 604 1764 mox,
620 1695 748 1748 huic
786 1693 925 1747 adeo
948 1689 1141 1763 gradui
1164 1704 1286 1742 sese
1303 1686 1566 1742 exhibere
1581 1685 1794 1740 studuit
1809 1684 2073 1749 habilem,

465 1787 628 1843 bonis
658 1786 918 1842 omnibus
946 1783 1201 1854 prabens
1253 1781 1572 1844 amabilem,
1621 1777 1754 1848 ipsis
1781 1777 1947 1831 etiam
1977 1792 2072 1830 se-

464 1875 968 1930 nibusimitabilem
1005 1891 1017 1927 :
1051 1872 1327 1946 benignus
1380 1864 1590 1922 amator
1639 1867 1877 1921 existens
1942 1879 2078 1934 pau-

465 1981 681 2036 perum,
705 1965 887 2038 largus
925 1962 1130 2017 solator
1161 1958 1563 2033 religiosorum,
1599 1955 1940 2024 multumque
1973 1953 2074 2006 mi-

443 2053 680 2107 sericors
714 2061 990 2107 recreator
1038 2048 1343 2123 lugentium
1397 2046 1723 2100 miserorum
1770 2042 2074 2098 :ecclesia-

462 2145 614 2199 sticis
648 2146 898 2216 apprime
953 2143 1245 2198 cantilenis
1328 2140 1597 2204 eruditus,
1652 2155 1716 2193 ac
1769 2136 2076 2208 psalmodia

465 2234 795 2304 pracipuus,
846 2240 900 2287 et
927 2233 1088 2301 hujus
1144 2231 1536 2286 exercitatione
1571 2231 1855 2296 limitatus,
1887 2230 2074 2285 animo

462 2327 724 2398 vultuque
748 2327 1046 2394 jocundus,
1082 2324 1268 2379 suavis
1317 2332 1478 2394 atque
1507 2322 1852 2388 mitissimus,
1881 2322 2064 2377 omni-

463 2433 570 2490 que
602 2417 850 2472 bonitate
894 2416 1251 2486 conspicuus,
1297 2422 1449 2484 pater
1505 2413 1660 2475 cleri,
1701 2421 1864 2485 atque
1905 2413 2068 2466 totius

460 2505 648 2576 pOpuli
682 2505 806 2576 pius
833 2515 1098 2575 patronus
1132 2504 1352 2558 :tardus
1373 2501 1440 2556 ad
1465 2500 2067 2565 irascendum,etvelox

462 2598 529 2651 ad
563 2595 932 2651 miserandum
983 2606 1194 2651 amator
1223 2595 1587 2650 Ecclesiarum
1648 2595 1763 2661 Dei,
1795 2603 1847 2650 et
1872 2594 2066 2649 fortis-

461 2689 632 2742 simus
660 2687 822 2742 ovilis
844 2686 949 2740 sibi
977 2685 1254 2741 commissi
1273 2701 1399 2740 cum
1431 2685 1523 2739 Dei
1552 2684 1751 2738 virtute
1783 2682 2062 2738 defensor.

465 2776 691 2846 Recepit
717 2776 958 2844 denique
979 2790 1066 2829 res
1096 2767 1342 2829 diversas
1363 2782 1417 2829 et
1446 2773 1602 2828 villas
1625 2773 1900 2841 Ecclesia,
1933 2789 2071 2846 quas

463 2879 779 2926 antecessor
806 2886 940 2923 suus
992 2887 1091 2940 per
1148 2870 1423 2941 precarias
1473 2869 1590 2924 sive
1649 2870 1954 2940 prastarias
1984 2869 2071 2924 di-

463 2963 637 3018 versis
674 2961 981 3016 contulerat
1037 2961 1309 3032 personis.
1356 2960 1451 3016 Cui
1515 2961 1708 3016 sedula
1769 2961 2072 3017 intentione

462 3056 692 3110 sectanti
723 3054 1013 3125 spiritalia,
1045 3054 1336 3109 afﬂuenter
1383 3053 1760 3109 exuberabant
1791 3061 2072 3125 tempora-

464 3149 558 3214 lia,
590 3164 714 3220 qua
745 3147 863 3218 ipse
884 3147 1112 3202 honesta
1142 3145 1503 3218 dispensabat
1533 3146 1845 3217 prudentia,
1875 3147 2070 3216 dispo-

465 3254 604 3291 nens
631 3235 1074 3308 competentibus
1096 3236 1441 3307 episcopium
1467 3235 2072 3305 ministerialibus,ipse

463 3327 808 3381 orationibus
845 3326 1186 3381 incessanter
1249 3326 1513 3380 intentus.
1575 3324 1876 3395 Replentur
1907 3323 2072 3394 igitur

465 3418 720 3473 Ecclesia
752 3417 969 3472 diversa
999 3419 1162 3473 bonis
1193 3418 1488 3472 uberrimis
1536 3424 1641 3482 tam
1693 3415 2081 3485 horrea,quam

463 3508 835 3578 promptuaria
897 3507 1324 3579 ;disponuntur
1388 3513 1586 3561 cuncta
1635 3514 1747 3560 tum
1833 3505 2074 3558 rationa-

463 3599 670 3666 biliter,
695 3607 808 3654 tum
842 3600 1274 3656 misericorditer
1330 3599 1556 3671 pradia,
1594 3597 1692 3652 sed
1721 3603 1774 3651 et
1823 3597 2074 3668 quadam

464 3697 789 3761 reparantur
811 3691 880 3745 ab
909 3706 996 3757 eo,
1040 3692 1124 3746 vel
1151 3691 1314 3744 etiam
1357 3688 1720 3744 instituuntur
1751 3687 2072 3758 municipia.

1067 3779 1274 3837 CAPUT
1302 3779 1414 3834 ΧΠ.

529 3876 604 3928 De
629 3875 890 3929 relatione
918 3871 1302 3943 beatiﬁemigii
1326 3869 1400 3924 ad
1417 3872 1801 3924 monasterium
1817 3883 2000 3922 suum.

533 3962 627 4018 Hic
653 3963 853 4033 prasul
905 3978 1104 4033 corpus
1144 3961 1291 4016 beati
1349 3960 1604 4034 Remigii,
1654 3959 1800 4031 quod
1840 3967 2071 4013 eatenus

459 4053 515 4108 in
538 4053 751 4108 civitate
779 4052 1098 4108 servabatur
1151 4051 1388 4107 locatum
1421 4059 1543 4124 post
1575 4051 1744 4106 altare
1766 4050 1862 4104 Dei
1893 4049 2064 4104 Geni-

460 4143 610 4197 tricis
641 4143 864 4212 majoris
894 4143 1160 4206 ecclesia,
1191 4142 1259 4197 ad
1274 4142 1557 4198 basilicam
1585 4139 2070 4212 sepulturaipsius

459 4232 634 4286 sancti
670 4232 874 4286 referre
905 4231 1181 4302 disposuit
1241 4235 1354 4302 (an.
1409 4233 1532 4290 901.
1568 4248 1619 4284 iv
1642 4231 1747 4286 Kal
1767 4229 2064 4299 Januarii).

458 4321 580 4375 Erat
606 4329 786 4377 autem
823 4322 1058 4377 hiemale
1089 4330 1331 4392 tempus,
1357 4330 1412 4377 et
1441 4321 1509 4376 ad
1528 4319 1917 4376 celebrandam
1959 4321 2068 4375 Do-

457 4411 640 4466 minici
667 4411 862 4466 natalis
890 4411 1318 4477 solemnitatem,
1371 4419 1479 4466 tam
1512 4426 1602 4465 rex
1621 4409 1869 4476 Karolus,
1903 4425 2066 4480 quam

459 4503 712 4560 nonnulli
744 4519 1002 4575 proceres
1031 4505 1151 4573 ejus
1185 4503 1236 4557 in
1283 4503 1424 4558 hanc
1454 4510 1827 4558 convenerant
1847 4501 2064 4558 urbem.

457 4599 702 4670 Cumque
734 4598 818 4652 his
850 4599 1067 4664 diebus,
1086 4598 1272 4652 multis
1311 4597 1746 4652 imminentibus
1778 4596 2070 4664 imbribus,

460 4693 693 4747 nimium
725 4709 822 4764 per
854 4701 1038 4754 totam,
1097 4698 1152 4746 et
1193 4693 1620 4762 circumquaque
1653 4689 1952 4745 haberetur
1974 4689 2065 4744 lu-

458 4794 593 4851 tum,
623 4783 889 4854 conqueri
929 4782 1087 4838 multi
1136 4797 1356 4852 capere
1386 4779 1622 4852 qualiter
1648 4779 1782 4834 illud
1813 4788 2064 4834 sanctum

454 4895 655 4950 corpus
715 4886 842 4933 tunc
866 4878 933 4932 ad
991 4877 1170 4932 locum
1211 4875 1541 4930 destinatum
1568 4875 1813 4929 valerent
1841 4873 2056 4930 efferre.

456 4968 673 5023 Factum
717 4974 801 5022 est
829 4974 1036 5033 autem,
1087 4973 1146 5021 ut
1193 4972 1357 5020 nocte
1404 4971 1526 5035 post
1552 4970 1862 5019 sanctorum
1897 4965 2062 5020 lnno-

454 5054 697 5109 centium
722 5055 923 5123 natale,
955 5052 1555 5125 cujusinsequentedie
1579 5052 1632 5107 id
1664 5051 1850 5124 operis
1872 5052 2062 5124 dispo—

455 5147 690 5204 nebatur
719 5147 948 5221 expleri,
1006 5149 1179 5204 Borea
1209 5164 1275 5203 ex
1318 5146 1616 5218 improviso
1664 5147 1845 5202 media
1901 5155 2062 5204 nocte

453 5242 796 5316 insurgente,
817 5241 988 5296 totius
1007 5241 1193 5296 subito
1241 5240 1376 5295 cani
1422 5241 1701 5314 gelaretur
1731 5239 2060 5304 immanitas,

426 5331 528 5385 'ita
557 5337 616 5384 ut
636 5331 784 5385 humi
837 5330 1065 5402 limique
1115 5331 1343 5386 humore
1393 5329 1692 5396 desiccato,
1735 5344 1832 5400 per
1869 5329 2064 5405 glaciei

453 5425 679 5488 repente
704 5419 845 5474 datae
875 5417 1249 5488 superﬁciem,
1306 5417 1453 5472 sicco
1497 5417 1787 5488 liberoque
1812 5419 2063 5491 vestigio,

455 5505 704 5561 membra
741 5521 896 5561 sacra
929 5505 1044 5576 [ms.
1079 5507 1131 5576 j,
1181 5505 1342 5576 sacri]
1397 5506 1646 5561 valerent
1697 5505 1899 5561 deferri
1933 5522 2072 5578 pon-

453 5593 650 5648 tiﬁcis.
681 5595 746 5649 At
774 5594 871 5648 ubi
893 5602 1044 5649 extra
1101 5595 1378 5651 civitatem
1405 5604 1630 5650 ventum
1656 5602 1739 5649 est
1767 5595 1836 5649 ad
1867 5596 2072 5662 locum,

456 5685 606 5739 unde
637 5685 1033 5740 monasterium
1067 5685 1243 5755 ipsius
1273 5684 1486 5740 directo
1533 5686 1644 5751 jam
1668 5692 1950 5754 peteretur
1978 5687 2073 5742 iti-

2100 1735 2150 1802 B

2181 505 2363 569 limus,
2439 508 2635 562 virtute
2716 508 2900 563 divina
2957 519 3212 575 erectus,
3297 521 3352 568 et
3432 513 3801 570 incolumitati

2181 605 2264 651 est
2295 597 2596 652 restitutus.
2635 599 2734 653 Ubi
2765 616 2888 654 cum
2917 601 3124 657 multus
3169 603 3469 659 haberetur
3537 606 3801 675 populus,

2184 685 2362 739 turbis
2392 687 2636 758 undique
2691 689 3124 756 confluentibus,
3169 693 3405 764 principi
3465 694 3802 766 Burgundia

2184 771 2456 830 Richardo
2494 776 2704 850 vagina
2733 792 2867 832 auro
2894 787 3188 843 exornata,
3209 781 3554 853 gemmisque
3590 782 3802 836 decen-

2182 869 2268 916 ter
2295 863 2545 930 exculta,
2584 864 2821 937 agminis
2843 866 3116 922 densitate
3137 869 3361 938 stipato,
3392 867 3804 924 abscinduntur

2174 969 2203 1006 a
2236 954 2436 1011 balteo.
2495 957 2637 1021 Quas
2675 957 2897 1027 quidam
2957 960 3271 1032 negotiator
3327 967 3542 1030 emptas
3576 977 3679 1031 per
3711 962 3801 1014 dio

2173 1061 2332 1100 versa
2382 1046 2574 1100 detulit
2622 1045 2759 1112 fora,
2826 1063 2927 1102 nec
2967 1047 3174 1102 alicubi
3236 1049 3557 1103 venundare
3591 1050 3800 1119 potuit,

2174 1134 2353 1188 donec
2383 1141 2505 1204 post
2553 1151 2758 1188 annum
2796 1135 2862 1188 ad
2913 1136 3171 1190 eumdem
3205 1137 3514 1208 principem
3566 1138 3626 1192 in
3656 1140 3800 1192 Bur-

2171 1226 2434 1296 gundiam
2464 1226 2605 1298 [ms.,
2649 1226 2705 1280 in
2748 1227 3082 1300 Burgundia]
3147 1227 3353 1295 retulit,
3375 1245 3514 1299 quas
3547 1230 3643 1283 ille
3673 1247 3798 1284 cum

2170 1317 2467 1387 gratiarum
2513 1317 2752 1380 actione,
2812 1326 2867 1372 et
2921 1318 3095 1373 sancti
3127 1318 3358 1394 Remigii
3402 1319 3802 1376 benedictione

2174 1409 2406 1478 recepit.

2787 1496 2994 1551 CAPUT
3047 1496 3186 1551 Xlll.

2245 1603 2319 1655 De
2346 1604 2689 1670 reparatione
2716 1604 2884 1655 castri
2900 1603 3144 1667 Mosomi,
3163 1603 3509 1674 aliarumque
3544 1608 3731 1659 muni-

2423 1693 2624 1743 tionum
2645 1689 3028 1758 quarumdam,
3062 1692 3146 1744 vel
3176 1693 3544 1748 ecclesiarum.

2249 1797 2347 1851 Hic
2387 1797 2633 1867 pontifex
2689 1806 2929 1853 castrum
2989 1798 3290 1854 Mosomum
3327 1801 3600 1870 (Mousou)
3634 1817 3798 1870 repa-

2180 1888 2311 1942 ratis
2353 1888 2551 1941 muniit
2602 1888 2795 1956 muris,
2855 1896 2908 1943 et
2951 1889 3242 1944 ecclesiam
3303 1889 3441 1943 inibi
3498 1889 3800 1944 dirutama

2179 1994 2318 2034 novo
2348 1980 2692 2047 restauravit,
2722 1987 2886 2051 atque
2917 1981 2974 2034 in
3006 1981 3228 2036 honore,
3248 1990 3449 2036 sancta
3476 1981 3569 2034 Dei
3607 1981 3794 2036 Geni—

2177 2071 2352 2137 tricis,
2385 2080 2446 2126 ut
2467 2072 2598 2127 olim
2655 2071 2849 2138 fuerat,
2901 2072 3197 2138 dedicavit,
3251 2072 3536 2128 collocatis
3568 2073 3637 2143 [j.
3673 2076 3796 2128 eol-

2177 2158 2318 2229 latis]
2374 2159 2450 2213 ibi
2499 2160 2671 2214 sancti
2727 2161 2959 2216 Victoris
2983 2161 3223 2227 ossibus,
3252 2177 3375 2232 qua
3410 2160 3555 2215 haud
3602 2163 3798 2232 procul

2174 2249 2243 2304 ab
2275 2265 2342 2306 eo
2372 2250 2587 2306 fuerant
2615 2252 2840 2308 castello
2873 2262 3088 2323 reperta
3168 2253 3535 2308 Munitionem
3566 2270 3797 2325 quoque

2173 2341 2321 2410 apud
2350 2341 2697 2396 Bodiciacum
2723 2342 2946 2412 (Coucy)
3002 2350 3118 2398 tuto
3150 2343 3270 2399 loco
3302 2344 3798 2419 constituit,atque

2169 2431 2424 2487 lirmavit.
2467 2435 2638 2487 Aliam
2664 2434 3032 2490 nihilominus
3051 2436 3417 2491 munitionem
3441 2437 3590 2507 apud
3617 2439 3796 2509 Spar-

2170 2541 2363 2580 nacum
2394 2543 2562 2596 super
2599 2527 2826 2582 fluvium
2886 2529 3184 2584 Maternam
3227 2529 3551 2584 construxit.
3607 2531 3800 2586 Eccle-

2167 2617 2277 2672 sias
2302 2619 2466 2672 etiam
2524 2620 2844 2685 nonnullas,
2905 2637 3027 2692 qua
3073 2621 3177 2676 sub
3206 2623 3600 2692 persecutione
3624 2623 3796 2678 Nort-

2172 2726 2499 2766 mannorum
2539 2712 2734 2766 diruta
2785 2713 3027 2779 fuerant,
3088 2715 3381 2769 restaurari
3449 2714 3578 2769 fecit
3629 2724 3796 2787 atque

2170 2800 2534 2856 consecravit.
2567 2800 2675 2855 Sed
2706 2808 2760 2856 et
2817 2802 2870 2855 in
2918 2801 3127 2876 Vosago
3181 2802 3323 2857 infra
3375 2803 3795 2874 possessionem

2174 2891 2320 2946 beati
2354 2891 2587 2964 Remigii
2611 2892 2901 2947 ecclesiam
2934 2894 3262 2960 construxit,
3295 2909 3360 2949 ac
3383 2910 3481 2965 per
3502 2909 3795 2948 assensum

2173 2985 2633 3060 Magontiacensis
2663 2985 2933 3057 episcopi,
2977 2987 3246 3057 depositis
3276 2987 3412 3041 inibi
3457 2987 3797 3060 pignoribus

2100 3097 2149 3166 Ο
2175 3075 2426 3146 ejusdem
2448 3075 2646 3140 sancti,
2687 3075 2982 3130 dedicavit.
3019 3075 3204 3130 Remis
3250 3091 3473 3148 quoque
3500 3077 3795 3130 ecclesiam

2171 3167 2229 3221 in
2261 3168 2469 3223 honore
2499 3168 2673 3222 sancti
2721 3167 2965 3240 Dionysii
3014 3175 3166 3223 extra
3216 3184 3433 3223 murum
3476 3167 3720 3223 civitatis
3771 3185 3798 3221 a

2171 3258 2453 3314 canonicis
2499 3259 2655 3313 urbis
2697 3267 3064 3314 constructam
3124 3258 3466 3314 consecravit
3507 3299 3521 3320 ,
3576 3258 3674 3312 ubi
3746 3268 3799 3312 et

2183 3350 2430 3405 membra
2483 3359 2796 3406 sanctorum
2847 3351 2992 3406 beati
3073 3351 3355 3424 Rigoberti
3408 3351 3686 3421 episcOpi,
3745 3361 3798 3404 et

2182 3440 2356 3494 sancti
2383 3439 2666 3496 Theodulfi
2686 3440 2906 3496 abbatis
2935 3441 3206 3516 servanda
3225 3440 3504 3511 deposuit.
3538 3440 3796 3511 Cryptam

2177 3543 2398 3600 quoque
2427 3528 2530 3583 sub
2565 3529 2685 3599 ipsa
2711 3529 2843 3584 sede
2873 3529 3100 3597 majoris
3125 3528 3395 3596 ecclesia,
3425 3544 3553 3600 qua
3573 3529 3671 3583 diu
3703 3529 3800 3582 tel-

2177 3617 2295 3671 lure
2326 3625 2601 3672 manserat
2630 3619 2874 3689 oppleta,
2905 3617 2998 3672 ubi
3042 3617 3238 3673 beatus
3268 3618 3555 3693 Remigius
3579 3627 3795 3672 secreto

2177 3721 2367 3776 preces
2397 3707 2508 3762 Deo
2536 3706 2769 3761 fundere
2808 3705 2982 3761 fertur
3037 3706 3372 3774 assuevisse,
3399 3707 3726 3762 mundatam
3745 3715 3798 3761 et

2175 3796 2445 3852 excultam
2477 3797 2534 3850 in
2565 3798 2774 3853 honore
2806 3797 2984 3868 ipsius
3009 3798 3183 3853 sancti
3210 3798 3462 3868 praesulis
3501 3813 3797 3854 consecra-

2175 3890 2268 3945 vit.
2297 3890 2476 3945 Multis
2519 3905 2744 3962 quoque
2787 3890 3032 3945 donariis
3090 3891 3419 3945 Remensem
3488 3891 3790 3946 Ecelesiam

2174 3981 2506 4051 perornavit,
2538 3981 2758 4036 coronis
2786 3981 3064 4056 argenteis
3096 3991 3262 4052 atque
3293 3981 3789 4052 lampadibus,tam

2172 4070 2374 4139 aureis,
2430 4088 2595 4144 quam
2649 4074 2946 4147 argenteis,
3025 4072 3376 4128 illuminavit.
3435 4073 3571 4127 Aliis
3623 4074 3788 4129 etiam

2168 4163 2312 4219 vasis
2367 4165 2657 4236 utriusque
2697 4165 2860 4234 hujus
2890 4165 3115 4236 pretiosi
3147 4165 3377 4231 metalli,
3409 4165 3510 4220 sed
3543 4176 3600 4220 et
3629 4181 3791 4238 gem-

2169 4253 2308 4308 meis
2357 4253 2423 4328 Ij,
2499 4255 2753 4326 gemmis]
2836 4254 3213 4325 locupletavit.
3299 4254 3535 4323 Insuper
3591 4260 3648 4306 et
3709 4253 3790 4306 al-

2169 4353 2286 4400 tare
2317 4346 2374 4400 in
2405 4347 2588 4402 medio
2636 4347 2790 4402 chori
2835 4347 2940 4401 sub
2985 4347 3198 4402 honore
3250 4354 3453 4400 sancta
3512 4345 3794 4400 Trinitatis

2089 4439 2343 4517 Dedidit
2393 4446 2556 4510 atque
2604 4439 2827 4508 dicavit,
2886 4448 2942 4495 et
2989 4438 3191 4495 tabulis
3246 4449 3478 4511 argento
3506 4441 3790 4508 c00pertis

2173 4527 2558 4583 circumdedit.
2590 4528 2818 4584 Crucem
2863 4543 3084 4600 quoque
3117 4527 3381 4596 majorem
3405 4543 3543 4581 auro
3574 4543 3788 4597 coope-

2176 4624 2305 4691 ruit,
2339 4630 2395 4678 et
2444 4623 2678 4696 gemmis
2723 4639 2847 4678 cum
2904 4622 3269 4679 sacrosanctis
3299 4622 3633 4697 pignoribus
3685 4624 3788 4677 de-

2167 4718 2355 4767 center
2373 4711 2684 4784 insignivit.
2717 4711 3064 4767 Ornamentis
3094 4712 3256 4766 etiam
3274 4711 3604 4766 holosericis
3623 4727 3788 4782 quam

2169 4803 2421 4874 plurimis
2469 4806 2669 4858 almam
2729 4803 3010 4858 decoravit
3049 4803 3253 4858 aulam.
3293 4802 3424 4856 Mihi
3479 4818 3708 4874 quoque
3737 4810 3791 4856 et

2159 4895 2375 4951 cateris
2399 4903 2510 4951 tam
2558 4894 2774 4950 clericis
2823 4894 3128 4964 canonicis,
3187 4910 3350 4966 quam
3393 4895 3708 4960 monachis,
3737 4902 3792 4948 et

2160 4983 2693 5050 sanctimonialibus,
2721 4982 3098 5054 omnibusque
3129 4997 3227 5052 pro
3250 4981 3490 5036 diversis
3517 4999 3650 5036 eum
3683 4998 3788 5052 pe-

2163 5077 2407 5132 tentibus
2434 5075 2944 5132 necessitudinibus
2975 5075 3145 5130 multa
3177 5074 3406 5146 largitus
3426 5081 3515 5129 est
3546 5075 3715 5130 bona.

2793 5188 3002 5244 CAPUT
3023 5188 3156 5244 XlV.

2166 5309 2239 5362 De
2267 5305 2621 5375 synodalibus
2674 5304 2914 5360 consiliis
2973 5302 3197 5369 habitis,
3238 5307 3287 5356 et
3325 5301 3790 5359 Nortmannorum

2270 5398 2628 5460 conversione,
2656 5395 2738 5448 uel
2779 5392 3122 5463 expeditione
3153 5395 3343 5446 contra
3371 5393 3685 5459 Hungaros.

2244 5507 2560 5562 Conventus
2581 5504 2822 5575 denique
2853 5501 3152 5574 synodales
3182 5516 3329 5572 sape
3351 5516 3478 5556 cum
3501 5504 3792 5574 coepisco-

2175 5596 2259 5665 pis
2315 5611 2428 5650 sua
2463 5595 2776 5649 dioeceseos
2821 5591 3017 5647 habuit
3051 5591 3146 5645 :in
3200 5589 3404 5661 quibus
3457 5589 3529 5644 de
3580 5607 3713 5662 pace
3740 5601 3792 5644 et

2176 5685 2448 5762 religione
2469 5695 2674 5744 sancta
2702 5687 2795 5741 Dei
2828 5685 3108 5746 Ecclesiae.
3138 5692 3393 5754 statuque
3427 5684 3586 5759 regni
3620 5684 3781 5738 Fran-
