3972 6206
185 298 291 352 293

833 299 1153 355 HISTORIA?
1194 299 1525 355 ECCI.ESIIE
1564 301 1891 357 REMENSIS
1931 303 2105 358 LIBRI
2145 304 2469 370 QUATUOR.
2504 337 2566 345 —
2598 306 2725 361 LIB.
2770 308 2854 364 IV.

3404 314 3510 369 294

182 440 368 479 corum
397 423 691 477 salubriter
720 432 1209 497 competenterque
1243 428 1493 481 tractavit
1538 428 1611 481 De
1645 428 1795 483 Nort—
1821 435 1872 501 Α
1897 429 1965 483 ad
1997 431 2441 485 constituendum
2489 447 2674 503 regem
2731 432 3027 488 Robertum
3059 435 3204 504 apud
3234 436 3286 489 S.
3325 437 3505 491 Remi-

182 528 505 566 mannorum
560 528 782 583 quoque
828 513 1192 587 mitigatione,
1224 523 1387 586 atque
1432 517 1794 571 conversione

180 602 336 655 valde
369 600 659 665 laboravit,
720 601 898 656 donec
957 604 1197 657 tandem.
1233 613 1355 675 post
1386 604 1612 670 bellum,
1647 608 1793 678 quod

186 696 453 750 Robertus
472 710 660 749 comes
688 707 879 750 contra
922 712 1018 751 eos
1040 696 1380 753 Carnotenus
1405 700 1594 773 gessit,
1630 700 1791 757 fidem

182 789 377 844 Christi
424 790 710 861 suscipere
760 801 1106 863 receperunt,
1138 794 1415 848 concessis
1446 795 1552 849 sibi
1582 797 1793 851 mariti-

180 882 282 935 mis
295 880 625 953 quibusdam
644 883 820 955 pagis,
845 901 967 939 cum
1001 885 1627 959 Rotbomagensi,quam
1648 904 1792 959 pene

177 977 496 1031 deleverant
529 976 688 1041 urbe,
715 986 767 1031 et
797 978 921 1032 aliis
954 979 1133 1033 eidem
1156 979 1437 1047 subjectis.
1475 981 1549 1035 Ad
1570 982 1792 1052 petitio—

179 1083 302 1120 nem
332 1081 554 1136 quoque
585 1066 843 1121 Wittonis
875 1074 1005 1121 tunc
1034 1068 1491 1143 Rothomagensis
1519 1071 1785 1141 episcOpi,

176 1158 407 1212 collecta
438 1174 503 1212 ex
535 1158 766 1213 diversis
780 1160 1198 1214 auctoritatibus
1228 1169 1539 1216 sanctorum
1568 1163 1786 1218 Patrum

178 1246 400 1320 triginta
422 1255 532 1300 tres
570 1247 807 1317 capitula
833 1250 1070 1319 qualiter
1102 1252 1202 1321 ipsi
1227 1253 1544 1308 Nortmanni
1576 1256 1794 1310 tractari

178 1336 469 1396 deberent,
522 1334 707 1389 eidem
764 1337 1182 1409 archiepiscOpo
1235 1341 1527 1412 delegavit.
1566 1345 1795 1415 Insuper

174 1425 339 1478 etiam
375 1425 679 1479 Romanum
712 1426 1030 1496 pontificem
1045 1446 1211 1499 super
1226 1432 1603 1501 hujuscemodi
1628 1450 1793 1506 nego-

176 1517 250 1571 tio
262 1517 553 1570 consulere
567 1516 795 1571 studuit.
814 1520 889 1573 Ad
907 1520 1062 1587 cujus
1090 1524 1470 1595 consultaque:
1497 1528 1641 1581 circa
1662 1546 1790 1601 gen-

177 1604 244 1657 IIS
270 1604 434 1672 hujus
452 1605 869 1659 conversionem
890 1611 1243 1679 exsequenda
1270 1611 1471 1678 forent,
1506 1613 1789 1671 insinuare

176 1712 283 1751 non
320 1697 548 1751 destitit.
584 1684 870 1769 Hungarus
918 1715 1138 1771 quoque
1172 1718 1400 1774 regnum
1434 1704 1789 1763 Lothariense

1895 523 2044 596 gium
2069 524 2385 597 congregati
2432 532 2632 582 essent.
2688 525 2834 580 idem
2888 527 3355 599 archiepiscopus,
3390 530 3510 582 Ian-

1894 632 2067 687 guore
2096 617 2414 687 depressus,
2434 618 2539 672 vita
2562 619 2819 685 decessit,
2843 621 2998 674 tertia
3017 622 3107 675 die
3136 623 3343 677 scilicet
3363 634 3512 694 post-

1894 720 2054 775 quam
2097 705 2366 759 Robertus
2429 723 2517 760 rex
2570 707 2744 762 factus
2792 708 2985 774 fuerat,
3035 718 3228 780 quarto
3258 727 3387 766 vero
3418 713 3507 765 die

1894 801 2187 863 antequam
2222 794 2543 849 vicesimum
2592 797 2897 851 secundum
2926 798 3008 851 sui
3037 799 3387 869 episcopatus
3417 818 3511 854 ex-

1894 886 2070 956 pleret
2099 903 2324 941 annum.
2360 888 2792 961 Contigitautem
2811 900 2873 946 ut
2905 892 3126 963 ipsadie
3145 894 3227 947 sui
3250 894 3510 949 decessus

1895 974 2080 1045 plures
2105 975 2199 1045 qui
2228 976 2566 1031 advenerant
2596 979 2868 1051 episc0pi,
2906 981 3231 1036 Remensem
3268 984 3511 1056 ingrede.

1892 1068 2084 1116 rentur
2109 1063 2323 1129 urbem,
2349 1065 2555 1135 quique
2580 1066 2745 1121 funus
2794 1069 2965 1138 ipsius
2996 1071 3180 1143 dignis
3235 1073 3513 1143 exsequiis

1891 1153 2257 1219 celebrantes;
2281 1171 2401 1209 cum
2432 1158 2669 1212 maximo
2699 1175 2947 1221 suorum,
2984 1163 3081 1215 sed
3114 1171 3167 1216 et
3199 1173 3508 1219 exterorum

1897 1245 2069 1313 luctu,
2103 1247 2320 1302 decenti
2354 1249 2631 1303 tradidere
2662 1252 2979 1321 sepulturae.

2496 1342 2706 1397 CAPUT
2728 1344 2923 1399 XVIII.

2255 1433 2330 1485 De
2349 1435 2679 1487 successione
2709 1435 2872 1503 Seulﬁ
2902 1439 3154 1506 episcopi.

1963 1522 2235 1577 Successit
2268 1525 2394 1579 huic
2427 1526 2906 1595 prmsuliSeulfus,
2943 1529 3037 1599 qui
3072 1536 3199 1583 tunc
3224 1529 3376 1583 urbis
3407 1532 3510 1585 hu-

1888 1615 1976 1682 jus
1994 1616 2301 1673 ministerio
2320 1618 3167 1691 fungebaturarchidiaconatus:
3200 1626 3399 1678 virtam
3419 1642 3507 1679 ec-

1890 1707 2235 1771 clesiasticis,
2266 1723 2429 1777 quam
2461 1709 2819 1765 saacularibus
2850 1711 3159 1783 disciplinis
3175 1715 3516 1770 sufficienter

174 1787 645 1857 depraedantibus,
677 1789 807 1843 dum
839 1789 1065 1845 Karolus
1096 1808 1356 1862 proceres
1386 1796 1713 1854 Francorum
1736 1802 1791 1855 in
1822 1777 1871 1844 Β
1894 1798 2223 1850 instructus:
2259 1795 2464 1867 quique
2484 1798 2629 1867 apud
2655 1799 2961 1873 Remigium
2980 1804 3510 1860 Antissiodorcnsem

169 1878 433 1932 auxilium
456 1879 559 1933 sibi
594 1888 786 1934 contra
812 1890 1033 1955 gentem
1056 1884 1229 1954 ipsam
1267 1898 1613 1955 convocaret,
1639 1892 1792 1947 solus

171 1967 257 2021 hic
290 1968 492 2037 priesul
526 1984 589 2021 ex
620 1969 881 2023 omnibus
910 1972 1062 2042 regni
1090 1973 1251 2040 hujus
1275 1974 1623 2045 primatibus,
1666 1996 1787 2034 cum

169 2061 281 2114 suis
303 2066 513 2113 tantum
535 2060 589 2113 in
612 2060 992 2116 defensionem
1014 2064 1265 2121 Ecclesia:
1288 2068 1379 2122 Dei
1397 2070 1509 2144 regi
1527 2074 1786 2141 occurrit,

171 2150 388 2203 habens
414 2156 653 2203 armatos
679 2167 865 2204 secum
888 2152 1010 2221 (ceu
1040 2152 1237 2223 fertur)
1259 2156 1409 2210 mille
1432 2160 1782 2234 quingentos.

814 2245 1022 2300 CAPUT
1048 2248 1146 2301 XV.

280 2332 355 2385 De
386 2332 578 2386 Κανοιὶ
600 2336 743 2400 regis
774 2350 807 2387 α
837 2340 949 2390 suis
978 2338 1226 2394 derelicti
1270 2348 1658 2399 sustentatione

239 2421 507 2492 Sequenti
536 2439 664 2478 vero
692 2440 837 2480 anno
870 2426 1033 2496 (920),
1077 2445 1199 2483 cum
1232 2447 1371 2501 pene
1400 2435 1583 2488 cuncti
1612 2436 1786 2490 Fran—

172 2530 358 2567 corum
392 2514 684 2583 Optimales
702 2517 851 2586 apud
880 2518 1072 2572 urbem
1100 2520 1527 2579 Suessonicama
1548 2542 1676 2600 rege
1691 2545 1790 2583 suo

174 2605 367 2660 Karolo
429 2605 824 2675 desciscentes,
880 2618 1102 2680 pr0pter
1138 2612 1487 2687 Haganonem
1521 2620 1784 2674 consilia-

173 2695 303 2748 rium
337 2711 523 2757 suum,
579 2712 744 2766 quem
806 2698 873 2751 de
925 2700 1300 2757 mediocribus
1349 2706 1583 2761 electum
1616 2726 1784 2781 super

171 2788 659 2858 omnesprincipes
691 2790 951 2847 audiebat
981 2800 1034 2847 et
1056 2794 1381 2860 honorabat,
1408 2815 1533 2853 eum
1564 2805 1785 2871 penitus

176 2883 547 2953 reliquissent,
583 2884 672 2938 hic
702 2887 951 2955 pontifex
980 2888 1161 2945 fidelis
1192 2898 1245 2946 et
1270 2893 1391 2963 pius
1418 2901 1582 2965 atque
1623 2895 1787 2949 robu-

171 2981 281 3026 stus
297 2972 354 3025 in
382 2973 647 3041 periculis
672 2978 1165 3046 semperexistens,
1184 2998 1368 3053 regem
1386 2982 1695 3054 intrepidus
1717 2984 1785 3038 ab

175 3061 367 3115 eodem
401 3061 522 3115 loco
536 3062 866 3133 suscipiens,
886 3067 953 3120 ad
968 3076 1229 3123 metatum
1252 3087 1411 3125 suum
1430 3072 1575 3127 dedu
1621 3072 1787 3137 it;in-
1823 3120 1866 3143 ,η

110 3202 127 3223 κ
176 3149 350 3221 deque
387 3165 575 3203 secum
607 3151 675 3205 ad
691 3153 882 3208 urbem
915 3155 1238 3213 Remensem
1274 3161 1789 3234 perduxit,persep—

176 3248 276 3296 tem
311 3243 429 3296 fere
464 3259 681 3297 menses
708 3260 831 3298 eum
852 3256 1176 3317 prosecutus
1193 3260 1354 3323 atque
1383 3255 1673 3310 comitatus
1692 3265 1796 3323 est,

179 3332 352 3388 donec
377 3333 457 3386 illi
488 3334 717 3389 comites
746 3353 897 3405 suos,
932 3342 1301 3414 eamdemque
1334 3360 1501 3418 regno
1536 3348 1794 3403 restituit.

804 3430 1010 3487 CAPUT
1063 3434 1192 3489 XVI.

180 3515 248 3568 De
262 3516 550 3572 Erlebaldi
570 3522 777 3576 comitis
789 3528 1353 3594 excommunicatione,
1368 3534 1418 3583 et
1438 3530 1771 3588 absolutione
1785 3577 1797 3589 .

245 3604 751 3663 Excommunicavit
783 3612 871 3666 hic
933 3616 1129 3684 praesul
1159 3616 1508 3673 Erlebaldum
1540 3621 1795 3677 comitem

180 3691 542 3750 Castricensis
569 3700 714 3773 pagi,
757 3710 980 3773 propter
1032 3704 1325 3761 Remensis
1382 3709 1649 3781 episcopii
1688 3719 1799 3766 ter-

181 3801 288 3840 ram
317 3804 486 3858 quam
522 3798 852 3857 pervaserat,
891 3792 1080 3864 ibique
1110 3799 1473 3854 munitionem
1499 3801 1794 3870 quamdam

114 3886 117 3887 '
183 3890 346 3944 super
378 3875 579 3930 Mosam
603 3887 1001 3948 construxerat,
1027 3884 1268 3956 indeque
1302 3887 1606 3959 frequentia
1624 3892 1801 3945 eccle-

187 3962 426 4020 siasticae
458 3965 674 4021 familiae
704 3970 846 4022 mala
905 3972 1210 4044 ingerebat.
1246 3978 1474 4047 Insuper
1491 3988 1545 4032 et
1561 3987 1796 4034 castrum

189 4052 545 4108 Altimontem
567 4056 748 4110 furtim
807 4060 1095 4130 irruperat.
1144 4064 1249 4118 Sed
1308 4082 1431 4120 cum
1464 4082 1566 4121 nec
1589 4067 1662 4122 ita
1682 4084 1803 4123 ces-

190 4143 573 4198 saretamalis
627 4163 747 4217 quae
802 4160 1063 4219 coeperat,
1114 4153 1291 4224 pergit
1349 4156 1800 4228 archiepiscopus

190 4245 309 4284 cum
342 4233 463 4285 suis
492 4234 557 4287 ad
593 4236 919 4306 capiendam
937 4240 1323 4311 munitionem,
1357 4261 1519 4315 quam
1556 4246 1647 4299 ille
1666 4263 1799 4301 con—

190 4329 477 4376 struxerat.
530 4323 898 4397 Maceriasque
946 4331 1196 4396 (Masie’re
1252 4348 1347 4386 sur
1382 4334 1435 4387 la
1465 4336 1660 4405 Mense)
1691 4352 1795 4391 κιο--

192 4416 452 4473 minabat.
479 4418 645 4483 Quam
680 4437 778 4490 per
799 4431 1036 4492 quatuor
1066 4442 1207 4494 pene
1233 4428 1608 4483 hebdomadas
1637 4430 1792 4485 obsi-

193 4503 345 4569 dens,
372 4507 666 4562 deserente
712 4516 916 4564 tantem
976 4512 1123 4566 illam
1177 4514 1483 4584 Erlebaldo,
1543 4520 1711 4588 cepit,
1746 4530 1800 4574 et

194 4594 911 4665 dispositisinibicustodiis
940 4603 1125 4659 Remis
1157 4608 1338 4662 rediit.
1374 4612 1435 4664 At
1477 4612 1800 4671 Erlebaldus

192 4689 469 4757 profectus
510 4692 578 4746 ad
628 4710 832 4765 regem,
889 4697 983 4767 qui
1050 4705 1178 4753 tunc
1220 4704 1612 4758 morabaturin
1655 4724 1797 4782 pago

192 4774 562 4833 Warmacensi
592 4791 781 4837 contra
822 4784 1129 4841 ‘Henricum
1162 4788 1465 4861 principem
1496 4774 1797 4853 Transrhe-

191 4885 442 4938 nensem,
467 4872 671 4928 ibidem
689 4875 756 4928 ab
787 4877 1037 4933 hostibus
1057 4881 1203 4955 regis
1225 4882 1331 4936 sibi
1364 4890 1801 4956 supervenienti-

190 4956 678 5032 businteremptus
731 4974 833 5019 est.
900 4967 1069 5030 Quem
1127 4977 1309 5025 tamen
1360 4977 1709 5042 postmodum
1743 4980 1796 5034 in

189 5053 401 5119 synodo
449 5070 611 5124 quam
656 5056 801 5126 apud
850 5058 1185 5134 Troslegium
1247 5063 1393 5119 idem
1426 5066 1663 5122 domnus
1707 5087 1798 5125 ar-

188 5140 576 5213 chiepiscopus
605 5161 725 5200 cum
760 5147 1121 5204 diuecesaneis
1163 5152 1278 5206 suis
1303 5153 1511 5222 habuit,
1547 5156 1796 5213 interce-

189 5232 353 5288 dente
386 5252 513 5310 rege
553 5246 607 5292 et
661 5238 864 5295 obnixe
915 5241 1218 5314 ﬂagitante,
1251 5261 1281 5299 a
1320 5246 1538 5303 vinculo
1566 5265 1795 5305 excom-

193 5328 581 5385 municationis
613 5332 866 5389 absolvit.

797 5427 1005 5483 CAPUT
1032 5429 1185 5485 XVII.
1688 5458 1715 5471 κ

598 5518 672 5569 De
696 5517 846 5571 obitu
870 5521 1089 5573 Herivei
1111 5526 1385 5590 praesulis.

261 5597 620 5657 Excrescente
652 5604 894 5676 denique
924 5606 1202 5663 discordia
1230 5610 1373 5665 inter
1402 5628 1587 5684 regem
1632 5614 1796 5671 Karo-

185 5679 297 5746 lum
331 5700 387 5747 et
413 5693 752 5767 Rotbertum,
786 5716 907 5754 eum
955 5716 1097 5770 pene
1143 5705 1323 5760 cuncti
1353 5705 1508 5778 regni
1540 5722 1797 5775 proceres

1895 1884 2216 1958 magistrum
2253 1884 2307 1937 in
2372 1885 2696 1941 liberalibus
2753 1890 2995 1944 studium
3027 1894 3254 1948 dederat
3284 1896 3513 1950 artibus.

1893 1974 2009 2037 Quo
2041 1989 2142 2043 per
2174 1988 2506 2027 consensum
2539 1984 2592 2029 et
2618 1976 2922 2043 jussionem
2982 1980 3203 2035 Roberti
3270 1983 3414 2057 regis
3442 1985 3510 2037 ab

1890 2060 2121 2115 Abbone
2156 2062 2513 2127 Suessonico,
2545 2065 2864 2137 czeterisque
2897 2068 3183 2124 Remensis
3215 2074 3513 2141 provinciie

1892 2156 2227 2225 praesulibus
2254 2159 2509 2214 ordinato
2532 2160 2815 2231 episcopo,
2864 2163 3029 2217 delati
3056 2174 3182 2219 sunt
3212 2166 3325 2221 Odo
3351 2168 3515 2222 frater

1888 2246 2164 2315 quondam
2201 2247 2410 2302 Herivei
2462 2248 2887 2319 archiepiscopi,
2934 2260 2987 2305 et
3022 2252 3281 2307 lIeriveus
3339 2271 3514 2325 nepos

1892 2338 2071 2409 ipsius
2102 2340 2247 2410 apud
2297 2340 2554 2393 eumdem
2611 2341 2922 2411 praesulem,
2967 2345 3117 2414 quod
3168 2344 3513 2414 ﬁdelitatem,

1892 2444 2059 2498 quam
2091 2429 2139 2483 ei
2167 2428 2556 2498 promiserant,
2592 2430 2825 2485 minime
2872 2446 3171 2489 servarent.
3204 2438 3315 2502 Qua
3343 2438 3411 2491 de
3435 2455 3513 2505 re,

1891 2517 2020 2587 quia
2045 2516 2425 2571 nolueruntad
2462 2518 2801 2573 reddendam
2830 2522 3022 2577 venire
3042 2525 3308 2580 rationem
3326 2543 3511 2582 coram

1891 2606 2087 2660 eodem
2114 2604 2397 2677 pontifice,
2432 2608 2516 2663 vel
2557 2609 2825 2681 singulari
2861 2615 3163 2669 certamine
3193 2632 3315 2671 cum
3348 2635 3514 2674 accu-

1887 2702 2497 2773 satoribusdecernere,
2522 2706 2751 2762 sublatis
2778 2709 2884 2762 sibi
2916 2710 3171 2768 Ecclesiae
3204 2716 3513 2784 possessio-

1886 2793 2074 2859 nibus,
2109 2811 2248 2865 quas
2282 2795 2468 2865 plures
2500 2812 2561 2851 ex
2589 2799 2692 2853 hoc
2726 2801 3040 2857 retinebant
3072 2805 3376 2875 episcOpio,
3409 2822 3510 2875 per

1889 2883 2237 2938 Heribertum
2265 2887 2525 2941 comitem
2555 2889 2776 2945 deducti
2825 2901 2955 2947 sunt
2990 2894 3056 2947 ad
3087 2896 3383 2951 Robertum
3410 2898 3515 2951 Re-

1886 2991 2035 3049 gem,
2069 2983 2123 3030 et
2175 2976 2279 3031 sub
2326 2980 2578 3035 custodia
2622 2998 2799 3053 usque
2832 2984 2897 3037 ad
2930 2994 3160 3041 mortem
3196 2989 3341 3061 regis
3382 2989 3510 3044 Rot-

1888 3068 2055 3138 berti,
2098 3070 2211 3123 Odo
2242 3072 2467 3141 quidem
2501 3091 2676 3144 penes
2708 3078 2965 3131 eumdem
3004 3080 3369 3150 Heribertum,
3408 3084 3513 3139 IIe-

1900 3178 2081 3216 rtveus
2108 3179 2239 3218 vero
2264 3165 2502 3221 Parisius
2540 3170 2749 3226 detenti
2776 3182 2923 3229 sunt.
2959 3175 3148 3230 Fertur
3171 3186 3353 3233 autem
3383 3186 3513 3237 tunc

1901 3256 1968 3309 ab
2003 3257 2105 3311 hoc
2152 3258 2592 3331 archiepisc0po,
2648 3273 2701 3318 et
2748 3284 2778 3319 a
2828 3270 3158 3324 consiliariis
3191 3273 3325 3339 suis,
3364 3273 3518 3328 Heri-

1903 3344 2059 3399 berto
2091 3346 2279 3400 comiti
2324 3349 2639 3418 depactum,
2688 3355 2755 3408 de
2786 3358 3059 3416 electione
3112 3362 3517 3423 filiisuiinhac

1904 3437 2037 3491 sede
2070 3454 2169 3508 pro
2193 3439 2579 3507 praedictorum
2623 3446 2863 3503 virorum
2908 3456 3253 3524 expulsione.
3292 3458 3388 3512 llic
3414 3460 3519 3513 de-

1902 3531 2070 3603 nique
2127 3534 2328 3601 przesul
2381 3535 2594 3609 legatos
2640 3541 2804 3609 hujus
2846 3547 3098 3605 Ecclesia}
3132 3554 3355 3609 Romam
3383 3555 3519 3609 diri-

1898 3634 2059 3694 gens,
2120 3637 2217 3691 pro
2273 3637 2546 3679 consensu
2590 3644 2745 3698 papa:
2775 3631 3004 3689 Joannis
3034 3637 3209 3707 (Joau.
3256 3644 3320 3709 X)
3346 3643 3400 3695 in
3425 3659 3518 3697 or-

1898 3711 2189 3767 dinatione
2212 3730 2311 3768 sua
2338 3716 2564 3786 pallium
2596 3720 2663 3773 ab
2695 3722 2888 3777 eodem
2943 3727 3045 3781 sibi
3076 3733 3397 3788 missionem
3431 3735 3520 3793 Iit-

1902 3805 2033 3861 teris
2054 3807 2515 3883 privilegiihujus
2545 3814 2693 3869 sedis
2723 3821 2990 3890 suscepit,

2506 3905 2715 3962 CAPUT
2776 3909 2908 3964 XIX.

1901 3990 1976 4042 De
2004 3990 2209 4057 synodo
2238 4008 2400 4062 quam
2448 3995 2661 4063 habuit,
2707 4003 2756 4052 et
2809 4004 3013 4056 casteria
3052 4007 3280 4073 actibus,
3310 4010 3392 4062 vel
3414 4013 3522 4078 ﬁne

2612 4088 2803 4155 ipsius.

1974 4169 2067 4225 llic
2107 4171 2272 4225 etiam
2304 4175 2577 4243 synodum
2607 4177 2799 4234 habuit
2839 4180 3005 4251 (924),
3040 4181 3095 4236 in
3128 4186 3254 4240 villa
3271 4188 3519 4251 Trosleio

1900 4277 2023 4317 cum
2056 4264 2332 4335 episcOpis
2356 4266 2642 4323 Remensis
2671 4270 2997 4340 diaaceseos,
3019 4274 3351 4335 ubiadfuere
3382 4300 3522 4340 non-

1902 4354 2037 4408 nulli
2069 4373 2290 4428 quoque
2321 4360 2555 4414 comites
2589 4378 2601 4413 :
2636 4361 2689 4414 in
2725 4379 2833 4432 qua
2865 4372 2919 4418 et
2952 4366 3099 4421 Isaac
3120 4385 3307 4425 comes
3325 4375 3391 4427 ad
3421 4392 3518 4432 sa—

1902 4446 2271 4504 tisfactionem
2304 4452 2454 4506 venit
2486 4468 2585 4523 pro
2640 4454 2746 4519 his,
2806 4471 2927 4525 qum
2958 4473 3123 4526 prave
3156 4473 3518 4532 perpetrave-

1903 4545 1983 4591 rat
2015 4540 2283 4597 adversus
2317 4543 2610 4599 Ecclesiam
2665 4545 3072 4617 Camarensem,
3115 4554 3392 4623 quoddam
3426 4577 3521 4617 ca-

1898 4629 2117 4684 stellum
2152 4633 2416 4704 Stephani
2477 4640 2728 4708 praesulis
2784 4640 3030 4708 ejusdem
3090 4645 3267 4713 urbis,
3327 4650 3517 4710 dolosa

1898 4725 2358 4794 comprehensum
2391 4731 2734 4799 pervasione,
2767 4735 3131 4790 succendens.
3172 4738 3270 4793 Pro
3302 4758 3411 4812 quo
3440 4744 3514 4800 fa-

1901 4813 2090 4869 cinore
2122 4816 2348 4870 vadatus
2374 4818 2427 4871 in
2460 4820 2559 4875 hac
2597 4824 2831 4893 synodo,
2864 4833 3085 4880 centum
3116 4829 3272 4883 libris
3299 4840 3513 4908 argenti

1901 4914 2126 4977 pacatur
2151 4925 2272 4962 cum
2308 4910 2531 4977 praefato
2589 4915 2867 4987 Stephano
2915 4918 3198 4990 episcopo,
3231 4931 3515 4995 satagente

1902 4995 2206 5062 Heriberlo,
2238 5003 2301 5050 et
2341 4996 2461 5051 aliis
2518 5002 2610 5071 qui
2662 5007 2891 5061 aderant
2921 5008 3158 5063 Francia:
3189 5014 3508 5073 comitibus.

1900 5087 1996 5141 llic
2023 5086 2217 5156 praesul
2246 5090 2638 5147 monasterium
2678 5099 2852 5152 sancti
2924 5100 3176 5176 Remigii,
3206 5120 3328 5158 cum
3360 5108 3514 5176 adja-

1900 5177 2156 5232 centibus
2183 5177 2453 5243 ecclesiis,
2483 5182 2566 5234 vel
2594 5184 2852 5242 domibus
2876 5206 3029 5245 muro
3046 5194 3291 5268 cingens,
3316 5200 3511 5253 castel-

1901 5266 2011 5320 lum
2042 5265 2249 5320 ibidem
2282 5265 2536 5335 instituit,
2597 5271 2818 5328 domum
2877 5265 3250 5352 episcopalem
3281 5288 3513 5343 cameris

1902 5369 2184 5424 reparans,
2227 5355 2453 5426 picturis
2476 5361 2733 5417 excoluit.
2775 5366 2921 5421 Fecit
2948 5379 3003 5424 et
3032 5374 3256 5429 calicem
3285 5393 3509 5431 aureum

1900 5446 2168 5514 majorem
2201 5464 2322 5502 cum
2375 5453 2626 5522 gemmis,
2679 5453 2734 5507 in
2795 5457 3003 5513 honore
3050 5463 3144 5518 Dei
3199 5466 3510 5536 Genitricis,

1900 5538 2086 5607 pondo
2116 5539 2309 5595 decem
2336 5541 2623 5612 librarum,
2652 5547 2749 5600 sed
2780 5547 2959 5601 etalia
2990 5555 3239 5620 quaedam
3264 5560 3511 5615 ecclesiae

1901 5632 2229 5701 praeparavit
2258 5644 2601 5693 ornamenta.
2645 5638 2923 5694 Ciborium
2983 5657 3207 5714 quoque
3236 5662 3404 5718 super
3429 5653 3512 5705 al-

1898 5723 2014 5773 tare
2040 5729 2242 5779 sancta:
2291 5723 2468 5781 Mariae
2523 5736 2751 5804 argento
2809 5744 3103 5804 aggressus
3151 5744 3235 5788 est
3269 5740 3510 5807 Operire,
