3972 6206
414 271 520 328 295

1535 265 1902 322 FLODOARDI
1944 265 2253 320 CANONICI
2295 267 2621 321 REMENSIS

3640 265 3753 320 296

413 399 558 470 quod
593 414 734 470 opus
763 405 940 452 morte
972 405 1284 467 praeventus
1297 397 1517 467 explere
1535 397 1802 468 nequivit.
1830 397 2019 453 Fertur
2045 403 2096 470 Α
2118 399 2440 468 turabipso,
2464 397 3322 470 synodus(Trosteinsis:an.927)
3343 412 3436 452 sex
3449 397 3750 468 episcOpo-

412 496 590 542 autem
614 503 828 541 veneno
859 493 1074 556 potatus
1114 503 1143 539 a
1173 485 1493 540 domesticis
1527 485 1612 540 vel
1654 485 2020 541 familiaribus

417 581 686 635 lleriberti
714 579 930 635 comitis
952 578 1116 631 vitam
1139 575 1347 631 tinisse.

1046 669 1255 723 CAPUT
1286 669 1388 722 XX.

690 764 762 814 De
791 759 1038 813 electione
1057 760 1303 824 Hugonis
1332 758 1436 826 ﬁlii
1466 757 1756 811 Heriberti.

484 855 593 909 Nec
622 869 793 918 mora,
826 862 950 922 post
979 851 1191 906 obitum
1226 850 1398 919 ipsius
1424 850 1572 919 (925)
1599 848 1917 903 Heribertus
1937 863 2025 902 co-

414 961 530 997 mes
563 943 745 998 Remis
798 941 969 1005 venit,
1014 938 1288 994 advocans
1354 937 1640 992 Abbonem
1701 937 2021 1007 episcopum

411 1033 822 1095 Suessonicum,
854 1038 907 1084 et
942 1030 1212 1084 Bovonem
1238 1024 1663 1080 Catalaunicum.
1700 1026 2023 1090 Quibussibi

409 1131 617 1198 junctis
661 1134 899 1182 tractans
939 1137 1107 1192 super
1146 1120 1415 1176 electione
1459 1119 1684 1173 rectoris
1715 1118 1878 1189 hujus
1922 1119 2027 1171 Re-

417 1217 622 1270 mensis
652 1212 926 1276 Ecclesia),
959 1217 1065 1264 tam
1112 1208 1368 1274 clericos,
1413 1223 1575 1277 quam
1607 1206 1776 1260 laicos
1821 1206 1890 1260 ad
1921 1222 2023 1261 vo-

413 1307 675 1359 luntatem
706 1318 861 1355 suam
896 1297 1181 1352 intendere
1206 1295 1350 1350 fecit.
1385 1295 1693 1366 Sequentes
1727 1295 2025 1368 igituI-ejus

415 1393 708 1447 consilium
742 1406 810 1443 ne
843 1389 984 1444 forte
1014 1403 1113 1458 per
1135 1393 1423 1440 extraneas
1449 1399 1713 1454 personas
1734 1383 2024 1454 episcopa-

416 1489 500 1534 tus
530 1479 888 1542 divideretur,
908 1475 1121 1549 eligunt
1153 1473 1322 1528 tilium
1357 1472 1554 1544 ipsius,
1587 1473 1810 1528 nomine
1844 1473 2026 1548 [Iugo-

419 1591 566 1638 nem,
597 1571 890 1626 admodum
951 1568 1260 1640 parvulum,
1307 1567 1400 1636 qui
1467 1581 1569 1620 nec
1634 1565 1814 1620 adhuc
1856 1566 2022 1638 quin-

2121 503 2238 539 rum
2263 486 2550 540 Remensis
2579 485 2886 541 dioeceseos
2899 486 3044 556 apud
3075 484 3402 550 Trosleium,
3470 484 3750 538 Heriberti

2120 577 2338 632 comitis
2363 577 2612 645 iussione
2643 585 2961 643 convocata,
2988 592 3115 650 rege
3132 584 3316 631 tamen
3352 575 3748 632 Rodulfocon-

2122 670 2447 735 tradicente,
2500 677 2708 739 patrata
2745 677 2844 724 est.
2917 669 3213 740 Postquam
3262 669 3537 739 synodum
3588 667 3751 721 Heri-

2123 760 2311 814 bertus
2340 758 2594 814 Karolum
2624 759 2694 813 de
2723 757 2994 818 custodia,
3040 757 3094 810 in
3136 773 3245 828 qua
3273 773 3399 811 eum
3432 755 3750 820 detinebat,

2124 847 2309 916 ejecit,
2342 855 2400 902 et
2427 847 2492 901 ad
2549 856 2798 901 sanctum
2857 846 3178 911 Quintinum
3208 845 3461 913 deduxit,
3496 845 3750 916 indeque

2125 951 2249 989 cum
2281 935 2478 990 eodem
2511 935 3181 990 KaroloNortmannorum
3213 933 3554 1005 colloquium
3580 949 3755 1003 expe-

2128 1028 2210 1082 tiit
2242 1047 2258 1082 :
2293 1027 2388 1081 ubi
2416 1043 2474 1082 se
2503 1027 2832 1094 Willelmus,
2856 1025 3001 1082 filius
3029 1026 3257 1081 Rollolis
3281 1025 3552 1096 principis
3586 1025 3753 1079 Nort-

2127 1137 2477 1187 mannorum,
2526 1122 2719 1176 Karolo
2750 1121 3179 1187 commendavit,
3212 1127 3266 1174 et
3286 1119 3586 1174 amicitiam
3624 1136 3754 1174 cum

2130 1209 2412 1264 Heriberto
2467 1208 2830 1265 confirmavit.
2863 1209 3071 1264 Deinde
3128 1208 3312 1263 Remis
3361 1208 3598 1263 veniens
3624 1224 3751 1262 cum

2125 1298 2316 1353 Karolo
2359 1297 2676 1352 Heribertus
2732 1312 2940 1363 comes,
3002 1297 3213 1351 litteras
3273 1297 3499 1352 Romam
3540 1296 3749 1352 Joanni

2125 1406 2280 1460 papae
2309 1389 2512 1464 dirigit,
2561 1388 2882 1462 significans
2902 1388 2953 1443 ei
2981 1388 3048 1444 de
3084 1388 3434 1444 restitutione
3463 1397 3517 1444 et
3535 1390 3754 1445 honore

2125 1479 2325 1548 Karoli,
2368 1489 2427 1536 ut
2454 1482 2542 1536 ille
2595 1480 2726 1548 sibi,
2793 1481 2959 1536 etiam
3006 1481 3110 1535 sub
3158 1481 3757 1536 excommunicationis

2125 1573 2591 1638 interminatione,
2623 1573 2976 1627 mandaverat
2996 1589 3055 1626 se
3072 1588 3170 1643 pro
3200 1573 3410 1628 viribus
3431 1573 3748 1627 decertare.

415 1665 644 1738 quennii
674 1674 890 1734 tempus
938 1660 1232 1730 explesset.
1292 1659 1408 1722 Qua
1455 1674 1510 1711 re
1568 1665 1775 1728 patrata
1825 1658 1892 1712 ad
1934 1674 2024 1712 ΓΘ·
2056 1719 2104 1738 ἢ
2127 1665 2402 1719 Reversus
2430 1672 2611 1719 autem
2643 1665 2860 1729 missus,
2892 1663 3227 1735 quieasdem
3261 1664 3567 1735 pertulerat
3599 1665 3758 1719 litte-

416 1778 540 1836 gem
575 1764 890 1830 preperant,
921 1755 1040 1823 ejus
1067 1752 1406 1808 auctoritatis
1435 1753 1799 1823 impetranda;
1827 1752 2025 1825 gratia.
2056 1752 2109 1787 ο
2133 1774 2236 1825 ras,
2271 1759 2490 1812 nuntiat
2515 1759 2784 1814 Joannem
2834 1773 3030 1828 papam
3085 1764 3359 1811 retrusum
3413 1757 3468 1811 in
3499 1757 3757 1812 custodia

416 1853 685 1908 Rodulfus
718 1851 882 1924 igitur
915 1845 1137 1914 rex,hac
1175 1845 1446 1900 electione
1468 1844 2034 1916 comperta,prtefato-
2133 1852 2369 1907 detineri
2401 1869 2432 1906 a
2475 1852 2710 1906 Widone
2763 1852 2908 1924 regis
2942 1852 3184 1926 IIugonis
3207 1851 3390 1906 fratre.
3429 1852 3755 1907 Heribcrtus

418 1964 536 2002 rum
585 1945 970 2016 episcOporum
1019 1940 1251 1996 consilio
1293 1940 1617 1994 Remensem
1651 1937 2030 2008 episcOpatum
2133 1958 2316 1997 comes
2346 1942 2606 1997 Lauduno
2647 1942 2876 2012 potitus,
2931 1941 3131 1996 exinde
3180 1941 3250 1996 ad
3288 1941 3548 2010 placitum
3591 1941 3759 1996 Nort-

415 2037 709 2096 committit
732 2036 1040 2100 Heriberto,
1072 2034 1600 2104 aequitatiscensura
1623 2029 2031 2101 disponendum
2133 2035 2350 2089 mannis
2406 2035 2622 2090 obviam
2676 2033 3040 2105 proficiscitur
3069 2033 3478 2104 amicitiamque
3509 2049 3636 2089 cum
3673 2035 3760 2088 eis

418 2139 578 2202 atque
610 2127 912 2202 regendum
940 2124 1008 2178 ab
1043 2124 1182 2193 ipso.
1218 2122 1316 2186 Qui
1353 2121 1516 2176 etiam
1545 2121 1754 2193 legatos
1777 2118 2033 2173 Ecclesiae

417 2237 541 2276 cum
583 2217 809 2273 Abbone
842 2212 1074 2284 praesule
1106 2212 1331 2266 Romam
1364 2209 1580 2264 mittere
1613 2207 1836 2277 satagit.
1864 2207 2029 2276 hujus

417 2309 702 2366 electionis
731 2307 1012 2361 decretum
1033 2319 1220 2358 secum
1243 2300 1507 2367 ferentes,
1540 2309 1595 2354 et
1615 2315 1901 2354 assensum
1933 2316 2028 2370 pa-

417 2421 500 2475 pae
530 2418 699 2472 super
727 2415 792 2454 ea
809 2405 1082 2469 petentes.
1111 2393 1553 2463 Joannesitaque
1582 2407 1746 2462 papa,
1779 2391 2027 2446 interve-

419 2496 606 2550 niente
636 2491 866 2547 Abbone
899 2487 1150 2560 praesule,
1183 2484 1438 2556 petitioni
1471 2500 1662 2538 eorum
1693 2499 2028 2539 consensum

419 2584 694 2655 praebens,
712 2578 1054 2650 episcopium
1073 2576 1344 2629 Remense
1368 2573 1582 2627 Abboni
1599 2572 1864 2642 episcopo
1879 2573 2032 2626 dele-

417 2680 530 2745 gat,
559 2685 680 2741 qua:
709 2674 840 2722 sunt
869 2662 1200 2736 episcopalis
1225 2659 1598 2715 ministeriiab
1620 2658 1739 2730 ipso
1767 2660 2028 2713 ineodem

419 2759 702 2832 episc0pio
749 2755 1030 2811 tractanda
1061 2769 1124 2807 ac
1165 2751 1407 2805 finienda
1425 2750 2030 2805 decernens.Heriber-

421 2863 508 2906 tus
537 2853 722 2920 itaque
753 2861 940 2903 comes
971 2850 1241 2914 potestate
1270 2842 1476 2912 potitus
1507 2841 1792 2895 Remensis
1815 2841 2034 2911 episco-

420 2939 518 3010 pii,
545 2938 747 3006 injuste
802 2932 1033 3005 privavit
1083 2939 1190 2986 tam
1232 2946 1341 2994 me,
1401 2929 1495 3000 qui
1536 2943 1646 2984 non
1678 2929 2031 2984 interfueram

422 3029 717 3100 praemissae
768 3023 1025 3080 electioni
1093 3038 1225 3088 suae,
1268 3037 1430 3092 quam
1465 3020 1759 3076 nonnullos
1790 3021 1948 3084 alios,
1980 3026 2033 3074 et

421 3117 675 3182 clericos,
700 3122 756 3170 et
777 3113 944 3167 laicos
957 3109 1244 3166 beneficiis
1264 3109 1674 3181 possessionum
1694 3110 2032 3166 ecclesiasti-

423 3221 630 3270 carum,
655 3203 855 3275 quibus
893 3217 924 3254 a
982 3199 1425 3271 praecedentibus
1454 3198 1731 3269 episc0pis
1763 3200 2031 3256 munerati

2133 2127 2434 2197 componit,
2454 2124 2597 2180 filius
2627 2134 2812 2180 tamen
2845 2125 3016 2196 ipsius
3059 2125 3195 2189 Odo,
3238 2140 3404 2195 quem
3449 2124 3612 2179 Rollo
3645 2126 3757 2178 ha-

2132 2217 2300 2273 bebat
2322 2218 2597 2286 obsidem,
2629 2233 2738 2273 non
2769 2217 2846 2270 illi
2877 2217 3146 2284 redditur,
3171 2216 3424 2271 donecse
3456 2217 3756 2271 committit

2132 2307 2328 2362 Karolo
2361 2315 2535 2378 pater,
2563 2323 2685 2361 cum
2739 2305 2860 2360 aliis
2902 2304 3232 2377 quibusdam
3261 2305 3501 2360 Francia:
3532 2305 3759 2360 comiti-

2130 2399 2233 2452 bus
2271 2406 2326 2452 et
2350 2397 2647 2469 episcOpis,

2732 2483 2942 2539 CAPUT
2995 2483 3153 2538 XXII.

2134 2577 2204 2628 De
2219 2574 2610 2629 introductione
2649 2573 2895 2628 Odalrici
2937 2573 3214 2641 Aqucnsis
3231 2573 3468 2642 episcopi
3486 2573 3680 2638 Remis,
3708 2578 3760 2626 et

2378 2669 2689 2722 reductiona
2707 2668 2805 2722 sub
2835 2667 3082 2721 custodia
3113 2668 3304 2722 Κανοιὶ
3333 2669 3500 2734 regis.

2208 2758 2308 2812 Per
2347 2757 2493 2813 idem
2526 2757 2640 2811 fere
2674 2763 2890 2828 tempus
2921 2756 3203 2812 Odalricus
3235 2757 3505 2828 Aquensis
3535 2757 3758 2828 episco-

2136 2866 2258 2920 pus,
2310 2850 2404 2920 qui
2463 2849 2532 2904 ob
2589 2849 3034 2920 persecutionem
3116 2849 3563 2904 Saracenoruma
3622 2850 3759 2904 sede

2133 2954 2231 2993 sua
2261 2945 2587 3004 recesserat,
2634 2937 2686 2991 in
2759 2937 3004 2992 Ecclesia
3055 2937 3312 2992 Remensi
3383 2938 3657 3008 recipitur
3685 2939 3757 2992 ab

2133 3030 2417 3086 Heriberto
2445 3029 2666 3096 comite,
2697 3029 2766 3084 ad
2811 3029 3202 3084 celebrandum
3255 3029 3573 3100 episcopale
3609 3031 3759 3084 dun-

2135 3126 2276 3175 taxat
2331 3119 2723 3187 ministerium,
2790 3119 2909 3173 vice
2966 3118 3232 3190 Hugonis,
3307 3119 3485 3191 ipsius
3540 3120 3762 3174 comitis

2135 3209 2254 3276 filii,
2323 3216 2454 3265 tunc
2505 3209 2686 3264 adhuc
2732 3209 2966 3280 parvuli,
3023 3224 3286 3264 concessa
3362 3209 3545 3264 eidem
3613 3227 3763 3280 prae-

426 3296 753 3352 videbamur
783 3289 2033 3360 obsecundationisgratiaﬁuaeprolibitusuze
2133 3302 2238 3358 sum
2297 3301 2520 3356 abbaiia
2557 3302 2731 3356 saucii
2768 3302 3057 3364 Timothei,
3123 3319 3246 3357 cum
3313 3301 3477 3356 unius
3531 3312 3752 3357 tantum

427 3386 744 3452 voluntatis,
779 3383 999 3455 quibus,
1031 3381 1137 3435 sibi
1161 3380 1388 3451 placuit,
1417 3381 1734 3450 impertivit.
1775 3381 1884 3436 Nec
1913 3381 2036 3437 lon-
2137 3390 2434 3462 plmbeuda
2475 3390 2681 3446 clerici,
2732 3390 2886 3463 nugo
2941 3401 2996 3446 ei
3049 3391 3367 3445 Horiberius
3418 3391 3656 3446 comijes
3685 3394 3758 3446 ad

423 3494 553 3552 gum
583 3482 794 3547 postea,
828 3473 1060 3528 tumultu
1119 3471 1262 3526 infra
1313 3472 1608 3526 claustrum
1643 3471 2034 3526 canonicorum
2137 3479 2472 3552 colloquium
2542 3478 2969 3550 proﬁciscuntur
3027 3478 3262 3534 Ηρῃι-ίοί,
3319 3479 3472 3534 Unde
3542 3483 3758 3536 reversi

422 3569 566 3622 inter
593 3565 827 3620 clericos
880 3571 1091 3628 exorto,
1142 3560 1668 3633 supervenientibus
1706 3561 2034 3634 quibusdam
2138 3581 2378 3646 poi-gum
2430 3571 2646 3626 obviam
2716 3569 2951 3627 Rodulfo
3011 3571 3150 3645 regi,
3234 3587 3537 3642 rursusque
3598 3572 3760 3627 Heri-

423 3658 692 3713 militibus
712 3672 834 3711 cum
868 3653 1055 3720 armis,
1085 3654 1193 3709 duo
1227 3653 2038 3724 interemptisuntibidemcle—
2140 3660 2329 3715 borius
2367 3659 2658 3714 committit
2713 3674 2774 3713 se
2830 3658 2930 3725 illi,
2990 3659 3212 3713 redacto
3272 3657 3468 3712 iterum
3498 3658 3604 3712 sub
3659 3674 3761 3714 cu-

421 3748 542 3814 rici,
575 3761 807 3818 quorum
841 3743 1440 3810 alterdiaconus,alter
1467 3741 1778 3799 habebatur
1805 3742 2036 3798 subdia-
2138 3751 2319 3806 stodia
2381 3750 2594 3806 Karolo.
2666 3751 2728 3804 At
2788 3749 3057 3805 Rodulfus
3115 3767 3206 3804 rex
3268 3749 3454 3804 Remis
3522 3750 3762 3806 veniens

419 3855 610 3895 conus.

1042 3925 1250 3980 CAPUT
1274 3927 1405 3982 XXI.

421 4028 494 4080 De
521 4024 868 4092 infestatione
898 4022 1300 4088 Hungarorum,
1363 4023 1412 4075 et
1463 4019 1741 4075 discordia
1773 4023 1915 4077 inter
1934 4025 2034 4079 Ro-

633 4113 848 4180 dulfum
865 4126 1055 4179 regem,
1096 4114 1146 4164 et
1185 4112 1532 4166 Heribertum
1551 4115 1814 4168 comitem.

491 4203 637 4274 (926)
680 4201 950 4273 liungaris
980 4200 1230 4255 Rhenum
1266 4203 1643 4272 transgressis,
1675 4210 1731 4257 et
1769 4221 1945 4277 usque
1978 4208 2032 4262 in

421 4309 620 4368 pagum
671 4288 998 4346 Vonzinsem
1057 4289 1580 4362 depOpulationibus
1647 4294 2034 4367 incendiisque

2135 3839 2232 3894 ubi
2265 3840 2494 3896 Karolus
2561 3839 2998 3903 custodiebatur,
3061 3855 3250 3910 pacem
3295 3839 3426 3894 fecit
3473 3855 3598 3894 cum
3640 3841 3759 3906 illo,

2135 3932 2432 3988 humilians
2460 3947 2520 3988 se
2547 3939 2678 3988 ante
2700 3931 2874 4002 ipsius
2915 3932 3284 4002 praesentiam,
3316 3938 3370 3986 et
3401 3931 3649 3986 reddens
3679 3933 3759 3986 illi

2131 4023 2460 4079 Attiniacum
2514 4022 2729 4091 fiscum,
2784 4023 3108 4078 muneribus
3162 4037 3382 4094 quoque
3417 4023 3756 4093 quibusdam

2130 4115 2296 4186 regiis
2308 4115 2564 4170 eumdem
2587 4113 3170 4169 honorat.Heribertus
3181 4129 3367 4170 comes
3385 4113 3755 4168 Victoriacum

2135 4203 2340 4273 (Vitry)
2367 4202 2509 4272 (929)
2540 4201 2826 4258 castellum
2883 4201 3114 4257 Bosonis
3146 4201 3325 4256 fratris
3361 4200 3579 4257 Rodulti
3608 4202 3759 4277 regis

2135 4293 2301 4364 cepit.
2360 4293 2572 4348 Deinde
2624 4307 2748 4348 cum
2784 4292 3011 4367 Hugone
3071 4293 3521 4348 Monasteriolum
3575 4296 3762 4364 (Mon-

419 4381 835 4447 bacchantibus,
896 4397 1096 4452 corpus
1156 4383 1330 4438 sancti
1387 4383 1644 4458 Remigii,
1685 4387 2032 4461 aliorumque
2058 4459 2090 4461 Α
2135 4387 2320 4457 treuil)
2353 4386 2716 4441 munitionem
2759 4385 2964 4440 Erluini
2997 4385 3385 4454 comitisjuxta
3420 4402 3574 4440 mare
3597 4387 3757 4441 sitam

365 4498 372 4504 -
419 4473 784 4546 quorumdam
837 4480 1149 4526 sanctorum
1201 4473 1433 4546 pignora
1483 4476 1668 4532 Remis
1697 4477 1802 4532 hoc
1830 4459 1977 4533 metu
2000 4495 2031 4532 a
2054 4459 2113 4529 D
2136 4478 2373 4543 obsidet,
2396 4476 2794 4550 obsidibusque
2824 4477 2990 4532 tande
3015 4495 3047 4532 η
3069 4477 3331 4550 acceptis,
3347 4477 3416 4532 ab
3466 4478 3762 4535 obsidione

419 4563 534 4618 suis
562 4567 691 4616 sunt
713 4559 850 4616 locis
881 4559 1064 4614 delata
1103 4559 1364 4631 Sequenti
1397 4564 1637 4637 denique
1667 4581 1813 4621 anno
1840 4566 2035 4622 simul-

418 4663 501 4711 tas
540 4653 685 4710 inter
722 4651 1018 4708 Rodulfum
1074 4670 1284 4728 regem,
1317 4662 1369 4710 et
1397 4657 1740 4713 Heribertum
1772 4659 2030 4715 comitem

420 4743 669 4799 exoritur
696 4757 793 4814 pro
825 4742 1176 4798 Laudunensi
1204 4745 1485 4812 comitatu,
1521 4763 1683 4818 quem
1709 4748 2031 4804 He‘ribertus

420 4836 595 4893 Odoni
628 4835 744 4892 tilio
771 4850 871 4890 suo
903 4835 1020 4890 dari
1064 4836 1311 4907 petebat,
1344 4839 1686 4894 concedente
1716 4839 1866 4894 illum
1901 4857 2031 4916 rege

421 4924 679 5000 Rotgario
712 4924 954 4999 Rotgarii
1001 4925 1215 4980 comitis
1269 4925 1400 4981 filio.
1453 4927 1608 4982 Acies
1638 4928 1812 5003 igneae
1842 4928 2026 4984 Remis

420 5020 475 5074 in
506 5019 646 5074 ccelo
677 5019 805 5074 visa:
827 5018 1064 5088 quadam
1093 5019 1499 5087 Dominicadie,
1525 5019 1581 5075 in
1613 5021 1802 5078 Martio
1816 5038 2027 5080 mense.

419 5110 516 5167 Cui
549 5111 707 5184 signo
748 5111 919 5182 pestis
949 5127 979 5166 e
1017 5112 1252 5188 vestigio
1282 5113 1569 5178 successit,
1604 5115 1761 5186 quasi
1783 5114 1953 5171 febris
1979 5123 2033 5172 et

417 5201 627 5259 tussis:
671 5218 794 5274 quae
851 5211 1220 5274 prosequente
1278 5219 1499 5276 quoque
1556 5207 1907 5276 mortalitate,
1937 5225 2036 5280 per

417 5305 647 5355 cunctas
677 5295 981 5351 Germaniae
1013 5297 1309 5370 Galliaeque
1359 5307 1555 5374 gentes
1585 5301 1851 5358 desaeviit.
1887 5303 2041 5359 Heri-

416 5387 610 5441 bertus
640 5401 826 5441 comes
853 5387 1064 5458 legatos
1093 5402 1222 5442 suos
1273 5393 1423 5441 trans
1473 5389 1727 5444 Rhenum
1747 5390 1934 5464 dirigit
1962 5393 2031 5448 ad

420 5477 738 5545 Renricum,
763 5496 863 5549 per
886 5494 1025 5550 quos
1063 5479 1131 5532 ad
1184 5479 1355 5549 ipsius
1384 5489 1642 5536 evocatus
1668 5482 2028 5554 colloquium,

419 5575 680 5637 properat
693 5584 816 5623 cum
853 5571 1078 5642 llugone
1097 5570 1342 5625 Rotberti
1374 5569 1796 5645 ti!io,pactoque
1812 5574 1956 5629 inter
1972 5592 2030 5632 se

423 5651 658 5719 faedere,
685 5657 1010 5712 muneribus
1028 5657 1319 5714 Henricum
1351 5659 1713 5727 honorant,et
1741 5661 2028 5717 honoran-

2137 4565 2393 4622 discedit.

2727 4655 2947 4712 CAPUT
2979 4656 3163 4710 XXIII.

2135 4755 2211 4808 De
2233 4751 2513 4807 simultate
2552 4753 2695 4806 inter
2748 4753 3026 4819 Hugonem
3071 4755 3122 4806 et
3152 4749 3496 4806 Heribertum
3519 4753 3760 4812 comites,

2529 4855 2590 4894 ac
2621 4840 2916 4907 Rodulfum
2946 4855 3122 4908 regem
3152 4842 3361 4894 exorta.

2204 4949 2311 5005 Nec
2335 4949 2581 5021 longum,
2613 4948 2864 5004 simultas
2910 4949 3052 5005 inter
3083 4947 3310 5004 eosdem
3339 4949 3601 5017 comites,
3638 4949 3753 5003 Hu-

2133 5053 2332 5114 gonem
2389 5035 2602 5092 scilicet
2663 5052 2728 5092 ac
2777 5036 3146 5107 Heribertum,
3202 5037 3467 5104 exoritur,
3528 5047 3758 5109 recepto

2136 5131 2363 5187 Erluino
2391 5129 2459 5184 ab
2491 5129 2719 5204 Hugone
2743 5146 2870 5184 cum
2898 5137 3040 5186 terra
3070 5147 3191 5199 sua,
3233 5129 3600 5196 etliilduino,
3634 5146 3768 5185 nec-

2138 5238 2252 5280 non
2271 5228 2325 5278 et
2352 5221 2612 5290 Arnaldo,
2649 5221 2744 5294 qui
2777 5223 3216 5297 erantIIugonis,
3248 5222 3316 5276 ab
3337 5221 3632 5277 Heriberto
3654 5241 3667 5276 :
3688 5223 3769 5276 in—

2141 5315 2323 5387 deque
2353 5315 2555 5369 diversi
2613 5321 2794 5371 motus
2821 5316 3099 5390 agitantur
3150 5314 3427 5370 bellorum
3461 5330 3563 5385 per
3590 5315 3763 5368 Fran-

2132 5407 2271 5462 ciam
2297 5406 2441 5462 inter
2472 5407 2762 5482 nugonem
2783 5416 2840 5464 et
2868 5408 3237 5463 Heribertum.
3262 5405 3432 5474 Cujus
3473 5407 3553 5461 rei
3585 5406 3763 5480 gratia

2133 5493 2400 5550 Rodulfus
2437 5512 2534 5551 rex
2547 5497 2616 5553 de
2647 5497 2965 5570 Burgundia
2993 5496 3246 5562 veniens,
3285 5509 3480 5565 pacem
3509 5495 3768 5550 intereos

2130 5589 2296 5652 atque
2325 5583 2622 5653 Bosonem,
2663 5585 2838 5640 multo
2901 5585 3091 5642 labore
3131 5600 3231 5656 per
3273 5583 3498 5640 diversa
3561 5582 3766 5653 placita

2129 5671 2435 5740 componit,
2459 5679 2514 5730 et
2562 5673 2882 5730 Heribertus
2929 5672 3127 5732 Bosoni
3157 5670 3528 5728 Victoriacum
3563 5670 3763 5734 reddit,
