3972 6206
201 328 305 383 297

850 317 1173 374 HISTOle
1215 318 1544 377 ECCLESIIE
1586 318 1824 377 REMEN!

1954 318 2129 375 LIBRI
2170 320 2501 385 QUATUOR.
2533 352 2602 368 —
2631 323 2760 379 LIB.
2805 321 2889 376 IV.

3433 327 3543 383 298

202 460 398 515 Paucis
452 463 635 513 autem
669 452 866 509 diebus
903 466 1037 522 pace
1068 460 1304 519 servata,
1359 454 1674 509 lleribertus
1724 453 1827 507 An-
1852 454 1905 522 Α
1931 466 2049 505 rere
2075 452 2205 506 visae
2234 459 2361 507 sunt
2390 454 2556 520 acies,
2582 460 2635 509 et
2659 453 2842 523 jaeula
2873 452 3147 525 quaedam.
3199 453 3306 509 Sed
3338 462 3393 510 et
3418 470 3545 510 ser-

199 549 399 603 sellum
431 546 663 602 Bosonis
686 541 992 607 subditum,
1024 539 1117 611 qui
1144 541 1464 610 praedictum
1484 541 1826 597 custodiebat

200 646 460 705 castrum,
512 652 635 693 cum
684 635 801 706 ipso
835 632 1080 693 rastello
1119 632 1335 703 recipit,
1394 642 1448 687 et
1478 632 1824 689 Codiciacum

199 733 253 786 S.
293 730 528 802 Remigii
579 726 941 796 municipium
975 723 1053 776 illi
1086 739 1210 778 cum
1242 724 1347 779 alia
1378 731 1523 780 terra
1550 724 1822 780 concedit.

200 824 312 878 Nec
340 823 590 895 longum,
618 817 849 875 Bosonis
874 814 1068 870 ﬁdeles
1090 816 1492 887 oppidanorum
1514 817 1824 887 proditione

203 912 572 967 Victoriacum
606 907 898 978 recipiunt,
958 913 1013 961 et
1043 907 1343 962 Mosomum
1397 907 1592 963 fraude
1643 923 1824 977 perva-

204 1001 364 1055 dunt.
397 1001 457 1054 At
492 998 854 1053 lleribertusa
884 994 1211 1066 quibusdam
1245 995 1681 1051 Mosomensibus
1703 1011 1833 1050 evo-

203 1099 379 1157 catus,
437 1089 759 1159 supervenit
801 1089 1134 1158 insperatus,
1197 1088 1628 1160 transmissaque
1686 1089 1831 1143 Mosa

201 1180 360 1234 vadis
394 1178 714 1248 inepinatis,
742 1183 795 1230 et
825 1176 1035 1231 intrans
1061 1176 1525 1247 oppidum,porta
1546 1176 1780 1230 latenter
1801 1192 1831 1231 a

200 1271 421 1326 civibus
449 1276 657 1340 aperta,
700 1269 904 1323 milites
950 1268 1205 1333 Bosonis,
1256 1268 1350 1339 qui
1404 1269 1471 1323 ad
1522 1268 1827 1323 custodiam

198 1361 307 1414 loci
328 1359 660 1423 residebant,
697 1356 903 1411 ibidem
928 1372 1123 1412 omnes
1153 1358 1318 1426 capit.
1349 1357 1551 1411 Eodem
1581 1363 1829 1426 tempore

197 1459 331 1505 ante
384 1451 626 1505 Natalem
664 1449 898 1515 Domini,
952 1447 1136 1502 Remis
1185 1447 1324 1502 infra
1355 1455 1408 1502 et
1465 1448 1611 1503 circa
1637 1448 1819 1503 eccle-

198 1542 343 1594 siam
377 1546 578 1593 sanctae
612 1539 787 1592 Maria:
818 1538 1001 1591 lumen
1035 1553 1293 1609 magnum
1324 1537 1392 1591 ab
1426 1538 1739 1609 Aquilonari
1772 1548 1825 1593 et

198 1631 468 1687 Orientali
500 1638 653 1701 parte
687 1623 849 1700 paulo
883 1636 1009 1683 ante
1041 1629 1257 1683 initium
1293 1630 1404 1684 diei
1436 1647 1727 1701 apparens,
1758 1632 1823 1685 ad

200 1725 510 1780 Australem
543 1731 751 1795 partem
794 1724 1155 1795 pertransisse
1186 1725 1361 1778 visum
1395 1732 1492 1778 est.
1519 1727 1674 1779 Anno
1705 1735 1827 1795 post

1929 558 2066 612 pens
2098 543 2287 618 igneas
2309 562 2408 617 per
2430 547 2626 602 coelum
2650 546 2815 603 celeri
2834 545 3036 601 deferri
3068 553 3271 613 meatu,
3308 563 3546 621 moxque

1926 632 2219 687 subsecuta
2275 634 2448 705 pestis
2498 635 2734 691 diversis
2786 633 2966 689 aﬂ‘eeit
3024 634 3265 689 humana
3314 651 3546 706 corpora

1925 724 2152 778 morbis.
2178 725 2334 781 Anno
2356 735 2479 797 post
2506 727 2667 782 istum
2690 734 2880 783 secuto
2908 728 3049 795 (935)
3072 727 3318 797 synodus
3333 736 3543 799 septem

1925 813 2311 885 episcoporum
2335 816 2479 887 apud
2501 824 2745 874 sanctam
2758 817 3013 882 Macram,
3031 816 3256 874 Artoldo
3277 818 3544 891 episcopo

1931 914 2160 961 vocante
2192 908 2475 964 convenit:
2510 910 2561 964 in
2592 926 2699 981 qua
2732 909 3025 981 prazdoues
3064 916 3117 965 et
3142 908 3545 967 ecclesiastica-

1934 1015 2050 1052 rum
2087 1016 2265 1054 rerum
2312 1018 2636 1070 pert'asores
2675 1002 2741 1056 ad
2774 1002 3174 1069 satifactionem
3210 1003 3399 1058 venire
3447 1018 3545 1059 v0-

1933 1096 2146 1147 CRDIUI‘.

2529 1161 2737 1217 CAPUT
2768 1162 2944 1216 XXVI.

1932 1254 2004 1306 De
2050 1255 2345 1321 receptione
2390 1254 2649 1308 Ludovici
2682 1259 2804 1324 post
2850 1258 3071 1309 mortem
3114 1254 3327 1323 Bodul/i
3378 1258 3541 1323 regis.

2002 1361 2157 1415 Anno
2188 1360 2428 1432 denique
2481 1361 2854 1433 subsequente
2898 1362 3035 1431 (936)
3090 1362 3352 1417 defuncto
3414 1380 3544 1437 rege

1928 1448 2182 1515 Rodulfo,
2220 1449 2374 1523 Hugo
2428 1466 2619 1505 comes
2648 1459 2798 1506 trans
2828 1466 2979 1505 mare
3007 1450 3171 1505 mittit
3224 1466 3323 1520 pro
3356 1467 3548 1506 accer-

1924 1537 2119 1592 siendo
2179 1538 2454 1593 Ludovico
2513 1539 2692 1594 Karoli
2738 1538 2852 1594 filio
2904 1540 3062 1609 (Lud.
3122 1540 3306 1595 Caroli
3349 1541 3542 1610 Simpi.

1924 1627 2131 1695 filius.)
2167 1642 2337 1697 quem
2358 1643 2452 1682 rex
2483 1628 2775 1683 Alstannus
2798 1629 3102 1684 avunculus
3130 1629 3305 1700 ipsius
3334 1630 3547 1685 nutrie-

1927 1714 2040 1781 bat,
2070 1714 2277 1786 quique
2308 1723 2536 1787 aecepto
2586 1717 2947 1785 jurejurando
2974 1734 3005 1771 a
3030 1718 3359 1773 Francorum
3392 1718 3545 1793 lega-

200 1818 355 1871 hunc
394 1816 711 1871 Ileribertus
753 1832 941 1870 comes
971 1832 1000 1869 a
1032 1832 1160 1889 rege
1206 1816 1435 1870 Rodulfo
1476 1816 1724 1883 deciscit,
1777 1827 1824 1874 et

1930 1806 2013 1872 tis,
2047 1824 2171 1861 eum
2202 1807 2259 1861 in
2292 1808 2573 1863 Franciam
2634 1810 2839 1884 dirigit.
2876 1809 2973 1864 Cui
3011 1811 3187 1885 llugo,
3245 1812 3544 1882 caeterique

198 1904 406 1958 milites
443 1902 617 1973 ipsius
656 1902 723 1955 ab
750 1902 886 1957 urbe
936 1903 1194 1957 Remensi
1232 1903 1483 1974 profecti,
1545 1906 1821 1975 quoddam
1881 1894 1888 1895 ⁷
1925 1894 2253 1951 Francorum
2279 1914 2537 1967 Ρτυοθτθε
2567 1897 2635 1952 ad
2669 1915 2793 1953 eum
2823 1899 3264 1970 SUSCIl’iCndum.
3288 1900 3540 1971 ΡΓοῩθθίί»

196 1992 446 2067 llugonis
499 1999 733 2046 castrum
795 2008 963 2062 super
1022 1992 1270 2048 Vidulam
1326 1993 1534 2060 situm,
1597 1998 1822 2053 nomine

197 2082 453 2135 Brainam
488 2082 703 2149 (Braine
724 2096 820 2133 sur
854 2081 1043 2150 Veste).
1079 2081 1227 2151 quod
1259 2080 1404 2135 idem
1440 2080 1589 2156 Hugo
1622 2085 1821 2142 tulerat

198 2171 269 2226 ab
294 2172 561 2244 episeopo
592 2170 1045 2244 Rothomagensi,
1079 2172 1304 2243 capiunt
1333 2188 1396 2227 ac
1429 2173 1673 2229 diruunt.

807 2262 1015 2318 CAPUT
1036 2261 1211 2318 XXIV.

416 2359 489 2411 De
509 2357 857 2411 ordinatione
883 2357 1068 2410 domui
1095 2357 1320 2411 Artoldi
1348 2360 1601 2427 episcopi.

272 2448 543 2503 Rodull‘us
598 2464 691 2503 rex
744 2448 953 2503 litteras
1002 2448 1186 2502 Remis
1208 2448 1371 2503 mittit
1407 2450 1476 2503 ad
1530 2451 1736 2505 clerum
1767 2458 1821 2506 et

194 2540 490 2611 populum,
550 2556 649 2611 pro
694 2540 964 2596 electione
1024 2541 1275 2612 praesulis
1320 2542 1701 2597 celebranda:
1750 2542 1817 2597 ad

1924 2003 2050 2042 mox
2104 2005 2299 2044 navem
2332 2006 2555 2063 egresso
2588 1991 2643 2044 in
2695 1991 2831 2061 ipsis
2871 1992 3103 2046 littoreis
3160 1992 3343 2045 arenis
3394 1991 3541 2062 apud

1924 2077 2225 2131 Bononiam
2257 2095 2379 2134 sese
2420 2080 2768 2134 committunt
2796 2097 2810 2145 ;
2846 2087 2905 2134 ut
2935 2086 3051 2134 erat
3082 2080 3340 2153 utrinque
3371 2080 3543 2150 depa-

1923 2176 2089 2223 ctum.
2125 2169 2258 2223 Inde
2291 2170 2613 2225 Laudunum
2646 2170 2938 2237 deductus,
2972 2170 3039 2224 ab
3074 2170 3213 2242 ipsis
3244 2170 3414 2245 regali
3446 2171 3544 2225 be-

1923 2260 2239 2315 nedictione
2274 2262 2497 2329 ditatur,
2530 2262 2777 2336 ungitur,
2811 2270 2977 2333 atque
3008 2271 3306 2318 coronatur
3342 2261 3412 2316 ab
3443 2263 3544 2315 Ar—

1922 2351 2071 2405 toldo
2088 2354 2513 2423 archiepiscopo
2540 2354 2905 2424 praesentibus
2923 2353 3077 2425 regni
3100 2353 3469 2425 principibus,
3489 2360 3543 2408 et

1924 2440 2201 2511 episc0pis
2232 2442 2469 2511 amplius
2494 2442 2707 2516 viginti.
2742 2443 3104 2514 EpiscOpatus
3125 2443 3285 2497 etiam
3318 2443 3541 2497 Laudu-

1921 2529 2111 2583 nensis
2151 2530 2307 2583 datur
2351 2530 2582 2587 Rodulfo
2615 2531 2862 2599 ejusdem
2897 2533 3001 2587 loci
3051 2532 3376 2603 presbytero
3406 2547 3544 2588 con-

192 2644 338 2700 quas
394 2627 471 2682 illi
508 2630 864 2699 respondent,
902 2629 953 2683 id
995 2645 1159 2701 agere
1190 2646 1251 2684 se
1299 2646 1408 2684 non
1441 2647 1624 2700 posse,
1669 2632 1818 2687 salvo
1919 2621 2159 2675 corditer
2188 2621 2451 2676 acivibus
2471 2623 2585 2677 suis
2606 2624 2805 2690 electo,
2838 2640 3002 2695 quem
3036 2623 3296 2694 praefatus
3322 2637 3544 2694 quoque

190 2737 297 2775 suo
326 2721 525 2782 electo.
550 2727 603 2776 et
633 2722 924 2785 electione,
957 2739 1118 2794 quam
1151 2721 1412 2789 fecerant,
1435 2732 1813 2794 permanente.

1918 2712 2690 2786 ordinavitarchiepisc0pus.
2725 2717 2831 2771 Sed
2876 2726 2929 2771 et
2957 2732 3055 2786 per
3092 2715 3228 2770 alias
3258 2714 3547 2769 Remensis

191 2813 415 2866 Interea
448 2812 766 2867 Heribertus
795 2827 981 2867 comes
1010 2813 1075 2867 ad
1110 2814 1402 2868 Henricum
1436 2814 1733 2885 profectus,
1765 2816 1816 2870 ei

1930 2800 2225 2858 dioeceseos
2272 2803 2456 2869 sedes,
2509 2812 2738 2876 excepta
2789 2804 3172 2860 Catalaunensi
3229 2811 3283 2859 et
3321 2802 3547 2858 Ambia-

187 2920 318 2960 sese
345 2904 655 2969 committit,
688 2912 742 2959 et
772 2906 1047 2959 exercitus
1077 2907 1222 2980 regis
1251 2915 1414 2978 atque
1448 2908 1691 2983 Ilugonis
1732 2925 1817 2963 re-

188 3012 445 3051 mensem
479 3004 533 3052 et
564 2997 985 3053 Laudunensem
1030 2998 1419 3069 depraedantur
1448 3018 1684 3075 pagum:
1720 3003 1821 3057 ob-

1920 2896 2103 2964 nensi,
2132 2897 2384 2953 diversos
2399 2898 2673 2953 ordinavit
2698 2899 3015 2970 episcopos,
3036 2898 3325 2953 Heriberto
3353 2897 3539 2952 denuo

1920 3007 2041 3045 cum
2076 2992 2302 3063 llugone
2357 3001 2549 3063 pacato
2581 2994 2747 3064 (936},
2809 2993 3065 3048 homines
3104 2992 3349 3061 ejusdem
3389 2990 3545 3045 lleri-

192 3105 462 3162 sessaque
493 3089 708 3144 civitate
740 3090 1055 3152 Remorum.
1097 3091 1256 3145 tertia
1286 3093 1507 3146 tandem
1538 3110 1631 3147 rex
1684 3096 1821 3164 poti-
1850 3106 1899 3174 Ο
1921 3081 2063 3136 berti
2096 3082 2314 3137 comitis
2345 3084 2621 3154 quoddam
2654 3093 2890 3139 castrum
2928 3084 3216 3139 Remensis
3266 3082 3543 3147 ecclesiae,

192 3186 286 3233 tur
312 3178 621 3233 obsidionis
669 3179 1036 3246 hebdomada,
1070 3180 1447 3250 aperientibus
1477 3182 1577 3236 sibi
1630 3183 1818 3236 militi-
1921 3177 2069 3247 quod
2100 3177 2399 3232 vocabatur
2428 3178 2728 3247 Causostis,
2759 3196 2927 3250 super
2956 3179 3251 3233 Maternam
3289 3178 3541 3243 fluvium,

194 3266 304 3322 bus
336 3267 604 3323 ccclesize.
632 3267 951 3337 Conjunctis
974 3268 1138 3342 igitur
1164 3268 1268 3323 sibi
1301 3271 1580 3324 nonnullis
1608 3272 1818 3341 episco-

190 3359 281 3430 pis
313 3374 378 3413 ex
414 3358 638 3414 Francia
669 3361 754 3414 vel
806 3360 1139 3433 Burgundia,
1171 3359 1297 3415 facit
1326 3362 1571 3417 ordinari
1616 3363 1718 3417 hac
1759 3363 1814 3415 in

190 3449 331 3505 sede
362 3449 653 3519 praesulem
683 3449 962 3503 Artoldum
993 3449 1287 3520 quemdam
1315 3465 1379 3503 ex
1412 3451 1667 3505 coenobio
1694 3467 1819 3505 san-

185 3537 265 3594 cti
299 3538 535 3611 Remigii
566 3537 915 3592 monachum.
956 3536 1162 3591 Exinde
1195 3554 1288 3593 rex
1319 3554 1559 3610 pergens
1597 3539 1816 3593 Laudu-

190 3640 351 3693 num,
383 3626 603 3681 obsidet
633 3624 769 3679 iuibi
802 3624 1169 3691 lleribertum,
1204 3624 1295 3696 qui
1324 3625 1646 3697 aliquandiu
1678 3627 1820 3681 resi-

189 3726 371 3785 stens,
400 3718 538 3789 petit
567 3717 788 3771 demum
822 3716 1146 3790 egrediendi
1198 3716 1399 3772 locum.
1434 3718 1548 3781 Quo
1570 3726 1818 3789 accepto,

194 3809 415 3864 recedit
444 3826 475 3863 a
505 3809 789 3871 Lauduno,
825 3808 1053 3862 dimissa
1092 3824 1259 3864 uxore
1288 3825 1388 3863 sua
1420 3809 1475 3863 in
1508 3826 1632 3865 arce
1655 3827 1818 3881 quam

196 3908 585 3957 construxerat
642 3902 760 3972 ipse
794 3900 932 3954 infra
965 3901 1108 3955 idem
1169 3908 1425 3969 castrum,
1467 3912 1522 3957 et
1550 3903 1619 3957 ad
1656 3920 1820 3975 quam

196 3997 395 4062 postea
416 3989 740 4060 capiendam
772 3989 995 4059 majoris
1016 3989 1220 4045 laboris
1249 3997 1304 4045 et
1342 4007 1509 4046 morae
1540 4007 1681 4063 Opus
1704 3992 1817 4065 regi

203 4082 309 4136 fuit
345 4080 512 4149 (933).
543 4082 799 4137 Artoldus
836 4082 1131 4153 episcopus
1179 4088 1301 4153 post
1330 4098 1533 4138 annum
1591 4083 1821 4139 ordina-

205 4171 380 4227 tionis
411 4188 525 4226 suze
555 4173 782 4244 pallium
819 4174 1047 4244 suscipit
1085 4174 1312 4229 missum
1344 4174 1448 4229 sibi
1490 4191 1588 4246 per
1618 4176 1828 4251 legatos

207 4262 471 4318 Ecclesiae
522 4264 812 4319 Remensis
839 4283 870 4319 a
908 4266 1118 4321 Joanne
1161 4284 1303 4339 papa
1359 4269 1531 4332 {10am
1583 4270 1670 4337 XI)
1714 4267 1827 4324 ﬁlio

204 4350 413 4417 Mariae,
442 4367 564 4423 quas
585 4360 639 4407 et
664 4353 891 4408 Marocia
926 4354 1230 4423 dicebatur,
1253 4354 1337 4409 vel
1371 4355 1439 4409 ab
1467 4355 1716 4411 Alberico
1739 4374 1829 4427 pa-

1922 3269 1989 3321 ab
2022 3269 2243 3323 Artoldo
2291 3271 2527 3339 praesule
2557 3278 2953 3337 constructum,
2989 3273 3256 3341 prodente
3306 3271 3545 3342 quodam

1921 3358 2198 3428 Wicperto
2231 3360 2477 3429 capiunt,
2509 3367 2562 3414 et
2593 3361 3017 3434 Ragembertum
3052 3362 3256 3418 Artoldi
3292 3361 3545 3433 praesulis

1923 3452 2340 3515 consobrinum,
2367 3454 2459 3525 qui
2487 3454 2666 3508 eidem
2694 3462 2922 3524 prieerat
2951 3455 3271 3523 munitioni,
3295 3470 3545 3526 compre-

1922 3543 2191 3607 hendunt,
2252 3545 2781 3616 circumpositasque
2829 3545 2989 3599 villas
3041 3548 3289 3602 ecclesiae
3340 3546 3548 3602 crebris

1921 3638 2311 3710 depraedantur
2340 3637 2804 3707 infestationibus.
2841 3639 3055 3693 Interea
3090 3657 3185 3696 rex
3214 3641 3544 3708 Ludovicus,

1922 3733 2218 3788 accersitus
2249 3732 2318 3785 ab
2359 3732 2583 3786 Artoldo
2613 3731 2899 3801 episcopo,
2931 3730 3254 3786 Laudunum
3277 3733 3454 3800 venit,
3491 3741 3546 3787 et

1923 3842 2101 3881 arcem
2133 3841 2327 3880 novam
2358 3824 2493 3879 inibi
2524 3839 2705 3895 nuper
2732 3822 2801 3877 ab
2838 3823 3122 3879 Heriberto
3148 3825 3351 3879 editam
3379 3825 3547 3879 vallat

1923 3921 2236 3987 obsidione,
2287 3919 2585 3992 multisque
2629 3924 2838 3974 tentato
2876 3917 3150 3973 machinis
3187 3934 3367 3984 muro,
3424 3926 3550 3973 tan-

1926 4016 2165 4086 demque
2214 4011 2541 4067 suffossione
2592 4011 2775 4065 diruto
2824 4025 3024 4084 magno
3081 4009 3227 4080 capit
3275 4010 3546 4080 irruptum

1926 4104 2133 4159 labore.
2156 4102 2528 4158 Corbanacum
2564 4098 2849 4169 (εον-ὁρῆν)
2868 4113 3091 4169 quoque
3118 4108 3380 4162 castrum,
3400 4100 3548 4168 quod

1928 4199 2084 4262 pater
2113 4191 2233 4261 ejus
2262 4197 2453 4243 sancto
2499 4186 2747 4260 Remigio
2780 4185 3101 4251 tradiderat,
3136 4184 3395 4256 quodque
3441 4182 3547 4237 sibi

1928 4282 2185 4339 monachi
2233 4282 2405 4352 ipsius
2425 4280 2748 4334 monasterii
2797 4278 3207 4344 commiserant,
3260 4276 3327 4331 ab
3382 4276 3545 4330 Heri-

1930 4375 2066 4431 berti
2099 4373 2361 4441 subjectis
2382 4371 2640 4426 bellando
2665 4370 2897 4441 recepit,
2926 4376 2981 4425 et
3010 4369 3263 4425 homines
3290 4367 3551 4423 Heriber-

203 4441 369 4497 tricio
384 4442 545 4497 fratre
560 4444 731 4515 ipsius
747 4461 922 4517 papae,
940 4445 1032 4517 qui
1049 4447 1303 4501 eumdem
1318 4447 1583 4502 Joannem
1605 4447 1824 4504 fratrem

1930 4467 1992 4531 ti,
2023 4466 2118 4538 qui
2148 4471 2304 4519 erant
2344 4463 2398 4517 iu
2432 4478 2498 4517 eo
2552 4462 3006 4532 comprehensos,
3037 4466 3266 4535 rogante
3326 4458 3551 4514 Artoldo

204 4549 373 4587 suum
398 4534 450 4588 in
466 4551 565 4589 sua
579 4535 860 4590 detinebat
878 4544 1165 4608 potestate,
1190 4545 1242 4591 et
1259 4538 1571 4609 praedictam
1597 4545 1824 4595 matrem

206 4629 454 4699 ipsorum
482 4627 535 4681 in
558 4628 806 4684 custodia
829 4629 1065 4684 clausam
1092 4631 1313 4685 tenebat
1338 4648 1350 4683 :
1382 4631 1663 4705 Hugonem
1691 4648 1830 4703 quo-

205 4733 320 4787 que
342 4732 525 4790 regem
558 4718 726 4772 Roma
754 4718 1056 4788 depulerat.
1089 4719 1327 4775 Rodulfo
1348 4737 1477 4794 rege
1511 4720 1829 4791 praesidium

208 4808 505 4873 Heriberti,
544 4810 690 4879 quod
722 4810 921 4864 dicitur
955 4812 1238 4866 castellum
1283 4812 1628 4880 Theoderici,
1680 4813 1831 4867 obsi-

206 4902 402 4967 dente,
459 4903 806 4976 congregatis
849 4903 917 4956 ad
960 4903 1102 4958 hanc
1151 4905 1499 4961 obsidionem
1552 4906 1833 4961 nonnullis

204 4992 456 5049 Francia:
487 4994 572 5047 vel
600 4993 928 5068 Burgundire
948 4996 1305 5065 praesulibus;
1338 4996 1538 5051 ibidem
1566 4996 1832 5053 celebrari

208 5085 327 5141 visa
358 5091 443 5138 est
473 5084 719 5155 synodus
752 5087 1081 5155 (Theoderici
1109 5088 1260 5159 apud
1304 5090 1475 5155 Cast.)
1502 5088 1835 5159 praesidente

208 5176 398 5231 eidem
440 5176 729 5231 Teutilone
783 5178 1092 5234 Turonensi
1153 5181 1416 5246 antistite,
1470 5180 1691 5235 Artoldo
1733 5181 1837 5234 Re-

208 5268 426 5324 mensi:
450 5269 655 5339 quique
689 5276 817 5325 tunc
842 5252 1212 5344 Hildegarium
1246 5272 1561 5327 Belvacensi
1594 5272 1713 5326 urbi
1748 5288 1835 5327 or-

210 5356 423 5411 dinavit
460 5358 806 5428 episcopum.
845 5360 1049 5415 Eodem
1093 5376 1315 5433 quoque
1346 5376 1491 5415 anno
1522 5360 1833 5415 Fulbertum

210 5448 627 5505 Cameracensis
666 5451 818 5505 urbis
852 5454 1143 5522 praesulem
1176 5453 1537 5509 consecravit.

825 5542 1033 5600 CAPUT
1074 5546 1226 5600 XXV.

316 5636 393 5689 De
430 5634 608 5701 signis
636 5634 812 5688 Remis
841 5637 995 5701 visis,
1028 5640 1078 5691 et
1114 5636 1316 5692 morbis
1354 5634 1480 5688 inde
1517 5637 1730 5687 secutis.

1932 4559 2187 4632 praesule,
2214 4558 2393 4613 salvos
2422 4555 2491 4612 ad
2517 4571 2645 4610 suos
2673 4554 2826 4609 abire
2860 4553 3132 4624 permisit.

2524 4647 2729 4703 CAPLT
2757 4645 2957 4700 XXVII.

2147 4726 2219 4778 Dc
2254 4721 2801 4777 excommunicatione
2826 4717 3102 4772 Heriberti
3130 4717 3341 4771 comitis

2005 4814 2166 4883 (939.)
2197 4813 2454 4869 Artoldus
2484 4811 2725 4882 denique
2751 4808 3047 4880 episc0pus
3061 4822 3183 4861 cum
3222 4804 3552 4879 quibusdam

1934 4906 2055 4961 aliis
2068 4905 2342 4977 episcopis
2355 4905 2678 4969 collocutus,
2700 4900 3069 4966 lleribertum,
3084 4899 3177 4970 qui
3192 4898 3397 4969 Oppida
3411 4912 3559 4969 quaav

1935 4998 2059 5052 dam
2083 4996 2353 5065 villasque
2371 4992 2921 5050 Remensiseeclesim
2939 4996 3325 5063 pervaseratac
3340 4990 3558 5044 detine—

1936 5088 2046 5151 bat,
2073 5086 2127 5139 in
2160 5084 2453 5155 praesentia
2494 5100 2714 5156 quoque
2742 5083 2887 5156 regis
2920 5079 3361 5137 excommunicat
3387 5080 3557 5150 (940).

1935 5179 2062 5234 Post
2080 5178 2195 5231 haec
2207 5191 2300 5229 rex
2318 5174 2623 5231 Ludovicus
2652 5174 2808 5231 dedit
2825 5174 3047 5231 Artoldo
3069 5172 3358 5245 episcopo,
3381 5188 3444 5227 ac
3460 5188 3560 5243 per

1939 5292 2063 5331 eum
2096 5272 2342 5328 ecclesia)
2367 5272 2650 5337 Remensi,
2676 5289 2773 5343 per
2802 5266 3196 5344 praeceptionis
3214 5269 3379 5344 regiae
3407 5269 3564 5343 pagi—

1939 5384 2087 5435 nam,
2120 5364 2406 5420 Remensis
2434 5362 2587 5418 urbis
2613 5370 2914 5429 monetam,
2933 5364 3058 5432 jure
3082 5369 3351 5435 perpetuo
3378 5360 3563 5432 possi-

1937 5457 2196 5513 dendam.
2221 5454 2325 5508 Sed
2344 5460 2397 5508 et
2427 5467 2648 5508 omnem
2670 5451 2988 5507 comitatum
3021 5452 3349 5507 Remensem
3380 5449 3562 5506 eidem

1941 5546 2452 5603 contulitecclesim.
2473 5543 2731 5600 Artoldus
2743 5543 3038 5615 episcopus
3049 5541 3370 5599 Cansostem
3392 5542 3569 5597 muni-

1945 5640 2150 5694 tionem
2167 5638 2403 5704 obsidet;
2420 5652 2581 5709 quam
2593 5637 2787 5708 quinto
2798 5634 3019 5691 tandem
3034 5633 3126 5690 die
3140 5633 3417 5692 Ludovico
3437 5649 3567 5709 rege

282 5727 555 5801 Sequenti
588 5741 733 5781 anno
767 5728 905 5799 (934)
937 5728 1114 5803 igneae
1150 5728 1337 5784 Remis
1368 5728 1424 5781 in
1457 5725 1596 5782 ecelo
1627 5725 1844 5781 discur—
1948 5726 2077 5781 illuc
2117 5725 2394 5791 veniente,
2437 5724 2513 5780 hii
2547 5725 2643 5797 qui
2674 5731 2836 5781 erant
2866 5723 3014 5779 intus
3044 5723 3363 5779 reddentes:
3397 5724 3568 5779 dese—

506 5828 790 5889 PATROL.
841 5826 1168 5893 CXXXV.

3086 5822 3165 5885 10
