3972 6206
402 326 509 381 299
1531 293 1898 356 FLODOARDI
1938 287 2245 348 CANONICI
2286 280 2615 339 REMENSIS

407 463 552 512 runt.
583 451 692 506 Nec
714 448 964 521 longum,
996 442 1260 497 subversa
1299 433 1549 491 funditus
1576 431 1645 487 ab
1676 428 1765 485 his
1792 426 1889 499 qui
1920 439 2015 479 re-
2044 424 2097 494 Α

406 556 603 614 cepere
646 513 961 605 dissipatur.
994 528 1141 583 Missi
1170 523 1417 600 Hugonis
1454 522 1519 576 ad
1555 532 1742 593 regem
1769 513 2018 577 veniunt,

2191 413 2433 487 Contigit
2457 419 2642 465 autem
2673 402 2830 469 mihi,
2863 396 3089 455 domina
3111 408 3231 448 mea
3259 391 3424 445 beata
3457 387 3556 443 Dei
3592 386 3775 440 Geni-

2122 506 2259 563 trice
2291 476 2694 563 intercedente,
2719 500 2780 548 ut
2810 491 2930 561 ipsa
2958 486 3051 541 die
3082 478 3477 550 Conceptionis
3509 476 3568 547 (2
3597 476 3775 531 Mar-

408 571 603 614 DCPCIU
646 571 961 605 ιιιοδιγιηυηο
996 571 1141 583 μυυυ.
1172 571 1415 600 ....u-._--
1456 571 1519 576 ..ν
1556 571 1567 574 ,
1592 571 1672 593 _D,
2007 571 2016 577 _

408 644 465 692 et
499 636 569 690 de
598 646 733 703 pace
764 643 890 683 cum
921 625 1002 679 eis
1027 638 1123 678 rex
1153 620 1299 675 inter
1324 615 1607 672 Artoldum
1649 607 1943 683 praesulem
1970 611 2024 659 et
2125 606 2208 675 tiz‘)
2261 610 2318 657 et
2365 595 2639 672 passionis
2695 591 2783 663 (27
2852 584 3062 653 Martii)
3110 576 3328 635 Domini
3388 573 3565 629 nostri
3623 571 3776 626 Jesu

1718 702 1721 703 '
2134 698 2177 703 λ-
2238 698 2249 703 -
2313 697 2325 703 -
2408 694 2421 703 -
2514 691 2526 703 -
2728 702 2739 703 κ
2789 680 3025 703 ----.-.ι;..
3089 686 3138 703 ..ο
3186 673 3275 703 Ain
3307 668 3468 703 θη-ήὶιιι
3542 665 3775 703 αρίἰῖρρί

409 665 465 692 τι
499 665 569 690 UE
637 665 733 686 aw
764 665 890 683 υυιιι
921 665 1002 679 ven
1028 665 1123 678 uva-
1153 665 1289 675 ,ιι-ν-
1324 665 1386 672 ---
1401 665 1606 672 --_._..___
1650 665 1666 683 ‘
2194 665 2204 675 ι
2369 665 2381 672 .

409 665 755 781 Ηθτίδθῗωιη
799 717 1050 772 laborare
1117 709 1325 766 studet.
1397 704 1606 761 Dcinde
1659 702 1729 757 ad
1786 706 2024 754 castrum
2124 697 2329 755 Christi
2375 691 2693 749 absolverer
2721 702 2753 742 a
2780 680 3049 745 custodia,
3086 686 3142 730 et
3184 673 3277 728 die
3307 668 3496 736 tertia,
3542 665 3780 721 scilicet

409 756 755 781 ιιυιιυῠιιυιιι
800 756 1049 772 ιιουνιι-ιν
1117 756 1325 766 ..νς-ν--.
1397 756 1599 761 ._-_____v

408 814 711 890 quoddam,
748 807 901 882 quod
938 804 1202 862 Beriveus
1239 814 1415 873 nepos
1456 794 1692 862 Herivei,
1737 789 2016 864 quondam

2208 789 2330 846 Kal.
2362 784 2581 857 Aprilis,
2616 793 2753 851 quas
2791 773 3056 830 Dominus
3083 784 3113 822 a
3153 763 3386 820 mortuis
3431 756 3775 821 resurrexit,

2416 876 2425 884 '
2515 888 2521 890 -
2590 885 2700 890 -----
2736 863 2962 890 --ι-ηειιολ
2996 861 3171 890 nim-tn
3225 860 3414 890 nnclrn
3447 849 3512 890 ad
3562 847 3775 890 nthm

409 847 711 890 quuuucuu,
749 847 901 882 ιίυιυυι
938 847 1202 862 "tunc..-
1240 847 1413 873 "-r-_
1456 847 1692 862 _.___.__,
1756 847 1772 864 ⁸
2409 847 2424 857 ⁸
2569 847 2575 849 ἒ
2635 847 2650 851 _

409 903 835 979 archiepiscopi,
908 914 1080 971 super
1132 895 1358 951 ﬂuvium
1428 890 1726 946 Maternam
1782 882 2024 943 tenebat,
2128 892 2384 955 egressus
2414 876 2532 945 ipse
2581 885 2703 925 cum
2736 863 2963 937 praefato
2994 861 3172 914 electo
3225 860 3414 910 nostro
3446 849 3516 904 ad
3562 847 3777 902 urbem

2140 975 2158 979 “
2376 970 2386 979 ·
2649 962 2670 979 ι’
2737 969 2817 979 ινα
2875 973 2990 979 μη...
3052 953 3148 979 I’L:
3204 945 3610 979 nnnrnninntnc
3646 939 3777 979 nni-

411 939 835 979 ιιιυιιιῦμιδυυγι,
909 939 1069 971 Iurvi
1134 939 1358 951 anu-1......
1432 939 1667 946 -..._---_V.,
2014 939 2021 943 ⁷
2163 939 2197 955 υ
2438 939 2451 945 υ

411 1001 563 1057 unde
615 1003 672 1053 et
742 994 901 1049 villas
950 987 1218 1061 episcOpii
1274 982 1561 1040 Remensis
1600 979 2029 1045 circumquaque
2129 970 2512 1028 Suessonicam
2544 962 2822 1036 profectus
2874 973 3013 1012 sum.
3052 953 3151 1008 libi
3203 945 3610 1005 convenientes
3646 939 3784 1017 epi-

2350 1060 2355 1061 ⁷
2428 1058 2437 1061 ⁸
2581 1053 2614 1061 ’³
2992 1059 3051 1061 νη
3121 1036 3464 1061 ...ΑἷμΑἷηῖι-κιςη
3538 1033 3781 1061 [Invnnnn

950 1016 1218 1061 εμιδυυμιι
1274 1016 1561 1040 ιιυιιισιιυιο
1600 1016 2029 1045 υιινυιιιῚυι-Ὶν-ίσ
2130 1016 2512 1028 υννιινν.,,ν..-,,
2545 1016 2596 1036 Γ,
2682 1016 2687 1017 γ
3720 1016 3725 1017 7

413 1089 623 1162 positas
682 1081 1125 1154 depraedabantur,
1193 1072 1559 1146 proficiscitur
1619 1082 1743 1123 cum
1806 1061 2031 1119 Artoldo
2132 1061 2287 1132 scopi
2348 1058 2512 1126 hujus
2563 1053 2871 1108 dioeceseos
2937 1059 3060 1100 cum
3120 1036 3467 1112 principibus
3537 1033 3781 1105 llugone

1278 1161 1286 1162 κ
1611 1156 1620 1162 .
1718 1154 1729 1162 .
1783 1152 1792 1161 ι
1933 1150 1965 1162 ιι
2248 1151 2283 1162 ιι
2357 1148 2388 1162 οι
2479 1153 2518 1162 .,
2584 1143 2711 1162 Ihm“
2808 1140 2962 1162 οηλ--
3082 1148 3148 1162 nn
3460 1126 3781 1162 Il‘ﬂl‘Innln'

416 1126 623 1162 γυδιιυυ
682 1126 1125 1154 υνιιυν--υη---η
1194 1126 1381 1146 τηρ-κ
2233 1126 2248 1132 ,

414 1178 699 1248 episcopo.
736 1171 847 1225 Nec
874 1183 1060 1230 mora;
1092 1161 1382 1220 obsidibus
1412 1156 1655 1228 acceptis
1684 1154 1752 1208 ab
1783 1152 1901 1222 ipso
1932 1150 2036 1202 lle-
2134 1166 2199 1206 ac
2248 1148 2532 1204 Heribcrto
2582 1143 2736 1225 SSyn.
2803 1140 3008 1202 Suess.,
3081 1148 3174 1187 an.
3241 1128 3392 1194 9M),
3460 1126 3786 1178 tractarunt

1554 1245 1563 1248 ‘
1786 1241 1795 1248 '
2017 1234 2029 1248 ‘
2215 1243 2225 1248 ·
2254 1243 2265 1248 λ
2335 1240 2344 1248 ·
2536 1243 2544 1248 -
2915 1242 3079 1248 mn-
3112 1218 3410 1248 -..παι-ωωιι
3465 1215 3634 1248 imane
3666 1212 3786 1248 ιι..-

418 1267 569 1320 riveo
594 1258 887 1315 revertitur
915 1252 1137 1318 Remis;
1171 1263 1521 1324 pergensque
1552 1245 1608 1299 in
1639 1241 1933 1298 crastinum
1966 1234 2034 1289 ad

421 1360 673 1411 sanctum
701 1347 1034 1422 Remigium,
1066 1360 1190 1399 sese
1222 1341 1395 1413 ipsius
1423 1338 1596 1394 sancti
1637 1330 1928 1390 committit
1952 1329 2036 1382 in-

420 1417 888 1501 tercessionibus:
917 1433 1245 1506 promittens
1295 1430 1527 1485 vadibus
1556 1426 1771 1494 _libram
1825 1417 2037 1494 argenti

423 1549 484 1589 se
505 1531 760 1587 daturum
778 1525 937 1581 annis
956 1522 1210 1597 singulis.
1236 1518 1520 1575 Monachis
1540 1528 1765 1587 quoque
1791 1508 2038 1579 ejusdem

425 1627 533 1685 loci
574 1629 905 1698 praeceptum
938 1620 1010 1675 de
1048 1617 1246 1673 eodem
1272 1613 1497 1671 castello
1528 1610 1682 1666 dedit
1710 1604 2037 1662 immunita-

426 1718 517 1773 tis.

997 1778 1205 1835 CAPUT
1245 1774 1475 1831 XXVIII.

537 1883 612 1935 De
635 1877 951 1948 empulsiouc
979 1874 1165 1929 damni
1184 1869 1409 1926 Artoldi
1424 1868 1492 1923 ab
1520 1865 1650 1920 urbe
1672 1863 1934 1919 Remensi.

506 1997 661 2069 Ηυεο
684 1994 882 2066 (dictus
896 1989 1150 2060 Magnus)
1178 1977 1905 2060 princepsﬂiliusltotberti,
1922 1975 2053 2044 jun-

434 2087 537 2142 ctis
562 2065 669 2139 sibi
688 2065 1020 2156 quibusdam
1045 2077 1323 2150 episcopis
1339 2083 1448 2129 tam
1470 2070 1711 2127 Francia:
1729 2082 1891 2140 quam
1920 2065 2054 2118 Bur-

437 2173 682 2249 gundiae,
707 2152 861 2227 'cum
902 2167 1192 2225 Heriberto
1224 2163 1428 2220 comite
1473 2167 1528 2216 et
1567 2158 1841 2213 Willelmo
1872 2152 2051 2208 Nord-

440 2280 766 2322 mannorum
842 2261 1097 2335 principe
1166 2260 1493 2313 Remensem
1551 2251 1771 2308 obsidet
1836 2246 2055 2310 urbem,

438 2365 701 2425 sextaque
717 2334 1033 2411 obsidionis
1048 2348 1162 2413 die,
1180 2347 1473 2401 deserente
1486 2341 1637 2397 omni
1667 2353 1809 2411 pene
1838 2334 2056 2390 militari

438 2461 606 2500 manu
627 2443 909 2498 Artoldum
940 2440 1285 2511 episcopum,
1319 2444 1375 2490 et
1403 2432 1473 2489 ad
1502 2431 1847 2487 Heribertum
1881 2434 2061 2481 trans-

440 2543 632 2599 eunte,
692 2533 839 2588 idem
885 2546 1073 2587 comes
1121 2528 1440 2583 Heribertus
1491 2523 1684 2578 urbem
1732 2518 2057 2594 ingreditur.

440 2628 699 2685 Artoldus
736 2628 938 2699 praesul
978 2626 1045 2680 ad
1085 2631 1331 2679 sanctum
1374 2618 1708 2688 Remigium,
1739 2613 2061 2670 evocatione

443 2731 733 2788 procerum
763 2716 1151 2786 episcoporum
1182 2708 1482 2781 profectus.
1517 2719 1810 2775 persuasus
1840 2708 1944 2767 est,
1974 2700 2059 2754 vel

440 2807 771 2863 conterritus
810 2822 840 2860 a
867 2803 1215 2877 principibus
1255 2797 1525 2870 episcopii
1577 2812 1638 2851 se
1677 2792 2063 2866 procuratione

441 2900 529 2954 vel
573 2905 845 2970 potestate
901 2895 1185 2960 abdicare,
1252 2906 1628 2961 concessaque
1685 2886 1791 2943 sibi
1848 2885 2067 2941 abbatia

443 2991 619 3047 sancti
653 2990 854 3057 Basoli,
887 2996 945 3044 et
995 2991 1286 3043 Avennaco
1319 2983 1673 3050 monasterio,
1718 2982 1786 3035 ad
1818 2986 2064 3035 sanctum

2136 1243 2270 1316 quid
2297 1240 2380 1295 eis
2410 1243 2554 1292 esset
2584 1212 2880 1306 Jagendum
2912 1242 3080 1297 super
3109 1218 3414 1293 episcOpali
3465 1215 3638 1283 hujus
3665 1212 3788 1266 Hu-

2137 1334 2296 1409 gonis
2316 1327 2705 1390 ordinatione;
2730 1323 2921 1392 sicque
2952 1319 3338 1377 decreverunt,
3362 1304 3788 1381 poenitentious

2138 1423 2470 1499 quibusdam
2537 1418 2664 1472 filiis
2718 1411 2968 1470 ecclesiae
3027 1403 3334 1469 Remensis,
3395 1410 3503 1457 tam
3550 1393 3786 1451 clericis

2140 1532 2302 1590 quam
2332 1513 2505 1579 laicis,
2538 1525 2663 1565 eum
2695 1501 3084 1562 ordinandum,
3126 1491 3505 1552 asserentibus
3551 1485 3789 1542 fautori-

2140 1576 2244 1665 bus
2273 1606 2467 1678 ipsius,
2493 1576 2648 1675 quod
2692 1596 2947 1652 Artoldus
3000 1602 3349 1660 nequaquam
3382 1583 3623 1646 electus,
3679 1576 3785 1631 sed

2144 1716 2244 1773 per
2274 1694 2596 1753 violentiam
2647 1689 2812 1745 fuerit
2858 1680 3228 1744 intromissus,
3275 1689 3512 1746 seseque
3545 1669 3786 1741 episco-

2070 1766 2257 1868 Bpali
2315 1786 2650 1846 abdicaverit
2703 1784 2931 1838 ditione.
2993 1776 3071 1830 Ibi
3121 1788 3252 1846 ergo
3305 1771 3459 1843 liugo
3516 1766 3791 1838 princeps

2149 1898 2281 1945 tunc
2330 1902 2418 1940 me
2477 1899 2575 1955 per
2629 1894 2849 1934 manum
2911 1876 2969 1942 (ἱ,
3014 1873 3233 1935 manus)
3287 1863 3592 1935 accipiens,
3654 1858 3789 1913 huic

2152 1975 2366 2051 lIugoni
2420 1970 2607 2042 nepoti
2665 1984 2765 2023 suo
2807 1964 2873 2019 ad
2933 1955 3400 2016 benefaciendum
3455 1946 3793 2009 commisit;

2154 2034 2365 2138 quippe
2392 2034 2528 2116 milii
2555 2056 2845 2113 ecclesiam
2878 2059 3047 2107 santa:
3079 2046 3257 2101 Maria:
3288 2042 3443 2097 dedit
3474 2039 3531 2093 in
3563 2034 3796 2092 Colrido

2156 2159 2339 2222 sitam,
2363 2162 2566 2208 terram
2598 2163 2818 2221 quoque
2846 2159 3008 2216 quam
3054 2146 3206 2211 pater
3240 2150 3373 2189 suus
3404 2130 3541 2185 mihi
3591 2127 3791 2181 abstu-

2160 2254 2317 2320 lerat,
2371 2245 2632 2311 reddidit,
2687 2251 2741 2297 et
2799 2241 2963 2295 aliam
3007 2237 3063 2290 in
3121 2230 3383 2304 praedicta
3438 2226 3569 2279 villa
3621 2236 3797 2291 supra

2161 2343 2386 2413 adjecit.

2762 2416 2973 2475 CAPUT
3003 2412 3181 2470 XXIX.

2376 2521 2451 2573 De
2480 2514 2639 2569 malis
2681 2525 2799 2580 quae
2826 2510 3072 2574 deinceps
3108 2501 3392 2557 consecuta
3419 2497 3568 2551 sunt.

2234 2609 2344 2663 Nec
2402 2621 2573 2671 mora,
2635 2600 2910 2655 civitatem
2953 2596 3282 2648 Remeusem
3315 2604 3346 2640 a
3394 2584 3626 2656 praelato
3663 2596 3800 2636 con-

2161 2711 2329 2759 ventu
2382 2701 2653 2755 adeuntes
2683 2691 2950 2765 episcOpi,
3008 2691 3365 2759 praetaxatum
3395 2680 3638 2735 electum
3695 2690 3803 2729 no-

2168 2806 2340 2853 strum
2373 2797 2428 2850 in
2455 2792 2692 2849 ecclesia
2724 2786 2898 2843 sancti
2933 2780 3169 2855 Remigii
3201 2777 3469 2849 dignitate
3501 2772 3807 2827 sublimant

2170 2884 2648 2959 archiepiscopali.
2688 2882 2799 2937 Sub
2852 2878 3065 2933 hisdem
3107 2875 3220 2929 fere
3273 2871 3474 2925 diebus
3512 2872 3806 2921 monaste—

2172 2985 2310 3040 rium
2336 2980 2508 3037 sancti
2541 2972 2869 3032 Theodorici
2903 2968 3187 3025 nonnullis
3217 2966 3522 3020 illustratur
3562 2960 3804 3013 miracu-

447 3079 703 3135 Basolum
734 3085 1172 3134 commoraturus
1201 3074 1494 3139 abscessit,
1552 3079 1677 3143 post
1714 3086 1888 3125 annos
1944 3075 2068 3124 octo
2103 3075 2241 3168 clis
2290 3074 2357 3127 de
2388 3070 2593 3142 quibus
2620 3066 2732 3135 jam
2790 3062 3040 3134 quaedam
3074 3072 3241 3128 supra
3293 3053 3583 3109 retulimus
3619 3048 3731 3117 (lib.
3764 3063 3799 3099 ι.

2302 3166 2309 3168 ξ
2361 3166 2366 3168 .
2491 3162 2502 3168 -
2531 3161 2540 3168 .
2965 3153 2995 3168 .-
3214 3148 3453 3168 -ξ---,1--..
3511 3140 3660 3168 Lana:
3695 3138 3796 3168 νζ.ιῖ

449 3178 504 3226 et
544 3186 769 3225 menses
795 3177 1009 3240 septem
1063 3168 1158 3238 [ms
1192 3208 1206 3234 ,
1239 3166 1352 3236 sex]
1386 3166 1440 3219 in
1474 3164 1795 3235 episcopatu
1829 3167 2065 3216 exactos.

454 3260 607 3335 Hugo
658 3271 711 3318 et
752 3261 1069 3317 Ileribertus
1111 3258 1276 3314 locuti
1317 3273 1445 3311 cum
1501 3254 1833 3327 quibusdam
1874 3253 2069 3306 Letha-

451 3350 750 3416 riensibus,
809 3349 879 3403 ad
918 3348 1271 3404 obsidionem
1312 3344 1560 3400 Lauduni
1622 3359 1743 3397 eum
1798 3340 2072 3396 Willelmo

454 3439 900 3512 proficiscuntur,
927 3440 1117 3494 relicto
1153 3436 1338 3492 Remis
1369 3435 1596 3507 Hugone
1619 3434 1872 3496 diacono,
1907 3429 2075 3484 Heri-

454 3535 595 3590 berti
646 3536 781 3602 lilio,
807 3534 1140 3606 jampridem
1175 3533 1241 3587 ad
1294 3532 1672 3601 episcopatum
1708 3528 1882 3599 ipsius
1925 3525 2078 3579 urbis

457 3639 704 3694 evocato,
777 3628 987 3700 quique
1044 3626 1209 3682 tertio
1286 3632 1575 3695 postquam
1638 3637 1923 3697 regressus
1997 3624 2079 3672 est

462 3734 672 3786 mense,
707 3718 995 3790 presbyter
1033 3732 1066 3771 a
1095 3715 1326 3770 Widone
1363 3713 1695 3769 Suessonico
1724 3710 1957 3783 praesule
1988 3724 2080 3763 or-

460 3813 687 3867 dinatus
712 3819 817 3875 est,
857 3809 1090 3881 expletis
1130 3819 1418 3879 postquam
1464 3807 1639 3861 fuerat
1666 3806 1875 3861 electus
1918 3803 2082 3859 annis

461 3906 805 3978 quindecim,
860 3921 1001 3978 quos
1056 3902 1418 3958 Antissiodori
1474 3917 1823 3957 commorans
1870 3907 2077 3973 egerat,

462 3997 768 4051 litterarum
801 3992 1000 4049 studiis
1029 4000 1350 4061 occupatus,
1389 3990 1537 4061 apud
1566 3989 1858 4044 Widonem
1909 3988 2084 4059 ipsius

465 4090 620 4146 urbis
647 4089 969 4156 antistitem,
1002 4104 1034 4144 a
1064 4102 1174 4159 quo
1194 4093 1248 4143 et
1276 4086 1544 4141 diaconus
1573 4085 1862 4141 ordinatus
1886 4083 2079 4138 fuerat.

466 4179 601 4235 Nam
644 4186 874 4234 caeteros
904 4175 1197 4232 inferiores
1235 4176 1437 4249 gradus
1490 4174 1559 4228 ab
1592 4174 1822 4230 Abbone
1851 4173 2087 4227 Suesso—

469 4267 595 4323 nico
626 4267 865 4338 prtesule
894 4265 1078 4323 Remis
1106 4270 1417 4335 acceperat.
1473 4262 1747 4318 Ludovico
1778 4278 1908 4336 rege
1962 4266 2088 4332 post

469 4363 588 4420 haec
607 4379 637 4417 a
668 4359 984 4436 Burgundia
1008 4374 1283 4434 regresso,
1315 4357 1572 4414 Artoldus
1602 4357 1897 4431 episcopus
1926 4355 2090 4410 dese-

2173 3183 2218 3222 c.
2252 3166 2400 3233 ult),
2451 3161 2545 3217 ubi
2587 3153 3169 3213 commemorationem
3208 3148 3456 3219 ejusdem
3511 3140 3663 3195 beati
3695 3138 3798 3193 viri

2173 3255 2533 3323 fecimus.:Ab
2561 3250 2793 3306 ecclesia
2819 3261 2950 3302 vero
3001 3251 3204 3297 sancta:
3239 3237 3419 3293 Mariae
3450 3234 3638 3290 Remis
3666 3247 3799 3286 crux

2174 3351 2367 3416 major,
2401 3362 2564 3418 quam
2601 3344 2837 3398 domnus
2872 3337 3136 3392 lleriveus
3181 3329 3635 3399 archiepiscopus
3670 3341 3801 3380 auro

2176 3442 2556 3509 coeperuerat,
2590 3440 2644 3489 et
2688 3428 2923 3506 gemmis
2955 3429 3270 3487 ornaverat,
3303 3436 3333 3474 a
3372 3417 3588 3472 furibus
3619 3423 3804 3479 noctu,

2178 3532 2526 3588 tenebrarum
2575 3525 2787 3580 scilicet
2834 3516 3195 3582 amatoribus,
3229 3510 3494 3566 aufertur.
3554 3509 3670 3571 Qua
3712 3505 3805 3559 diu

2179 3624 2430 3697 quaesita,
2461 3619 2682 3675 tandem
2714 3622 2837 3687 post
2863 3627 3065 3666 annum
3102 3623 3226 3679 pars
3252 3602 3369 3658 auri
3428 3613 3806 3674 gemmarum-

2181 3693 2289 3790 que
2338 3716 2515 3787 ipsius
2558 3710 2803 3767 multatis
2852 3704 3127 3776 reperitur
3179 3697 3506 3754 latronibus.
3567 3693 3643 3747 Ex
3700 3707 3805 3763 quo

2181 3783 2530 3882 postmodum
2564 3819 2696 3859 auro
2743 3801 2835 3855 hic
2884 3797 3106 3870 praesul,
3158 3793 3373 3860 adjecta
3422 3786 3665 3859 quadam
3722 3783 3804 3837 sui

2182 3917 2400 3975 quoque
2428 3896 2676 3954 muneris
2707 3897 3039 3965 quantitate,
3074 3884 3300 3940 calicem
3334 3880 3435 3936 sub
3466 3880 3681 3933 honore
3713 3876 3803 3929 Dei

2183 3969 2476 4049 (genitricis
2504 3986 2755 4044 fabricari
2798 3982 2946 4039 fecit.
2980 3981 3209 4053 llugone
3249 3991 3313 4029 ac
3348 3972 3643 4027 Heriberto
3678 3969 3807 4021 Lau-

2184 4089 2391 4143 dunum
2424 4084 2628 4156 pariter
2656 4075 3060 4137 obsidentibus,
3091 4088 3186 4126 rex
3219 4067 3551 4129 Ludovicus,
3576 4064 3805 4133 sumptis

2185 4194 2371 4235 secum
2401 4190 2540 4247 quos
2568 4171 2936 4240 undecunque
2991 4163 3255 4234 colligere
3288 4157 3466 4231 potuit
3498 4156 3557 4210 in
3608 4170 3803 4229 pagum

2188 4245 2505 4328 Portensem
2522 4264 2693 4323 venit.
2719 4262 2834 4328 Quo
2855 4258 3043 4315 audito
3067 4257 3242 4329 Ilugo,
3262 4259 3316 4307 et
3341 4249 3672 4306 Heribertus
3707 4245 3806 4300 sci-

2190 4367 2315 4421 licet
2359 4363 2506 4436 quod
2563 4376 2656 4415 rex
2685 4357 2765 4413 eis
2819 4352 3312 4428 apprOpinquaret,
3368 4342 3669 4400 obsidione
3716 4355 3801 4394 re-

470 4473 610 4557 τθηξ
642 4456 960 4557 ξῑοθξξοδιωῐι
1014 4455 1195 4557 sancti
1232 4454 1430 4557 Βειξοιξν
1462 4452 1532 4508 ad
1585 4452 1841 4552 etimde
1900 4466 2085 4551 regem
2112 4475 2165 4543 Β
2192 4459 2339 4523 licta,
2384 4457 2683 4527 preperant
2726 4457 2938 4513 contra,
2970 4452 3025 4500 et
3078 4444 3417 4512 insperatum
3450 4435 3600 4510 regis
3650 4434 3804 4487 inva-

1874 4556 1881 4557 ,
1922 4556 1925 4557 ,
1962 4555 1975 4557 _
2064 4554 2081 4557 _
2208 4549 2221 4557 .
2582 4543 2613 4557 υ.
2806 4536 3084 4557 Αηᾼῌ--ιι-,.
3118 4535 3367 4557 ..ιλ-...πηι
3455 4524 3697 4557 μηιῖηηηο
3753 4523 3801 4557 in

473 4545 841 4619 proficiscitur
896 4561 1019 4601 cum
1083 4544 1416 4616 quibusdam
1473 4541 1804 4613 prepinquis
1866 4523 2001 4605 suis,
2059 4554 2072 4592 ε

2191 4549 2387 4604 dentes
2415 4543 2736 4607 exercitum,
2788 4536 3088 4595 nonnullos
3117 4535 3392 4595 sternunt,
3454 4524 3699 4596 reliquos
3753 4523 3803 4575 in

474 4639 680 4712 quibus
739 4638 988 4695 ecclesia
1044 4635 1337 4702 beneficia,
1394 4651 1518 4709 quae
1592 4635 1876 4701 tenebant,
1936 4632 2094 4688 Heri-

474 4733 669 4788 bertus
717 4746 904 4786 comes
956 4730 1279 4787 abstulerat.
1334 4729 1465 4784 Mihi
1522 4744 1746 4801 quoque
1802 4726 2091 4783 ecclesiam

478 4820 792 4878 Colmisiaci
835 4821 1111 4892 (Uormicy)
1140 4819 1247 4875 vici
1280 4817 1507 4873 abstulit
1544 4834 1668 4872 cum
1708 4802 1855 4872 terra
1885 4813 2100 4871 benefi-

479 4912 574 4980 cii,
604 4926 769 4982 quam
801 4919 934 4967 tunc
962 4909 1230 4981 temporis
1252 4908 1535 4963 tenebam.
1570 4906 1681 4983 Ego
1708 4907 1952 4978 denique
1983 4906 2100 4960 dis-

480 5019 719 5079 ponens,
777 5003 1044 5061 orationis
1089 5003 1285 5079 gratia,
1336 5000 1651 5074 sepulcrum
1708 5001 1888 5058 visere
1923 5000 2099 5056 sancti

480 5094 721 5162 Martini,
753 5104 999 5151 retentus
1044 5112 1165 5151 sum
1208 5094 1277 5150 ab
1303 5095 1447 5165 ipso,
1483 5094 1623 5148 clam
1652 5108 1741 5148 me
1772 5092 2100 5164 quibusdam

480 5188 737 5262 personis
767 5186 1218 5243 insimulantibus
1245 5184 1393 5258 apud
1442 5199 1590 5251 eum,
1632 5182 1781 5254 quod
1811 5181 1895 5236 sui
1941 5198 2105 5237 causa

483 5283 826 5350 nocumenti,
865 5282 952 5339 vel
1008 5282 1106 5338 filii
1138 5281 1223 5337 sui
1271 5281 1467 5337 vellem
1523 5276 1839 5351 proﬁcisci;
1895 5283 1947 5331 ct
1975 5276 2102 5348 quia

486 5372 809 5429 renutabam
840 5386 929 5427 me
982 5372 1113 5427 huic
1140 5370 1319 5426 electo
1347 5375 1535 5424 nostro
1584 5364 1949 5431 committere,
2003 5380 2103 5419 ne-

484 5464 674 5520 sciens
702 5471 888 5520 utrum
920 5464 1028 5519 Deo
1080 5462 1323 5535 placeret
1350 5476 1476 5515 eum
1516 5457 1808 5531 prmsulem
1854 5466 2099 5511 nostrum

489 5552 630 5606 fore.
657 5551 872 5624 'Sicque
906 5553 1084 5625 plenis
1112 5551 1366 5623 quinque
1406 5547 1691 5603 mensibus
1731 5544 1875 5614 apud
1909 5542 2105 5599 fratres

489 5645 733 5707 nostros,
776 5642 896 5712 ipso
925 5641 1127 5697 comite
1151 5639 1408 5710 jubente,
1452 5638 1554 5693 sub
1611 5633 1862 5692 custodia
1906 5634 2102 5703 partim

493 5729 674 5784 libera
693 5745 811 5786 sum
851 5734 1128 5795 detentus.

2192 4638 2373 4712 fugam
2422 4641 2658 4691 vertunt.
2720 4631 2830 4685 Rex
2888 4628 3008 4699 ipse
3061 4640 3187 4679 cum
3242 4619 3433 4692 paucis
3494 4617 3727 4671 eductus
3780 4629 3809 4666 a

2193 4730 2329 4796 suis,
2388 4735 2444 4783 et
2474 4726 2715 4781 eximere
2760 4737 2820 4777 se
2873 4718 3023 4775 bello
3054 4722 3301 4781 coactus,
3350 4710 3439 4765 vix
3470 4707 3668 4775 evasit,
3722 4705 3813 4760 Ar-

2198 4822 2349 4879 toldo
2379 4819 2643 4892 episcOpo
2687 4820 2741 4870 et
2769 4809 3024 4887 Rotgario
3058 4805 3261 4863 comite
3317 4800 3711 4859 comitantibus
3735 4813 3815 4852 se-

2200 4926 2344 4966 cum.
2413 4884 2671 4961 itrtoldus
2707 4884 3024 4972 episcopus,
3075 4892 3308 4968 perditis
3358 4889 3528 4945 rebus
3565 4903 3700 4960 quas
3746 4884 3811 4939 ibi

2203 4992 2487 5065 habuerat,
2539 4996 2607 5051 ad
2640 4996 2922 5069 Hugonem
2955 4996 3010 5044 et
3062 4986 3406 5042 Heribertum
3440 4980 3673 5037 accessit
3727 4978 3815 5032 ad-

2204 5096 2402 5151 ductus
2449 5090 2517 5146 ab
2549 5067 2759 5153 amicis,
2818 5081 3164 5152 redditisque
3195 5075 3303 5132 sibi
3362 5071 3605 5129 abbatiis
3656 5067 3816 5125 sancti

2204 5185 2382 5243 Basoli
2423 5190 2479 5239 et
2502 5182 2794 5237 Avennaco
2824 5191 2948 5231 cum
2980 5173 3110 5229 villa
3137 5165 3469 5224 Vindenissa
3502 5158 3809 5236 [Vendeure]

2204 5286 2260 5335 et
2288 5283 2448 5350 pacta
2496 5290 2631 5347 pace
2678 5286 2802 5327 cum
2858 5268 3087 5342 Hugone
3132 5260 3393 5335 praesule,
3451 5256 3521 5312 ad
3572 5262 3805 5311 sanctum

2204 5348 2479 5438 Basolum,
2521 5367 2634 5424 illic
2683 5363 3030 5419 habitaturus
3071 5355 3313 5412 devenit.
3358 5348 3624 5423 Sequenti
3675 5360 3802 5402 anno

2204 5460 2352 5533 (942)
2380 5431 2696 5530 proditores
2734 5450 2961 5523 quidam
2993 5443 3179 5502 Remis
3204 5438 3432 5512 reperti,
3465 5444 3518 5491 et
3551 5431 3805 5490 interfecti

2204 5524 2629 5622 eunti-quidam
2661 5544 2830 5600 rebus
2859 5538 3105 5598 ecclesiae
3137 5532 3333 5607 privati
3365 5529 3435 5586 ab
3458 5527 3599 5585 urbe
3628 5524 3803 5597 depel-

2206 5611 2438 5695 luatur.-
2466 5634 2651 5710 Legati
2706 5630 2997 5688 Remensis
3052 5622 3303 5681 ecclesiae
3361 5619 3535 5674 Roma
3590 5611 3801 5689 regressi

2207 5727 2432 5799 pallium
2464 5706 2718 5782 deferunt
2750 5711 3423 5796 Hugoniarchiepiscom,
3445 5707 3514 5763 ab
3543 5706 3798 5777 Stephano
