3972 6206
220 421 324 476 301

861 413 1185 470 HISTORIA}
1224 413 1553 474 ECCLESUE
1590 411 1919 470 REMENSIS
1961 409 2136 466 LIBRI
2179 409 2504 476 QUA'I‘UOR.
2546 441 2614 451 —
2655 410 2779 467 LIB.
2825 409 2907 464 IV.

3446 411 3552 469 302

223 574 366 629 papa
393 556 592 626 (Steph.
632 554 776 624 VIII)
807 551 1208 608 transmissum.
1243 550 1374 606 Cum
1404 551 1608 623 quibus
1640 553 1841 623 pariter
1861 557 1915 624 Α
1937 548 2204 620 quosdam
2234 546 2916 622 obsides,utRagenoldus
2947 562 3011 600 ex
3029 551 3182 616 parte
3195 546 3338 619 regis
3352 547 3419 601 ad
3435 548 3555 602 col-

222 658 279 704 et
309 647 677 723 legatiovenit
710 644 1054 717 principibus
1079 643 1256 716 regni,
1292 651 1351 699 ut
1386 645 1721 700 Ludovicum
1754 659 1841 700 re-

222 759 348 819 gem
383 741 674 812 recipiant,
709 747 764 795 et
786 738 866 794 sic
905 738 1116 810 legatos
1165 752 1296 792 suos
1321 737 1546 794 Romam
1577 738 1834 813 dirigant.

829 851 1038 906 CAPUT
1082 850 1232 906 XXX.

291 949 365 1002 De
393 947 741 1016 occupatione
776 943 1086 998 Altimontis
1130 942 1326 1016 castri,
1358 942 1440 996 vel
1460 941 1684 1007 Mosoni,
1719 946 1769 995 et

786 1018 954 1069 morte
992 1013 1262 1067 IIeriberti

295 1113 452 1165 Anno
482 1123 704 1182 quoque
762 1114 886 1177 post
935 1105 1095 1159 istum
1157 1104 1296 1171 (M3)
1328 1103 1584 1158 Artoldus
1617 1103 1836 1172 episco-

226 1220 351 1274 pus,
385 1203 576 1257 relicto
607 1198 864 1254 coenobio
932 1195 1104 1251 sancti
1159 1194 1354 1258 Basoli,
1395 1194 1462 1248 ad
1494 1209 1676 1266 regem
1711 1209 1838 1264 pro-

224 1295 520 1350 fectusest.
566 1294 629 1346 At
682 1291 759 1345 illi
811 1289 1082 1360 promittit
1126 1289 1177 1341 ei
1235 1303 1295 1340 se
1337 1287 1675 1340 redditurum
1735 1286 1838 1340 Re-

228 1400 478 1438 mensem
511 1381 910 1452 episcopatum.
967 1377 1066 1442 Qui
1120 1375 1417 1445 assumptis
1445 1391 1631 1429 secum
1659 1375 1838 1429 fratri-

228 1472 332 1526 bus
361 1472 494 1538 suis,
526 1477 581 1525 et
604 1469 724 1524 aliis
753 1467 1106 1539 quibusdam,
1155 1465 1247 1536 qui
1281 1464 1480 1532 abjecti
1530 1463 1743 1517 fuerant
1769 1463 1837 1517 ab

227 1565 552 1635 episcopatu
584 1561 859 1616 Remensi.
910 1559 1262 1613 Altimontem
1318 1566 1552 1612 castrum
1585 1564 1837 1626 occupat.

228 1653 361 1708 Cum
393 1653 593 1724 quibus
649 1667 743 1704 rex
793 1648 1097 1703 Ludovicus
1124 1647 1288 1701 etiam
1343 1646 1839 1719 Mosonumagres-

224 1762 342 1811 sus,
374 1743 709 1816 repellitura
745 1739 1006 1796 fidelibus
1031 1739 1274 1813 IIugonis
1303 1738 1574 1809 episcopi,
1611 1736 1843 1808 quibus-

226 1837 353 1893 dam
383 1852 609 1891 suorum
649 1832 998 1902 interemptis
1027 1849 1041 1897 ;
1076 1830 1430 1885 suburbanas
1451 1837 1632 1883 tamen
1651 1827 1845 1882 domos

229 1925 497 1996 quasdam
556 1923 730 1994 ipsius
769 1921 934 1977 castri
997 1919 1266 1975 succedit.
1325 1919 1538 1974 Interea
1582 1906 1923 1975 defunctoB

230 2017 518 2072 Ileriberto
547 2014 769 2080 comite,
819 2013 888 2067 de
935 2011 1269 2082 recipiendis
1296 2009 1426 2064 filiis
1459 2010 1630 2080 ipsius
1657 2025 1688 2063 a
1715 2023 1842 2079 rege

228 2108 425 2162 crebra
456 2105 798 2175 interipsum
850 2118 1035 2174 regem
1085 2108 1138 2156 et
1191 2101 1476 2173 Hugonem
1534 2099 1841 2169 principem

227 2196 551 2252 versabatur
580 2194 834 2249 intentio.
871 2193 1108 2257 Quorum
1141 2207 1232 2244 rex
1285 2189 1521 2260 primum
1564 2199 1692 2243 tunc
1733 2188 1845 2242 IIu-

225 2301 430 2362 gonem
470 2283 970 2354 archiepiscopum,
1032 2279 1433 2334 mediatoribus
1472 2279 1681 2333 Othone
1704 2277 1842 2332 duce

229 2376 694 2441 Lotbariensium,
747 2383 802 2429 et
859 2373 1208 2427 Adalberone
1266 2372 1547 2442 praesule,
1612 2372 1842 2442 Hugonc

227 2481 455 2539 quoque
487 2465 624 2518 duce
655 2463 956 2534 praecipue.
982 2461 1501 2530 insistente,recipit
1532 2476 1598 2515 eo
1630 2468 1841 2525 tenore,

227 2556 570 2621 utabbatiae,
602 2571 740 2626 quas
768 2553 1052 2607 dimiserat
1110 2552 1364 2608 Artoldus
1401 2552 1469 2606 ad
1499 2567 1683 2626 regem
1715 2565 1844 2621 pro-

229 2651 428 2713 fectus,
463 2647 683 2703 Artoldo
733 2647 996 2717 episcOpo
1029 2646 1466 2710 restituerentur,
1500 2644 1645 2698 aliud
1677 2645 1840 2698 etiam

228 2738 574 2811 episcopium
621 2736 723 2806 ipsi
784 2735 1185 2806 provideretur,
1233 2734 1494 2788 fratribus
1541 2749 1761 2804 quoque
1791 2741 1844 2788 et

230 2828 560 2902 prOpinquis
591 2829 710 2896 ejus
749 2827 1009 2891 honores,
1066 2840 1205 2895 quos
1253 2841 1316 2878 ex
1371 2824 1692 2894 episc0patu
1738 2823 1846 2877 Re-

232 2920 411 2976 mensi
445 2920 766 2983 habuerant,
804 2917 1188 2972 redderentur.
1242 2916 1433 2971 Postea
1473 2916 1652 2970 caeteri
1713 2930 1848 2986 quo-

231 3028 338 3086 que
367 3009 466 3064 filii
500 3009 765 3064 Heriberti
825 3008 1041 3064 comitis
1089 3008 1434 3079 recipiuntur
1488 3024 1518 3061 a
1551 3023 1697 3079 rege.
1735 3007 1846 3060 IIu-

229 3118 300 3174 go
351 3099 594 3170 denique
649 3098 847 3169 praesul
929 3097 1235 3151 Amblicum
1292 3097 1539 3167 (Ambly)
1606 3106 1849 3150 castrum

229 3194 378 3264 cepit
433 3201 597 3264 atque
647 3191 970 3254 combussit,
1061 3191 1210 3262 quod
1293 3189 1566 3245 Robertus
1623 3198 1678 3244 et
1734 3189 1847 3244 Ro-

1941 638 2186 708 loquium
2208 638 2314 691 sibi
2353 644 2618 692 occurrat.
2643 637 2757 700 Quo
2786 635 3051 701 abeunte,
3083 641 3278 689 tractat
3305 651 3428 690 cum
3461 652 3550 703 eo,

1940 732 2019 787 uti
2050 749 2144 787 rex
2182 732 2409 788 obsides
2438 732 2506 787 ab
2538 732 2764 806 Hugone
2791 729 3213 800 archiepiscopo
3245 729 3476 800 accipiat
3498 737 3553 785 et

1941 826 2010 880 ab
2038 826 2328 882 obsidione
2360 827 2616 882 Remensi
2643 826 3206 896 discedat,quatenus
3241 825 3385 880 idem
3419 841 3555 895 prae-

1940 921 2046 986 sul,
2079 921 2434 977 denominato
2477 922 2697 992 placito,
2733 922 2799 975 ad
2823 921 3160 975 reddendam
3195 921 3461 976 rationem
3486 921 3554 976 de

1941 1010 2475 1081 omnil‘ius,qua'rex
2519 1013 2677 1064 abeo
2723 1009 3025 1080 quaesierit,
3067 1010 3310 1064 accedat.
3349 1009 3556 1073 Quibus

1942 1101 2044 1154 hoc
2075 1101 2181 1154 sibi
2212 1109 2402 1154 tenore
2434 1101 2572 1152 datis
2602 1117 2690 1152 rex
2737 1099 2806 1152 ab
2862 1098 3157 1153 obsidione
3190 1099 3399 1152 recedit
3435 1108 3557 1169 post

1941 1191 2187 1262 quintam
2215 1191 2485 1245 decimam
2519 1207 2626 1261 qua
2658 1190 2848 1244 civitas
2905 1188 3132 1242 obsessa
3164 1189 3338 1244 fuerat
3387 1191 3554 1244 diem.

1939 1283 2048 1336 Nec
2077 1283 2248 1336 multo
2282 1290 2404 1352 post
2444 1282 2588 1336 idem
2614 1297 2703 1336 rex
2734 1299 2764 1336 a
2795 1283 3162 1337 Nordmannis
3191 1282 3559 1352 comprehen-

1939 1381 2217 1437 susest,et
2249 1375 2774 1429 Rodomidetentus.
2803 1375 2954 1450 Hugo
2975 1375 3172 1446 praesul
3207 1375 3558 1428 Altimontem

1941 1473 2178 1520 castrum
2238 1466 2522 1530 obsidens,
2580 1475 2703 1537 post
2752 1474 2963 1536 septem
3027 1467 3197 1521 ferme
3255 1465 3562 1519 obsidionis

1946 1555 2321 1610 hebdomadas
2371 1557 2583 1626 recipit,
2662 1557 2930 1612 reddente
2988 1557 3122 1610 illud
3171 1556 3277 1610 sibi
3335 1555 3563 1610 Dodone

1944 1647 2133 1701 domni
2164 1648 2371 1702 Artoldi
2411 1647 2599 1715 fratre,
2650 1649 2742 1702 tali
2776 1649 2880 1703 sub
2929 1648 3274 1713 conditione,
3307 1646 3560 1701 utfilium

1945 1735 2120 1806 ipsius
2145 1743 2197 1790 et
2239 1736 2410 1790 filium
2464 1735 2646 1790 fratris
2691 1737 2775 1792 sui
2828 1737 3158 1808 suscipiens,
3194 1736 3336 1790 idem
3363 1737 3562 1806 praesul

1944 1828 2278 1882 concederet
2324 1828 2406 1882 eis
2446 1836 2646 1882 terram
2687 1835 2904 1898 patrum
2933 1845 3157 1883 suorum

2513 1939 2722 1994 CAPUT
2777 1940 2976 1994 XXXII.

1944 2034 2018 2086 De
2049 2034 2382 2087 restitutione
2419 2033 2618 2098 regula:
2644 2035 2700 2086 in
2723 2035 3045 2088 monasterio
3076 2035 3252 2087 sancti
3309 2033 3561 2100 Remigii.

2216 2109 2264 2157 et
2289 2107 2670 2158 constitutione
2699 2105 2911 2157 abbatis
2944 2106 3246 2159 IIincmari.

2015 2191 2303 2245 Advocans
2324 2191 2566 2261 denique
2609 2191 2695 2245 hic
2737 2189 2979 2260 pontifex
3013 2189 3429 2245 Ercamboldum
3453 2205 3566 2244 mo-

1945 2281 2173 2335 nasterii
2193 2281 2367 2336 sancti
2392 2281 2679 2336 Benedicti
2710 2281 2992 2349 abbatem,
3023 2280 3267 2355 regulam
3298 2280 3565 2335 monasti-

1945 2391 2061 2429 cam
2097 2375 2151 2430 in
2184 2375 2522 2430 monasterio
2551 2376 2722 2430 sancti
2759 2374 2991 2449 Remigii
3040 2375 3328 2430 restituere
3360 2375 3562 2428 decer-

1945 2471 2042 2530 tat,
2094 2467 2443 2522 constituens
2495 2467 2573 2521 ibi
2633 2467 2888 2522 abbatem
2931 2466 3280 2522 Hincmarum
3314 2466 3563 2534 ejusdem

1944 2553 2047 2608 loci
2068 2557 2420 2610 monachum.
2454 2555 2664 2630 Regina
2690 2555 2966 2629 Gerberga
2988 2571 3168 2627 nuper
3195 2556 3263 2609 ad
3294 2554 3563 2609 Othonem

1946 2661 2131 2719 regem
2163 2645 2387 2700 fratrem
2420 2663 2578 2701 suum
2607 2648 2938 2719 legationem
2962 2647 3258 2712 direxerat,
3293 2647 3564 2701 auxilium

1945 2737 2254 2808 deposcens
2283 2739 2352 2793 ab
2403 2755 2470 2794 eo
2519 2749 2713 2795 contra
2771 2740 3058 2814 Hugonem
3112 2739 3446 2810 principem,
3478 2738 3568 2793 cui

1947 2830 2271 2886 Laudunum
2302 2832 2640 2897 reddiderat,
2682 2839 2742 2886 ut
2771 2832 3045 2903 reciperet
3077 2831 3414 2886 Ludovicum
3479 2846 3569 2884 re-

1946 2937 2094 2993 gem,
2127 2939 2293 2994 quem
2339 2923 2512 2996 Hugo,
2558 2923 2660 2978 sub
2701 2922 2954 2977 custodia
3009 2930 3346 2993 receptuma
3387 2919 3568 2975 Nord-

1949 3018 2188 3084 mannis,
2223 3018 2521 3073 retinuerat
2560 3017 2728 3088 (946).
2771 3016 2871 3081 Qui
2913 3016 3052 3072 Otho
3083 3016 3382 3070 maximum
3411 3014 3572 3071 colli-

1950 3125 2088 3181 gens
2129 3125 2192 3163 ex
2243 3109 2506 3164 omnibus
2557 3109 2745 3184 regnis
2791 3108 2909 3163 suis
2967 3108 3292 3173 exercitum,
3330 3105 3481 3162 venit
3513 3107 3569 3160 in

1952 3199 2258 3266 Franciam,
2289 3200 2597 3255 Conradum
2652 3215 2877 3271 quoque
2932 3215 3120 3254 secum
3156 3199 3370 3253 habens
3399 3197 3572 3253 Cisal-

231 3287 418 3344 dolfus
461 3287 674 3354 fratres,
735 3286 828 3357 qui
882 3286 1098 3340 fuerant
1153 3285 1338 3339 Remis
1376 3283 1610 3354 expulsi.
1634 3283 1851 3336 deline-
1877 3283 1924 3350 C
1950 3292 2095 3362 pina'e
2117 3292 2306 3346 Galliae
2339 3310 2548 3365 regem.
2608 3293 2821 3359 Quibus
2853 3309 2944 3347 rex
2991 3291 3317 3346 Ludowicus
3351 3290 3571 3346 obviam

231 3381 398 3444 bant;
417 3379 564 3434 unde
581 3377 1020 3448 depraedationes
1041 3394 1140 3448 per
1160 3376 1503 3447 episc0pium
1525 3375 1850 3429 Remensem

229 3470 529 3526 faciebant.
567 3470 700 3523 Item
733 3467 991 3539 praefatus
1011 3468 1465 3538 archiepiscopus
1492 3467 1850 3521 Altimontem

229 3559 601 3615 munitionem
630 3556 870 3622 obsidet,
911 3573 1076 3628 quam
1116 3555 1349 3610 tenebat
1385 3555 1538 3609 Dodo
1568 3554 1735 3608 frater
1759 3555 1856 3606 Ar-

233 3656 370 3712 toldi
390 3655 638 3726 episc0pi
664 3671 678 3721 ;
710 3653 1044 3725 tandemque
1076 3660 1304 3724 accepto
1323 3649 1855 3724 parvuloipsiusfilio

230 3751 457 3816 obside,
484 3750 741 3816 discedit,
770 3765 899 3822 rege
929 3765 1155 3821 quoque
1209 3750 1526 3803 mandante.
1569 3751 1725 3802 Anno
1777 3764 1858 3801 se-

231 3856 444 3920 quente
474 3847 622 3917 (9H)
655 3845 790 3919 regii
851 3844 1058 3899 milites
1111 3845 1493 3916 episc.0patum
1526 3844 1857 3898 Remensem

231 3941 646 4012 depraedantur,
679 3949 733 3995 et
766 3940 864 3996 ﬁlii
899 3941 1168 3995 IIeriberti
1199 3941 1476 3996 abbatiam
1507 3940 1679 3994 sancti
1721 3938 1838 3993 Cris

235 4030 378 4102 pini,
403 4030 754 4100 Ragenoldus
781 4046 1003 4101 quoque
1061 4029 1340 4085 abbatiam
1382 4030 1552 4084 sancti
1595 4028 1859 4094 Medardi,

235 4123 432 4193 sicque
470 4121 745 4177 alterutris
775 4121 1189 4177 debacchentur
1238 4121 1446 4193 rapinis
1463 4127 1625 4192 atque
1657 4119 1865 4189 deprae-

241 4215 584 4272 dationibus.

843 4287 1051 4342 CAPUT
1082 4287 1262 4342 XXXI.

315 4381 390 4433 De
417 4379 693 4434 obsidione
705 4380 856 4434 urbis
870 4382 1145 4436 Remensis
1177 4381 1244 4435 ab
1275 4382 1514 4435 exercitu
1536 4380 1797 4436 Ludovici

992 4488 1150 4540 regis.

315 4563 475 4618 Anno
524 4570 649 4633 post
680 4563 824 4617 hunc
874 4564 1037 4632 (945),
1101 4564 1196 4635 qui
1260 4572 1352 4619 est-
1408 4565 1571 4632 hujus
1614 4563 1867 4634 praesulis

1954 3380 2254 3452 profectus,
2288 3382 2420 3436 satis
2447 3383 2819 3438 amicabiliter
2847 3389 2902 3437 et
2934 3381 3241 3437 honorifice
3273 3379 3576 3450 suscipitur

1954 3469 2022 3523 ab
2039 3469 2119 3523 eis
2183 3469 2383 3540 Sicque
2434 3471 2639 3540 pariter
2673 3472 2998 3527 Laudunum
3029 3471 3339 3536 venientes,
3381 3469 3574 3525 consi-

1955 3562 2257 3632 derataque
2297 3561 2462 3615 castri
2522 3560 2798 3630 firmitate,
2848 3565 3205 3620 deverterunt
3243 3564 3311 3618 ab
3339 3579 3430 3629 eo,
3465 3563 3574 3616 Re-

1957 3669 2204 3707 mensem
2223 3652 2610 3724 aggredientes
2640 3655 2854 3721 urbem,
2899 3671 3062 3728 quam
3097 3656 3382 3728 cingentes
3423 3655 3580 3712 obsi-

1959 3742 2146 3809 dione,
2179 3741 2390 3817 ingenti
2412 3742 2684 3797 vallarunt
2715 3745 2980 3801 exercitu.

2555 3851 2762 3908 CAPUT
2782 3855 2988 3914 XXXII.

2282 3949 2356 4000 De
2391 3945 2692 4015 repulsione
2733 3948 2974 4013 Hugonis
3001 3951 3256 4019 episcopi.

2035 4035 2236 4091 Videns
2267 4044 2450 4090 autem
2483 4034 2634 4107 Hugo
2665 4035 2860 4104 praesul
2881 4035 3228 4092 obsidionem
3259 4053 3316 4092 se
3348 4035 3582 4092 tolerare

1967 4146 2079 4185 non
2109 4146 2294 4202 posse,
2329 4145 2512 4200 neque
2545 4135 2706 4183 tantae
2736 4127 2991 4182 resistere
3021 4129 3385 4192 multitudini,
3419 4128 3582 4184 locu-

1967 4229 2056 4276 tus
2085 4227 2167 4275 est
2197 4236 2320 4276 cum
2353 4217 2686 4289 quibusdam
2745 4216 3098 4288 principibus
3127 4218 3220 4290 qui
3251 4219 3586 4274 videbantur

1968 4325 2088 4363 esse
2119 4308 2225 4363 sibi
2258 4307 2441 4374 amici,
2474 4306 2730 4362 videlicet
2760 4323 2883 4362 cum
2918 4307 3165 4374 Arnulfo,
3213 4309 3307 4381 qui
3335 4311 3456 4379 ejus
3485 4326 3584 4365 so-

1968 4391 2279 4462 rorem,et'
2311 4397 2549 4452 Widone
2613 4396 2679 4468 [j,
2732 4397 2984 4464 Uddone,
3025 4402 3076 4452 ct
3121 4401 3276 4466 infra
3317 4399 3587 4472 Uddonis]

1969 4491 2100 4562 quia
2128 4489 2349 4544 amitam
2413 4487 2587 4558 ipsius
2640 4487 2882 4542 habebat
2931 4504 3182 4556 uxorem,
3237 4489 3334 4544 sed
3380 4498 3586 4546 etcum

1973 4584 2303 4639 Herimanno
2337 4582 2480 4653 [ms.,
2511 4581 2842 4652 Ilermanno]
2878 4581 3135 4635 Widonis
3160 4580 3590 4653 fratrequaesivit

241 4661 474 4730 quintus
495 4661 548 4714 in
580 4661 926 4732 episcopatu,
950 4676 1042 4714 rex
1072 4660 1398 4726 Ludovicus,
1421 4660 1650 4715 collecto
1677 4675 1853 4714 secum

1973 4675 2040 4728 ab
2065 4675 2147 4727 eis
2187 4673 2321 4744 quid
2359 4672 2470 4727 sibi
2521 4671 2664 4727 foret
2696 4672 2994 4744 agendum.
3029 4670 3129 4733 Qui
3163 4670 3270 4724 tale
3301 4673 3588 4727 consilium

236 4754 745 4826 Nordmannorum}
777 4755 1043 4822 exercitu,
1110 4756 1614 4811 Veromandensem
1671 4771 1868 4829 pagum

240 4847 614 4919 depraedatur.
663 4848 1068 4920 Assumptoque
1114 4865 1237 4903 cum
1306 4849 1438 4920 ipsis
1498 4847 1719 4902 Erluino
1745 4863 1868 4902 cum

242 4946 404 5010 parte
426 4939 662 4993 militum
700 4940 928 5006 Arnulfi,
983 4941 1079 4996 sed
1109 4948 1166 4995 et
1195 4941 1420 4996 Artoldo
1447 4941 1709 5011 episcopo
1740 4957 1864 4994 cum

243 5028 333 5082 bis
361 5026 456 5098 qui
491 5027 699 5082 dudum
743 5029 928 5084 Remis
959 5030 1119 5099 ejecti
1149 5029 1382 5096 fuerant,
1409 5030 1610 5086 comite
1642 5045 1865 5102 quoque

245 5121 530 5178 Bernardo
588 5139 651 5176 ac
707 5123 1047 5181 Theoderico
1093 5135 1294 5196 nepote
1342 5127 1536 5196 ipsaus,
1571 5125 1864 5180 Remorum

241 5213 413 5268 vallat
447 5213 642 5267 urbem
667 5231 680 5279 ;
714 5221 995 5270 vastantur
1014 5215 1444 5287 circumquadue
1467 5216 1874 5290 segetes,villae-

246 5320 360 5376 que
379 5304 739 5374 diripiuntur,
771 5313 825 5360 et
854 5307 1051 5376 partim
1099 5315 1420 5372 exuruntur,
1457 5323 1670 5362 necnon
1703 5307 1876 5362 eccle-

243 5397 341 5452 sia:
373 5395 564 5466 plures
593 5395 978 5473 effringuntur.
1017 5400 1242 5464 Quoties
1262 5408 1560 5473 pugnatum
1586 5400 1652 5454 ad
1674 5407 1877 5470 portas,

242 5489 328 5543 vel
357 5489 501 5543 circa
568 5505 810 5557 murum,
857 5491 1127 5546 vulnerati
1183 5508 1248 5547 ex
1309 5502 1541 5565 utraque
1574 5500 1733 5564 parte
1766 5508 1879 5546 non

247 5577 437 5649 pauci,
467 5577 693 5648 quidam
717 5580 878 5633 etiam
916 5579 1232 5651 interempti
1265 5589 1410 5636 sunt.
1457 5582 1608 5652 Hugo
1639 5581 1882 5652 denique

245 5667 357 5720 dux
379 5665 668 5736 praetiatus
701 5683 823 5723 eum
857 5668 1247 5736 Nordmannis,
1300 5671 1394 5741 qui
1428 5670 1568 5725 fines
1635 5687 1764 5726 suos
1804 5673 1886 5726 in-

244 5754 425 5829 gressi
456 5755 702 5821 fuerant,
727 5771 824 5812 eos
865 5770 975 5810 non
1010 5758 1225 5813 modica
1247 5758 1398 5813 caede
1438 5759 1599 5826 fudit,
1633 5765 1689 5814 et
1716 5774 1746 5812 a
1775 5768 1885 5814 ter-

248 5846 422 5902 minis
453 5844 574 5900 suis
603 5844 783 5912 ejecit.
812 5846 943 5902 Post
975 5847 1090 5902 haec
1146 5849 1345 5905 Remos
1374 5849 1443 5904 ad
1476 5866 1664 5922 regem
1696 5835 1888 5918 mittit,

1973 4765 2248 4820 dederunt
2274 4765 2348 4832 ei,
2390 4771 2448 4818 ut
2473 4763 2835 4837 egrederetur
2864 4778 2987 4818 cum
3016 4762 3132 4814 suis
3163 4768 3218 4815 et
3254 4761 3589 4834 relinqueret

1972 4858 2185 4923 urbem,
2211 4856 2342 4926 quia
2375 4855 2428 4909 id
2487 4855 2819 4926 dispositum
2851 4871 2882 4908 a
2936 4853 3161 4927 regibus
3186 4860 3305 4908 erat
3332 4862 3389 4907 ut
3410 4855 3594 4909 omni-

1967 4947 2148 5001 modis
2179 4944 2610 5016 expcllerentur,
2630 4960 2813 5015 neque
2845 4942 3180 5000 intervenire
3203 4949 3427 5014 possent
3449 4944 3595 5013 apud

1972 5059 2132 5114 reges
2160 5058 2262 5112 pro
2291 5041 2434 5112 ipso,
2465 5041 2601 5112 quin
2641 5039 2690 5094 ei
2724 5045 3050 5094 eruerentur
3071 5037 3241 5100 oculi,
3261 5036 3304 5091 si
3335 5035 3527 5090 urbem
3543 5041 3596 5093 vi

1974 5132 2093 5201 capi
2125 5129 2468 5202 contigisset.
2505 5131 2621 5193 Quo
2663 5129 2897 5184 consilio
2949 5137 3208 5199 percepto
3234 5143 3300 5182 ac
3326 5127 3443 5180 suis
3467 5126 3599 5180 inti-

1976 5231 2145 5287 mato,
2181 5229 2303 5292 post
2336 5220 2550 5275 tertiam
2582 5219 2894 5276 obsidionis
2927 5221 3071 5274 diem
3121 5235 3242 5274 cum
3277 5235 3422 5291 pene
3453 5235 3597 5273 cun-

1980 5311 2081 5365 etis
2109 5311 2200 5382 qui
2235 5326 2422 5364 secum
2457 5317 2585 5364 tunc
2616 5309 2850 5364 aderant
2881 5307 3173 5375 militibus,
3206 5324 3463 5382 egressus
3494 5313 3600 5360 est.

1981 5400 2182 5470 Sicque
2214 5414 2372 5472 reges
2423 5415 2546 5452 cum
2596 5397 2879 5469 episcopis
2928 5406 2981 5453 et
3033 5397 3378 5469 principibus
3420 5397 3606 5469 ingrc-

1983 5489 2223 5554 dientes,
2253 5488 2470 5556 urbem,
2527 5487 2790 5542 domnum
2837 5486 3118 5542 Artoldum
3167 5487 3479 5558 praesulem,
3509 5485 3604 5559 qui

1986 5578 2193 5633 dudum
2232 5580 2408 5634 fuerat
2441 5578 2670 5646 ejectus,
2705 5576 2906 5632 iterum
2939 5577 3299 5632 intbronizari
3331 5578 3606 5632 fecerunt.

1988 5670 2159 5732 Quem
2193 5669 2511 5735 Rotbertus,
2542 5667 2882 5723 Trevirensis
2907 5665 3382 5740 arciiicpiSCOpus,
3414 5667 3612 5722 ctl’re-

1990 5761 2213 5816 dericus
2260 5762 2746 5837 Magontiacensis,
2803 5760 3139 5832 accipientes
3169 5767 3401 5832 utraque
3446 5773 3613 5813 manu

1990 5851 2173 5907 eidem
2192 5851 2313 5908 sedi
2339 5851 2719 5910 restituerunt.
2751 5851 2960 5908 Deinde
2979 5849 3363 5923 relinquentes
3379 5849 3614 5904 Gerber-
