3972 6206
418 378 525 432 303

1532 374 1900 431 FLODOARDI
1940 374 2242 431 CANONICI
2285 373 2612 429 REMENSIS

3647 373 3745 428 3οὀ

415 526 540 583 gam
568 509 814 584 reginam
873 504 1090 576 Remis,
1140 507 1248 579 ipsi
1300 522 1461 583 reges
1513 523 1635 564 cum
1691 508 2029 565 exercitibus
2050 508 2300 583 Apium.
2351 506 2621 562 Indicitur
2677 506 2867 577 itaque
2919 505 3184 577 synodus,
3244 520 3368 576 quae
3401 512 3455 561 et
3486 506 3745 560 convenit

416 601 533 655 suis
558 606 756 655 terram
798 599 1044 674 IIugonis
1071 599 1480 673 ingrediuntur,
1507 608 1563 655 et
1601 600 1859 673 gravibus
1888 608 2029 655 atte—

415 694 542 742 runt
568 686 1100 758 deprzedationibus.
1130 687 1348 742 Terram
1380 703 1604 760 quoque
1644 687 2029 744 Nordmanno—

415 792 535 831 rum
581 782 960 850 peragrantes,
1016 775 1137 831 loca
1192 792 1429 850 quaeque
1453 777 1763 843 devastaut,
1801 784 1855 832 et
1897 778 2026 831 inde

413 876 724 923 remeantes
779 867 848 923 ad
890 883 993 923 sua
1043 869 1252 941 quique
1298 869 1709 945 regrediuntur.
1748 870 1903 925 Anno
1935 885 2027 923 se-

414 960 605 1030 quenti
640 961 793 1031 (949)
824 977 916 1017 rex
940 960 1250 1016 Ludovicus
1279 960 1586 1017 Mosomum
1610 960 2023 1032 castrum,quod

413 1048 569 1122 IIugo
596 1050 782 1105 Remis
812 1051 1023 1119 ejectus
1039 1051 1338 1118 retinebat,
1367 1052 1589 1107 obsedit
1613 1071 1628 1117 ;
1651 1052 1747 1106 sed
1768 1051 1905 1105 nihil
1926 1065 2024 1120 pro

410 1142 555 1197 votis
593 1142 870 1209 efficiens,
922 1143 1313 1198 recedentibus
1369 1145 1591 1199 tandem
1626 1153 1748 1216 post
1777 1162 2025 1201 mensem

412 1233 869 1289 Lothariensibus
894 1234 989 1306 qui
1021 1250 1210 1289 secum
1251 1242 1432 1303 erant,
1464 1236 1584 1306 ipse
1615 1236 1814 1292 Remos
1845 1253 2029 1291 rever-

412 1319 568 1378 titur.
1130 1366 1140 1373 .

481 1412 597 1477 Quo
624 1412 692 1467 ad
715 1411 986 1469 Othonem
1044 1429 1229 1489 regem
1290 1415 1360 1470 ad
1392 1415 1787 1471 celebrandum
1820 1415 2027 1472 Pascha

411 1503 681 1575 profecto,
720 1504 872 1581 IIugo
898 1506 1205 1578 princepsa
1226 1507 1559 1579 quibusdam
1586 1516 2026 1580 praesumptuosc

411 1612 695 1668 pervasus,
744 1597 1076 1654 Remensem
1135 1616 1260 1655 cum
1294 1600 1518 1673 Hugone
1571 1603 1827 1672 praesule,
1868 1602 2022 1673 quasi

410 1701 536 1742 mox
566 1695 851 1757 capturus,
883 1688 1205 1763 aggreditur
1243 1690 1438 1746 urbem
1474 1707 1489 1755 ;
1530 1688 1901 1761 frustratoque
1926 1706 2027 1745 ne-

408 1777 581 1850 gotio,
615 1778 1007 1834 resistentibus
1034 1780 1182 1853 regis
1213 1788 1268 1836 et
1306 1781 1512 1836 Artaldi
1553 1781 1802 1852 episcopi
1827 1781 2024 1837 militi-

406 1868 533 1936 bus,
565 1878 758 1926 octavo
809 1878 1099 1943 postquam
1149 1872 1487 1928 advenerant
1526 1874 1637 1940 die,
1680 1874 1825 1929 illusi
1870 1890 2024 1929 rece-

408 1961 566 2017 dunt.
618 1962 887 2020 Defuncto
965 1965 1199 2021 Deraldo
1257 1966 1711 2022 Ambianensium
1764 1967 2021 2038 praesule,

404 2053 701 2110 Tetbaldus
751 2056 1000 2128 quidam,
1059 2057 1315 2113 Ecclesiae
1368 2058 1713 2114 Suessonicae
1743 2059 2023 2114 archidia-

409 2162 584 2203 conus
620 2149 909 2205 ordinatur
937 2150 1007 2205 ab
1032 2151 1261 2226 Hugone
1297 2151 1685 2207 Ambianensis
1704 2152 2021 2224 episcOpus.

411 2236 694 2295 Conventu
750 2240 936 2312 placiti
989 2258 1180 2314 regum
1232 2242 1491 2299 Ludovici
1515 2250 1570 2299 et
1602 2243 1832 2299 Othonis
1858 2259 2027 2313 super

408 2327 839 2402 Charam(Cher)
890 2331 1118 2385 fluvium
1163 2342 1520 2407 congregato,
1574 2349 1665 2388 res
1710 2333 1824 2388 litis
1882 2333 2027 2388 inter

405 2419 617 2475 Aldum
652 2429 707 2475 et
729 2421 1038 2493 Hugonem,
1070 2421 1357 2476 Remensis
1389 2421 1643 2477 Ecclesia:
1668 2423 2025 2493 praasules,ab

405 2511 687 2583 episcopis
715 2513 935 2568 auditur
961 2532 975 2580 ;
1019 2522 1074 2569 et
1104 2514 1235 2585 quia
1264 2513 1510 2584 synodus
1541 2522 1671 2569 tunc
1691 2522 2026 2588 congregata

403 2613 515 2653 non
548 2599 747 2667 fuerat,
781 2601 1068 2658 altercatio
1088 2602 1450 2658 determinari
1502 2618 1613 2659 non
1662 2605 1862 2674 potuit.
1922 2605 2025 2676 Sy-

402 2693 584 2748 nodus
612 2699 793 2749 autem
838 2694 986 2751 circa
1024 2696 1270 2751 medium
1325 2698 1534 2752 mensis
1582 2698 1904 2754 Novembris
1929 2700 2026 2755 ha-

399 2779 587 2835 benda
633 2781 1013 2839 denuntiatur.
1068 2784 1288 2839 Interim
1346 2800 1477 2840 vero
1526 2786 1689 2841 sedes
1735 2786 2024 2843 Remensis

395 2872 619 2927 Artoldo
650 2874 994 2941 conceditur,
1053 2874 1207 2949 IIugo
1243 2874 1471 2931 Mosomi
1502 2876 1764 2932 remorari
1786 2877 2019 2947 permit-

399 2960 554 3015 titur.
588 2961 878 3029 Heriveus,
907 2978 1081 3034 nepos
1108 2964 1323 3020 Ilerivei
1346 2965 1774 3037 archiepiscopi,
1808 2967 2019 3021 habens

398 3054 768 3109 munitionem
799 3072 963 3129 quam
996 3054 1369 3111 aedificaverat
1418 3057 1554 3112 citra
1581 3056 1878 3113 Matronam
1912 3058 2020 3114 ﬂu-

2128 599 2187 653 in
2212 598 2501 653 ecclesiam
2560 597 2737 652 sancti
2793 597 2937 652 Petri
2994 597 3053 651 in
3111 604 3408 668 prospectu
3441 596 3657 652 Mosoni
3685 612 3745 650 ex

2129 687 2352 742 dioecesi
2375 686 2681 741 Trevirensi
2728 693 2894 759 atque
2951 685 3235 741 Remensi.
3291 685 3535 741 Veniens
3564 691 3744 739 autem

2129 778 2262 832 illuc
2315 779 2466 853 llugo
2508 778 2729 849 praesul,
2784 785 2839 833 et
2888 779 3105 833 locutus
3160 793 3283 832 cum
3364 776 3634 832 Rotberto
3663 794 3748 831 ar-

2128 870 2501 942 chiepiscopo,
2534 871 2805 942 synodum
2846 870 3022 925 noluit
3053 869 3295 946 ingredi.
3356 868 3591 925 Litteras
3620 885 3745 925 vero

2127 962 2390 1032 quasdam
2423 978 2488 1017 ex
2529 962 2751 1017 nomine
2808 961 3022 1033 Agapiti
3077 962 3323 1031 (Agapit.
3357 960 3426 1031 II)
3454 976 3614 1032 papae
3641 960 3744 1014 mi-

2127 1050 2200 1105 sit
2229 1051 2296 1105 ad
2322 1052 2615 1122 episcopos
2646 1068 2742 1122 per
2771 1053 3032 1107 clericum
3085 1067 3270 1119 suum,
3324 1052 3419 1122 qui
3449 1067 3545 1106 eas
3580 1051 3745 1106 Roma

2128 1144 2421 1213 detulerat,
2478 1146 2614 1201 nihil
2650 1146 2992 1202 auctoritatis
3042 1145 3328 1201 canonice
3372 1145 3745 1211 continentes,

2127 1239 2225 1293 sed
2254 1240 2359 1296 hoc
2388 1250 2598 1296 tantum
2652 1240 3063 1313 praecipientes,
3095 1248 3156 1296 ut
3212 1240 3428 1314 Hugoni
3472 1241 3748 1297 Remense

2127 1334 2457 1392 redderetur
2484 1337 2854 1408 episcopium.

2208 1432 2416 1498 Quibus
2463 1431 2623 1488 lectis
2679 1430 3090 1503 responderunt
3128 1430 3401 1502 episcopi,
3451 1446 3564 1487 non
3626 1445 3747 1486 esse

2128 1532 2357 1604 dignum
2384 1527 2471 1583 vel
2493 1541 2821 1600 congruum,
2846 1534 2905 1582 ut
2929 1527 3245 1597 apostolicae
3271 1527 3569 1601 legationis
3598 1542 3749 1581 man-

2128 1624 2336 1687 datum,
2379 1620 2527 1691 quod
2560 1618 2770 1674 dudum
2802 1618 3098 1675 Rotbertus
3140 1619 3623 1689 archiepiscopus,
3646 1618 3747 1671 de-

2125 1712 2337 1767 ferente
2386 1708 2676 1763 Frederico
2699 1707 3129 1779 Magontiacensi
3154 1707 3413 1778 prwsule,
3440 1721 3629 1761 coram
3658 1721 3749 1760 re-

2123 1800 2286 1874 gibus
2310 1806 2365 1853 et
2393 1796 2671 1868 episcopis
2727 1803 3068 1866 susceperat,
3133 1795 3569 1851 intermitterent
3620 1808 3747 1865 pro-

2126 1896 2248 1960 pter
2268 1888 2369 1942 has
2410 1887 2641 1952 litteras,
2696 1900 2834 1956 quas
2874 1885 3164 1940 insidiator
3197 1891 3252 1939 et
3283 1883 3517 1939 aemulus
3540 1882 3748 1937 Artaldi

2123 1977 2375 2049 praesulis
2399 1975 2700 2031 exhibebat
2735 1992 2747 2027 :
2782 1974 2893 2028 imo
2936 1973 3085 2044 quod
3117 1972 3445 2047 regulariter
3460 1981 3749 2041 coeperant

2121 2066 2385 2123 canonice
2413 2069 2856 2136 pertractaretur.
2916 2062 3117 2133 Sicque
3172 2060 3493 2131 praecipitur
3528 2059 3752 2114 recitari

2122 2156 2425 2227 capitulum
2466 2153 2537 2209 19
2598 2152 3046 2227 Carthaginensis
3091 2150 3314 2207 concilii
3369 2149 3438 2204 de
3482 2158 3750 2204 accusata

2122 2255 2176 2301 et
2201 2252 2545 2301 accusatore.
2579 2244 2696 2308 Quo
2755 2242 3004 2308 recitato,
3065 2240 3428 2310 dijudicatum
3456 2247 3563 2303 est,
3591 2238 3754 2306 juxta

2126 2334 2519 2389 diffinitionem
2543 2332 2706 2401 hujus
2727 2329 2976 2401 capituli,
3035 2336 3096 2384 ut
3132 2327 3357 2383 Artoldo
3388 2327 3749 2383 communio-

2127 2443 2254 2483 nem
2285 2434 2341 2481 et
2391 2424 2709 2496 parochiam
2757 2423 3087 2477 Remensem
3137 2420 3436 2486 retinente,
3470 2419 3626 2491 IIugo
3652 2419 3752 2489 qui

2126 2514 2195 2568 ad
2225 2513 2366 2569 duas
2404 2514 2519 2583 jam
2571 2512 2815 2583 synodos
2862 2521 3123 2567 evocatus
3154 2510 3346 2566 venire
3385 2516 3749 2579 contempse-

2127 2616 2283 2673 rat,a
2342 2606 2732 2663 communione
2780 2612 2836 2660 et
2896 2603 3165 2678 regimine
3206 2601 3497 2657 Remensis
3527 2601 3757 2672 episco-

2125 2698 2203 2770 pii
2252 2698 2580 2765 abstineret,
2632 2698 2812 2753 donec
2855 2697 2926 2751 ad
2965 2694 3337 2751 universalem
3371 2693 3646 2764 synodum
3690 2709 3753 2748 se

2125 2799 2456 2866 purgaturus
2494 2798 2828 2847 occurreret.
2894 2790 3196 2860 Ipsumque
3253 2786 3557 2859 capitulum
3621 2804 3752 2844 mox

2124 2884 2180 2937 in
2242 2885 2431 2939 charta
2475 2883 2711 2939 describi
2793 2881 3047 2938 fecerunt
3106 2880 3355 2952 episcopi
3412 2896 3601 2935 coram
3658 2897 3749 2947 se,

2121 2974 2514 3029 subnectentes
2572 2975 2716 3027 hanc
2768 2972 2932 3027 etiam
2987 2969 3373 3025 deﬁnitionem
3450 2986 3633 3036 suam,
3698 2978 3758 3025 et

2121 3067 2302 3122 eidem
2366 3066 2579 3139 Hugoni
2624 3067 2915 3121 miserunt.
2977 3066 3077 3130 Qui
3135 3074 3263 3135 post
3315 3064 3545 3118 alteram
3601 3064 3754 3119 diem

397 3145 572 3213 vium.
600 3145 759 3202 villas
800 3147 1094 3203 Remensis
1141 3148 1388 3220 episcopi
1428 3143 1857 3221 circumquaque
1887 3151 2021 3206 sitas
2048 3162 2375 3234 Ceamdem
2432 3163 2678 3216 chartam
2720 3159 2982 3215 Rotherto
3038 3157 3286 3229 pontiﬁci
3353 3159 3588 3224 remisit,
3644 3158 3755 3214 hoc

397 3233 843 3306 deprazdabatur,
902 3238 1414 3293 excommunicatus
1471 3238 1538 3293 ab
1594 3239 1821 3294 Artoldo
1875 3255 2021 3310 prae-

395 3326 538 3396 sule,
570 3344 668 3400 pro
726 3330 890 3385 rebus
956 3347 1094 3402 quas
1152 3330 1431 3386 invaserat
1486 3331 1760 3388 ecclesia.
1821 3332 2019 3388 Contra

397 3419 555 3489 cujus
570 3421 866 3493 praedones
893 3423 1104 3497 egressi
1150 3423 1389 3495 quadam
1421 3422 1512 3477 die
1540 3422 1892 3497 Ragenoldus
1921 3441 2018 3481 co-

396 3532 538 3585 mes,
591 3525 648 3573 et
699 3517 897 3575 fratres
943 3519 1154 3574 Artaldi
1204 3518 1457 3591 praesulis
1512 3535 1635 3575 cum
1685 3519 2015 3590 quibusdam

397 3612 669 3667 militibus
693 3613 965 3681 ecclesiae,
999 3614 1151 3684 ipsos
1179 3621 1518 3688 grassatores
1572 3614 1626 3667 in
1684 3612 1868 3687 fugam
1898 3630 2016 3669 ver-

398 3710 541 3759 tunt.
567 3704 684 3769 Quo
740 3705 950 3772 audito,
1011 3705 1302 3773 IIeriveus,
1353 3705 1579 3760 armatis
1635 3722 1775 3777 quos
1829 3722 2015 3762 secum

398 3794 638 3849 habebat
665 3795 955 3863 militibus,
989 3811 1245 3869 egressus
1273 3812 1306 3851 a
1334 3812 1435 3850 sua
1462 3795 1791 3865 munitione,
1824 3806 2016 3853 contra

396 3895 616 3941 nostros
641 3885 710 3940 ad
727 3902 968 3961 pugnam
1014 3886 1181 3954 venit,
1209 3894 1265 3941 et
1290 3901 1622 3963 congressus
1653 3903 1778 3942 cum
1810 3888 1890 3943 eis
1920 3888 2012 3942 in-

396 3987 702 4052 teremptus
730 3987 815 4034 est
844 3995 968 4035 cum
1008 3994 1233 4035 suorum
1277 3980 1634 4051 quibusdam,
1664 3980 1864 4052 reliqui
1894 3996 2015 4037 om-

395 4085 494 4124 nes
526 4068 584 4123 in
616 4069 800 4144 fugam
841 4078 972 4125 sunt
1000 4071 1128 4139 acti,
1149 4071 1456 4127 vulneratis
1482 4072 1743 4144 utrinque
1774 4074 2015 4129 nonnul-

395 4160 482 4216 lis.
508 4158 717 4232 Corpus
750 4161 1000 4231 ejusdem
1061 4162 1264 4219 Remos
1323 4178 1356 4217 a
1405 4161 1711 4218 victoribus
1740 4164 2012 4235 perlatum

394 4264 498 4312 est.
541 4257 695 4330 Hugo
724 4258 926 4329 praesul
982 4274 1272 4314 assumens
1318 4273 1506 4314 secum
1537 4259 1912 4315 Theobaldum
1942 4262 2013 4317 de

394 4348 579 4405 Monte
626 4357 809 4417 acuto,
862 4350 1068 4406 sororis
1096 4366 1209 4407 suae
1255 4349 1536 4419 maritum,
1583 4368 1708 4407 cum
1740 4351 1865 4407 aliis
1888 4352 2013 4424 qui-

392 4436 627 4495 busdam
656 4454 688 4493 a
726 4438 1151 4513 grassatoribus,
1192 4441 1249 4496 in
1298 4439 1456 4496 villas
1494 4439 1682 4495 Remis
1723 4439 2013 4516 contiguas

393 4535 690 4590 vindemiae
723 4541 971 4606 tempore
1025 4535 1199 4591 venit.
1248 4536 1350 4602 Qui
1406 4551 1572 4593 omne
1628 4552 1775 4608 pene
1818 4536 2088 4611 vinumD

392 4629 596 4686 abinde
625 4630 975 4705 colligentes,
1007 4629 1064 4685 in
1087 4631 1336 4688 diversos
1366 4647 1537 4708 pagos
1560 4632 1862 4688 abducunt.

965 4757 1174 4814 CAPUT
1211 4757 1434 4813 XXXIV.

783 4853 859 4907 De
885 4852 1091 4923 synodo
1142 4852 1382 4908 Virdum‘
1406 4853 1614 4909 habita.

463 4964 717 5038 Synodus
771 4973 964 5038 postea
1008 4965 1156 5039 (947)
1228 4965 1459 5022 Virduni
1514 4966 1771 5037 habetur,
1817 4969 2008 5041 praesi-

391 5059 561 5115 dente
574 5057 838 5115 Rotberto
862 5058 1170 5115 Trevirensi
1193 5058 1449 5131 praesule,
1481 5074 1606 5115 cum
1644 5059 1870 5117 Artoldo
1902 5059 2010 5117 Re-

389 5153 591 5223 mensi,
609 5154 863 5213 Odalrico
878 5155 1117 5229 Aquensi
1128 5199 1141 5224 ,
1155 5155 1502 5212 Adalberone
1517 5154 2005 5224 Metensi,Gozlino

388 5246 655 5315 Tullensi,
681 5248 1012 5304 Hildeboldo
1046 5248 1188 5321 [ms.,
1219 5247 1565 5320 Hildebaldo]
1591 5248 2004 5305 Tranrshenen-

387 5341 458 5407 si,
489 5339 689 5397 lsraele
744 5340 991 5409 Britone,
1023 5347 1296 5412 praesente
1332 5355 1553 5413 quoque
1606 5341 1862 5397 Brunone
1905 5341 2005 5395 ah-

387 5433 517 5487 bate
541 5432 689 5506 regis
715 5432 948 5490 Othonis
987 5431 1175 5502 fratre,
1228 5432 1514 5507 Agenoldo
1559 5431 1726 5487 etiam
1790 5439 1845 5487 et
1874 5430 2006 5487 Odi-

386 5520 518 5577 lone
545 5518 856 5589 abbatibus,
886 5537 1013 5576 cum
1051 5519 1175 5576 aliis
1216 5520 1518 5577 nonnullis.
1540 5519 1619 5574 Ad
1649 5536 1816 5593 quam
1847 5518 2003 5593 Hugo

384 5616 667 5675 evocatus,
695 5610 881 5667 missis
923 5625 1145 5683 quoque
1201 5609 1420 5666 duobus
1471 5609 1539 5665 ad
1561 5626 1688 5665 eum
1710 5609 1999 5665 deducen-

2121 3255 2304 3310 verbis
2360 3255 2711 3320 remandans,
2758 3252 2904 3325 quod
2954 3253 3199 3323 ipsorum
3253 3251 3466 3321 judicio
3524 3268 3753 3323 nequa-

2120 3364 2283 3421 quam
2312 3347 2642 3402 obediturus
2688 3352 2858 3401 esset.
2920 3345 3137 3399 Interea
3191 3344 3385 3400 litterae
3435 3344 3753 3416 proclama-

2120 3440 2521 3496 tionis'ArtoIdi
2569 3438 2822 3510 prasulis
2877 3437 2945 3493 ad
2979 3437 3280 3492 Romanam
3303 3437 3620 3508 diriguntur
3653 3452 3755 3491 se-

2118 3531 2265 3584 dem.
2307 3528 2551 3583 Domnus
2579 3527 2750 3602 igitur
2792 3526 3059 3602 Agapitus
3096 3543 3237 3598 papa
3280 3527 3549 3582 vicarium
3582 3542 3751 3581 suurn

2119 3615 2385 3671 Marinum
2418 3618 2739 3688 episcopum
2786 3616 2937 3670 misit
2963 3616 3030 3671 ad
3078 3616 3347 3672 Othonem
3397 3632 3588 3691 regem
3617 3633 3757 3688 pro-

2117 3710 2241 3772 pter
2261 3703 2599 3757 evocandam
2638 3712 2693 3757 et
2743 3704 3154 3779 aggregandam
3209 3705 3530 3776 generalem
3580 3720 3758 3776 syno-

2118 3792 2271 3845 dum.
2329 3790 2548 3846 Litterae
2602 3806 2826 3863 quoque
2895 3792 3071 3863 ipsius
3117 3807 3274 3863 papae
3326 3791 3627 3846 mittuntur
3677 3792 3754 3846 ab

2116 3883 2254 3938 urbe
2293 3883 2626 3954 quibusdam
2689 3883 2978 3956 speciatim
3010 3883 3313 3956 epise0pis,
3357 3891 3629 3939 vocantes
3649 3899 3755 3939 eos

2115 3975 2185 4031 ad
2205 3976 2457 4031 eamdem
2517 3975 2812 4048 synodum.
2872 3975 3216 4051 Congregata
3247 3976 3495 4049 denique
3525 3977 3753 4048 synodo

2112 4068 2169 4123 in
2199 4068 2403 4139 palatio
2433 4068 2836 4143 Engulenheim
2893 4069 3042 4139 (948,
3075 4068 3104 4123 7
3124 4070 3323 4141 Junii),
3357 4070 3594 4125 recitata
3621 4077 3756 4124 sunt

2113 4164 2233 4218 haec
2260 4178 2384 4235 quae
2408 4170 2679 4236 sequntur
2694 4178 2878 4218 coram
2911 4163 3134 4235 regibus
3166 4169 3219 4218 et
3247 4163 3532 4234 episcopis
3560 4181 3575 4218 :

2704 4276 2912 4333 CAPUT
2938 4276 3136 4331 XXXV.

2109 4376 2185 4429 De
2213 4372 2417 4442 synodo
2447 4372 2598 4441 apud
2641 4371 3035 4439 Eugulenheim
3063 4372 3409 4438 congregata,
3444 4374 3496 4423 et
3525 4386 3750 4426 excom—

2248 4446 2612 4499 municatione
2658 4444 2901 4510 [lagonis
2927 4444 3187 4511 episcopi.
3220 4442 3395 4496 Series
3427 4442 3558 4497 litis
3597 4445 3750 4497 inter

2255 4515 2555 4573 Artaldum
2582 4519 2633 4568 et
2659 4516 2940 4582 Hugonem
2969 4515 3239 4582 episcopos
3268 4514 3520 4579 agitatae.

2182 4607 2393 4663 Sancta:
2421 4607 2681 4662 Romanis
2706 4612 2762 4660 et
2780 4604 3095 4676 apostolicae
3125 4603 3281 4659 sedis
3302 4604 3516 4660 vicario
3532 4604 3753 4661 domno

2109 4699 2342 4767 Manum,
2396 4698 2784 4769 universasque
2825 4703 3030 4752 sanctae
3087 4696 3303 4768 synodo
3339 4695 3492 4767 apud
3553 4697 3756 4771 Eugu-

2108 4791 2353 4848 lenheim
2382 4796 2748 4864 congregatae,
2804 4788 3114 4857 Αιιτοιυυε,
3167 4787 3355 4843 divina
3394 4789 3753 4861 propitiante

2108 4882 2423 4951 clementia,
2443 4882 2739 4938 Remorum
2771 4879 3090 4953 episcopus.

2179 4976 2424 5032 Domnus
2448 4975 2712 5050 Agapitus
2762 4989 2907 5046 papa
2929 4972 3141 5028 litteras
3164 4971 3329 5029 nobis
3360 4980 3418 5028 et
3433 4973 3662 5030 caeteris
3693 4980 3759 5029 ut

2107 5067 2386 5140 episcOpis
2402 5074 2605 5123 nostra:
2635 5066 2948 5123 dioeceseos
2974 5065 3195 5133 direxit,
3226 5064 3279 5119 in
3310 5064 3523 5137 quibus
3544 5082 3763 5137 praece-

2107 5163 2205 5235 pit,
2240 5168 2301 5218 ut
2326 5162 2397 5217 ad
2437 5162 2544 5218 hoc
2566 5168 2763 5217 vestrae
2787 5162 3091 5218 sanctitatis
3108 5160 3410 5217 concilium
3442 5161 3758 5216 convenire

2104 5252 2474 5320 studeremus,
2509 5251 2582 5306 ita
2634 5250 2888 5305 instructi
2923 5250 2991 5306 de
3023 5248 3303 5315 omnibus,
3328 5255 3391 5303 ut
3422 5248 3502 5302 rei
3537 5249 3754 5305 veritas

2105 5346 2453 5401 miseriarum
2479 5352 2679 5400 nostra:
2711 5342 2881 5409 sedis,
2921 5359 3061 5415 quas
3092 5341 3354 5414 patimur,
3385 5355 3582 5397 coram
3604 5357 3745 5397 san-

2106 5438 2293 5495 ctitate
2319 5444 2499 5494 vestra
2519 5434 2813 5491 manifesta
2840 5433 2958 5490 ﬁeri
2989 5440 3198 5507 posset.
3232 5432 3506 5498 Quocirca
3523 5448 3736 5505 propa-

2105 5535 2217 5589 lare
2248 5532 2556 5604 prudentiae
2587 5538 2780 5588 vestrae
2798 5530 3152 5587 commodum
3172 5528 3452 5595 ducimus,
3485 5530 3739 5602 qualiter

2103 5642 2193 5681 res
2218 5625 2503 5681 exordium
2520 5622 2754 5695 creperit
2789 5623 2904 5678 litis
2925 5621 3111 5691 hujus,
3128 5636 3253 5692 quae
3270 5619 3455 5677 adhuc
3473 5621 3627 5678 inter
3638 5638 3735 5677 me

387 5698 519 5751 dum
547 5695 825 5768 episcOpis
850 5697 1043 5752 venire
1104 5698 1299 5755 noluit.
1350 5699 1613 5757 Universa
1670 5715 1802 5756 vero
1832 5714 2001 5770 syno-

2127 5716 2157 5765 t
2185 5710 2469 5779 nugonem
2497 5710 2805 5768 miserrime
2827 5707 3729 5782 ventilatur.Defunctosiquidem

388 5787 495 5841 dus
521 5785 745 5845 Artoldo
810 5789 1069 5845 Remensi
1136 5791 1438 5866 regendum
1501 5792 1753 5848 decernit
1780 5792 1998 5864 episco-

2100 5797 2329 5855 Heriveo
2380 5799 2823 5872 archiepiscopo,
2880 5796 3147 5865 Sculfum,
3207 5796 3301 5868 qui
3369 5797 3733 5854 archidiaco-
