3972 6206
282 242 392 296 305

924 241 1248 297 HISTORIA}
1288 245 1615 300 ECCLESUE
1654 247 1891 301 REMEN:

2023 247 2201 302 LIBRI
2242 247 2571 311 QUATUOR.
2611 277 2681 286 —
2722 226 2853 302 LIB.
2894 249 2977 304 ιν.

3512 253 3617 308 306

282 378 450 424 natus
480 368 634 423 urbis
664 374 864 423 nostra}
894 377 1026 422 tunc
1075 368 1256 424 officio
1301 370 1651 445 fungebatur,
1682 375 1749 428 ad
1773 390 1906 445 pne-
1923 374 2301 446 Adelitatem.
2335 375 2533 446 Sicque
2571 374 3046 431 concordantibus
3084 377 3298 432 cunctis
3345 383 3450 432 tam
3501 378 3616 435 cle-

279 461 524 514 sulatum
556 459 806 527 ejusdem
840 459 989 514 sedis
1039 459 1325 533 elegimus.
1380 463 1478 525 Qui
1524 463 1767 532 pontifex
1800 481 1894 519 or-

278 551 503 604 dinatus
534 550 694 619 (Vide
719 565 908 618 supra,
943 566 987 603 c.
1028 551 1136 620 18},
1169 567 1457 606 assumens
1499 554 1673 607 zelum
1707 561 1896 609 contra

275 639 562 712 proximos
622 640 1047 709 praedecessoris
1093 641 1199 707 sui,
1259 657 1380 695 cum
1447 658 1542 698 eos
1595 659 1693 714 per
1723 654 1896 701 semet

275 733 453 787 aloco
506 732 788 802 depellere
834 748 944 785 non
1000 732 1228 798 valeret,
1288 735 1518 789 consilio
1573 735 1710 790 inito
1769 753 1893 791 cum

271 823 608 894 quibusdam
641 822 794 876 laicis
824 823 1038 877 scilicet
1065 824 1403 879 consiliariis
1433 827 1568 893 suis,
1594 827 1893 884 amicitiam

274 914 528 986 quaesivit
552 911 823 966 Heriberti
842 913 1246 984 comitis,quam
1265 914 1390 969 dato
1417 916 1779 985 jurejurando
1798 934 1896 987 per

271 1003 502 1056 eosdem
544 1001 890 1055 consiliarios
920 1001 1162 1056 obtinuit
1191 1017 1257 1055 eo
1291 1009 1503 1068 tenore,
1527 1013 1584 1057 ut
1613 1015 1735 1074 post
1767 1005 1893 1058 obi-

271 1092 585 1162 tumipsius
634 1091 702 1144 ad
756 1090 1085 1145 electionem
1118 1090 1395 1161 pontificis
1426 1092 1630 1146 milites
1714 1095 1893 1149 cccle-

267 1180 369 1234 size
400 1179 717 1233 nullatenus
771 1179 1078 1249 aspirarent
1133 1178 1254 1232 sine
1315 1178 1546 1233 consilio
1580 1179 1753 1251 ipsius
1785 1169 1892 1236 lle-

271 1272 507 1336 riberti;
539 1272 685 1326 idem
717 1287 845 1326 vero
902 1287 1088 1326 comes
1142 1271 1364 1326 fratrem
1413 1273 1626 1329 Hcrivei
1685 1291 1893 1344 praesu-

269 1363 366 1430 lis,
407 1372 460 1416 et
491 1371 721 1432 nepotes
763 1361 935 1431 ipsius
994 1378 1024 1414 a
1075 1362 1496 1433 participatione
1551 1379 1732 1418 rerum
1787 1365 1895 1420 Re-

270 1456 486 1510 mensis
517 1455 784 1525 episcopii
815 1462 1117 1524 separaret.

344 1548 556 1612 Quibus
607 1546 856 1617 patratis,
916 1546 1215 1602 insimulati
1273 1555 1400 1603 sunt
1454 1549 1621 1603 iidem
1657 1550 1890 1619 propin-

263 1641 362 1711 qui
394 1640 606 1693 llcrivei
666 1641 916 1711 praesulis
970 1658 1000 1695 a
1060 1641 1399 1696 consiliariis
1432 1641 1599 1696 Seulti
1641 1642 1889 1713 episcopi

268 1731 682 1786 deinfidelitate
715 1732 888 1802 ipsius
938 1732 1174 1787 senioris
1210 1733 1317 1800 sui,
1365 1734 1742 1806 accersitoque
1777 1735 1888 1788 lle-

267 1820 480 1874 riberto
527 1821 728 1874 comite
805 1837 928 1873 cum
998 1820 1250 1890 pluribus
1324 1822 1437 1875 suis
1500 1823 1766 1890 jubentur
1821 1824 1889 1876 ad

269 1910 543 1963 rationem
576 1911 912 1964 reddendam
962 1927 1143 1965 coram
1195 1911 1329 1981 ipsis
1372 1913 1585 1966 venire.
1649 1913 1708 1966 Et
1761 1913 1890 1984 quia

269 2009 464 2054 contra
495 2016 591 2055 eos
621 2017 650 2054 a
674 2001 875 2072 quibus
930 2003 1168 2056 accusati
1212 2003 1446 2068 fuerant,
1472 2003 1736 2077 singulari
1761 2019 1896 2058 con-

265 2097 426 2168 gredi
460 2097 759 2151 certamine
779 2098 1095 2164 nolucrunt,
1128 2098 1359 2152 sublatis
1385 2099 1452 2152 ab
1475 2100 1554 2153 eis
1569 2101 1731 2154 rebus
1759 2117 1895 2171 quas

268 2209 336 2245 ex
362 2192 623 2262 cpiscolm
679 2193 1058 2262 possidebant,
1127 2193 1514 2263 comprehensi
1557 2201 1683 2248 sunt
1729 2205 1894 2266 atque

268 2284 494 2338 deducti
528 2301 627 2354 per
672 2285 1015 2339 lleribertum
1051 2285 1305 2340 comitem
1339 2286 1406 2338 ad
1451 2285 1770 2340 Rotbertum
1807 2304 1897 2342 re-

266 2391 421 2448 gem,
455 2391 608 2445 aquo
659 2375 821 2428 etiam
855 2374 956 2428 sub
1011 2373 1262 2428 custodia
1292 2383 1420 2428 sunt
1475 2375 1687 2429 detenti
1724 2392 1896 2446 usque

267 2467 341 2520 ad
368 2476 597 2520 mortem
657 2467 828 2537 ipsius
869 2467 1137 2520 Rotberti.
1177 2467 1360 2520 Tertio
1395 2467 1616 2520 demum
1649 2467 1732 2522 sui
1769 2468 1890 2538 epi-

267 2563 530 2625 scopatus
557 2572 722 2621 anno,
747 2554 962 2609 Seulfus
999 2555 1351 2626 episc0patus
1402 2555 1477 2625 (ut
1530 2556 1715 2626 plures
1741 2573 1891 2610 asse-

268 2651 424 2714 runt)
452 2647 520 2701 ab
547 2647 812 2703 Heriberti
835 2647 1196 2702 familiaribus
1225 2663 1438 2702 veneno
1460 2656 1676 2718 potatus
1699 2648 1891 2703 defun-

270 2737 443 2811 gitur.
488 2736 605 2790 Mox
638 2736 822 2806 itaque
853 2751 1038 2790 comes
1070 2736 1389 2791 lleribertus
1417 2737 1609 2791 urbem
1653 2739 1892 2793 Remen-

270 2841 391 2878 sem
416 2825 633 2888 adiit,et
649 2824 895 2878 ecclesiae
917 2825 1140 2891 milites,
1160 2825 1483 2880 clericorum
1499 2843 1891 2898 quoquequos-

269 2917 399 2969 dam
433 2917 500 2969 de
527 2917 754 2970 rectoris
811 2916 1083 2971 electione
1137 2917 1204 2970 ad
1236 2934 1393 2970 suum
1441 2918 1732 2972 concilium
1767 2920 1890 2989 (ceu

266 3009 514 3076 juratum
551 3008 742 3080 fuerat)
787 3009 1073 3064 intendere
1118 3008 1266 3064 fecit.
1295 3008 1424 3063 Cum
1457 3009 1661 3080 quibus
1691 3011 1758 3064 ad
1784 3011 1890 3066 R0-

1918 1695 1967 1761 B

1997 471 2122 526 ricis
2148 487 2309 541 quam
2355 470 2509 526 laicis
2557 471 2651 542 qui
2711 477 2862 525 extra
2907 471 3256 526 obsidionem
3279 482 3456 539 erant,
3491 475 3617 544 plu-

1997 562 2148 616 ribus
2170 563 2330 616 etiam
2350 578 2540 617 eorum
2570 561 2664 632 qui
2715 561 2884 616 clausi
2912 563 3247 618 tenebantur
3278 564 3333 618 in
3368 564 3608 635 idipsum

1997 651 2329 717 faventibus,
2382 651 2604 722 eligitur
2648 651 2979 705 humilitatis
3031 661 3230 707 nostra;
3287 670 3525 723 persona
3557 655 3612 710 in

1997 741 2102 795 hoc
2128 741 2304 814 magis
2330 747 2500 795 onere
2530 756 2693 812 quam
2735 739 2949 795 honore
2989 740 3302 796 subeundo.
3336 733 3610 812 Aperien-

1997 829 2141 884 tibus
2170 829 2394 884 tandem
2440 837 2549 883 tam
2609 827 2883 883 militibus
2935 845 3116 899 quam,
3160 829 3372 884 civibus
3429 837 3615 901 portas

1995 919 2147 974 urbis
2178 919 2292 992 regi
2322 918 2582 987 Rodulfo,
2641 927 2695 974 et
2749 919 3128 990 episcopalem
3159 921 3612 978 benedictionem

1994 1011 2126 1064 mihi
2168 1012 2514 1066 tradentibus
2554 1011 2832 1083 episcOpis
2877 1012 2972 1083 qui
3030 1013 3258 1068 aderant
3300 1014 3492 1069 decem
3561 1021 3618 1070 et

1992 1110 2135 1165 octo,
2193 1109 2248 1154 et
2304 1100 2736 1170 suscipientibus
2798 1109 3039 1156 nostram
3097 1104 3464 1159 humilitatem
3505 1112 3615 1159 tam

1992 1190 2138 1244 clero
2183 1189 2440 1244 universo
2484 1205 2647 1259 quam
2707 1189 2936 1261 reliquis
2976 1191 3210 1258 civibus,
3246 1193 3384 1248 inibi
3439 1196 3616 1250 intro-

1993 1282 2205 1335 nizatus
2233 1280 2302 1334 ab
2338 1281 2618 1351 episcopis
2671 1288 2875 1336 nostrae
2933 1283 3264 1351 dioeceseos,
3298 1285 3614 1356 impositum

1995 1373 2151 1436 mihi,
2187 1379 2347 1441 prout
2399 1373 2540 1426 Deus
2585 1373 2878 1439 concessit,
2913 1373 3280 1429 ministerium
3313 1392 3414 1445 per
3441 1392 3618 1431 annos

1994 1463 2164 1518 ferme
2211 1480 2407 1519 novem
2460 1465 2702 1531 tractavi,
2758 1466 3024 1522 ordinans
3044 1483 3144 1537 per
3189 1467 3473 1523 dimcesim
3502 1470 3619 1540 epi-

1993 1569 2193 1623 scopos
2235 1561 2380 1619 octo,
2439 1562 2494 1610 et
2542 1555 2598 1609 in
2630 1556 2920 1627 episcopio
2978 1556 3200 1622 multos,
3253 1567 3416 1627 prout
3462 1573 3618 1613 com-

1993 1653 2187 1716 petens
2233 1647 2543 1713 videbatur,
2599 1648 2851 1712 clericos,
2904 1664 3194 1720 quousque
3251 1666 3401 1705 nono
3461 1660 3614 1722 post-

1990 1735 2216 1788 modum
2249 1751 2415 1801 anno,
2447 1745 2733 1807 postquam
2760 1737 3092 1792 Ludovicum
3128 1753 3336 1808 regem,
3389 1738 3616 1796 favente

1993 1829 2219 1901 llugone
2237 1830 2562 1900 cunctisque
2579 1829 2732 1900 regni
2756 1830 3468 1906 principibus,Gerbergam
3485 1849 3618 1904 quo-

1993 1935 2102 1989 que
2134 1920 2377 1991 reginam
2405 1920 2794 1974 benedixeram
2827 1927 2880 1973 et
2921 1935 3075 1974 sacro
3101 1919 3449 1988 perfuderam
3467 1921 3621 1977 chri-

1993 2016 2186 2072 smate,
2211 2009 2502 2081 instigatus
2536 2009 2689 2081 Hugo
2721 2023 2908 2063 comes
2931 2007 3215 2062 iracundia
3238 2009 3386 2079 quod
3419 2011 3468 2062 ei
3483 2025 3616 2065 con-

1993 2099 2197 2153 sentire
2215 2099 2301 2153 vel
2319 2099 2578 2172 conjungi
2598 2100 2872 2154 noluerim
2890 2099 2956 2152 ad
2973 2099 3144 2169 ipsius
3162 2101 3306 2174 regis
3323 2100 3614 2156 infidelita-

1996 2201 2127 2255 tem,
2160 2191 2424 2246 adhibitis
2470 2208 2655 2246 secum
2714 2194 2999 2249 lleriberto
3029 2197 3312 2261 comite,et
3339 2197 3613 2253 Willelmo

1998 2282 2472 2336 Nordmannorum
2500 2283 2770 2354 principe,
2790 2285 3116 2340 Remensem
3149 2286 3366 2340 obsidet
3393 2287 3610 2342 urbem.

1997 2372 2106 2425 Nec
2135 2373 2377 2443 longum,
2402 2380 2554 2426 sexta
2575 2373 3106 2429 scilicetobsidionis
3141 2373 3251 2437 die.
3285 2376 3513 2430 deseror
3543 2377 3612 2431 ab

1999 2461 2149 2516 omni
2185 2478 2326 2532 pene
2353 2461 2719 2516 coetulaicalis
2750 2462 2978 2517 militiae.
3009 2463 3209 2534 Sicque
3235 2464 3612 2518 derelictusab

1993 2550 2175 2616 his,ad
2208 2551 2493 2622 llugonem
2525 2559 2580 2605 et
2601 2551 2947 2606 Heribertum
2965 2553 3268 2624 compellor
3297 2553 3613 2624 exire,aqui

1991 2644 2099 2698 bus
2121 2653 2429 2699 coarctatus
2443 2644 2861 2713 etconterritus,
2884 2660 3053 2717 cogor
3073 2652 3279 2699 memet
3307 2646 3610 2716 episcopali

1994 2736 2379 2805 procuratione
2411 2734 2668 2788 abdicare
2717 2736 2931 2804 (supra,
2964 2751 3008 2789 c.
3033 2735 3146 2806 27),
3175 2742 3231 2789 et
3261 2735 3336 2789 ita
3364 2751 3455 2790 me
3483 2751 3612 2806 pro-

1993 2833 2282 2902 pellentes,
2339 2830 2394 2883 in
2451 2830 2708 2885 coenobio
2754 2829 2929 2885 sancti
2985 2831 3165 2884 Basoli
3195 2830 3443 2885 habitare
3471 2846 3612 2886 con-

1992 2919 2226 2974 stituunt
2260 2920 2584 2994 :llugonem
2626 2935 2756 2975 vero
2802 2919 2978 2975 filium
3014 2920 3307 2986 Heriberti,
3348 2921 3443 2992 qui
3474 2923 3605 2976 An-

1935 3067 1960 3090 Ἰ
1995 3011 2273 3066 tissiodori
2303 3011 2572 3067 diaconus
2613 3011 2902 3066 ordinatus
2965 3011 3164 3078 fuerat,
3211 3013 3266 3066 in
3287 3013 3481 3067 urbem
3513 3013 3609 3068 in-

267 3073 484 3151 dulfum
518 3115 704 3169 regem
730 3073 975 3173 pergens
1035 3098 1091 3151 in
1123 3073 1516 3169 Burgundiam,
1550 3100 1790 3154 obtinuit
1817 3100 1886 3154 ab
1914 3073 1962 3136 C
1995 3104 2311 3168 troducunt,
2343 3111 2399 3157 et
2455 3103 2675 3158 civitate
2721 3105 3024 3174 potiuntur.
3085 3104 3392 3160 Ludovicus
3425 3114 3610 3160 autem

269 3206 339 3245 eo
403 3198 460 3244 ut
507 3189 615 3244 sibi
676 3191 1114 3245 committeretur
1194 3191 1340 3246 idem
1392 3192 1758 3262 episcopium,
1819 3207 1885 3247 eo

271 3288 488 3344 tenore,
531 3285 591 3332 ut
649 3285 754 3333 tam
825 3279 1043 3334 clericis
1099 3297 1261 3352 quam
1318 3281 1472 3336 laicis
1503 3281 1754 3335 debitum
1787 3282 1886 3336 ho-

269 3383 467 3422 norem
519 3369 847 3422 concederet
892 3375 944 3422 et
995 3379 1362 3435 conservaret,
1406 3387 1507 3424 nec
1564 3370 1884 3438 injustitiam

269 3457 437 3512 alicui
472 3455 677 3510 faceret
720 3474 731 3509 :
767 3457 865 3510 sed
913 3457 1091 3527 ipsum
1143 3458 1489 3528 episcopium
1551 3474 1708 3528 aequo
1763 3459 1888 3526 jure

268 3546 631 3618 gubernaret,
663 3546 839 3600 donec
871 3547 1031 3601 talem
1078 3548 1339 3602 clericum
1375 3547 1555 3600 eidem
1603 3547 1714 3620 regi
1749 3564 1891 3617 prte-

268 3645 536 3704 sentaret,
589 3637 681 3708 qui
716 3638 784 3691 ad
817 3639 1127 3709 episcopale
1181 3639 1544 3692 ministerium
1572 3655 1887 3709 exsequen-

269 3728 403 3780 dum
439 3726 541 3780 ritc
599 3727 840 3781 ordinari
901 3727 1122 3781 valeret.
1180 3727 1279 3790 Qui
1319 3743 1506 3782 comes
1536 3727 1602 3780 ad
1637 3727 1888 3783 eamdem

272 3822 468 3873 urbem
507 3837 810 3891 regressus,
867 3838 953 3874 res
1010 3821 1278 3890 episcopii
1313 3821 1496 3890 (prout
1526 3819 1626 3874 sibi
1662 3821 1888 3893 placuit)

272 3909 583 3962 fautoribus
622 3910 735 3963 suis
776 3909 979 3976 divisit,
1030 3911 1244 3964 CttBlCl‘iS
1294 3911 1535 3976 abstulit,
1596 3917 1649 3964 et
1678 3911 1890 3982 absque

271 4001 388 4055 ullo
414 4000 625 4068 judicio
658 4002 742 4055 vel
772 4002 893 4074 lcge
939 4018 1077 4072 quos
1124 4001 1298 4056 voluit
1347 4003 1511 4056 rebus
1542 4003 1886 4074 exspoliavit,

273 4093 362 4146 vel
395 4093 462 4146 ab
492 4092 626 4147 urbe
659 4095 917 4164 propulit.
958 4093 1268 4148 Odalricum
1318 4095 1559 4165 denique
1578 4096 1889 4167 Aquensem

271 4185 601 4255 episc0pum
634 4185 895 4239 iucadem
916 4185 1379 4256 nrbesuscipiens
1410 4187 1725 4257 episcopale
1754 4187 1890 4242 inibi

272 4277 647 4331 ministerium
679 4278 960 4332 celebrare
1019 4278 1302 4349 praecepit.
1358 4278 1556 4350 Sicque
1590 4295 1688 4349 per
1719 4295 1894 4335 annos

270 4388 392 4435 sex,
426 4381 576 4426 eteo
630 4372 865 4442 amplius
907 4373 1052 4426 idem
1087 4373 1434 4442 epiSCOpium
1493 4389 1593 4428 suo
1645 4373 1893 4428 dominio

270 4463 599 4530 vindicavit,
661 4480 758 4534 pro
802 4464 962 4519 libitu
1017 4464 1240 4534 proprio
1301 4465 1434 4518 illud
1485 4472 1722 4520 tractans
1753 4475 1806 4519 et
1839 4465 1894 4519 in

272 4555 412 4609 sede
443 4556 688 4625 praesulis
721 4556 990 4622 residens,
1049 4565 1155 4612 tam
1205 4557 1323 4626 ipse
1355 4573 1518 4627 quam
1549 4557 1747 4625 conjux
1770 4574 1888 4624 sua,

274 4648 457 4701 donec
500 4647 736 4718 septimo
795 4650 1015 4703 tandem
1073 4666 1241 4715 anno,
1276 4649 1411 4703 ortis
1461 4649 1602 4703 inter
1631 4649 1810 4720 ipsum
1839 4659 1894 4706 et

272 4751 464 4808 regem
496 4735 787 4790 Rodulfum
833 4745 998 4809 atque
1029 4739 1310 4811 llugonem
1357 4737 1614 4792 comitem
1659 4738 1890 4809 quibus-

272 4829 402 4880 dam
457 4827 842 4893 simultatibus,
901 4827 1165 4882 Rodulfus
1224 4844 1316 4881 rex
1370 4843 1495 4881 cum
1556 4828 1783 4901 llugone
1840 4838 1893 4886 et

275 4917 490 4969 Boscne
548 4915 710 4970 fratre
763 4932 884 4982 suo,
935 4918 1258 4989 caeterisquc
1308 4916 1558 4986 pluribus
1615 4925 1722 4972 tam
1773 4919 1894 4990 epi-

274 5002 482 5072 sc:0pis,
527 5019 690 5073 quam
733 5004 1026 5058 comitibus
1085 5006 1374 5060 Remorum
1425 5005 1646 5060 obsidet
1674 5007 1890 5074 urbem,

272 5097 736 5151 succensentibus
767 5097 874 5150 sibi
894 5098 1192 5168 episcopis,
1227 5107 1280 5152 et
1311 5098 1779 5168 conquerentibus
1795 5100 1896 5153 ad-

275 5208 470 5246 versus
500 5207 626 5246 eum
661 5191 806 5261 quod
832 5201 936 5246 tam
989 5192 1247 5248 diuturno
1291 5200 1558 5263 tempore,
1587 5200 1779 5248 contra
1806 5195 1892 5249 di-

275 5283 420 5338 vinze
454 5282 594 5357 legis
621 5280 995 5347 auctoritates,
1053 5283 1192 5337 hanc
1219 5282 1414 5336 urbem
1456 5283 1770 5352 permiserit
1801 5300 1895 5339 va-

276 5382 405 5421 care
438 5376 681 5438 pastore.

347 5459 587 5523 Quorum
609 5459 973 5530 querimoniis
1005 5469 1285 5531 permotus
1318 5477 1430 5525 rex,
1485 5462 1745 5518 admonet
1775 5463 1889 5517 cle-

274 5563 396 5599 rum
446 5555 501 5601 ct
560 5546 828 5617 pOpulum
875 5547 940 5601 de
995 5549 1230 5619 pastoris
1285 5549 1576 5613 electione,
1624 5551 1764 5604 dans
1810 5551 1892 5605 eis

275 5638 329 5690 id
377 5637 580 5712 agendi
640 5636 949 5691 facultatem
1008 5640 1073 5693 ad
1126 5639 1219 5694 Dei
1266 5640 1528 5694 honorem
1607 5650 1663 5696 et
1717 5641 1800 5694 sui
1832 5641 1894 5695 li-

1999 3211 2091 3248 rex
2113 3211 2142 3247 a
2175 3194 2492 3266 Burgundia
2507 3195 2750 3258 rediens,
2783 3211 2872 3249 me
2897 3196 3043 3266 apud
3067 3203 3319 3250 sanctum
3353 3196 3607 3250 Basolum

1999 3287 2976 3357 reperit,etassumcnssecum,simul
2989 3303 3111 3341 cum
3128 3286 3454 3358 propinquis
3469 3288 3610 3342 meis

2000 3394 2234 3448 quorum
2266 3393 2353 3431 res
2383 3377 2704 3431 Heribertus
2723 3393 2909 3432 comes
2926 3377 3250 3443 abstulerat,
3276 3378 3604 3433 Laudunum

1991 3468 2234 3534 deducit,
2260 3468 2408 3539 quod
2462 3475 2697 3522 castrum
2745 3477 2874 3522 tunc
2919 3469 3254 3524 obsidebant
3286 3470 3608 3525 Heribertus

1990 3565 2216 3636 etHugo
2247 3581 2260 3617 :
2293 3564 2584 3635 solutaque
2642 3562 2933 3618 obsidione
2974 3565 3238 3635 oppidum
3284 3566 3611 3639 ingrediun-

1991 3663 2096 3719 tur,
2129 3651 2401 3723 nobisque
2448 3658 2684 3707 metatus
2737 3651 2978 3723 degendi
3013 3653 3346 3723 disponitur.
3381 3656 3610 3710 Interim

1989 3742 2174 3798 clerici
2200 3741 2370 3797 nostri
2429 3741 2534 3795 loci
2589 3740 2686 3795 sed
2718 3747 2774 3795 et
2817 3740 2942 3794 laici
2993 3741 3217 3811 quidam
3271 3743 3509 3812 pessime
3537 3744 3608 3797 ab

1991 3835 2276 3890 lleriberto
2315 3841 2639 3898 tractantur,
2697 3840 2753 3888 et
2804 3831 3028 3903 quidam
3058 3832 3386 3888 clericorum
3432 3835 3486 3888 in
3511 3851 3612 3890 cu-

1989 3923 2182 3978 stodiis
2239 3922 2619 3988 retruduntur,
2680 3935 2766 3976 res
2804 3935 2995 3975 eorum
3053 3920 3380 3976 auferuntur
3436 3932 3604 3994 atque

1991 4011 2345 4081 diripiuntur,
2391 4009 2597 4080 rapinae
2629 4025 2728 4080 per
2770 4015 2939 4064 totam
2977 4008 3172 4064 urbem
3221 4008 3369 4064 licite
3403 4025 3603 4080 perpe-

1991 4113 2224 4160 trantur.

2065 4196 2281 4249 Interea
2310 4199 2680 4248 convocantur
2706 4193 2951 4263 episcOpi
2985 4198 3186 4248 nostrae
3205 4191 3514 4248 diazceseos
3537 4194 3605 4249 ab

1995 4287 2223 4360 llugone
2265 4292 2320 4340 et
2367 4283 2671 4346 Heriberto,
2721 4284 3102 4358 satagentibus
3131 4293 3185 4339 et
3227 4284 3608 4355 quaerentibus

1994 4375 2063 4432 ab
2094 4375 2175 4429 eis
2205 4374 2274 4428 de
2323 4373 2672 4428 ordinatione
2733 4373 2977 4445 Hugonis
3022 4372 3122 4428 filii
3170 4373 3465 4428 Heriberti.
3502 4374 3603 4436 Qui

1913 4443 2308 4520 DSuessionis
2335 4463 2676 4536 congregati,
2728 4443 2952 4518 mittunt
2979 4463 3046 4517 ad
3132 4479 3220 4518 me
3279 4462 3602 4518 Laudunum

1991 4554 2364 4626 llildegarium
2415 4553 2736 4623 episcopum
2781 4567 2904 4607 cum
2945 4552 3070 4608 aliis
3095 4551 3424 4624 quibusdam
3449 4551 3606 4625 lega-

1993 4644 2082 4709 tis,
2110 4642 2438 4697 mandantes
2463 4650 2523 4695 ut
2556 4641 2625 4694 ad
2665 4655 2762 4694 eos
2817 4640 3088 4709 venirem,
3130 4641 3199 4695 ad
3250 4639 3607 4696 consentien-

1991 4732 2120 4786 dum
2166 4731 2376 4786 scilicet
2421 4729 2585 4798 hujus
2614 4727 2951 4785 ordinationi
2984 4730 3350 4800 perversitati.
3397 4728 3610 4794 Quibus

1991 4826 2329 4892 remandavi,
2358 4825 2504 4896 quod
2553 4840 2663 4882 non
2695 4832 2844 4880 esset
2889 4823 3023 4877 mihi
3056 4830 3382 4892 competens
3410 4821 3481 4877 ad
3514 4837 3612 4878 eos

1993 4915 2088 4971 illo
2119 4915 2412 4986 proficisci,
2467 4915 2560 4969 ubi
2620 4912 2918 4969 adversarii
2969 4920 3024 4967 et
3083 4911 3295 4966 inimici
3354 4911 3464 4966 mei
3486 4926 3612 4965 cum

1998 5005 2132 5076 ipsis
2156 5013 2311 5059 erant
2339 5003 2640 5077 aggregati.
2671 5003 2826 5067 Quod
2860 5003 2907 5057 si
2952 5000 3104 5072 loqui
3135 5015 3351 5054 mecum
3383 4999 3611 5067 vellent,

1995 5095 2064 5146 ad
2095 5093 2256 5146 talem
2283 5092 2463 5146 locum
2485 5094 2834 5161 devenirent,
2853 5091 2948 5147 ubi
2983 5090 3102 5146 sine
3134 5088 3380 5161 periculo
3411 5088 3479 5143 ad
3512 5103 3612 5145 eos

1993 5184 2257 5241 accedere
2277 5198 2520 5253 possem.
2554 5184 2766 5249 Quibus
2795 5182 3226 5250 advenientibus
3250 5181 3305 5235 in
3330 5181 3511 5237 locum
3542 5181 3612 5236 ab

1993 5275 2202 5333 eisdem
2236 5274 2533 5342 delectum,
2565 5275 2844 5346 profectus
2877 5292 2999 5330 sum
3026 5275 3094 5330 ad
3134 5289 3252 5341 eos,
3273 5271 3615 5329 adveniens-

1995 5386 2102 5442 que
2141 5374 2460 5439 prosternor
2487 5383 2669 5423 coram
2729 5368 2883 5438 ipsis,
2937 5368 3236 5424 obsecrans
3284 5371 3344 5421 ut
3393 5372 3619 5436 propter

1995 5474 2238 5516 amorem
2270 5464 2325 5511 et
2350 5457 2616 5511 honorem
2648 5457 2767 5519 Dei,
2802 5467 2909 5510 tam
2944 5458 3098 5517 mihi.
3141 5473 3305 5528 quam
3332 5455 3440 5511 sibi
3462 5471 3616 5512 com-

1994 5561 2187 5623 petens
2208 5549 2498 5606 consilium
2523 5549 2654 5603 dare
2705 5548 3011 5606 studerent.
3045 5549 3146 5614 Qui
3178 5566 3265 5605 me
3287 5549 3358 5604 de
3387 5549 3618 5605 ordina-

1998 5643 2149 5699 tione
2181 5640 2432 5714 praadicti
2468 5639 2711 5714 Hugonis
2736 5640 3090 5712 interpellare
3111 5649 3422 5714 coeperunt,
3443 5648 3498 5697 et
3515 5641 3618 5696 hoc
