3972 6206
338 192 437 248 307

1453 187 1819 241 FLODOARDI
1860 185 2164 243 CANONICI
2208 187 2533 243 REMENSIS

3567 197 3689 252 308

338 323 673 378 omnimodis
703 320 957 385 suadere,
1007 327 1068 374 ut
1107 321 1188 373 eis
1219 319 1276 372 in
1307 320 1409 374 hac
1440 319 1790 374 ordinatione
1814 334 1948 374 con-
1974 324 2020 390 Α
2052 319 2486 374 misericordiam
2545 321 2661 385 Dei,
2721 321 2899 377 donec
2938 323 3056 394 ipse
3089 323 3348 398 dignatus
3386 325 3548 380 estin
3581 341 3694 381 cor

337 430 563 469 sensum
595 411 922 483 praeberem,
958 411 1344 481 promittentes
1385 427 1471 465 res
1502 410 1797 465 nonnullas
1825 411 1950 480 epi-

339 507 484 577 copii
513 505 644 560 mihi
678 521 737 558 se
792 504 1200 574 impetraturos,
1261 505 1324 557 At
1380 519 1484 577 ego
1533 513 1822 575 postquam
1857 520 1948 557 re-

338 611 601 668 sponsum
629 594 724 647 diu
746 592 1092 657 distuleram,
1126 591 1322 645 videns
1355 607 1450 646 eos
1485 601 1713 647 cunctos
1746 593 1799 646 in
1824 606 1954 661 pro-

341 689 516 759 posito
547 686 695 758 quod
722 695 988 756 ceperant
1021 697 1463 756 perseverantes,
1497 700 1732 756 surgens
1778 685 1951 736 inter-

339 777 452 832 dixi
510 776 688 846 palam
747 775 960 829 cunctis
1030 775 1406 840 audientibus,
1473 773 1954 828 excommunicans

339 865 661 920 auctoritate
693 864 787 918 Dei
839 865 1013 918 Patris
1039 864 1463 934 omnipotentis,
1492 871 1546 917 et
1576 864 1716 927 Filii,
1749 871 1801 917 et
1822 863 1951 933 Spi-

340 958 474 1010 ritus
490 955 687 1020 sancti,
716 963 776 1008 ut
807 954 990 1008 nullus
1020 969 1211 1008 eorum
1261 953 1329 1007 ad
1357 953 1606 1006 eamdem
1640 952 1952 1007 ordinatio-

341 1062 465 1100 nem
493 1043 921 1108 accederet,nec
976 1043 1139 1096 alicui
1179 1043 1232 1096 in
1266 1042 1568 1112 epis00pali
1603 1044 1833 1106 honore,
1867 1057 1953 1095 me

338 1136 578 1198 vivente,
608 1147 802 1186 manus
847 1131 1159 1201 imponeret
1191 1132 1328 1196 ;sed
1382 1147 1483 1186 nec
1516 1132 1660 1184 ullus
1699 1131 1953 1184 eamdem

342 1220 789 1276 benedictionem
819 1219 1101 1288 suscipere
1136 1226 1513 1288 praesumeret.
1545 1219 1700 1282 Quod
1737 1219 1783 1270 si
1814 1217 1954 1271 forte

340 1313 518 1377 fieret,
544 1311 610 1365 ad
642 1313 832 1364 sedem
886 1313 1242 1382 apostolicam
1275 1328 1373 1366 eos
1425 1328 1802 1382 provocarem.
1840 1311 1954 1365 lllis

345 1401 472 1454 inde
488 1399 816 1464 furentibus,
859 1408 916 1454 ut
949 1415 1166 1469 possem
1201 1400 1352 1454 exire
1373 1401 1440 1453 de
1469 1400 1654 1454 medio
1682 1408 1955 1464 eorum,et

345 1488 667 1543 Laudunum
707 1489 930 1555 reverti,
961 1489 1261 1558 temperavi
1308 1504 1629 1558 responsum
1662 1489 1857 1542 dicens
1898 1495 1956 1546 ut

344 1583 624 1636 mitterent
654 1596 892 1645 mecum,
921 1581 1015 1651 qui
1062 1581 1144 1634 eis
1177 1580 1540 1645 renuntiaret,
1576 1580 1708 1651 quid
1738 1579 1954 1634 consilii

343 1671 587 1742 reperire
619 1671 863 1725 valerent
905 1687 1075 1741 super
1115 1672 1217 1725 hac
1264 1688 1320 1725 re
1355 1671 1408 1724 in
1468 1671 1692 1726 domina
1721 1687 1843 1724 mea
1867 1687 1957 1724 re-
1987 1644 2036 1710 Β

344 1764 496 1835 gina,
524 1771 578 1816 et
600 1761 859 1816 fidelibus
881 1763 1026 1830 ejus,
1059 1763 1188 1833 quia
1235 1779 1329 1816 rex
1361 1778 1472 1817 non
1507 1761 1712 1817 aderat.
1746 1762 1823 1815 Ad
1858 1763 1960 1816 hoc

347 1854 427 1907 illi
455 1853 677 1907 mittunt
725 1854 1017 1908 Deroldum
1076 1855 1421 1924 episcopum,
1460 1862 1820 1924 putantesme
1840 1870 1960 1907 esse

348 1951 680 1998 mutaturum
725 1943 1038 1997 consilium.
1091 1945 1204 2007 Quo
1260 1945 1539 2009 veniente,
1565 1953 1618 1997 et
1641 1960 1823 1997 coram
1856 1943 1959 1997 do-

349 2036 498 2090 mina
530 2036 720 2109 regina
739 2046 793 2091 et
850 2035 1111 2090 fidelibus
1139 2037 1257 2104 ejus
1279 2035 1406 2090 inde
1440 2051 1526 2089 me
1551 2035 1958 2105 interpellante,

351 2127 546 2180 iterum
580 2141 881 2198 exsurgens
915 2124 1154 2195 praefata:
1182 2125 1405 2178 modum
1437 2123 1964 2180 excommunicatio-

352 2217 437 2270 nis
464 2216 519 2270 in
571 2216 795 2270 eosdem
855 2217 1149 2286 episcOpos
1201 2215 1475 2284 jaculatus
1525 2231 1642 2267 sum
1677 2231 1690 2278 ;
1724 2215 1965 2269 vocatio-

353 2325 478 2362 nem
508 2324 731 2379 quoque
760 2308 826 2360 ad
878 2308 1073 2361 sedem
1127 2305 1488 2376 apostolicam
1523 2306 1721 2360 iterare
1753 2308 1961 2372 curavi,

350 2398 833 2453 excommunicans
888 2396 1062 2466 ipsum
1121 2397 1268 2450 hunc
1321 2395 1637 2461 Deroldum,
1691 2397 1744 2450 id
1786 2405 1844 2450 ut
1886 2398 1970 2451 eis

350 2492 579 2547 omnino
611 2506 724 2547 non
773 2496 1002 2555 taceret,
1061 2489 1160 2543 sed
1217 2491 1432 2544 cunctis
1484 2488 1772 2543 manifeste
1831 2504 1966 2559 pro-

353 2584 545 2639 ferret.

425 2676 517 2730 His
555 2676 628 2730 ita
647 2675 840 2747 gestis,
870 2674 1332 2746 parvipendentes
1363 2675 1441 2728 illi
1474 2681 1714 2729 nostram
1746 2689 1970 2729 excom-

355 2766 812 2831 municationem,
878 2765 1064 2821 Remis
1094 2766 1382 2831 accedunt,
1405 2776 1459 2820 et
1514 2766 1737 2837 quidam
1780 2782 1969 2821 eorum

355 2860 693 2918 ordinationi
748 2861 878 2914 huic
923 2875 1121 2914 manus
1177 2860 1544 2930 applicarunt,
1588 2860 1809 2931 quidam
1843 2875 1971 2915 vero

357 2967 416 3004 se
442 2948 766 3004 subduxisse
797 2948 1064 3002 sciuntur.
1117 2947 1226 3020 Ego
1257 2963 1387 3002 vero
1419 2963 1542 3002 cum
1576 2963 1702 3021 rege
1716 2964 1970 3012 manens,

359 3045 587 3116 quasilli
620 3045 789 3099 scitur
817 3043 1098 3118 angustias
1124 3043 1415 3114 pertulisse
1433 3029 1634 3097 (secum
1670 3044 1867 3114 pertuli
1887 3063 1900 3110 ;
1920 3052 1973 3098 et

361 3134 582 3205 quando
614 3148 739 3188 eum
772 3133 918 3187 bello
941 3133 1185 3206 aggressi
1214 3132 1506 3206 suntHugo
1535 3141 1588 3187 et
1630 3133 1971 3197 lleribertus,

360 3243 486 3282 cum
516 3227 636 3297 ipso
659 3241 826 3284 eram.
857 3231 911 3279 et
953 3225 1042 3278 vix
1073 3223 1266 3279 mortis
1295 3225 1440 3278 evasi
1485 3224 1804 3294 periculum.
1843 3225 1975 3279 Pro-

361 3318 751 3389 lapsusitaque
781 3315 986 3371 auxilio
1043 3323 1098 3370 et
1161 3317 1502 3386 protectione
1552 3315 1646 3369 Dei
1694 3315 1764 3369 de
1795 3317 1979 3372 medio

363 3406 732 3468 inimicorum,
758 3405 1023 3478 profugus
1051 3414 1106 3458 et
1133 3404 1501 3478 vagabundus
1528 3405 1648 3459 loca
1681 3405 1983 3476 inviaquze-

363 3516 470 3572 que
498 3499 775 3570 silvasque
803 3499 1096 3569 perlustro,
1159 3515 1268 3554 non
1297 3515 1461 3554 ausus
1487 3507 1638 3554 certo
1669 3500 1974 3554 consistere

363 3592 502 3645 loco.
524 3589 762 3644 Comites
789 3597 971 3642 autem
1002 3589 1152 3661 Hugo
1181 3596 1236 3644 et
1294 3589 1612 3642 Heribertus
1637 3587 1784 3642 aﬂ‘ati
1809 3605 1976 3660 quos-

364 3683 489 3736 dam
521 3687 738 3736 nostros
767 3681 974 3736 amicos
1024 3680 1130 3734 sibi
1194 3680 1466 3743 subditos,
1501 3679 1736 3733 suadent
1793 3689 1852 3734 ut
1889 3696 1975 3733 me

366 3775 732 3845 requirentes,
755 3774 824 3828 ad
872 3775 1020 3844 ipsos
1065 3774 1362 3839 deducant,
1399 3773 1725 3843 pollicentes
1758 3789 1816 3826 se
1838 3773 1971 3828 mihi

365 3863 774 3928 benefacturos,
807 3870 862 3916 et
895 3861 1062 3916 rebus
1089 3878 1226 3932 quas
1259 3862 1361 3932 ipsi
1393 3862 1660 3931 petissent
1685 3861 1972 3916 ditaturos.

366 3955 731 4026 Requirentes
760 3968 892 4028 ergo
932 3969 1020 4006 me
1067 3953 1250 4018 amici,
1299 3953 1584 4022 reperiunt
1616 3969 1714 4023 per
1760 3953 1975 4006 diversa

367 4055 679 4122 vagantem,
711 4056 766 4102 et
795 4047 867 4100 ita
899 4047 1168 4116 perducor
1196 4063 1226 4100 a
1256 4046 1517 4101 fratribus
1540 4047 1678 4101 meis
1703 4053 1757 4100 et
1784 4047 1976 4101 amicis

367 4142 434 4195 ad
459 4139 714 4210 praefatos
741 4138 994 4193 comites.
1048 4139 1146 4202 Qui
1180 4147 1468 4210 postquam
1501 4155 1588 4193 me
1619 4139 1671 4193 in
1706 4146 1976 4208 potestate

365 4247 465 4285 sua
493 4227 863 4299 conspiciunt,
889 4243 1134 4299 quaerere
1160 4235 1446 4297 coeperunt
1477 4233 1535 4280 ut
1585 4227 1664 4281 eis
1696 4226 1919 4297 pallium
1947 4243 1978 4280 a

367 4323 499 4377 sede
521 4322 765 4377 Romana
786 4319 920 4374 mihi
944 4320 1204 4374 collatum
1251 4319 1544 4383 traderem,
1571 4327 1626 4374 et
1653 4318 1979 4372 sacerdotali

369 4431 458 4467 me
490 4411 796 4467 ministerio
826 4411 1048 4482 penitus
1073 4410 1379 4480 abjurarem
1395 4411 1544 4482 quod
1563 4411 1978 4464 nullatenusmc

370 4505 637 4558 facturum
679 4517 859 4574 neque
883 4516 982 4572 pro
1013 4516 1200 4555 amore
1233 4501 1394 4568 hujus
1423 4500 1546 4555 vitae
1577 4500 1868 4571 przesentis
1895 4507 1979 4553 at-

371 4603 557 4651 testor.
588 4595 873 4651 Districtus
903 4593 1070 4665 igitur
1095 4601 1149 4646 et
1179 4593 1592 4667 coangustiatus
1621 4593 1689 4646 ab
1722 4594 1824 4655 eis,
1857 4593 1980 4663 epi-

370 4685 544 4754 scOpii
562 4683 782 4738 tandem
818 4682 981 4736 rebus
1009 4680 1400 4735 abrenuntiare
1423 4681 1728 4751 compellor
1751 4697 1763 4734 :
1789 4681 1980 4752 sicque

373 4791 563 4831 rursus
592 4775 659 4828 ad
681 4776 734 4828 S.
771 4773 1024 4828 Basolum
1063 4773 1220 4843 quasi
1245 4789 1462 4836 vacans,
1511 4772 1859 4826 habitaturus
1885 4773 1985 4826 de-

372 4869 564 4923 ducor.
596 4866 764 4920 Mansi
790 4865 1033 4935 denique
1055 4865 1243 4934 paucis
1269 4863 1467 4918 diebus
1499 4863 1690 4934 inipso
1705 4863 1981 4927 emnobio,

373 4959 737 5032 quoadusque
757 4960 1107 5031 comperiens
1119 4966 1406 5030 percertos
1421 4973 1484 5013 ex
1498 4957 1863 5013 familiaribus
1886 4959 1988 5014 He-

373 5051 563 5106 riberti
587 5050 807 5106 comitis
820 5052 1064 5115 nuntios,
1085 5051 1233 5123 quod
1255 5049 1324 5104 ab
1338 5065 1403 5106 eo
1417 5050 1559 5105 male
1572 5050 1640 5105 de
1653 5065 1776 5104 mea
1799 5059 1990 5107 tracta-

373 5141 537 5196 batur
551 5135 888 5212 perditione,
911 5140 1108 5195 iterum
1123 5140 1435 5213 iterumque
1449 5140 1660 5196 nuntiis
1674 5140 1989 5209 hujusmodi

373 5231 692 5304 pavefactus
711 5243 766 5288 et
779 5233 1071 5305 impulsus,
1088 5234 1268 5290 locum
1283 5235 1527 5300 deserui,
1546 5241 1600 5289 et
1621 5235 1809 5290 abdita
1822 5235 1992 5291 lustra

373 5321 633 5374 silvarum
664 5320 1027 5394 vagabundus
1048 5323 1268 5393 repetii,
1301 5323 1563 5394 horisque
1593 5322 1907 5390 silentibus,
1939 5332 1995 5380 et

373 5411 572 5467 itinere
608 5411 770 5468 devio
817 5413 1139 5469 Laudunum
1172 5423 1438 5482 revertor,
1481 5415 1672 5486 ibique
1702 5423 1991 5485 susceptus

371 5515 400 5552 a
431 5518 581 5577 rege,
615 5515 802 5560 secum
837 5521 1059 5562 manere
1089 5508 1414 5564 constituor.
1441 5510 1612 5564 Mansi
1633 5510 1986 5565 veroibidem

369 5602 490 5646 cum
518 5593 643 5661 ipso
673 5593 758 5645 vel
787 5595 1043 5652 fidelibus
1079 5598 1219 5666 ejus,
1249 5607 1574 5669 exspectans
1591 5607 1645 5654 et
1678 5602 1989 5671 deprecans

2052 410 2240 465 domni
2274 410 2420 483 regis
2466 410 2698 465 Othonis
2746 410 2989 477 mittere,
3056 419 3116 468 ut
3146 412 3214 467 ad
3245 413 3689 470 subventionem

2051 503 2288 559 senioris
2314 503 2421 557 mei
2455 502 2623 578 regis,
2658 510 2712 557 et
2742 513 3010 573 nostram,
3037 515 3362 577 properaret
3410 506 3465 561 in
3499 507 3693 562 Fran-

2053 595 2192 649 ciam
2224 595 2384 662 (Vide
2403 609 2595 664 supra,
2624 610 2669 648 c.
2699 593 2814 666 32).

2123 686 2370 757 Denique
2401 693 2689 757 postquam
2740 687 2965 742 domina
3016 696 3203 744 nostra
3237 689 3425 762 regina
3453 689 3688 745 Laudu-

2056 797 2206 843 num,
2243 787 2467 851 pr0pter
2496 781 2898 836 absolutionem
2931 782 3120 838 domui
3149 782 3316 858 regis,
3353 784 3689 856 reliquerat,

2055 886 2309 942 egressus
2341 870 2468 925 inde
2500 871 2568 925 ad
2609 871 2874 926 domnum
2908 890 3092 948 regem
3127 873 3397 929 Othonem
3429 891 3554 930 cum
3589 893 3693 931 se-

2057 961 2213 1015 niore
2244 977 2366 1016 meo
2405 960 2606 1016 deveni
2631 977 2780 1037 rege,
2800 963 3077 1036 simulque
3111 964 3312 1020 Remos
3341 965 3694 1020 accessimus

2056 1054 2266 1124 (supra,
2299 1070 2346 1108 c.
2377 1055 2484 1124 53).
2517 1054 2766 1129 Cingitur
2822 1055 3004 1128 itaque
3048 1057 3201 1111 urbis
3251 1057 3596 1112 exercitibus
3628 1067 3695 1115 ct.

2055 1149 2301 1220 episcOpi
2331 1149 2423 1220 qui
2443 1149 2694 1217 aderant,
2713 1166 2799 1204 me
2812 1150 2932 1204 sedi
2958 1157 3159 1206 nostrae
3176 1151 3394 1205 restitui
3425 1161 3691 1206 censent.

2056 1239 2340 1292 Mandatur
2371 1255 2502 1311 ergo
2557 1239 2769 1312 llugoni
2825 1256 2857 1294 a
2905 1240 3110 1294 donmo
3170 1256 3297 1312 rege
3353 1241 3590 1309 Othone,
3625 1250 3698 1297 ut

2056 1329 2390 1401 egrediatur,
2423 1335 2476 1381 et
2527 1345 2812 1398 pervasam
2847 1329 3062 1382 deserat
3103 1329 3319 1383 urbem.
3354 1330 3417 1384 At
3450 1329 3542 1383 ille
3578 1346 3696 1384 nu-

2057 1431 2178 1474 tans
2206 1421 2525 1491 aliquandiu
2571 1430 2625 1474 et
2674 1437 2773 1491 pro
2806 1437 2988 1492 posse,
3011 1421 3107 1476 ubi
3139 1422 3277 1476 vidit
3303 1421 3372 1476 ad
3413 1421 3656 1476 resisten
3677 1453 3695 1460 -

2058 1514 2186 1568 dum
2222 1515 2442 1584 penitus
2505 1513 2760 1569 sufﬁcere
2806 1531 2863 1569 se
2920 1531 3269 1587 nequaquam
3318 1516 3524 1579 valere,
3581 1532 3698 1570 nec

2060 1610 2358 1665 amicorum
2383 1611 2486 1664 sibi
2511 1611 2766 1681 praesidia
2820 1611 3136 1679 subvenire,
3179 1613 3434 1668 decernit
3472 1628 3698 1666 exeun-

2062 1701 2213 1764 dum,
2242 1715 2496 1770 quaerens
2530 1707 2587 1753 ut
2603 1700 2744 1754 liber
2759 1717 2881 1755 cum
2898 1701 3013 1755 suis
3032 1700 3690 1755 dimittaturabscedere.

2063 1793 2396 1848 Permittilur
2436 1793 2620 1864 itaque
2679 1810 2847 1848 sanus
2897 1795 3068 1860 exire,
3124 1810 3244 1849 cum
3297 1793 3560 1849 omnibus
3593 1795 3700 1864 qui

2064 1903 2250 1941 secum
2284 1887 2507 1941 voluere
2531 1886 2799 1950 comitari,
2837 1895 2888 1942 et
2919 1904 3266 1959 qumcunque
3292 1903 3480 1941 secum
3514 1887 3701 1942 voluit

2063 1978 2223 2040 ferre,
2274 1976 2424 2029 nullo
2467 1976 2898 2041 contradicente,
2955 1977 3274 2047 asportavit.
3325 1976 3526 2046 Sicque
3559 1992 3695 2030 cum

2064 2069 2289 2143 regibus
2322 2069 2691 2142 introgressus
2745 2070 2959 2135 urbem,
3003 2069 3293 2140 praecipior
3320 2069 3442 2124 loco
3474 2075 3694 2134 nostro,

2065 2170 2118 2216 et
2151 2162 2347 2216 honori
2372 2161 2602 2216 restitui.
2667 2163 2964 2231 Susceptus
2988 2162 3154 2234 igitur
3183 2178 3212 2215 a
3243 2163 3468 2218 domuis
3499 2165 3697 2217 archi-

2067 2255 2346 2325 episcOpis
2374 2255 2634 2308 Rotberto
2688 2254 3019 2318 Trevirensi,
3049 2264 3104 2308 et
3144 2255 3434 2309 Frederico
3459 2255 3702 2325 Magon-

2072 2345 2301 2399 tiacensi
2333 2344 2730 2399 comitantibus
2771 2346 2982 2400 caeteris
3043 2355 3098 2399 et
3149 2344 3699 2419 congratulantibus,

2072 2446 2177 2490 tam
2213 2436 2428 2490 clericis
2455 2437 2707 2491 Ecclesiae
2741 2445 2964 2503 nostrae,
2992 2454 3158 2507 quam
3192 2436 3422 2508 reliquis
3447 2435 3692 2500 civibus,

2069 2531 2137 2583 ab
2169 2530 2302 2600 ipsis
2362 2531 2615 2585 restituor
2672 2531 2946 2584 cathedrae
3003 2530 3328 2601 episc0pali.
3365 2530 3515 2604 llugo
3565 2547 3702 2586 vero

2074 2623 2257 2677 Remis
2314 2638 2569 2695 egressus
2618 2623 2918 2678 Mosomum
2960 2630 3195 2678 castrum
3220 2639 3342 2677 cum
3376 2622 3494 2676 suis
3521 2637 3702 2676 occu-

2074 2719 2188 2782 pat,
2211 2722 2264 2766 et
2289 2712 2548 2766 muniens
2576 2720 2768 2768 contra
2799 2711 2991 2768 fideles
3022 2713 3166 2788 regis
3217 2713 3455 2768 senioris
3520 2714 3700 2768 nostri

2073 2804 2301 2859 detinet.
2340 2803 2535 2860 Habito
2560 2805 2804 2876 denique
2823 2805 3081 2876 colloquii
3114 2805 3316 2876 placito
3350 2805 3497 2860 inter
3516 2820 3703 2878 reges,

2073 2892 2348 2947 seniorem
2380 2909 2559 2948 meum
2577 2893 2838 2948 videlicet
2857 2909 2920 2947 ac
2937 2893 3201 2948 domuum
3224 2892 3706 2965 Othonem,super

2003 3011 2050 3078 Ο
2075 2984 2298 3039 Charam
2335 2984 2450 3056 [m.,
2495 2984 2705 3056 Karam]
2762 2984 3009 3051 fluvium,
3064 2985 3428 3040 convenimus
3460 2987 3528 3040 ad
3565 2985 3705 3040 illud

2075 3083 2182 3130 tam
2218 3092 2320 3149 ego
2353 3091 2516 3146 quam
2569 3076 2690 3146 ipse
2731 3077 2882 3149 llugo
2927 3092 3050 3131 cum
3109 3076 3524 3131 ordinatoribus
3555 3077 3698 3131 suis.

2077 3164 2266 3235 Ibique
2291 3179 2376 3217 res
2406 3162 2514 3218 litis
2544 3164 2708 3232 hujus
2745 3165 2812 3218 ab
2842 3164 3118 3234 episcopis
3143 3163 3366 3219 auditur
3392 3181 3405 3218 :
3446 3166 3704 3235 protulit—

2079 3272 2187 3326 que
2219 3255 2432 3309 litteras
2462 3254 2530 3308 ad
2587 3255 2776 3310 sedem
2833 3256 3158 3323 Romanam,
3218 3257 3373 3328 quasi
3405 3272 3470 3311 ex
3505 3264 3700 3312 nostra

2083 3362 2317 3416 persona
2349 3345 2523 3412 datas,
2590 3347 2962 3402 excusationis
2987 3364 3148 3413 meae,
3175 3365 3238 3402 ac
3277 3347 3323 3402 si
3347 3348 3704 3404 vacationem

2085 3442 2338 3506 petentes
2369 3434 2864 3492 administrationis
2891 3435 3160 3506 episcOpii
3193 3436 3365 3490 nostri
3401 3454 3414 3490 :
3447 3452 3586 3507 quas
3617 3452 3709 3491 me

2077 3539 2357 3593 nunquam
2387 3520 2646 3589 dictasse,
2672 3538 2855 3594 neque
2881 3523 2963 3576 vel
2989 3521 3396 3578 subscribendo
3418 3524 3695 3595 aliquate-

2076 3631 2179 3668 nus
2207 3613 2592 3668 corroborasse
2630 3620 2967 3683 protestatus
3018 3629 3140 3668 sum
3204 3621 3370 3686 atque
3402 3620 3702 3685 protestor.

2079 3706 2139 3760 Et
2161 3706 2289 3778 quia
2321 3712 2451 3759 tunc
2481 3704 2724 3774 synodus
2756 3711 3055 3760 convocata
3077 3721 3188 3761 non
3212 3706 3387 3760 fuerat
3413 3705 3490 3775 (id
3527 3721 3703 3776 oppo.

2076 3795 2338 3850 nentibus
2368 3789 2675 3848 fautoribus
2697 3793 2869 3864 ipsius
2900 3795 3161 3868 llugonis)
3198 3795 3487 3849 altercatio
3521 3803 3709 3850 nostra

2076 3881 2430 3937 determinari
2480 3897 2589 3935 non
2639 3881 2836 3951 potuit.
2897 3881 3150 3952 Synodus
3181 3890 3364 3936 autem
3405 3882 3556 3937 circa
3590 3899 3707 3936 me.-

2076 3966 2225 4020 dium
2260 3966 2465 4020 mensis
2496 3966 2816 4022 Novembris
2838 3969 3094 4023 habenda
3123 3969 3349 4023 Virduni
3411 3970 3704 4041 utriusque

2078 4059 2244 4129 partis
2277 4057 2554 4128 episcopis
2606 4062 2983 4115 annuentibus
3025 4062 3407 4117 denuntiatur.
3471 4062 3698 4116 Interim

2077 4165 2206 4204 vero
2233 4149 2396 4202 sedes
2429 4150 2714 4205 Remensis
2746 4153 2877 4206 mihi
2913 4153 3154 4226 regenda
3176 4153 3530 4217 decernitur;
3559 4154 3699 4207 idem

2078 4259 2206 4298 vero
2238 4243 2390 4318 llugo
2431 4242 2655 4296 Mosomi
2688 4246 3015 4298 commorari
3047 4245 3405 4316 permittitur.
3441 4245 3552 4300 Nec
3582 4245 3702 4299 lon-

2009 4351 2229 4446 l)gum,
2263 4336 2506 4388 instante
2527 4333 2738 4389 scilicet
2764 4335 3059 4392 vindemiae
3093 4344 3362 4407 tempore,
3390 4337 3480 4392 hic
3511 4347 3702 4392 noster

2080 4427 2311 4481 :emulus
2345 4427 2516 4499 llugo,
2543 4442 2828 4482 assumens
2882 4446 3066 4483 secum
3122 4429 3503 4483 Theobaldum
3559 4430 3702 4502 regis

2082 4517 2361 4573 inimicum
2389 4529 2443 4573 et
2475 4521 2629 4592 regni
2662 4521 2854 4585 nostri,
2886 4536 3007 4574 cum
3042 4520 3164 4575 aliis
3188 4518 3440 4590 pluribus
3472 4519 3705 4574 malefa-

2081 4609 2345 4679 ctoribus,
2408 4611 2464 4665 in
2520 4612 2678 4681 villas
2727 4611 3019 4666 Remensis
3084 4610 3355 4682 episcOpii
3415 4612 3706 4686 contiguas

2081 4699 2201 4753 urbi
2234 4699 2475 4766 devenit,
2511 4706 2566 4754 et
2596 4714 2761 4754 omne
2820 4715 2963 4768 pene
2996 4697 3184 4752 vinum
3214 4713 3280 4750 ex
3321 4696 3404 4750 his
3438 4697 3708 4768 colligens

2083 4791 2138 4844 in
2154 4791 2402 4846 diversos
2431 4807 2600 4866 pagos
2628 4789 2823 4845 abduci
2855 4789 3004 4844 fecit.
3038 4789 3172 4842 Tum
3199 4787 3370 4842 multa
3395 4788 3540 4842 mala
3572 4787 3706 4842 inibi

2090 4887 2423 4950 perpetrata,
2451 4889 2506 4934 et
2537 4879 2785 4934 ecclesia:
2813 4886 3013 4932 nostras
3032 4877 3285 4932 homines
3305 4876 3507 4948 captivi
3534 4877 3710 4932 abdu-

2089 4971 2181 5037 cti,
2223 4977 2276 5026 et
2300 4971 2367 5025 ad
2401 4971 2839 5041 redemptionem
2863 4969 3030 5022 variis
3056 4975 3189 5022 sunt
3211 4966 3390 5022 adacti
3421 4968 3711 5022 tormentis

2091 5064 2298 5133 (supra,
2326 5062 2503 5131 c.34).
2545 5062 2800 5132 Synodus
2837 5068 3018 5114 autem
3053 5060 3199 5115 circa
3230 5058 3478 5114 medium
3501 5059 3711 5114 mensis

2094 5155 2436 5219 denuntiata,
2465 5153 2687 5208 Virduni
2706 5152 3038 5218 celebratur,
3082 5151 3414 5222 praesidente
3448 5151 3710 5206 Rotberto

2094 5247 2310 5318 presule
2331 5245 2664 5311 Trevirensi,
2699 5252 2976 5314 praecepto
3016 5242 3206 5298 domni
3268 5257 3423 5313 papae
3459 5241 3709 5308 Romani,

2092 5341 2366 5406 praesente
2398 5347 2618 5405 quoque
2647 5333 2851 5388 domno
2885 5333 3164 5398 Brunone,
3189 5347 3313 5386 cum
3347 5330 3633 5404 episcOpis
3661 5339 3712 5385 et

2091 5425 2385 5480 abbatibus
2415 5424 2718 5481 nonnullis.

2162 5513 2236 5566 Ad
2271 5530 2433 5583 quam
2493 5513 2752 5585 praefatus
2812 5513 2962 5586 llugo
3020 5521 3302 5578 evocatus,
3335 5510 3520 5566 missis
3549 5509 3708 5566 etiam

2089 5603 2305 5658 duobus
2327 5605 2394 5659 ad
2425 5620 2550 5660 eum
2584 5604 2973 5660 deducendum
3023 5603 3332 5676 episCOpis,
3365 5602 3707 5658 Adalberone
