3972 6206
148 287 251 342 309

793 281 1118 334 IIISTORI/E
1157 279 1489 336 ECCLESIIE
1527 282 1854 337 REMENSIS
1894 283 2068 338 LIBRI
2110 282 2442 348 QUA'I'UOR.
2475 314 2544 323 —
2576 283 2700 338 LIB.
2748 284 2831 338 IV.

3386 286 3493 341 310

150 428 200 474 et
226 419 476 484 Gozlino,
518 416 708 471 venire
755 415 1125 486 contempsit..
1162 417 1422 472 Universa
1451 433 1581 473 vero
1611 434 1776 490 syno-
1802 421 1854 491 Α
1878 436 2002 475 seos
2032 421 2296 491 epise0pi,
2329 421 2549 476 easdem
2574 421 2784 476 litteras
2810 421 2877 475 ad
2898 422 3087 476 sedem
3120 422 3497 496 delegaverint

150 510 251 562 dus
283 506 417 559 mihi
477 506 746 559 Remense
777 505 1082 577 regendum
1133 505 1380 561 decernit
1408 508 1773 578 episcOpium.

155 597 537 666 [adiciturque
557 596 755 650 iterum
777 595 1391 664 synodushabemladie
1407 599 1596 652 Iduum
1621 615 1779 652 men-

152 691 228 745 sis
291 689 563 751 Januarii,
613 705 735 758 qum
796 694 850 741 et
892 695 1242 760 aggregatur,
1293 697 1351 742 ut
1396 690 1777 745 denuntiatum

153 781 348 846 fuerat,
407 779 464 831 in
525 777 758 832 ecclesia
815 777 988 830 sancti
1051 777 1194 830 Petri
1252 785 1378 831 ante
1428 789 1775 848 prospectum

150 871 310 926 castri
361 869 610 934 Mosomi,
659 885 690 922 a
741 869 947 922 domno
1001 867 1261 922 Rotberto
1315 871 1777 925 convenientibus

150 964 364 1017 creteris
403 977 625 1032 quoque
665 959 1010 1014 Trevirensis
1043 960 1350 1014 diorceseos
1382 963 1679 1032 episcopis,
1727 971 1778 1016 et

158 1053 442 1123 aliquibus
468 1051 774 1104 Bernensis.
802 1049 1040 1103 Veniens
1063 1057 1244 1103 autem
1269 1050 1400 1105 illuc
1422 1054 1655 1106 aemulus
1678 1069 1775 1107 no-

150 1154 262 1199 ster
296 1146 470 1218 Ilugo,
503 1150 555 1197 et
587 1143 941 1197 locutuscum
978 1143 1183 1196 donmo
1208 1143 1470 1197 ltotberto
1503 1145 1774 1213 synodum

149 1237 327 1292 noluit
360 1235 576 1310 ingredi
604 1254 617 1298 ;
648 1235 858 1287 litteras
889 1249 1017 1288 vero
1047 1235 1203 1304 quasi
1237 1251 1300 1288 ex
1329 1236 1552 1290 nomine
1586 1235 1774 1290 domni

149 1344 307 1398 papae
350 1327 546 1381 direxit
587 1327 655 1379 ad
696 1325 990 1395 episcopos
1022 1341 1119 1395 per
1157 1327 1415 1380 clericum
1465 1344 1648 1394 suum,
1684 1329 1776 1398 qui

147 1435 239 1474 eas
261 1420 433 1474 Roma
459 1418 729 1472 detulisse
756 1419 1055 1484 ferebatur,
1079 1419 1215 1472 nihil
1249 1419 1586 1474 auctoritatis
1608 1437 1774 1476 cano-

150 1515 289 1568 nicre
317 1514 704 1578 continentes,
746 1514 844 1568 sed
877 1515 981 1568 hoc
1023 1521 1229 1567 tantum
1273 1515 1684 1585 praecipientes,
1720 1523 1779 1570 ut

152 1605 370 1678 llugoni
409 1605 678 1658 Remense
715 1605 1039 1659 redderetur
1069 1605 1439 1676 episc0pium.
1468 1607 1676 1670 Quibus
1699 1624 1779 1661 re-

153 1697 338 1751 citatis
367 1697 625 1750 ineuntes
649 1695 892 1765 episcOpi
927 1697 1215 1751 consilium
1249 1714 1370 1751 cum
1400 1698 1696 1752 abbatibus
1726 1708 1780 1754 et

1879 513 2258 586 apostolicam,
2291 528 2390 582 pro
2422 512 2816 566 restauratione
2849 510 3091 584 ﬂugonis
3121 512 3176 566 in
3216 513 3348 566 sede
3382 513 3492 567 Rc-

1879 605 2076 666 mcnsi,
2097 610 2156 657 et
2175 602 2496 672 cxpulsione
2515 601 2738 655 Artoldi.
2777 602 2898 655 Post
2920 618 3148 673 quarum
3178 601 3493 667 lectionem,

1879 699 2238 766 exsurgentes
2270 692 2523 745 Artoldus
2582 692 2801 760 praesul,
2835 697 2890 744 et
2921 691 3182 760 przefatus
3228 690 3497 745 Rodulfus

1880 789 1974 859 qui
2009 788 2060 840 in
2087 786 2294 840 eisdem
2337 784 2534 839 litteris
2584 784 2990 850 nominabatur,
3024 784 3310 840 Fulbertus
3357 802 3499 856 quo-

1880 894 1986 948 que
2039 874 2447 929 Cameracensis
2500 874 2729 928 antistes
2786 891 2880 929 eas
2914 875 3121 929 litteras
3168 875 3495 941 refutarunt,

1879 976 2190 1024 astrucntes
2221 969 2366 1040 quod
2401 984 2494 1021 eas
2527 975 2689 1021 antea
2717 983 2997 1038 nunquam
3026 968 3266 1022 viderint
3295 969 3500 1023 velan-

1881 1062 2104 1126 dieriut,
2131 1076 2312 1130 neque
2344 1061 2397 1113 in
2424 1076 2608 1113 earum
2634 1059 2988 1133 delegatione
3015 1075 3344 1114 consensum
3369 1077 3501 1131 prai-

1881 1152 2122 1205 bucrint.
2175 1151 2385 1215 Quibus
2432 1150 2561 1203 dum
2598 1149 2742 1202 idem
2776 1148 3009 1202 clericus
3041 1158 3230 1204 contra
3264 1150 3343 1204 ire
3390 1166 3500 1205 non

1878 1251 2086 1312 posset,
2116 1240 2247 1294 lieet
2275 1240 2327 1292 in
2361 1254 2457 1293 eos
2506 1237 2796 1292 calumniis
2840 1238 3193 1307 obstrepens,
3240 1240 3503 1310 praecepit

1879 1333 2116 1388 domnus
2146 1333 2406 1398 Marinus,
2429 1348 2735 1404 suggerens
2756 1331 3028 1385 universa-ﬁ
3055 1332 3286 1402 synodo,
3308 1341 3367 1386 ut
3395 1332 3503 1386 sibi

1879 1420 2172 1477 consiliiim
2195 1432 2248 1476 et
2269 1430 2478 1475 rectum
2495 1420 2767 1488 judicium
2795 1418 3104 1490 proferrent
3127 1437 3294 1492 super
3313 1421 3506 1490 hujus-

1883 1512 2028 1566 modi
2061 1511 2480 1577 calumniatore,
2512 1510 2979 1565 etcalumniarum
3008 1511 3064 1564 in
3089 1513 3384 1584 episc0pos
3408 1511 3504 1565 de-

1881 1605 2077 1658 latore.

1956 1698 2018 1750 At
2049 1696 2148 1762 illi,
2205 1703 2492 1766 postquam
2548 1694 2760 1750 delator
2794 1695 3016 1766 publice
3067 1695 3380 1750 confutatus
3424 1704 3509 1751 est

147 1786 365 1839 cmteris
393 1786 485 1855 qui
533 1785 767 1838 aderant
793 1785 1158 1854 sapientibus,
1213 1787 1619 1855 responderunt
1664 1804 1777 1841 non
1804 1796 1854 1863 Β
1881 1789 2016 1842 falsa
2038 1788 2328 1852 detulisse,
2354 1787 2512 1841 lectis
2530 1787 2790 1856 capitulis
2809 1787 2874 1840 de
2900 1788 3283 1856 hujuscemodi
3301 1789 3511 1842 calum-

150 1894 269 1932 esse
307 1878 532 1947 dignum
567 1878 648 1930 vel
681 1893 1007 1948 congruum,
1043 1885 1100 1931 ut
1131 1879 1450 1932 mandatum
1487 1879 1777 1949 legationis

146 1966 486 2036 apostolicze,
553 1983 715 2036 quam
776 1966 982 2019 dudum
1029 1967 1323 2021 llotbertus
1397 1969 1777 2038 archiepisco-

153 2077 274 2129 pus,
307 2058 590 2112 deferente
623 2059 912 2113 Frederico
941 2061 1176 2128 pnesule
1205 2060 1654 2132 Magontiaccnsi,
1684 2077 1781 2116 co-

153 2166 258 2201 ram
298 2148 526 2221 regibus
557 2155 608 2200 et
640 2148 919 2216 episcOpis
947 2154 1051 2200 tam
1075 2148 1257 2201 Gallia}
1287 2165 1450 2218 quam
1477 2149 1781 2204 Germaniae

153 2226 497 2310 susceperat,
533 2248 584 2293 et
607 2249 815 2309 partem
838 2239 947 2305 jam
979 2240 1560 2310 przeeeptionisipsius
1583 2258 1780 2314 exege-

153 2339 228 2384 rat
255 2337 492 2400 prOptcr
515 2329 634 2382 illas
663 2329 870 2382 litteras
893 2329 1297 2391 intermitteret,
1325 2347 1462 2400 quas
1489 2330 1779 2385 insidiator

150 2428 345 2474 noster
396 2418 736 2472 exhibebat:
798 2419 907 2472 imo
966 2420 1112 2488 quod
1158 2419 1482 2490 regulariter
1533 2431 1775 2490 emptum

152 2513 348 2574 fuerat,
405 2517 463 2564 ut
493 2510 756 2564 canonice
789 2518 1232 2580 pertractaretur,
1266 2513 1600 2566 unanimiter
1637 2529 1777 2567 cen-

155 2609 307 2654 sent:
343 2601 773 2671 praecipiturquc
808 2601 1020 2654 recitari
1055 2602 1354 2670 capitulum
1386 2602 1781 2677 Carthagincn-

159 2693 229 2745 sis
258 2693 488 2747 concilii
518 2708 724 2745 nonum
756 2692 1054 2758 decimum,
1086 2693 1154 2746 de
1180 2699 1436 2746 accusato
1467 2701 1526 2745 et
1555 2709 1779 2747 accusa-

158 2793 286 2838 tore.
326 2785 448 2849 Quo
485 2785 734 2846 recitato,
762 2784 1065 2851 judicatum
1106 2793 1188 2838 est
1213 2786 1365 2854 juxta
1397 2785 1780 2841 definitionem

159 2875 324 2944 ipsius
359 2874 612 2944 capituli,
654 2883 712 2927 ut
743 2875 1189 2929 communionem
1221 2884 1274 2929 et
1314 2877 1628 2946 parochiam
1668 2878 1778 2931 Ite-

158 2981 409 3019 menscm
445 2980 532 3017 me
567 2965 858 3029 retinente,
889 2965 1060 3039 Ilugo,
1091 2965 1184 3035 qui
1217 2965 1356 3034 [ms.,
1387 2965 1534 3036 quia]
1559 2967 1626 3020 ad
1646 2967 1782 3021 duas

154 3057 261 3124 jam
285 3054 536 3126 synodos
564 3055 1101 3108 evocatusinteresse
1134 3061 1561 3125 contempserat,
1587 3074 1617 3111 a
1637 3074 1782 3112 com-
1822 3099 1825 3102 .

1880 1877 2210 1942 uiatoribus,
2230 1877 2554 1943 judicantet
2587 1875 2928 1929 unanimiter
2957 1886 3189 1931 censent
3218 1893 3368 1943 eum,
3399 1893 3509 1949 quo

1881 1967 2168 2021 fruebatur
2193 1968 2400 2019 honore
2433 1964 2630 2034 privari
2670 1965 2895 2031 debere,
2928 1982 2992 2018 ac
3022 1966 3323 2019 secundum
3356 1967 3510 2037 capi-

1881 2059 2116 2114 tulorum
2143 2068 2386 2113 tenorem
2421 2058 2475 2110 in
2506 2058 2755 2111 exsilium
2785 2059 3010 2112 retrudi.
3047 2057 3373 2113 Diaconatus
3404 2060 3506 2132 igi-

1885 2157 1971 2202 tur
1995 2164 2104 2217 quo
2136 2146 2466 2220 fungelmtur
2502 2147 2810 2200 ministerio
2841 2147 3173 2216 multatus,a
3205 2158 3504 2219 conspectu

1883 2237 2081 2306 synodi
2137 2236 2468 2306 reprobatus
2501 2235 2788 2289 abscessit.
2835 2236 3057 2290 Artoldo
3097 2250 3226 2290 vero
3258 2235 3502 2306 ιπξυδυιὶ,

1885 2331 1978 2402 qui
2013 2330 2271 2384 erunibus
2303 2346 2362 2383 se
2391 2329 2617 2400 synodis
2648 2336 2976 2398 praesentem
3008 2329 3355 2392 exhibuerat,
3390 2343 3502 2382 non

1882 2424 2161 2498 refugiens
2211 2424 2476 2494 synodalc
2503 2423 2794 2490 judicium,
2835 2422 3177 2494 epiSCOpium
3231 2423 3504 2476 Remense

1879 2515 2033 2583 juxta
2060 2530 2332 2567 canonum
2369 2511 2615 2566 instituta
2648 2519 2964 2566 sanctorum
3021 2511 3235 2565 Patrum
3267 2511 3506 2576 decreta,

1882 2605 2108 2660 omnino
2141 2605 2490 2658 retinendum
2520 2611 2686 2674 atque
2741 2603 3150 2672 disponendum
3173 2602 3503 2665 decernunt,

1885 2695 2131 2761 laudant,
2165 2703 2328 2765 atque
2390 2693 2769 2747 corroborant.
2825 2692 3077 2746 Secunda
3131 2691 3508 2746 consessionis

1883 2784 1996 2851 die,
2062 2790 2186 2854 post
2245 2781 2500 2835 recitatas
2553 2780 2752 2834 divinae
2785 2780 3126 2834 auctoritatis
3156 2781 3423 2835 lectiones
3452 2787 3508 2835 et

1882 2878 2076 2933 Marini
2109 2876 2292 2930 vicarii
2331 2875 2745 2940 allocutionem,
2793 2874 3067 2948 suggessit
3097 2874 3334 2928 domnus
3366 2873 3502 2928 Ilot-

1884 2973 2092 3036 bertus,
2120 2970 2461 3024 Trevirensis
2487 2967 2961 3038 archiepiscopus,
2985 2974 3044 3022 ut
3074 2968 3334 3038 quoniam
3352 2967 3509 3035 juxta

1885 3076 2054 3114 sacrm
2096 3060 2234 3131 legis
2275 3059 2540 3122 instituta,
2599 3058 2912 3112 restitutum
2944 3065 3110 3129 atque
3141 3064 3505 3111 restauratum

158 3147 424 3200 munione
457 3155 511 3198 et
544 3144 812 3218 regimine
846 3145 1134 3198 Remensis
1154 3145 1424 3215 epiSCOpii
1453 3146 1781 3214 abstineret,
1813 3121 1862 3190 Ο
1888 3152 2064 3206 fuerat
2095 3152 2364 3205 Remense
2394 3149 2616 3203 Artoldo
2639 3150 2858 3219 praesuli
2889 3149 3252 3220 episcopium,
3280 3148 3332 3201 in
3366 3147 3510 3215 ejus-

159 3235 332 3290 donec
378 3235 449 3288 ad
497 3233 866 3287 universalem
909 3233 1204 3303 synodum,
1234 3250 1356 3304 quze
1411 3235 1781 3302 indicebatur,

160 3342 277 3381 sese
309 3333 669 3398 purgaturus,
703 3325 788 3377 vel
821 3324 1089 3378 rationem
1134 3325 1450 3379 redditurus
1490 3334 1785 3396 przesenta-

159 3426 260 3472 ret.
308 3420 613 3489 Ipsumque
639 3417 935 3486 capitulum
960 3433 1084 3472 mox
1111 3417 1166 3470 in
1197 3418 1382 3472 charta
1413 3418 1660 3488 episCOpi
1691 3435 1786 3473 co-

162 3527 268 3564 ram
325 3527 387 3564 se
422 3509 664 3562 describi
701 3509 972 3574 fecerunt,
1006 3510 1401 3564 subnectentes
1453 3511 1592 3565 hanc
1621 3511 1783 3564 etiam

159 3602 546 3656 deﬁnitionem
591 3618 765 3668 suam,
802 3610 853 3655 et.
886 3602 1064 3656 eidem
1123 3603 1333 3676 llugoni
1365 3603 1630 3657 miserunt
1683 3605 1782 3667 Qui

160 3702 279 3762 post
309 3694 540 3746 alteram
576 3691 723 3745 diem
775 3693 1016 3746 chartam
1049 3695 1297 3746 eamdem
1341 3693 1602 3747 Rotberto
1642 3710 1782 3764 pra)-

159 3782 256 3834 suli
291 3780 530 3841 remisit,
574 3780 679 3834 hoc
735 3780 921 3833 verbis
954 3780 1319 3833 remandans:
1353 3781 1500 3850 quod
1534 3780 1774 3850 ipsorum

156 3871 377 3941 judicio-
396 3885 750 3940 nequaquam
771 3869 996 3923 obcditu
1007 3886 1096 3922 rus
1111 3877 1276 3923 esset.
1301 3869 1502 3940 Sicque
1521 3869 1776 3924 absoluto

163 3963 416 4027 concilio,
485 3961 602 4031 ipse
633 3961 933 4015 lllosomum
981 3967 1168 4015 contra
1217 3962 1472 4015 mandata
1496 3977 1683 4036 regum
1726 3969 1780 4016 et

162 4052 550 4121 episcoporum
585 4051 802 4115 retinet,
835 4063 888 4104 et
928 4066 1032 4122 ego
1065 4051 1264 4104 Remos
1301 4067 1584 4125 regressus
1611 4051 1783 4105 recla-

164 4145 422 4199 mationis
478 4159 614 4197 mea:
656 4145 908 4214 querelas
965 4145 1032 4198 ad
1073 4145 1262 4199 sedem
1323 4146 1622 4199 Romanam
1687 4162 1785 4216 per

167 4232 376 4304 legatos
409 4231 601 4285 domui
654 4233 807 4304 regis
847 4232 1076 4287 Othonis
1124 4234 1418 4300 destinavi,
1465 4235 1786 4305 przestolans

168 4325 420 4377 mandata
455 4323 626 4392 ipsius
681 4333 880 4378 sanctae
920 4325 1090 4392 sedis,
1140 4326 1259 4394 ejus
1295 4326 1531 4380 decretis
1560 4335 1614 4381 ct
1660 4327 1788 4381 uni-

1884 3242 2009 3295 dem
2038 3241 2184 3294 sedis
2216 3240 2522 3293 invasorem
2549 3238 2813 3308 synodalc
2839 3237 3505 3309 peragereturjudicium.

1886 3329 2151 3398 Praecepit
2193 3329 2371 3398 itaque
2407 3326 2644 3380 Marinus
2674 3326 2930 3391 vicarius,
2960 3335 3020 3382 ut
3059 3327 3382 3380 canonicam
3415 3342 3504 3380 su-

1887 3439 1986 3493 per
2007 3422 2106 3474 liac
2131 3418 2560 3489 praesumptione
2583 3417 2827 3487 synodus
2855 3417 3127 3487 proferret
3147 3417 3504 3474 sententiam.

1884 3511 2152 3566 Jubentur
2183 3524 2314 3582 ergo
2363 3513 2562 3561 sanctae
2595 3506 2736 3580 legis
2783 3507 3054 3562 catholica
3112 3507 3326 3562 recitari
3353 3508 3506 3576 capi-
3585 3532 3592 3540 ~

1885 3602 2017 3658 tula.
2052 3600 2261 3666 Quibus
2293 3597 2554 3664 recitatis,
2596 3596 2898 3651 secundum
2931 3613 3209 3651 sacrorum
3258 3597 3506 3653 instituta

1885 3712 2180 3761 canonum,
2211 3703 2263 3748 et
2302 3699 2614 3746 sanctorum
2649 3690 2870 3743 decreta
2906 3689 3148 3755 Patrum,
3179 3688 3334 3753 Sixti,
3377 3688 3504 3744 Ale-

1883 3789 2100 3854 xandri,
2131 3785 2459 3850 Innocentii,
2482 3782 2699 3849 Zosimi,
2724 3781 3014 3850 Bonifacii,
3049 3779 3344 3837 C(elestini.
3368 3780 3509 3836 Leo-

1880 3879 1986 3946 nis,
2043 3876 2376 3948 Symmachi,
2417 3881 2852 3943 czeterorumque
2892 3877 3204 3925 sanctorum
3247 3869 3502 3928 Ecclesiae

1883 3971 1977 4025 Dei
2023 3971 2330 4034 doctorum,
2365 3967 3000 4032 excommunicaverunt,
3047 3972 3101 4020 et
3130 3964 3199 4019 ab
3242 3963 3499 4022 Ecclesiae

1882 4063 1978 4117 Dei
2009 4063 2218 4132 gremio
2246 4061 2570 4132 repulerunt
2593 4058 2913 4130 praedictum
2948 4059 3234 4130 Hugonem
3268 4056 3502 4112 Remen-

1884 4154 1961 4207 sis
2015 4151 2271 4207 Ecclesiae
2313 4165 2683 4221 pervasorcm,
2723 4147 2902 4202 donec
2940 4147 3008 4201 ad
3050 4146 3429 4218 paenitentiam
3452 4154 3506 4202 et

1886 4242 2109 4315 dignam
2142 4239 2573 4294 satisfactionem
2605 4236 2794 4292 venire
2821 4243 3163 4307 procuraret.

1888 4332 2110 4389 Caeteris
2140 4347 2358 4402 quoque
2408 4329 2606 4383 diebus
2658 4327 2853 4399 synodi
2914 4335 3137 4383 tractata
3195 4333 3322 4382 sunt
3349 4343 3506 4398 quae-

165 4416 390 4468 versalis
448 4414 615 4482 hujus
645 4416 818 4469 sancti
866 4415 1086 4470 concilii
1119 4417 1282 4471 vestri
1327 4416 1558 4486 judiciis
1590 4432 1782 4486 parere
1811 4425 2010 4515 Ddam
2062 4421 2376 4476 necessaria
2425 4418 2493 4474 de
2543 4417 2764 4472 incestis
2803 4416 3095 4489 conjugiis,
3139 4424 3193 4471 et
3232 4417 3504 4484 ecclesiis,

165 4520 408 4580 paratus.

237 4604 365 4658 Post
395 4619 624 4674 quarum
661 4603 962 4656 litterarum
1029 4602 1408 4656 recitationem
1438 4645 1452 4669 ,
1510 4611 1565 4656 et
1595 4618 1783 4656 earum

171 4705 395 4765 pr0pter
427 4712 586 4770 reges
617 4696 768 4764 juxta
795 4695 1182 4749 Thudesticam
1215 4695 1356 4764 [ms.,
1388 4695 1736 4750 Teutonicam
1770 4713 1783 4762 ;

162 4787 208 4854 j.
249 4787 616 4858 Theotiscam]
647 4788 889 4862 linguam
935 4787 1465 4858 interpretationem,
1507 4787 1787 4861 ingressus

171 4878 395 4946 quidam
417 4877 768 4950 Sigebaldus,
806 4877 1072 4947 prrcmissi
1109 4876 1351 4951 llugonis
1378 4877 1630 4943 clericus,
1656 4883 1790 4930 attu-

171 4967 230 5022 lit
261 4969 479 5023 litteras
514 4985 648 5038 quas
672 4969 842 5024 Roma
872 4969 1162 5035 detulerat,
1195 4985 1443 5040 quasque
1469 4969 1578 5040 jam
1606 4969 1659 5022 in
1687 4969 1794 5023 alia

173 5061 389 5129 synodo
429 5060 654 5114 Mosomi
681 5062 1080 5130 propalaverat.
1112 5063 1379 5115 Asserens
1399 5061 1620 5115 easdem
1646 5061 1793 5115 litte-

175 5164 260 5201 ras
281 5149 391 5202 sibi
431 5149 617 5204 Romze
651 5150 717 5204 ab
751 5151 869 5220 ipso
892 5151 993 5220 qui
1020 5151 1208 5205 aderat
1235 5150 1441 5204 Marino
1467 5149 1669 5205 vicario
1698 5150 1798 5203 da-

175 5246 278 5303 tas,
298 5239 393 5308 qui
419 5238 660 5292 domnus
680 5239 921 5294 Marinus
945 5241 1232 5310 proferens
1263 5240 1470 5294 litteras
1491 5257 1627 5311 quas
1652 5241 1795 5294 idem

177 5329 514 5402 Sigebaldus
571 5331 796 5384 Romam
845 5331 1131 5395 detulerat,
1173 5331 1436 5401 praecepit
1487 5346 1580 5385 cas
1617 5347 1799 5385 coram

178 5422 390 5489 synodo
426 5421 664 5486 recitari,
702 5422 752 5474 in
787 5438 1016 5491 quarum
1041 5422 1358 5476 recitatione
1392 5428 1664 5491 repertum
1693 5429 1797 5487 est,

180 5520 340 5579 prout
387 5513 526 5581 ipsa:
552 5511 744 5565 litterz—e
776 5512 1108 5578 fatebantur,
1144 5513 1290 5583 quod
1317 5513 1477 5567 Wido
1506 5514 1802 5583 epiSCOpus

179 5603 569 5668 Suessonicus,
591 5603 935 5678 l-lildegarius
967 5621 1190 5675 quoque
1213 5604 1584 5668 llelvacensis,
1605 5603 1805 5657 Rodul-

184 5689 266 5744 fus
299 5691 711 5759 Laudunensis,
739 5693 1034 5764 caeterique
1063 5693 1245 5748 cuncti
1289 5691 1573 5747 Remensis
1601 5691 1804 5746 diwcc-

1885 4530 2006 4585 quae
2037 4510 2375 4584 presbyteris
2405 4509 2458 4562 in
2478 4509 2728 4580 partibus
2754 4507 3059 4561 Germaniae
3082 4507 3371 4574 dabantur,
3397 4508 3505 4562 imo

1886 4599 2554 4667 vendebanturiudcbite,
2576 4605 2629 4653 et
2655 4597 3048 4653 auferebantur
3077 4598 3286 4664 illicite,
3313 4599 3506 4669 prolu-

1887 4697 2200 4768 bitumque,
2240 4710 2302 4748 ac
2332 4700 2591 4748 statutum
2617 4709 2687 4747 ne
2739 4692 2796 4746 id
2818 4691 3045 4746 omnino
3079 4699 3508 4762 praesumeretur

1889 4790 1956 4844 ab
1987 4788 2173 4860 aliquo
2207 4805 2219 4840 :
2261 4787 2356 4842 sed
2396 4796 2450 4841 et
2489 4786 2556 4840 de
2588 4786 2709 4840 aliis
2739 4784 2995 4839 Ecclesiae
3035 4783 3130 4837 Dei
3178 4783 3511 4839 utilitatibus

1893 4885 2118 4933 tractata
2145 4884 2293 4943 sunt,
2341 4884 2395 4930 et
2430 4875 2659 4930 deﬁnita
2707 4874 2993 4930 nonnulla.
3029 4875 3242 4927 Interea
3283 4890 3375 4926 rex
3407 4873 3512 4927 Lu-

1893 4967 2122 5022 dovicus
2140 4966 2466 5035 deprecatur
2489 4980 2673 5036 regem
2692 4963 2983 5027 Othonem,
3001 4967 3059 5015 ut
3076 4959 3387 5015 subsibium
3407 4961 3512 5016 sibi

1896 5059 2241 5114 fcratcontra
2276 5057 2558 5131 Ilugonem
2592 5067 2646 5112 et
2683 5066 2915 5111 caeteros
2953 5055 3206 5109 inimicos
3232 5069 3382 5108 suos.
3415 5055 3516 5118 Qui

1897 5149 2066 5220 petita
2095 5145 2428 5209 concedens,
2464 5145 2623 5214 jubet
2654 5155 2713 5200 ut
2744 5145 3025 5204 Conradus
3055 5144 3161 5198 dux
3191 5160 3312 5199 cum
3358 5159 3516 5198 exer-

1900 5241 2010 5295 citu
2045 5236 2481 5293 Lotharicnsium
2517 5236 2570 5289 in
2604 5237 2723 5305 ejus
2751 5245 2942 5310 pergat
2973 5235 3254 5290 auxilium.
3289 5235 3513 5289 Interim

1901 5350 2030 5392 vero
2079 5333 2206 5387 dum
2262 5335 2691 5401 congregaretur
2741 5329 3035 5395 exercitus,
3076 5345 3168 5383 rex
3209 5327 3517 5382 Ludovicus

1902 5441 2024 5480 eum
2050 5423 2170 5494 ipso
2198 5420 2338 5474 duce
2361 5426 2600 5482 maneat,
2623 5425 2676 5472 et
2701 5418 2973 5488 episcOpi,
3004 5417 3236 5483 scilicet,
3266 5416 3520 5472 Artoldus

1903 5521 1957 5568 et
1997 5509 2282 5575 Rodulfus,
2319 5508 2410 5578 qui
2453 5515 2608 5562 erant
2637 5522 2760 5560 cum
2795 5523 2946 5582 rege,
2968 5523 3036 5560 ne
3069 5506 3199 5576 quid
3232 5505 3287 5560 in
3310 5505 3398 5561 via
3424 5522 3522 5578 pa-

1908 5608 2116 5656 teretur
2150 5597 2388 5662 adversi,
2424 5595 2694 5669 degerent
2724 5611 2847 5649 cum
2902 5595 3361 5650 Lothariensibus
3404 5596 3522 5666 epi-

1907 5693 2111 5764 scopis.
2157 5691 2456 5747 Mansimus
2502 5689 2684 5761 itaque
2725 5706 2848 5746 cum
2908 5689 3168 5747 Rotberto
3198 5688 3523 5754 ’l‘revi'rensi,
