3972 6206
411 282 513 337 311

1539 275 1908 333 FLODOARDI
1949 276 2255 334 CANONICI
2296 278 2625 336 REMENSIS

3653 291 3759 346 312

411 411 678 472 Rodulfus
709 406 1093 465 Laudunensis
1139 421 1263 462 cum
1317 403 1667 461 Adalberone
1723 404 1984 461 Mettensi
2016 448 2031 475 ,
2061 405 2237 477 Asiis
2292 421 2483 463 eorum
2537 406 2634 479 [ms
2684 409 2733 479 j.
2796 409 3051 468 Ecclesiae
3099 412 3444 485 Suessorum]
3503 414 3769 474 intulerat

410 499 792 558 hebdomadas
822 497 937 553 fere
961 505 1214 570 quatuor.
1246 494 1498 553 Exercitu
1521 496 1764 569 denique
1782 496 2035 562 collecto,

414 593 802 651 Lotharienses
856 591 1104 663 episcopi
1143 591 1446 647 Mosomum
1485 597 1703 662 petunt,
1746 590 2038 661 ipsumque

412 682 738 740 obsidentes
767 688 1005 736 castrum
1055 687 1223 752 atque
1252 685 1662 753 oppugnantes,
1709 677 1915 732 milites
1944 676 2038 750 qui

412 784 577 834 erant
604 775 682 830 ibi
715 790 841 830 cum
867 773 1092 847 Ilugone
1123 771 1192 827 ad
1222 770 1563 827 deditionem
1597 769 1959 842 compellunt,
1985 776 2039 824 et

412 874 658 939 acceptts
691 866 761 921 ab
798 864 879 920 eis
910 862 1201 920 obsidibus
1230 866 1468 934 pergunt
1497 859 1715 916 obviam
1764 859 2038 915 Ludovico

413 956 528 1031 regi
573 962 629 1011 et
658 953 908 1011 Conrado
960 951 1087 1007 duci
1145 951 1200 1005 in
1248 956 1429 1021 partes
1464 948 1846 1004 Laudunensis
1888 948 2036 1022 pagi.

414 1046 682 1103 Obsident
712 1045 880 1122 igitur
900 1043 976 1099 ibi
1005 1043 1115 1098 dux
1138 1050 1192 1098 et
1223 1041 1501 1097 exercitus
1530 1040 1821 1112 quamdam
1855 1038 2039 1094 muni-

413 1136 621 1192 tionem
655 1150 818 1206 quam
877 1130 1248 1187 aedificaverat
1298 1137 1353 1185 et
1415 1128 1642 1185 tenebat
1687 1128 2038 1184 Theobaldus

417 1228 470 1282 in
501 1227 625 1282 loco
655 1226 753 1298 qui
797 1224 1001 1280 dicitur
1036 1222 1192 1278 Mons
1224 1231 1437 1289 acutus,
1488 1221 1581 1294 qui
1613 1228 1669 1277 et
1712 1220 2034 1276 Laudunum

415 1324 610 1371 contra
657 1330 842 1389 regem
875 1311 1167 1369 retinebat.
1212 1311 1321 1367 Hoc
1348 1311 1514 1366 etiam
1572 1310 1840 1382 oppidum
1870 1324 2038 1380 expu-

415 1415 669 1483 gnantes,
717 1408 937 1462 tandem
972 1421 1080 1461 non
1143 1405 1263 1460 sine
1304 1420 1456 1460 mora
1495 1402 1741 1475 capiunt,
1796 1401 2037 1473 indeque

418 1498 741 1554 Laudunum
774 1496 1002 1564 adeunt,
1043 1504 1097 1551 et
1130 1495 1183 1550 in
1229 1493 1467 1551 ecclesia
1496 1493 1549 1547 S.
1583 1491 1852 1547 Vincentii
1900 1507 2037 1546 con-

416 1590 653 1664 gregati,
687 1589 938 1661 episcopi
971 1587 1293 1660 przedictum
1326 1585 1692 1641 Thetbaldum
1721 1599 2041 1638 excommu-

416 1681 648 1744 nicant;
702 1679 987 1753 Hugoncm
1018 1693 1206 1732 verum
1259 1675 1564 1747 principem
1596 1680 1792 1729 vocant
1840 1672 2039 1727 litteris

418 1789 483 1827 ex
515 1778 672 1843 parte
690 1770 881 1825 Marini
905 1768 1070 1842 legati
1099 1767 1250 1823 sedis
1281 1765 1599 1839 apostolicae
1630 1772 1817 1831 etsua,
1846 1764 2037 1819 venire

418 1860 487 1914 ad
518 1858 964 1914 emendationem
999 1872 1096 1929 pro
1140 1855 1299 1911 malis
1340 1871 1464 1927 quae
1519 1861 1711 1909 contra
1753 1870 1939 1927 regem
1983 1860 2037 1907 et

421 1952 715 2023 episcOpos
742 1956 948 2025 egerat.
1003 1949 1163 2004 Wido
1192 1948 1434 2020 denique
1488 1945 1829 2002 Suessonicze
1884 1945 2039 1999 urbis

419 2044 716 2115 episcopus
746 2042 814 2096 ad
845 2057 1029 2114 regem
1065 2040 1403 2096 Ludovicum
1424 2038 1672 2101 veniens,
1706 2037 1885 2092 eidem
1913 2052 2037 2092 sese

421 2134 733 2202 committit,
796 2141 1132 2205 pacaturque
1162 2148 1287 2187 cum
1342 2131 1563 2186 Artaldo
1602 2128 2036 2199 archiepiscopo,

420 2222 763 2278 satisfaciens
796 2221 875 2276 illi
932 2237 1029 2293 pro
1069 2220 1420 2276 ordinatione
1452 2218 1723 2292 Ilugonis.
1757 2217 2040 2272 Conradus

421 2331 645 2388 quoque
673 2315 782 2370 dux
816 2313 983 2368 filiam
1016 2311 1275 2368 Ludovici
1304 2311 1450 2387 regis
1481 2326 1636 2366 sacro
1667 2310 1735 2365 de
1767 2309 1916 2365 fonte
1946 2325 2042 2364 su-

420 2405 614 2477 scepit.
664 2405 866 2477 Sicque
922 2411 1146 2475 recepto
1195 2402 1441 2457 Mosomo
1482 2409 1662 2456 castro
1722 2407 1778 2455 et
1819 2413 2036 2466 everso,

422 2493 811 2551 Lotharienses
834 2498 1183 2549 revertuntur
1220 2489 1275 2545 in
1314 2506 1432 2546 sua.

990 2600 1200 2656 CAPUT
1243 2598 1477 2656 XXXVI.

423 2698 497 2751 De
527 2690 826 2750 obsessione
846 2693 928 2748 vel
957 2694 1263 2748 incsnsione
1290 2691 1445 2815 urtbis
1472 2690 1803 2747 Suessonicae
1827 2688 1894 2743 ab
1925 2690 2045 2744 Ilu-

1041 2780 1174 2815 aone
1220 2778 1354 2815 εοπη
1381 2778 1428 2815 ϐ.

1040 2780 1174 2831 gone
1220 2778 1428 2818 comae.

496 2857 669 2934 Igitur
700 2856 876 2934 Hngo,
909 2856 1114 2911 nullam
1147 2870 1354 2911 moram
1377 2853 1605 2921 faciens,
1650 2853 1880 2908 collecta
1919 2867 2049 2907 suo-

431 2970 550 3009 rum
579 2952 755 3009 multa
802 2944 1393 3020 Nordmannorumque
1432 2965 1617 3012 manu,
1666 2947 2050 3003 Suessonicam

2140 498 2302 553 mala.
2367 499 2617 571 chuirit
2645 516 2776 576 ergo
2832 503 2902 558 de
2933 505 3224 562 vocatione
3276 506 3454 578 ipsius
3494 508 3773 580 principis

2138 586 2398 654 Marinus,
2431 594 2612 642 utrum
2638 589 2860 660 perlata:
2880 591 2933 646 ei
2956 591 3192 651 fuissent
3221 594 3416 651 litterae
3434 597 3767 667 vocationis,

2140 691 2277 746 quas
2306 676 2356 730 ei
2386 675 2744 747 perferendas
2769 678 3138 748 delegaverat.
3168 682 3267 739 Cui
3298 685 3677 755 respondetur
3701 687 3767 741 ab

2139 767 2361 823 Artoldo
2388 768 2826 843 archiepiscopo,
2858 774 3009 845 quod
3039 775 3291 846 quaedam
3320 791 3509 831 earum
3545 779 3769 849 perlatae

2140 859 2277 927 sint,
2309 860 2558 931 quaedam
2590 877 2721 918 vero
2752 864 2993 934 perferri
3034 867 3407 939 nequiverint,
3439 884 3637 924 earum
3675 885 3771 945 ge-

2141 949 2262 1003 rulo
2293 948 2362 1002 ab
2385 948 2561 1020 ipsius
2588 952 2998 1025 grassatoribus
3028 955 3382 1027 intercepto;
3414 965 3651 1013 vocatus
3685 968 3768 1014 ta—

2141 1052 2267 1091 men
2287 1035 2449 1092 fuerit
2472 1044 2578 1093 tam
2604 1039 2801 1096 litteris
2829 1058 2994 1113 quam
3016 1042 3352 1115 quibusdam
3381 1044 3767 1101 internuntiis.

2139 1129 2659 1205 chuirituritaque
2690 1133 2735 1187 si
2756 1132 2899 1188 adsit
2920 1134 3120 1206 aliquis
3145 1151 3209 1190 ex
3235 1145 3391 1206 parte
3413 1136 3590 1206 ipsius
3619 1136 3772 1211 lega-

2138 1226 2246 1274 tus.
2306 1219 2408 1274 Ubi
2456 1236 2581 1275 cum
2634 1221 2818 1277 nullus
2869 1222 3065 1279 fuisset
3104 1223 3387 1290 inventus,
3446 1225 3772 1281 decernitur

2139 1312 2572 1382 exspectandum
2629 1313 2674 1367 si
2718 1312 2855 1369 forte
2908 1314 3247 1371 adventurus
3281 1324 3430 1372 esset
3490 1315 3548 1370 in
3575 1317 3769 1372 crasti-

2140 1419 2291 1457 num.
2326 1404 2478 1469 Quod
2519 1420 2642 1459 cum
2703 1405 2931 1461 minime
2970 1406 3312 1481 contigisset,
3359 1415 3413 1462 et
3448 1423 3649 1463 omnes
3675 1409 3772 1479 qui

2140 1494 2387 1557 aderant,
2444 1500 2551 1547 tam
2593 1493 2778 1550 clerici
2835 1511 2999 1567 quam
3040 1496 3282 1550 illustres
3316 1496 3465 1564 laici,
3510 1512 3642 1552 eum
3678 1513 3775 1551 ex-

2141 1585 2659 1640 communicandum
2683 1602 2808 1642 esse
2841 1587 3230 1655 acclamarent,
3253 1587 3517 1643 definitur
3546 1588 3619 1643 ab
3640 1588 3769 1660 epi-

2141 1676 2324 1747 scopis
2357 1677 2499 1732 hanc
2528 1679 3151 1736 excommunicationem
3181 1680 3364 1736 adhuc
3403 1679 3770 1736 differendam

2065 1730 2120 1801 Β
2146 1784 2316 1838 usque
2360 1767 2428 1823 ad
2459 1768 2605 1823 diem
2639 1771 2835 1841 synodi
2873 1772 3112 1827 tertiam.
3166 1773 3454 1829 Tractatur
3478 1780 3672 1827 autem
3698 1773 3772 1827 de

2137 1859 2416 1931 episcOpis
2452 1861 2546 1931 qui
2575 1862 2753 1916 vocati
2796 1862 3011 1918 fuerant
3058 1874 3113 1918 et
3164 1865 3355 1920 venire
3409 1864 3766 1931 distulerant,

2137 1948 2224 2003 vel
2274 1949 2356 2003 his
2387 1949 2479 2021 qui
2530 1950 2866 2007 ordinationi
2913 1952 3158 2026 Hugonis
3200 1953 3501 2024 participes
3533 1954 3769 2008 exstite-

2142 2047 2279 2095 rant.
2345 2042 2405 2097 Et
2444 2041 2600 2097 Wido
2657 2043 2881 2114 quidem
2931 2045 3228 2116 episcOpus
3287 2044 3659 2100 Suessonicus
3709 2061 3771 2100 se

2140 2131 2496 2201 culpabilem,
2530 2140 2837 2204 prostratus
2867 2128 3052 2190 coram
3081 2136 3288 2191 Marino
3328 2136 3534 2191 vicario
3574 2144 3631 2191 et
3676 2138 3773 2191 Ar-

2142 2222 2293 2278 toldo
2325 2223 2765 2297 archiepiscOpo,
2797 2226 3112 2283 conﬁtetur.
3155 2227 3644 2284 Intercedentibus
3671 2244 3775 2283 au-

2141 2322 2249 2369 tem
2283 2330 2379 2386 pro
2412 2331 2478 2371 eo
2508 2317 2654 2387 apud
2702 2318 2968 2375 Marinum
3016 2320 3276 2376 Rotberto
3316 2328 3372 2375 et
3409 2319 3635 2376 Artoldo
3668 2337 3768 2375 ar-

2140 2403 2535 2476 chiepiscopis,
2568 2406 2781 2462 absolvi
2823 2408 2891 2463 ab
2924 2410 3027 2463 hac
3058 2425 3198 2464 noxa
3230 2417 3494 2464 meretur.
3527 2408 3773 2463 Wicfre-

2142 2493 2247 2547 dus
2269 2493 2593 2551 Morinensis
2622 2496 2884 2552 immunis
2905 2498 2974 2552 ab
3001 2515 3064 2553 ω
3088 2502 3194 2552 lcm
3222 2498 3578 2554 ordinatione
3601 2514 3773 2570 repe-

2143 2581 2299 2637 ritur.
2358 2582 2527 2639 Adest
2570 2584 2878 2641 Transmari
2936 2585 3320 2641 Noviomensis
3364 2589 3768 2654 (Transmarus

2143 2670 2390 2725 Noviom.
2419 2671 2488 2725 42
2536 2675 2697 2743 episc.
2721 2675 2781 2727 in
2808 2674 2918 2729 tab.
2951 2676 3224 2742 Democh.)
3257 2675 3508 2746 episcOpi
3553 2675 3774 2748 legatus

2150 2757 2372 2829 quidam
2415 2760 2726 2832 presbyter,
2775 2769 3026 2817 astruens
3058 2762 3318 2817 eumdem
3354 2765 3653 2834 prmsulem
3694 2764 3773 2819 ita

2150 2844 2299 2919 gravi
2343 2847 2606 2922 languore
2640 2848 2949 2916 detentum,
2991 2855 3051 2904 ut
3092 2848 3163 2904 ad
3202 2848 3455 2904 eamdem
3494 2849 3774 2921 synodum

2149 2934 2338 2990 venire
2369 2953 2478 2991 non
2527 2937 2781 2993 valuerit.
2835 2937 2892 2992 Id
2931 2954 3155 3009 quoque
3202 2944 3479 2994 nostrates
3510 2938 3610 3011 qui
3642 2939 3781 2995 ade-

427 3043 749 3118 aggreditur
790 3041 1008 3107 urbem,
1050 3047 1105 3097 et
1134 3040 1401 3096 obsidens
1449 3047 1754 3113 oppugnat,
1793 3037 2053 3109 ceditque
2089 3106 2128 3118 ﬁ
2152 3038 2292 3092 rant,
2327 3035 2651 3085 altestantur
2683 3029 2954 3102 episcopi.

429 3106 752 3190 nonnullos.
784 3132 1007 3201 Injectis
1036 3131 1198 3186 etiam
1231 3129 1458 3203 ignibus
1486 3129 1709 3185 domum
1740 3129 1930 3183 matris
1951 3144 2050 3183 ec-
2080 3106 2131 3175 C

429 3221 609 3278 clesiae
639 3220 927 3278 succendit
974 3219 1253 3292 simulque
1293 3218 1531 3275 claustra
1569 3219 1957 3275 canonicorum
1996 3226 2051 3273 et

430 3323 640 3387 partem
685 3312 960 3379 civitatis;
1015 3328 1116 3367 nec
1166 3319 1351 3367 tamen
1385 3312 1558 3384 ipsam
1605 3327 1805 3383 capere
1860 3311 2050 3366 valens

429 3406 623 3462 urbem
656 3404 903 3478 reliquit,
944 3410 997 3460 et
1031 3403 1099 3459 ad
1129 3403 1424 3477 quamdam
1456 3404 1842 3469 munitionem,
1884 3418 2047 3474 quam

432 3493 783 3569 Ragenoldus
812 3508 1000 3550 comes
1030 3491 1289 3548 Ludovici
1337 3508 1506 3563 super
1533 3492 1776 3547 Axonam
1818 3490 2045 3546 fluvium

432 3583 489 3638 in
537 3581 658 3639 loco
689 3582 783 3654 qui
834 3581 1038 3637 dicitur
1066 3580 1369 3636 Ranciacus
1414 3582 1657 3651 (Roucy),
1714 3579 2043 3648 aedificabat,

431 3670 680 3735 devenit,
714 3671 1004 3744 ipsamque
1031 3669 1215 3724 adhuc
1239 3668 1614 3739 imperfectam
1654 3669 1845 3725 castris
1875 3669 2049 3724 valla-

432 3760 530 3815 vit.
555 3759 661 3815 Sed
696 3776 799 3816 nec
824 3759 999 3831 ipsam
1040 3758 1224 3830 cepit;
1255 3757 1413 3812 villas
1439 3764 1622 3812 tamen
1654 3757 1941 3813 Remensis
1956 3773 2047 3813 ec-

431 3848 613 3904 clesize
635 3855 828 3904 castris
874 3848 991 3903 suis
1020 3846 1308 3920 contiguas
1355 3846 1676 3902 devastavit.
1704 3845 1890 3901 Plures
1911 3862 2051 3918 quo-

433 3958 542 4013 que
570 3942 891 3996 colonorum
932 3941 1226 4012 praedones
1265 3939 1439 4011 ipsius
1486 3941 1905 4006 interemerunt,
1933 3939 2050 3995 vio-

436 4033 612 4088 lantes
660 4033 947 4101 ecclesias,
983 4039 1037 4088 ct
1092 4033 1147 4087 in
1178 4040 1387 4089 tantum
1444 4032 1847 4087 debacchantes
1884 4038 1945 4087 ut
1994 4032 2051 4086 in

436 4123 764 4181 Culmiciaco
821 4125 943 4180 vico
991 4132 1099 4180 tam
1156 4124 1296 4180 infra
1343 4140 1507 4198 quam
1556 4124 1698 4179 circa
1762 4124 2049 4179 ecclesiam

435 4217 549 4273 fere
580 4216 1017 4292 quadringentos
1046 4217 1302 4273 homines
1329 4216 1724 4285 interfecerint,
1759 4216 2051 4289 ipsumque

434 4307 699 4379 templum
732 4305 899 4362 rebus
930 4307 1153 4380 penitus
1176 4307 1553 4380 exspoliarint.
1590 4306 1773 4362 Multis
1794 4322 1926 4381 ergo
1953 4307 2053 4361 lla-

2720 3138 2927 3194 CAPUT
2954 3138 3197 3193 XXXVII.

2359 3213 2436 3266 De
2472 3213 3017 3267 emcommunicatione
3054 3210 3301 3279 Hugonis
3319 3211 3557 3266 comitis.

2227 3300 2407 3358 Tertia
2437 3303 2661 3360 tandem
2690 3303 2801 3370 die,
2833 3302 3127 3358 insistente
3167 3301 3446 3374 praecipue
3493 3301 3782 3359 Luitdull'o

2149 3399 2330 3473 legato
2360 3404 2414 3471 et
2435 3395 2721 3467 capellano
2751 3395 2900 3471 regis
2925 3393 3174 3462 Othonis,
3207 3394 3471 3466 quoniam
3502 3393 3653 3449 idem
3680 3411 3779 3449 rex

2148 3491 2205 3547 id
2233 3490 2460 3548 omnino
2490 3486 2611 3543 fieri
2653 3486 3028 3559 praecipiebat,
3076 3485 3588 3544 excommunicatur
3618 3485 3778 3561 Hugo

2147 3598 2353 3648 comes,
2392 3579 2650 3635 inimicus
2688 3577 2950 3634 Ludovici
2982 3577 3152 3651 regis,
3178 3593 3276 3651 pro
3308 3593 3475 3649 supra
3495 3592 3781 3633 memora-

2149 3675 2217 3729 tis
2256 3672 2419 3729 malis
2445 3670 2514 3726 ab
2540 3671 2662 3741 ipso
2690 3669 3039 3741 perpetratis,
3066 3683 3135 3726 eo
3175 3677 3356 3724 tamen
3390 3668 3560 3725 modo
3591 3669 3777 3725 donec

2149 3766 2455 3837 resipiscat,
2492 3762 2562 3817 ad
2601 3761 3030 3817 satisfactionem
3072 3776 3255 3816 coram
3286 3760 3497 3841 Marino
3543 3760 3776 3827 vicario,

2149 3854 2235 3910 vel
2261 3851 2556 3924 episcopis,
2583 3850 2789 3922 quibus
2813 3849 3071 3919 injuriam
3122 3848 3274 3916 fecit,
3296 3848 3583 3906 deveniat.
3618 3849 3775 3915 Quod

2151 3945 2196 4000 si
2227 3944 2407 3999 facere
2437 3941 2853 4013 contempserit,
2903 3941 3129 3997 Romam
3160 3955 3258 4011 pro
3291 3939 3379 3995 sui
3418 3938 3779 3996 absolutione

2153 4028 2549 4112 proficiScatur.
2583 4035 3139 4091 Excommunicantur
3183 4041 3239 4090 et
3269 4034 3381 4091 duo
3428 4035 3776 4107 pseudoepi-

2153 4131 2303 4202 sc0pi
2339 4130 2407 4185 ab
2459 4129 2685 4204 Hugone
2716 4128 2973 4183 damnato
2999 4126 3260 4192 ordinati,
3292 4126 3596 4182 Tetbaldus
3628 4127 3780 4199 [ms.,

2150 4218 2517 4289 Theobaldus]
2552 4224 2607 4273 et
2639 4218 2773 4273 Ivo:
2828 4215 2980 4287 prior
3010 4223 3135 4288 post
3181 4214 3565 4285 expulsionem
3598 4214 3787 4286 ipsius

2153 4310 2209 4364 in
2236 4307 2589 4365 Ambianensi
2622 4305 2760 4361 urbe
2784 4323 2799 4371 ;
2848 4305 2986 4360 alter
3012 4311 3134 4376 post
3160 4304 3576 4359 damnationem
3616 4303 3783 4372 ejus-

434 4397 585 4471 gitiis
630 4404 761 4454 tunc
802 4400 1151 4472 perpetratis,
1182 4400 1335 4474 llugo
1393 4400 1618 4455 tandem
1658 4415 1780 4455 cum
1803 4400 1919 4454 suis
1960 4416 2050 4455 re-
2077 4476 2111 4478 Α
2152 4404 2279 4459 dem
2310 4401 2573 4478 llugonis,
2633 4401 2691 4455 in
2740 4399 3138 4456 Silvancctensi
3178 4398 3246 4453 ab
3307 4398 3431 4469 ipso
3463 4399 3783 4456 constituti.

435 4490 687 4569 greditur
729 4491 1151 4565 grassatoribus.
1198 4492 1386 4564 Itaque
1426 4492 1630 4547 milites
1657 4491 1752 4563 qui
1792 4476 2666 4554 bactcnusDExcomm'unicatur
2692 4496 2856 4552 etiam
2905 4495 3129 4567 quidam
3162 4494 3397 4550 clericus
3434 4493 3788 4551 Laudunen-

436 4601 561 4641 cum
590 4582 822 4657 Ilugonc
868 4582 1086 4638 fuerant
1129 4584 1608 4651 excommunicati,
1660 4583 1726 4638 ad
1771 4583 2051 4639 Artoldum

436 4675 727 4750 praesulem
749 4684 1114 4733 revertuntur.
1138 4676 1238 4743 Qui
1275 4676 1571 4733 nonnullos
1591 4692 1804 4744 eorum,
1824 4676 2055 4732 redditis

438 4768 520 4823 eis
549 4767 715 4823 rebus
736 4784 873 4840 quas
898 4766 1228 4836 habuerant,
1263 4769 1480 4839 recipit,
1513 4769 1781 4841 quosdam
1809 4784 1937 4824 vero
1968 4786 2057 4824 re-

431 4859 572 4930 jicit.
634 4859 763 4915 Post
793 4860 911 4916 haec
948 4860 1201 4917 Treviros
1255 4857 1621 4932 proficiscitur
1665 4860 1733 4915 ad
1781 4859 2053 4931 synodum

438 4969 563 5009 cum
590 4952 871 5025 episcopis
893 4951 1131 5008 Widonc
1163 4952 1516 5017 Suessonico,
1552 4950 1788 5007 Rodulfo
1841 4952 2055 5006 Laudu-

440 5044 620 5112 nensi,
669 5050 724 5102 et
761 5043 1080 5101 Winefredo
1134 5043 1449 5101 Morinensi.
1493 5043 1608 5110 Quo
1666 5043 2056 5115 pervenientes

436 5135 705 5192 Marinum
728 5150 848 5192 sese
877 5137 1283 5209 praestolantem
1312 5135 1594 5209 reperiunt
1629 5151 1753 5192 cum
1792 5134 2054 5192 Rotberto

436 5227 860 5301 archiepiscOpo
893 5246 909 5296 ;
945 5236 1273 5285 ceterorum
1332 5242 1464 5284 vero
1504 5226 1940 5283 Lothariensium
1970 5226 2055 5282 vel

437 5321 833 5377 Germanorum
893 5320 1190 5393 praesulum
1248 5319 1364 5376 illic
1418 5319 1682 5376 invenere
1752 5318 2051 5375 neminem.

438 5407 869 5466 Considentibus
911 5411 1077 5485 igitur
1116 5409 1244 5474 illis,
1285 5408 1541 5465 suscitari
1590 5407 1759 5479 cmpit
1814 5406 2054 5463 Marinus

436 5500 676 5556 vicarius
726 5499 860 5570 quid
928 5502 1134 5576 egisset
1198 5507 1325 5572 post
1386 5500 1724 5573 praemissam
1784 5499 2053 5570 syuodum

440 5588 594 5661 llugo
643 5588 901 5660 princeps
943 5606 1074 5662 erga
1121 5589 1273 5661 ipsos
1325 5590 1413 5645 vel
1458 5605 1645 5663 regem
1694 5588 2049 5644 Ludovicum.

438 5679 503 5734 At
531 5675 609 5729 illi
639 5675 884 5730 referunt
912 5694 1079 5750 supra
1109 5683 1407 5734 memorata
1436 5694 1559 5750 quae
1601 5676 1756 5748 ipsis,
1788 5683 1843 5731 et
1871 5677 2052 5733 eccle-

2154 4593 2251 4661 sis,
2277 4592 2503 4648 nomine
2522 4590 2820 4656 Adelonus,
2850 4607 3015 4663 quem
3043 4589 3325 4646 accusavit
3355 4588 3625 4645 Bodulfus
3652 4591 3790 4662 epi-

2154 4696 2359 4752 scopus
2396 4697 2551 4748 suus,
2578 4696 2646 4736 eo
2678 4680 2827 4752 quod
2865 4679 3191 4735 Tetbaldum
3232 4679 3787 4736 excommunicatum

2156 4774 2211 4827 in
2237 4772 2524 4828 ecclesiam
2551 4771 2935 4828 introduxerit.
2959 4771 3195 4828 Vocatur
3215 4771 3567 4848 Hildegarius
3583 4771 3785 4827 Belva-

2153 4861 2334 4916 censis
2363 4861 2661 4933 episcopus
2708 4859 2906 4916 litteris
2965 4858 3177 4931 praefati
3216 4859 3435 4924 Marini,
3494 4866 3554 4913 ut
3592 4858 3792 4914 veniat

2155 4966 2338 5008 coram
2390 4952 2534 5023 ipso,
2587 4950 2675 5006 vel
2723 4959 2813 5005 eat
2843 4950 3069 5005 Romam
3121 4948 3397 5004 rationem
3453 4947 3788 5004 redditurus

2155 5057 2340 5098 coram
2372 5041 2575 5096 domno
2590 5056 2749 5112 papa,
2775 5055 2872 5111 pro
2900 5039 3089 5095 illicita
3111 5038 3463 5094 ordinatione
3483 5038 3792 5109 praedicto-

2158 5149 2277 5187 rum
2308 5131 2933 5203 pseudoepiscoporum,
2957 5129 3047 5185 cui
3077 5127 3424 5184 interfuerat.
3455 5127 3700 5183 Vocatur
3730 5138 3796 5185 et

2157 5224 2477 5281 Heribertus
2507 5223 2778 5280 Heriberti
2804 5222 3023 5279 comitis
3048 5221 3215 5290 ﬁlius,
3243 5220 3312 5276 ad
3337 5217 3792 5276 satisfactionem

2154 5318 2343 5373 venire
2375 5332 2474 5388 pro
2499 5316 2677 5380 malis.
2725 5331 2847 5389 quae
2876 5322 3069 5372 contra
3098 5314 3394 5387 episcopos
3423 5311 3653 5388 agebat.
3690 5314 3793 5369 llis

2157 5409 2232 5464 ita
2283 5409 2471 5485 gestis,
2505 5408 2752 5481 episcopi
2805 5414 3155 5464 revertuntur
3210 5407 3265 5462 in
3303 5421 3422 5461 sua.
3464 5405 3797 5464 Luitdulfus

2155 5505 2336 5553 autem
2370 5498 2688 5569 capellanus
2709 5496 2937 5551 Othonis
2965 5496 3233 5551 Marinum
3257 5494 3525 5551 vicarium
3555 5496 3802 5554 deducit

2153 5589 2220 5642 ad
2254 5604 2441 5663 regem
2461 5605 2620 5644 suum
2656 5589 2712 5644 in
2739 5589 3053 5655 Saxoniam,
3085 5588 3181 5657 ubi
3202 5594 3635 5644 consecratnrus
3668 5600 3799 5646 erat

2152 5679 2443 5735 ecclesiam
2474 5680 2766 5737 Vuldensis
2815 5680 3161 5736 monasterii.
3202 5679 3337 5745 Post,
3386 5678 3550 5750 cujus
3580 5696 3797 5738 conse-
