3972 6206
208 291 324 346 313

867 287 1192 343 IIISTOIII/E
1232 287 1564 342 ECCLESI/E
1604 286 1930 342 REMENSIS
1969 286 2145 340 LIBRI
2186 285 2514 350 QUATUOR.
2547 314 2616 324 —
2649 283 2772 338 LIB.
2817 285 2902 338 IV.

3441 284 3547 338 3M

207 428 680 484 crationemidem
714 427 972 492 Marinus,
1029 434 1216 482 exacta
1254 429 1438 483 hieme
1469 428 1696 482 Romam
1727 443 1819 481 re-
1848 430 1898 497 Α
1929 424 2399 490 Remis,ultimum
2440 423 2521 477 sui
2564 437 2755 477 cursus
2776 423 2980 476 ibidem
3014 423 3207 476 clausit
3243 422 3410 486 diem,
3445 421 3543 476 ubi

210 526 464 582 vertitur.
526 524 780 579 Nascitur
827 524 943 596 regi
989 524 1262 579 Ludovico
1295 522 1461 586 ﬁlius,
1495 540 1658 594 quem
1689 539 1830 594 prae-

211 619 296 674 sul
317 617 573 673 Artoldus
600 616 669 671 de
699 631 852 671 sacro
877 615 1029 670 fonte
1050 616 1314 687 suscepit,
1358 615 1529 686 patris
1553 616 1604 670 ei
1632 631 1832 671 nomen

214 709 532 779 hnponens.

755 775 964 831 CAPUT
1028 775 1300 831 XXXVIII.

208 865 635 938 Dequibusdam
663 867 896 920 ccclesiis
909 865 989 918 vel
1001 865 1504 920 monasteriisurbis
1532 868 1826 923 Remensis.

286 976 484 1032 Plures
541 975 785 1046 denique
845 973 990 1045 apud
1041 988 1142 1028 nos
1191 973 1471 1044 quondam
1520 981 1835 1030 sanctorum

211 1069 372 1125 fuere
413 1067 678 1134 basilicae,
707 1067 807 1122 sed
832 1073 887 1122 et
911 1066 1251 1122 monasteria
1281 1064 1418 1121 infra
1446 1065 1531 1121 vel
1555 1066 1698 1122 circa
1726 1067 1832 1121 Re-

212 1171 469 1211 mensem
493 1155 634 1210 hanc
663 1156 878 1220 urbem,
921 1170 1043 1226 quae
1063 1154 1230 1208 modo
1262 1168 1372 1208 non
1405 1152 1596 1207 haberi
1624 1154 1829 1224 proba-

213 1257 324 1302 tur.
349 1247 464 1301 Duo
487 1254 673 1300 tamen
706 1244 888 1298 adhuc
933 1249 1234 1314 supersunt
1262 1242 1405 1297 infra
1433 1244 1631 1298 urbem
1662 1245 1824 1314 puel-

213 1340 394 1393 larum
424 1336 757 1392 monasteria
789 1353 802 1390 :
832 1349 1066 1406 quorum
1121 1349 1292 1388 unum
1316 1335 1484 1407 (quod
1517 1335 1772 1406 superius
1799 1351 1830 1390 a

211 1431 327 1485 situ
348 1427 558 1483 scilicet
586 1425 691 1482 loci
716 1427 1088 1496 nuncupatur)
1118 1425 1171 1478 S.
1207 1425 1520 1480 Baldericus
1537 1424 1836 1494 presbyter

212 1541 344 1580 cum
372 1539 561 1579 sorore
584 1538 682 1578 sua
729 1522 892 1586 Bova,
934 1520 1181 1587 ejusdem
1211 1520 1448 1574 ccenobii
1483 1521 1830 1590 postmodum

214 1617 559 1684 abbbatissa,
592 1618 648 1672 in
680 1619 890 1672 honore
917 1624 1122 1671 sanctm
1152 1616 1353 1681 Mariae,
1387 1615 1471 1669 vel
1495 1617 1665 1670 sancti
1688 1616 1829 1670 Petri

220 1717 603 1768 construxisse
635 1714 885 1768 traditur.
931 1712 1030 1776 Qui
1061 1712 1227 1786 regali
1256 1727 1459 1786 genere
1478 1711 1829 1766 exortifuisse

217 1803 559 1870 referuntur,
613 1812 766 1874 patre
798 1802 1009 1857 scilicet
1046 1802 1331 1875 Sigeberto
1364 1818 1512 1873 rege,
1563 1803 1830 1857 habentes

218 1906 467 1972 neptem,
503 1899 724 1954 nomine
756 1899 984 1964 Dodam,
1015 1897 1378 1952 castissimam
1420 1899 1678 1968 puellam,
1711 1915 1832 1969 quze

217 1997 556 2066 deSponsata
597 1995 762 2049 fuisse
790 1993 959 2048 fertur
975 1995 1192 2049 cuidam
1219 1996 1459 2069 magnati
1490 1995 1736 2060 ejusdem
1753 2011 1834 2048 re-

215 2088 304 2158 gis
334 2085 603 2160 Sigeberti
629 2103 644 2150 ;
667 2101 942 2156 quamque
967 2085 1190 2156 przefata
1220 2087 1392 2156 ipsius
1408 2087 1574 2140 amita
1596 2087 1834 2140 Bovain-

214 2178 456 2232 stituens
482 2177 549 2230 ad
573 2176 922 2231 serviendum
947 2177 1078 2239 Deo,
1107 2177 1544 2248 servandamque
1567 2184 1833 2248 perpetuo

214 2265 607 2341 virginitatem,
641 2263 709 2317 ab
740 2279 926 2319 amore
981 2264 1183 2318 terreni
1240 2265 1434 2318 avertit
1487 2264 1697 2334 sponsi.
1733 2264 1833 2328 Qui

213 2372 343 2411 cum
373 2355 477 2409 sibi
528 2354 937 2422 adversaretur,
999 2369 1258 2424 sponsam
1305 2354 1550 2410 innitens
1580 2354 1832 2408 eamdem

213 2447 517 2517 corripere,
579 2461 808 2500 ascenso
868 2461 1031 2517 equo,
1070 2447 1197 2499 dum
1251 2446 1302 2500 id
1346 2453 1580 2501 conatur
1609 2461 1833 2517 quoquo

214 2542 384 2596 modo
439 2540 764 2612 adimplere,
819 2540 1034 2596 furente
1077 2541 1264 2611 lapsus
1321 2541 1389 2594 ab
1443 2556 1608 2611 equo,
1650 2540 1836 2594 fractis

213 2629 552 2696 cervicibus,
587 2631 819 2684 traditur
857 2630 1157 2685 interiisse.
1214 2630 1376 2683 Beata
1417 2629 1658 2699 denique
1688 2628 1836 2682 Doda

217 2720 274 2774 in
329 2719 594 2774 castitatis
649 2719 934 2789 preposito
983 2735 1338 2790 permanens,
1385 2718 1565 2772 amitae
1617 2733 1731 2772 suae
1779 2717 1835 2771 in

218 2808 470 2876 ejusdem
503 2808 820 2862 monasterii
852 2807 1118 2863 successit
1141 2808 1429 2882 regimine.
1465 2811 1594 2873 Quae
1628 2821 1836 2878 praece-

221 2907 375 2970 ptum
409 2911 629 2968 quoque
688 2897 1067 2962 immanitatis,
1119 2897 1269 2968 quod
1323 2897 1504 2952 adhuc
1558 2899 1704 2968 apud
1737 2913 1838 2954 nos

218 2987 482 3051 habetur,
505 3001 537 3039 a
576 2985 830 3056 principe
859 2986 1093 3056 Pippino
1124 2985 1304 3040 eidem
1366 2987 1716 3056 postmodum
1734 2986 1840 3050 ob-

221 3080 388 3136 tinuit
443 3078 563 3134 fieri
595 3079 873 3135 coenobio.
909 3081 1151 3144 Quarum
1205 3096 1436 3152 corpora
1492 3081 1547 3134 in
1603 3081 1838 3136 ecclesia

217 3183 372 3228 extra
421 3188 608 3228 muros
662 3173 834 3237 urbis,
882 3173 974 3226 ubi
1017 3173 1252 3242 primum
1308 3173 1612 3244 puellarum
1666 3172 1840 3227 fuerat

222 3261 640 3328 monasterium,
665 3262 926 3316 tumulata
965 3262 1059 3315 diu
1093 3262 1443 3332 quieverunt,
1477 3262 1655 3316 donec
1687 3270 1838 3332 post-

220 3354 472 3420 modum,
533 3353 962 3409 revelationibus
1007 3353 1336 3425 quibusdam
1391 3354 1623 3421 elevata,
1673 3359 1726 3407 et
1771 3353 1839 3407 ad

221 3452 367 3504 hanc
390 3465 584 3504 novam
620 3460 746 3504 sunt
796 3450 1083 3504 ecclesiam
1133 3451 1361 3522 perlata,
1395 3451 1711 3522 ibidemque
1745 3467 1838 3505 ve-

224 3541 552 3596 nerabiliter
582 3541 866 3611 collocata,
913 3543 1176 3597 continua
1232 3541 1668 3598 honoriﬁcantur
1699 3543 1837 3598 inibi

218 3635 336 3689 Deo
367 3632 748 3689 famulantium
768 3635 1078 3690 reverentia
1101 3635 1430 3705 puellarum.

795 3748 1011 3804 CAPUT
1045 3749 1266 3804 XXXIX.

614 3821 685 3873 De
710 3825 895 3874 sancto
929 3821 1208 3875 Balderico
1239 3822 1446 3876 abbate.

290 3911 526 3966 Sanctus
547 3921 729 3966 autem
765 3913 1083 3967 Baldericus
1124 3914 1196 3984 (S.
1237 3914 1502 3983 Brutldry)
1525 3922 1647 3984 post
1679 3915 1842 3983 hujus

217 4003 540 4057 monasterii
610 4003 1099 4070 constructionem,
1182 4004 1362 4058 locum
1440 4021 1695 4077 quzereus
1746 4003 1840 4057 ubi

217 4111 382 4149 suam
413 4109 632 4166 quoque
657 4095 1016 4149 constitueret
1061 4094 1480 4162 habitationem,
1513 4095 1567 4149 in
1600 4113 1706 4166 qua
1727 4095 1843 4150 col-

216 4183 378 4238 lectis
407 4199 593 4237 secum
634 4182 764 4237 viris
813 4183 1073 4258 religiose
1121 4184 1455 4247 conversari,
1487 4185 1708 4256 Deoquc
1745 4185 1843 4238 de-

216 4283 347 4331 vote
377 4291 440 4329 ac
470 4275 657 4346 quiete
715 4275 923 4330 servire
968 4275 1195 4342 valeret,
1257 4276 1477 4329 tandem
1513 4277 1716 4347 reperit
1737 4275 1842 4330 sibi

222 4366 494 4439 placitum
551 4383 715 4438 quem
775 4365 966 4422 dicunt
1039 4365 1276 4421 Montem
1341 4367 1592 4422 Falconis
1661 4367 1842 4423 locum

220 4461 639 4531 (Montfaucon).
691 4461 790 4526 Qui
841 4461 996 4516 locus
1045 4467 1176 4515 tunc
1199 4462 1464 4532 temporis
1496 4461 1840 4517 inhabitabi-

1936 526 1988 571 ct
2019 517 2267 587 sepultus
2295 525 2542 586 tempore
2567 532 2677 570 non
2719 515 2934 569 modico
2966 514 3254 585 requievit.

2563 629 2779 683 CAPUT
2813 629 2914 682 XL.

2116 728 2185 778 Dc
2208 725 2487 778 miraculis
2515 728 2635 792 post
2670 725 2869 776 obitum
2896 725 3070 790 ipsius
3115 725 3362 775 ostensis.

2010 837 2270 890 Processu
2315 836 2556 906 denique
2615 835 2876 905 temporis
2899 835 3182 908 diligentia
3214 833 3538 888 clericorum

1937 933 2298 994 praenotatum
2353 925 2524 994 ipsius
2559 924 2704 978 beati
2737 924 2834 977 viri
2869 923 3262 977 monasterium
3294 922 3542 977 incolen-

1935 1012 2092 1078 tium,
2118 1013 2235 1080 ejus
2254 1019 2336 1066 est
2369 1013 2497 1066 illuc
2552 1011 2740 1066 furtim
2798 1028 2997 1081 corpus
3029 1012 3295 1076 delatum,
3334 1011 3544 1065 (lelusis

1934 1100 2121 1155 fraude
2144 1101 2483 1166 custodibus,
2527 1101 2710 1154 Remis
2761 1100 3027 1161 ablatum,
3055 1102 3203 1164 Quos
3232 1101 3362 1154 dum
3388 1100 3544 1154 inse-

1932 1200 2230 1264 querentur
2270 1193 2490 1264 quidam
2535 1193 2683 1246 cives
2734 1192 3052 1247 Remenses.
3089 1207 3154 1245 eo
3179 1207 3356 1261 usque
3419 1198 3548 1244 sunt

1930 1281 2203 1353 persecuti
2235 1281 2412 1335 donec
2441 1297 2537 1334 eos
2580 1281 2697 1334 visu
2757 1280 2980 1352 quidam
3032 1280 3546 1349 deprehenderent.

1936 1378 2180 1448 Dumque
2209 1377 2563 1431 turbarentur
2612 1376 2804 1430 horum
2864 1376 3102 1429 adventu
3161 1374 3304 1427 sacri
3353 1375 3554 1428 latores

1934 1471 2200 1546 pignoris,
2237 1471 2381 1524 inter
2399 1480 2658 1542 utrosque
2681 1471 2852 1524 densa
2879 1470 3148 1526 dirimens
3183 1469 3387 1523 nebula
3417 1468 3552 1522 divi-

1935 1564 2082 1617 nitus
2112 1563 2356 1618 creditur
2381 1561 2550 1627 illata,
2614 1578 2720 1633 qua
2774 1568 3073 1632 sequentes
3097 1558 3468 1624 obtenebrati,
3502 1563 3553 1610 et

1933 1671 2121 1710 errore
2150 1655 2206 1708 in
2238 1655 2394 1707 devia
2427 1654 2588 1723 rapti,
2613 1653 2841 1725 vestigia
2861 1651 3294 1723 praecedentium
3330 1666 3548 1704 servare

1856 1749 1902 1815 Β
1930 1748 2315 1818 nequiverunt.
2343 1745 2631 1800 Evcctores
2660 1753 2842 1799 autem
2857 1745 2996 1797 sacri
3028 1743 3275 1812 corporis
3307 1742 3360 1795 in
3381 1749 3550 1796 nocte

1931 1834 2194 1904 splendor
2218 1850 2456 1903 superne
2482 1835 2684 1888 missus
2716 1833 3014 1897 irradiavit,
3048 1833 3227 1886 donec
3256 1831 3322 1884 ad
3355 1831 3538 1899 proxi-

1933 1936 2074 1972 mam
2102 1921 2351 1975 caenobio
2384 1922 2813 1991 possessionem,
2865 1937 2984 1992 quae.
3017 1921 3219 1973 dicitur
3250 1919 3378 1973 villa
3409 1918 3549 1988 Spa-

1934 2005 2064 2059 nulfi
2093 2008 2208 2077 [al.,
2239 2008 2544 2078 Spamulti],
2596 2009 2968 2083 infatigabiles
3028 2012 3415 2077 pervenerunt.
3455 2005 3552 2058 Ubi

1936 2096 2064 2166 quia
2095 2103 2282 2150 sancta
2311 2097 2622 2166 deposuere
2680 2097 2947 2160 membra,
3008 2095 3063 2148 in
3125 2097 3334 2148 honore
3379 2093 3554 2163 ipsius

1936 2196 2125 2257 postea
2157 2195 2463 2242 constructa
2518 2195 2600 2242 est
2657 2188 2910 2242 ecclesia.
2968 2187 3174 2251 Quibus
3203 2185 3407 2240 abinde
3431 2201 3552 2239 cum

1934 2295 2089 2334 sacro
2120 2281 2570 2350 promoventibus
2628 2281 2880 2353 pignore,
2923 2280 3013 2334 ubi
3049 2279 3386 2334 monasterio
3423 2295 3554 2348 pro-

1936 2374 2202 2445 pinquare
2234 2385 2523 2445 creperum
2579 2375 2828 2429 ecclesize
2860 2376 3016 2446 signa
3055 2374 3294 2429 coenobii
3325 2381 3550 2443 sponte,

1936 2466 2142 2536 absque
2171 2467 2411 2520 humano
2445 2468 2652 2520 scilicet
2693 2467 2957 2537 impulsu,
2989 2467 3246 2520 sonuisse
3280 2465 3549 2520 feruntur.

1937 2557 2087 2621 Quod
2123 2558 2414 2612 audientes
2445 2559 2636 2613 fratres
2666 2558 2880 2612 obviam
2900 2564 3027 2611 sunt
3059 2558 3266 2631 egressi
3306 2575 3317 2611 :
3355 2557 3555 2628 sicque

1939 2651 2034 2706 diu
2066 2652 2376 2706 desiderata
2395 2653 2761 2721 suscipientes
2785 2651 3172 2717 munera,dum
3195 2651 3246 2705 in
3269 2651 3557 2705 ecclesiam

1937 2742 2106 2795 sancti
2141 2742 2395 2796 Germani
2421 2760 2484 2797 ea
2507 2751 2780 2797 conantur
2810 2742 3188 2807 inferre,tanto
3211 2742 3558 2812 persentiunt

1937 2838 2063 2885 ante
2093 2831 2265 2902 ipsius
2296 2831 2578 2886 introitum
2607 2831 2847 2886 basilicae
2879 2830 3058 2886 deﬁxa
3083 2833 3415 2901 pondere,ut
3441 2831 3557 2884 IltL‘C

1939 2942 2286 2997 nequaquam
2322 2927 2601 2997 potuerint
2650 2927 2878 2981 ulterius
2935 2943 3190 2980 emovere
3231 2943 3400 2990 ;CUlll
3449 2941 3548 2995 per

1943 3018 2183 3072 triduum
2217 3019 2270 3071 id
2305 3018 2580 3072 enitentes
2611 3018 2760 3072 omni
2793 3019 3082 3094 gestierint
3113 3018 3401 3072 conamine
3431 3034 3560 3087 per-

1945 3119 2180 3180 petrare.
2216 3109 2304 3163 Sic
2331 3111 2551 3164 demum
2589 3117 2731 3164 tecto
2758 3126 2924 3180 super
2946 3109 3124 3163 deﬁxa
3141 3110 3362 3164 condito
3387 3124 3562 3161 mem-

1862 3217 1910 3282 ρ
1944 3201 2040 3253 bra
2072 3201 2424 3265 confessoris,
2463 3216 2560 3270 per
2591 3200 2887 3254 triennium
2922 3201 3030 3254 illic
3059 3201 3131 3255 ita
3152 3202 3421 3254 mansisse
3457 3209 3563 3254 tra-

1945 3292 2166 3344 duntur.
2193 3292 2306 3354 Quo
2359 3290 2624 3360 temporis
2658 3299 2876 3359 peracto
2925 3292 3124 3360 spatio.
3170 3292 3236 3343 ad
3266 3291 3560 3345 ecclesiam

1941 3383 2113 3436 sancti
2149 3381 2450 3445 Laurentii,
2486 3379 2580 3434 ubi
2611 3381 2804 3434 vivens
2836 3383 2952 3451 ipse
2982 3381 3088 3434 sibi
3114 3382 3427 3451 sepulcrum
3463 3399 3564 3450 pa-

1942 3483 2172 3541 raverat,
2207 3475 2487 3530 celebrato
2537 3491 2636 3544 per
2694 3476 2933 3529 triduum
2968 3476 3204 3543 jejunio,
3237 3476 3554 3531 venerabile

1942 3582 2143 3635 corpus
2171 3565 2291 3633 ejus
2322 3565 2611 3635 perlatum,
2641 3575 2694 3618 et
2724 3566 2777 3618 in
2801 3581 2898 3619 suo
2939 3573 3256 3619 reverenter
3284 3573 3364 3619 est
3393 3566 3562 3636 depo-

1942 3660 2105 3712 situm
2162 3660 2522 3733 sarcophago.
2578 3659 2769 3730 Ibique
2823 3666 3035 3713 constat
3085 3660 3386 3715 venerabili
3418 3661 3564 3716 cultu

1942 3758 2441 3822 servatum,usque
2474 3751 2540 3805 ad
2587 3757 2832 3821 tempora
2880 3750 3058 3803 Karoli
3113 3749 3279 3820 regis,
3311 3756 3367 3802 et
3401 3749 3565 3804 Iliac-

1945 3839 2078 3893 mari
2107 3839 2766 3911 archiepiscopi,quando
2782 3836 3119 3892 Nordmanni
3147 3837 3249 3890 hoc
3272 3845 3563 3905 eteperuut

1946 3948 2175 4003 regnum
2208 3931 2554 4002 depopulari.
2592 3932 2830 3995 Quorum
2865 3937 3070 3984 terrore
3099 3927 3367 3998 compulsi
3401 3944 3566 3981 cano-

1948 4023 2052 4078 nici
2090 4023 2337 4090 ejusdem
2370 4022 2496 4085 loci,
2547 4038 2749 4092 corpus
2797 4021 2962 4090 hujus
3012 4021 3227 4090 patroni
3268 4018 3349 4071 sui
3377 4017 3444 4070 de
3476 4036 3566 4073 se-

1944 4112 2134 4182 pulcro
2169 4113 2404 4166 levatum
2431 4127 2599 4181 super
2628 4111 2797 4164 altare
2838 4110 3010 4163 sancti
3048 4107 3320 4162 Laurentii
3359 4122 3566 4175 posue—

1943 4214 2088 4257 runt.
2125 4204 2278 4266 Quod
2309 4204 2438 4257 dum
2474 4202 2650 4268 fieret,
2671 4209 2777 4256 tres
2791 4208 2960 4275 gutta)
2991 4200 3278 4272 sanguinis
3301 4199 3367 4252 de
3387 4199 3568 4269 capite

1943 4295 2118 4364 ipsius
2141 4294 2517 4357 defluxerunt,
2561 4293 2636 4348 ita
2694 4301 2943 4347 recentes
2993 4298 3045 4346 et
3087 4292 3300 4356 calidae,
3335 4308 3396 4344 ac
3417 4290 3461 4343 si
3495 4292 3563 4346 de

1943 4386 2162 4440 vivente
2196 4384 2539 4456 profluerent
2567 4400 2820 4454 corpore.
2855 4383 3054 4453 Sicque
3071 4382 3314 4437 delatum
3340 4389 3420 4436 est
3442 4381 3562 4435 Vir-

1945 4478 2174 4533 dunum.
2211 4477 2361 4531 Unde
2416 4475 2648 4531 relatum
2674 4477 2727 4530 in
2747 4475 3079 4530 ecclesiaest
3105 4476 3279 4531 sancti
3305 4475 3562 4530 Germani

221 4549 315 4616 lis,
340 4549 527 4603 densis
571 4550 928 4621 operiebatur
952 4549 1123 4616 silvis,
1171 4566 1308 4621 quas
1363 4551 1484 4620 ipse
1524 4552 1835 4616 succidens,
1860 4539 1917 4607 D
1951 4573 2215 4628 locatum.

219 4641 445 4712 pr0prio
474 4641 580 4694 sibi
628 4640 819 4696 labore
877 4640 1129 4696 condidit
1194 4641 1592 4696 habitaculum.
1646 4643 1836 4696 Fertur

215 4743 404 4791 autem
437 4752 613 4803 avem,
637 4752 799 4807 quam
840 4751 1224 4806 nuncupamus
1255 4735 1547 4803 falconem,
1577 4737 1834 4806 praeviam

218 4839 276 4886 et
294 4830 447 4901 quasi
481 4829 791 4899 prmducem
852 4830 1084 4898 itineris,
1117 4830 1247 4884 dum
1275 4831 1454 4887 locum
1485 4831 1636 4885 illum
1667 4848 1836 4902 expe-

219 4929 386 4988 teret,
418 4922 701 4986 habuisse,
748 4938 870 4993 quae
914 4923 1034 4978 loco
1083 4923 1262 4977 eidem
1309 4922 1596 4988 insederit,
1625 4939 1689 4978 ac
1743 4940 1840 4993 per

219 5015 470 5071 triduum
505 5015 597 5070 illo
618 5015 838 5070 rediens
864 5015 1084 5083 inloco,
1113 5017 1204 5071 ubi
1229 5034 1378 5074 nunc
1412 5018 1642 5073 habetur
1669 5019 1840 5072 altare

219 5106 279 5160 in
313 5106 526 5160 honore
554 5106 726 5161 sancti
786 5106 931 5160 Petri
979 5107 1232 5177 apostoli,
1265 5107 1386 5161 sine
1435 5107 1840 5177 permutatione

215 5194 513 5250 resederit.
545 5194 700 5249 Unde
724 5201 778 5249 et
807 5194 1125 5251 coenobium
1176 5194 1243 5248 ab
1281 5195 1385 5249 hoc
1408 5202 1609 5250 eventu
1638 5195 1716 5249 sic
1748 5210 1840 5250 vo-

214 5288 448 5344 citatum
502 5285 728 5357 plurimi
786 5294 1058 5342 asserunt.
1111 5287 1214 5341 Ubi
1262 5303 1384 5342 cum
1440 5287 1549 5342 Deo
1589 5287 1842 5343 devotius

213 5380 428 5437 servire
449 5378 731 5449 caepisset,
792 5379 1048 5434 nonnulli
1080 5381 1253 5434 Deum
1288 5380 1547 5435 timentes
1601 5395 1688 5435 res
1717 5396 1845 5434 suas

214 5471 400 5526 eidem
431 5467 718 5523 contulere
745 5485 758 5534 ;
783 5468 975 5541 sicque
1007 5469 1252 5524 collectis
1293 5486 1479 5524 secum
1535 5469 1842 5534 monachis,

209 5561 538 5619 ccenobium
564 5559 665 5614 sub
692 5560 929 5632 regulari
962 5561 1249 5616 constituit
1280 5560 1652 5626 institutione,
1675 5569 1840 5632 atque

208 5650 362 5708 idem
393 5648 502 5704 sub
535 5648 748 5702 honore
774 5647 923 5702 beati
968 5649 1222 5705 Germani
1254 5648 1840 5704 aediticavitmonaste-

211 5749 382 5805 rium.
419 5743 634 5810 Quibus
685 5742 931 5814 patratis,
991 5747 1059 5800 ad
1113 5759 1360 5801 sororem
1385 5760 1538 5799 suam
1584 5758 1836 5798 reversus

2010 4662 2234 4716 Interim
2267 4661 2394 4716 dum
2426 4674 2526 4714 suo
2557 4659 2775 4714 abesset
2830 4659 3189 4722 monasterio,
3224 4659 3562 4714 Nordmanni

1938 4751 2003 4802 ad
2038 4749 2090 4802 id
2122 4758 2491 4818 pervenerunt
2536 4765 2549 4802 :
2599 4748 2696 4802 sed
2757 4746 2991 4802 Domino
3045 4747 3176 4800 illud
3214 4756 3563 4821 protegente,

1939 4857 2042 4896 nec
2071 4840 2333 4895 ecclesias
2389 4841 2773 4905 incenderunt,
2805 4855 2908 4894 nec
2945 4839 3222 4905 homines,
3259 4840 3366 4894 nisi
3396 4857 3564 4894 unam

1939 4933 2204 4988 duntaxat
2232 4932 2542 4998 mulierem,
2597 4933 2934 4989 occiderunt.
2997 4930 3058 4983 Ut.
3098 4937 3279 4984 autem
3316 4946 3566 4985 recesse-

1941 5031 2086 5089 runt,
2114 5023 2307 5077 altaria
2337 5025 2659 5079 muneribus
2717 5025 2831 5080 suis
2884 5021 3160 5077 cumulata
3205 5023 3568 5076 dimiserunt.

1941 5119 2119 5174 Altera
2156 5118 2273 5173 vice
2311 5117 2442 5171 dum
2482 5119 2815 5174 Nordmanni
2849 5118 2916 5172 ad
2945 5118 3201 5172 eumdem
3225 5117 3406 5172 locum
3439 5135 3569 5171 rur-

1941 5229 2036 5268 sus
2056 5211 2406 5275 accederent,
2441 5211 2664 5280 quidam
2712 5212 3012 5267 canonicus
3058 5211 3184 5277 loci,
3211 5211 3436 5266 nomine
3469 5212 3565 5266 Ot-

1944 5300 2152 5366 tradus,
2182 5315 2382 5370 corpus
2402 5299 2574 5353 sancti
2627 5301 2929 5370 accipiens,
2964 5301 3192 5372 reliquis
3223 5299 3353 5375 fuga
3385 5301 3562 5370 dilap-

1945 5392 2043 5455 sis,
2077 5391 2197 5461 ipse
2226 5405 2350 5445 cum
2383 5404 2538 5444 sacro
2561 5404 2792 5458 corpore
2825 5391 2880 5443 in
2912 5393 3206 5461 quamdam
3238 5391 3567 5447 conscendit

1946 5481 2216 5534 arborem.
2249 5478 2422 5544 Quem
2446 5477 2681 5532 insecuti
2711 5478 2929 5550 pagani,
2964 5495 3141 5550 usque
3168 5480 3423 5551 adipsam
3443 5497 3565 5551 per-

1941 5576 2210 5624 venerunt
2248 5568 2500 5623 arborem
2543 5576 2597 5622 et
2626 5566 3245 5636 reSpicientessursum,
3281 5571 3560 5626 neminem

1941 5669 2241 5731 potuerunt
2269 5662 2518 5716 eamdem
2538 5657 2928 5716 conscendisse
2950 5658 3390 5726 deprehendere.
3416 5663 3561 5716 Idem

1940 5763 2067 5805 vero
2090 5748 2259 5806 frater
2290 5766 2388 5820 per
2412 5765 2607 5808 novem
2640 5748 2759 5804 dies
2790 5744 2928 5802 inibi
2947 5751 3561 5819 permanens,nil1ilq.ue
