3972 6206
405 266 513 326 315

1527 265 1893 322 FLODOARDI
1934 262 2235 320 CANONICI
2279 262 2607 318 REMENSIS

3637 258 3753 316 316

401 398 601 466 victus,
642 407 839 470 praeter
867 415 1029 454 unam
1059 399 1405 455 solummodo
1453 412 1678 453 sumens
1726 398 2006 472 glandem,
2036 409 2076 466 Α
2102 398 2392 452 sanitatem
2424 393 2840 467 integerrimam
2874 392 3119 462 recipere
3172 390 3396 456 meruit,
3424 399 3484 445 et
3523 390 3613 444 sic
3642 406 3752 461 pe-

401 505 585 561 neque
610 489 833 557 famem,
858 506 1037 563 neque
1059 490 1204 544 sitim
1234 506 1427 561 passus
1451 489 1619 544 fuisse
1646 496 2000 544 memoratur.

402 585 715 655 lterumquc
738 590 869 639 tunc
900 583 1055 640 locus
1096 586 1241 639 idem
1274 585 1482 640 meritis
1500 584 1663 653 hujus
1688 585 1833 641 beati
1849 583 1947 639 viri
1974 599 2005 637 a

399 678 641 732 caedibus
672 686 727 733 et
756 679 1013 734 incendio
1033 695 1369 754 paganorum
1394 681 1656 735 liberatus
1681 689 1781 735 est.
1813 681 2005 735 Postea

401 769 651 841 contigit,
685 776 744 824 ut
772 770 995 841 quidam
1025 771 1336 841 pnedones,
1370 772 1533 844 regite
1565 769 2007 839 majestatisinfi-

401 858 579 922 deles,
602 860 670 914 ad
700 862 953 915 eumdem
1013 862 1338 917 devenirent
1393 862 1593 926 locum,
1627 870 1679 917 et
1709 878 1820 917 non
1853 862 2008 916 inve-

400 950 618 1007 nientes
659 953 736 1007 ibi
785 970 1007 1009 manum
1065 962 1463 1029 repugnantem
1517 954 1645 1021 sibi,
1700 954 2005 1015 desolatum

403 1044 634 1104 praedari
667 1047 915 1119 aggressi
938 1053 1063 1101 sunt
1093 1048 1289 1102 locum.
1326 1046 1478 1111 Quod
1493 1046 1623 1099 dum
1655 1057 2003 1120 peragerent,

400 1136 560 1211 signa
591 1139 839 1193 ecclesiae
866 1140 1040 1195 sancti
1095 1140 1391 1204 Laurentii,
1464 1139 1685 1194 nemine
1730 1141 2002 1210 pulsante,

402 1244 600 1283 sonare
639 1239 948 1301 cuzperunt,
980 1240 1035 1288 et
1064 1232 1174 1288 duo
1214 1232 1359 1286 cerei
1391 1247 1589 1302 supero
1614 1242 1741 1287 sunt
1771 1234 1897 1308 igne
1923 1233 2009 1288 di-

402 1324 609 1381 vinitus
634 1331 873 1385 accensi.
924 1329 1293 1385 Praedonibus
1332 1345 1462 1385 vero
1501 1331 1699 1385 timore
1745 1331 2009 1400 perculsis

403 1422 460 1470 et
487 1417 923 1490 aufugientibus,
973 1438 1118 1477 unus
1161 1438 1355 1477 eorum
1409 1421 1698 1493 prolapsus
1741 1423 1809 1477 ad
1835 1424 2007 1493 ipsam

405 1510 723 1565 monasterii
750 1520 961 1583 portam
1015 1516 1242 1580 corruit,
1302 1522 1521 1586 tamque
1553 1516 1671 1586 ipso
1728 1532 1889 1587 quam
1915 1532 2009 1570 su-

407 1604 579 1676 perbo
609 1608 728 1676 ejus
764 1625 908 1682 equo
967 1612 1125 1666 ruina
1186 1613 1444 1678 contrito,
1483 1619 1631 1667 utres
1683 1628 1927 1684 quoque,
1956 1612 2011 1665 in

405 1700 608 1771 quibus
640 1702 824 1758 vinum
858 1705 1141 1762 deferebat
1162 1707 1423 1773 ablatum,
1456 1708 1689 1778 disrupti
1723 1717 1868 1762 sunt.
1897 1706 2013 1761 Ca3-

407 1796 509 1851 teri
538 1797 640 1853 hoc
687 1800 960 1869 videntes,
1007 1804 1171 1858 donis
1219 1804 1513 1858 ecclesiam
1552 1813 2002 1870 muneraverunt,
2036 1780 2083 1847 Β

405 1897 671 1963 metuque
698 1892 877 1949 affecti
910 1901 1275 1951 recesserunt.

1013 2008 1223 2063 CAPUT
1277 2009 1405 2063 XLI.

932 2082 1006 2134 De
1036 2081 1171 2134 villa
1212 2082 1489 2136 Waslicia.

481 2170 1001 2240 Hujusvenerabilis
1047 2172 1152 2228 loci
1211 2174 1463 2229 canonici
1521 2175 1681 2229 famis
1736 2176 2013 2247 quondam

408 2265 737 2321 necessitate
767 2267 1061 2337 compulsi,
1116 2269 1352 2339 sumptis
1396 2284 1426 2321 a
1455 2284 1685 2339 corpore
1715 2269 2014 2323 venerandi

408 2357 622 2426 patroni
642 2358 725 2412 sui
763 2359 1030 2430 reliquiis,
1086 2361 1154 2414 ad
1180 2376 1333 2415 suam
1366 2361 1660 2432 quamdam
1692 2361 1895 2427 villam,
1920 2377 2016 2415 su-

410 2464 508 2519 pra
567 2449 741 2521 ripam
791 2450 968 2506 Rheni
1011 2453 1194 2519 sitam,
1259 2461 1629 2525 cognomento
1677 2453 2013 2520 Wasliciam,

410 2557 575 2613 quam
604 2546 829 2616 quidam
844 2562 1032 2601 eorum
1050 2547 1480 2613 abbas,nomine
1501 2546 1804 2601 Adelardus
1835 2546 2015 2600 eidem

411 2638 719 2693 contulerat
747 2641 1025 2708 coenobio,
1087 2641 1313 2713 profecti
1345 2648 1471 2695 sunt
1525 2642 1622 2696 Ubi
1658 2642 1784 2695 dum
1811 2657 2020 2715 pagen-

413 2745 520 2793 ses,
554 2729 697 2784 alma
723 2739 1050 2786 venerantes
1091 2733 1341 2807 pignora,
1360 2748 1460 2786 sua
1490 2732 1635 2787 dona
1665 2731 1878 2786 deferre
1908 2747 2018 2785 ca:-

413 2823 646 2893 pissent,
701 2824 872 2879 abbas
924 2826 1148 2896 quidam
1208 2826 1544 2889 monasterii,
1602 2827 1751 2897 quod
1794 2833 2021 2881 vocatur

413 2914 623 2977 Bunna,
652 2931 887 2987 pergens
902 2916 968 2970 ad
985 2917 1364 2972 Willebertum
1391 2917 1778 2973 Colonienscm
1811 2933 2019 2987 praesu-

413 3002 544 3069 lem,
572 3004 738 3075 ccepit
764 3006 905 3061 hanc
944 3005 1210 3062 infamare
1262 3009 1635 3076 devotionem,
1679 3024 1781 3064 nec
1830 3024 2020 3064 revera

413 3092 587 3148 sancti
617 3095 850 3166 alicujus
911 3096 1142 3169 pignora
1195 3098 1323 3153 illuc
1348 3108 1599 3153 astruens
1655 3114 1774 3154 esse
1815 3098 2018 3152 delata.

413 3188 688 3245 Timentes
717 3198 900 3247 autem
959 3193 1210 3248 canonici
1263 3195 1355 3266 qui
1396 3195 1753 3259 advenerant,
1788 3210 1857 3248 ne
1882 3192 2020 3248 forte

2108 486 2274 540 dibus
2302 483 2415 540 suis
2441 485 2510 539 ad
2550 499 2649 537 sua
2685 498 2854 537 sanus
2905 481 3152 536 recessit.
3187 479 3636 535 Demorantibus
3658 481 3756 535 hic

2109 580 2350 653 praefatis
2377 596 2477 651 per
2502 579 2632 634 anni
2666 579 2905 650 spatium
2946 593 3071 632 cum
3102 583 3336 648 patrono
3355 592 3458 631 suo
3500 576 3753 641 clericis,

2110 672 2258 726 nulla
2278 679 2338 725 ut
2367 670 2549 724 ferunt
2593 668 2711 721 dies
2741 666 3022 738 prseteriit,
3082 681 3192 737 quo
3247 682 3361 721 non
3397 665 3616 718 ibidem
3653 665 3753 719 Dei

2106 762 2369 818 miracula
2416 765 2782 832 patrarentur.
2832 758 2892 812 In
2940 758 3077 828 ipsis
3106 765 3290 811 autem
3316 756 3530 831 vigiliis
3559 758 3753 810 sancti

2105 854 2334 911 Joannis
2365 852 2639 923 Baptistae,
2672 849 3121 904 ~confluentibus
3170 848 3241 903 de
3284 847 3528 903 Saxonia
3562 847 3756 917 pluri-

2109 946 2232 1012 bus,
2281 951 2335 997 et
2382 959 2412 997 a
2460 940 2778 1016 longinquis
2824 940 2995 995 etiam
3050 938 3398 1013 regionibus,
3443 937 3651 992 decem
3684 944 3746 991 et

2110 1045 2233 1093 octo
2285 1035 2522 1107 insignia
2563 1033 2867 1104 probantur
2915 1038 3136 1087 ostensa
3197 1048 3211 1094 ;
3265 1030 3470 1100 vixque
3531 1029 3751 1101 aliquis

2108 1141 2255 1199 aeger
2280 1123 2534 1187 accessit,
2566 1123 2660 1193 qui
2692 1137 2801 1181 non
2832 1136 3024 1191 sospes
3065 1120 3357 1189 alacerque
3416 1118 3753 1172 recesserit.

2111 1218 2210 1272 Ubi
2252 1222 2401 1271 tanta
2429 1230 2610 1268 rerum
2663 1214 2841 1267 delata
2898 1221 2981 1265 est
3010 1211 3193 1281 capia,
3226 1219 3283 1264 ut
3324 1217 3377 1264 et
3410 1209 3521 1279 ipsi
3554 1208 3755 1263 clerici

2109 1308 2307 1364 exinde
2338 1307 2606 1372 viverent,
2652 1311 2705 1359 et
2735 1311 2965 1358 carteros
2994 1302 3087 1374 qui
3108 1309 3497 1356 remanserant
3532 1301 3590 1354 in
3628 1315 3760 1354 mo-

2111 1400 2348 1455 nasterio
2378 1405 2776 1462 sustentarent,
2807 1396 3203 1465 ecclesiamqee
3238 1394 3416 1464 ipsius
3444 1392 3592 1447 villae
3628 1408 3755 1445 am-

2112 1490 2444 1562 plificarent,
2472 1488 2557 1542 vel
2598 1488 2943 1541 decorareut.
3008 1485 3201 1538 Postea
3250 1482 3483 1556 contigit
3515 1488 3577 1535 ut
3617 1494 3755 1551 pro-

2114 1589 2237 1651 pter
2283 1595 2439 1650 aquae
2494 1575 2879 1648 indigentiam,
2934 1572 3080 1627 foras
3131 1580 3282 1625 extra
3337 1569 3751 1624 monasterium

2111 1690 2291 1738 suum,
2328 1672 2478 1725 idem
2536 1685 2753 1724 sacrum
2812 1682 3011 1737 corpus
3062 1666 3371 1728 eflerretur,
3404 1670 3462 1717 et
3512 1661 3743 1717 obviam

2112 1765 2285 1819 sancti
2312 1762 2494 1818 Jovini
2526 1758 2857 1834 pignoribus
2888 1764 3219 1828 portaretur.
3250 1754 3417 1823 Cujus
3441 1753 3581 1808 dum
3608 1751 3750 1806 fuis-

2112 1860 2195 1907 set
2222 1853 2275 1905 in
2308 1866 2597 1906 occursum
2639 1848 2932 1918 perlatum,
2996 1860 3124 1900 mox
3165 1851 3226 1897 ut
3252 1842 3415 1898 simul
3442 1849 3753 1903 venerunt,

2112 1944 2440 2000 obnubilato
2472 1942 2611 1998 ccelo
2638 1957 2759 1995 cum
2781 1955 2980 2013 magna
3038 1937 3260 1991 siccitas
3317 1934 3611 1997 existeret,
3649 1949 3759 1987 co-

2116 2034 2268 2104 piosa
2299 2031 2603 2102 pluviarum
2636 2029 2714 2083 vis
2744 2026 2916 2082 eﬁusa
2945 2034 3032 2081 est
3060 2043 3076 2091 ς
3105 2032 3155 2079 et
3183 2025 3313 2079 dum
3348 2024 3761 2078 liumectaren-

2116 2136 2205 2183 tur
2233 2125 2407 2180 imbre
2429 2123 2674 2179 omnium
2706 2120 3058 2179 vestimenta,
3096 2118 3258 2188 pallia
3287 2116 3400 2170 dun
3414 2122 3586 2181 taxat,
3631 2130 3758 2186 qua:

2115 2230 2281 2285 supra
2319 2219 2631 2268 sanctorum
2689 2209 3040 2279 praefatorum
3102 2204 3425 2261 ferebantur
3485 2217 3752 2273 corpora,

2118 2304 2334 2375 penitus
2392 2302 2594 2356 intacta
2652 2307 2977 2354 manserunt
3022 2312 3053 2350 a
3100 2295 3301 2366 pluvia.
3367 2294 3449 2348 lbi
3507 2293 3748 2364 quidam

2118 2399 2301 2453 luscus
2342 2398 2527 2451 lumen
2567 2395 2754 2449 amissi
2804 2391 3004 2462 recipit
3060 2390 3226 2445 oculi.
3271 2389 3373 2453 Qui
3437 2389 3633 2443 statim
3662 2386 3750 2443 fu-

2117 2489 2295 2564 giens,
2331 2504 2435 2542 nec
2465 2486 2636 2541 Deum
2687 2482 3028 2559 glorificans,
3090 2488 3150 2535 ut
3178 2489 3297 2535 erat
3337 2478 3635 2547 jocularis,
3667 2479 3754 2533 in-

2120 2590 2307 2659 gratus
2361 2581 2719 2645 recessit;at
2768 2578 2863 2632 ubi
2917 2578 3143 2631 domum
3206 2574 3485 2646 pervenit,
3542 2574 3738 2629 lumen

2121 2677 2268 2749 quod
2315 2682 2597 2745 receperat
2629 2675 2824 2729 iterum
2885 2671 3145 2743 perdidit.
3178 2671 3313 2724 Dum
3344 2685 3478 2725 vero
3506 2684 3750 2739 perven-

2123 2783 2234 2827 tum
2277 2780 2359 2825 est
2385 2771 2452 2826 ad
2471 2769 2862 2825 monasterium
2890 2783 3015 2822 cnm
3073 2764 3365 2835 utriusque
3392 2762 3574 2817 sancti
3622 2776 3749 2816 cor-

2124 2878 2278 2933 pore,
2315 2861 2390 2915 ita
2443 2860 2615 2914 sancti
2666 2857 2931 2912 Balderici
2995 2856 3197 2927 pignus
3246 2861 3331 2909 est
3362 2861 3755 2927 aggravatum,

2119 2962 2178 3007 ut
2203 2951 2518 3005 nullatenus
2573 2949 2782 3004 moveri
2830 2955 3037 3017 posset,
3084 2944 3265 3000 donec
3321 2942 3503 2997 sancti
3562 2941 3750 2996 Jovini

2120 3057 2294 3113 usque
2317 3041 2386 3095 ad
2415 3039 2724 3095 emnobium
2745 3037 3060 3109 praecedere
3082 3035 3334 3091 membra
3356 3032 3644 3091 fecissent.

2194 3172 2328 3226 Cum
2354 3177 2535 3225 autem
2565 3169 2803 3225 domnus
2859 3167 3005 3222 Dado
3063 3165 3428 3220 Virdunensis
3455 3165 3758 3237 episcopus

415 3287 930 3362 constringerentur
958 3297 1012 3344 et
1033 3246 1438 3344 discutergmur
1461 3289 1528 3343 ab
1561 3246 1844 3361 episco'po’
1879 3301 2021 3359 (μω,
2044 3246 2091 3314 C
2124 3266 2264 3320 hanc
2293 3281 2325 3318 a
2378 3280 2507 3339 rege
2562 3262 2824 3362 (Arna-1ft)
2882 3259 3329 3362 Trqnsrheneitsi)
3393 3257 3754 3359 impetrasset

417 3380 563 3434 niam
593 3388 763 3437 totum
793 3383 967 3454 ipsius
990 3385 1164 3439 sancti
1197 3400 1398 3456 corpus
1428 3402 1614 3441 secum
1648 3384 1841 3440 haberi
1874 3383 2023 3437 fere-

415 3474 569 3542 bant,
598 3491 725 3531 mox
757 3483 815 3532 ut
844 3479 962 3533 haec
1010 3479 1316 3549 audissent,
1348 3482 1449 3536 sub
1482 3484 1702 3538 duobus
1742 3484 1941 3539 diebus
1958 3485 2024 3538 ad

418 3584 578 3624 suum
612 3589 710 3642 per
736 3573 922 3629 leucas
954 3574 1066 3629 fere
1098 3583 1319 3631 centum
1353 3578 1569 3633 rediere
1587 3578 1981 3635 monasterium
2013 3598 2026 3633 :

416 3672 875 3734 assumentesque
906 3681 1029 3719 cum
1094 3668 1411 3741 integritate
1445 3668 1588 3723 beati
1625 3669 1723 3723 viri
1757 3670 2026 3738 membra,

417 3748 520 3802 sub
552 3752 777 3807 totidem
811 3754 1011 3810 diebus
1050 3757 1118 3811 ad
1151 3765 1506 3828 praenotatam
1536 3770 1785 3817 remeant
1814 3763 2021 3817 villam.

420 3843 515 3897 (ξιιί
540 3844 667 3899 dum
699 3850 1067 3922 pr0pinquare
1120 3853 1441 3924 coepissent,
1490 3854 1571 3909 eis
1598 3855 1780 3911 adhuc
1804 3858 1872 3911 ab
1907 3858 2028 3929 ipsa

417 3933 545 3989 villa
574 3939 751 4007 spatio
783 3940 953 3996 leuca:
1001 3942 1117 3998 fere
1164 3944 1521 4013 distantibus,
1567 3948 1815 4003 ecclesiae
1846 3949 2027 4021 signa,

420 4023 570 4080 nullo
600 4025 941 4098 impellente,
974 4048 1230 4089 resonare
1246 4039 1568 4107 cazpcreJtt
1613 4037 1668 4092 hi
1703 4038 1796 4109 qui
1817 4055 2031 4094 reman-

419 4124 605 4171 serant
625 4118 680 4174 in
712 4121 905 4176 eodem
938 4123 1058 4179 loco
1078 4124 1262 4181 clerici
1293 4128 1397 4183 hoc
1426 4129 1734 4197 audientes,
1758 4139 1812 4187 et
1850 4138 2029 4201 patro-

423 4228 554 4267 num
576 4229 735 4269 suum
764 4216 1023 4273 advenire
1077 4220 1473 4297 intelligentes,
1505 4224 1720 4280 obviam
1745 4242 1866 4281 cum
1900 4243 2028 4282 cru-

422 4308 580 4363 cibus
609 4318 866 4382 pergunt,
901 4321 955 4369 et
984 4315 1194 4371 honore
1227 4317 1396 4390 digno
1427 4326 1658 4375 tutorem
1680 4337 1838 4376 suum
1854 4322 2031 4376 susci-

423 4401 603 4474 piunt.
629 4403 839 4468 Quibus
869 4406 1154 4463 missarum
1186 4410 1453 4466 solemnia
1484 4412 2032 4482 celebrantibus,tria

426 4494 562 4548 inibi
605 4505 832 4568 repente
890 4498 1047 4565 mira,
1096 4501 1463 4574 contigerunt.
1517 4505 1837 4559 Contractus
1890 4520 2034 4559 unus

425 4596 664 4657 erectus,
690 4607 869 4647 caecus
897 4594 1119 4665 quidam
1144 4595 1505 4664 illuminatus,
1538 4607 1592 4651 et
1613 4598 1889 4669 loquelam
1912 4615 2031 4653 mu-

426 4688 514 4736 tus
542 4681 779 4754 adeptus
798 4691 899 4739 est.
930 4687 1130 4740 lterum
1164 4686 1609 4758 praefatusabbas
1647 4688 2034 4759 blasphemare

427 4772 523 4828 Dei
556 4788 667 4829 non
706 4776 956 4831 cessabat
1002 4777 1284 4847 miracula,
1350 4795 1490 4851 quos
1554 4792 1772 4852 poterat
1799 4782 2037 4838 avisita—

428 4865 579 4921 tione
599 4869 772 4924 sancti
794 4879 1071 4927 avertens.

498 4962 627 5027 Quae
657 4964 784 5020 dum
817 4974 1053 5038 gereret,
1087 4964 1239 5025 febre
1266 4982 1553 5041 correptus
1583 4973 1655 5029 ita
1685 4975 1922 5046 graviter
1954 4983 2039 5032 est

427 5062 676 5126 vexatus,
701 5064 885 5114 utnec
910 5062 1264 5129 manducare,
1295 5079 1397 5118 nec
1427 5064 1643 5133 bibere,
1665 5066 1753 5121 vel
1776 5065 2038 5121 incedere

429 5158 633 5218 posset.
668 5153 969 5209 Ardoribus
996 5164 1180 5212 autem
1234 5158 1513 5234 languoris
1553 5162 1781 5232 hujusce
1817 5167 2039 5217 coactus

434 5243 554 5316 [al.,
593 5251 898 5322 excoctus],
926 5254 1147 5308 tandem
1178 5266 1462 5326 peccatum
1509 5274 1671 5313 suum
1695 5256 2035 5329 recognovit,

431 5343 487 5392 et
508 5338 644 5393 sella
674 5357 734 5394 se
790 5345 1108 5414 gestatoria,
1164 5362 1341 5419 usque
1387 5350 1457 5405 ad
1491 5351 1763 5416 Rhenum,
1798 5349 2038 5418 indeque

434 5428 653 5503 navigio
681 5447 853 5502 usque
901 5434 970 5488 ad
1030 5437 1345 5505 praedictam
1401 5440 1606 5505 villam,
1660 5439 1852 5509 sicque
1908 5445 2038 5491 ante

434 5523 683 5591 corporis
703 5525 830 5579 almi
875 5530 1224 5596 prtesentiam
1256 5531 1484 5603 perferri
1516 5533 1678 5599 fecit;
1713 5532 1900 5603 ibique
1925 5529 2042 5584 cul—

438 5629 564 5685 pam
594 5629 751 5670 suam
772 5620 1081 5687 confessus,
1098 5624 1307 5682 absolvi
1325 5644 1387 5680 se
1411 5630 1593 5698 petiit,
1622 5625 2044 5698 etquantitatem

439 5716 581 5800 cera;
610 5703 699 5767 sui
725 5710 969 5800 corporis
994 5711 1224 5800 ponderi
1242 5730 1536 5786 comquans
1563 5717 1754 5781 dedit;
1780 5714 2047 5782 factisque

442 5795 584 5844 votis
611 5795 894 5851 annuatim
932 5797 1233 5868 solvendis,
1287 5820 1387 5872 per
1416 5820 1511 5859 sex
1564 5809 1867 5861 remoratus
1904 5800 2044 5869 dies,

2129 3358 2428 3424 abbatiam,
2460 3363 2512 3411 et
2536 3357 2654 3411 haec
2681 3354 2819 3408 mira
2848 3353 3112 3424 cmpisset
3140 3350 3354 3417 audire,
3383 3349 3680 3405 constituit
3699 3355 3759 3403 ut

2130 3453 2392 3511 omnibus
2422 3452 2584 3507 annis
2614 3451 2781 3505 trium
2832 3447 3296 3503 monasteriorum
3335 3461 3492 3499 sacra
3522 3445 3759 3520 pignora

2132 3551 2297 3605 simul
2333 3552 2390 3604 in
2423 3548 2724 3620 quemdam
2775 3545 3020 3600 medium
3062 3541 3418 3598 deferrentur
3446 3540 3635 3594 locum
3656 3554 3759 3594 no-

2132 3646 2283 3701 mine
2314 3644 2674 3699 Gaudiacum.
2726 3641 2803 3695 De
2856 3639 2991 3694 sede
3016 3637 3230 3692 scilicet
3254 3635 3410 3691 urbis
3436 3633 3760 3688 Virdunen-

2127 3736 2202 3790 sis
2246 3743 2470 3789 sanctus
2520 3732 2782 3797 Vitonus,
2814 3735 2869 3783 et
2912 3736 3136 3783 sanctus
3188 3726 3472 3799 Agericus,
3529 3730 3757 3778 sanctus

2126 3841 2257 3881 vero
2290 3824 2604 3880 Baldericus
2655 3821 2723 3876 de
2782 3818 3114 3875 monasterio
3157 3833 3280 3885 suo,
3313 3825 3369 3871 et
3397 3820 3628 3870 sanctus
3655 3813 3755 3869 Ro.

2128 3922 2318 3976 dvicus
2348 3921 2417 3975 de
2434 3919 2694 3974 Wasloio.
2732 3919 2792 3972 In
2816 3931 2925 3988 quo
2955 3921 3232 3970 conventu
3264 3912 3562 3966 innumera
3595 3918 3747 3981 post-

2129 4016 2354 4071 modum
2407 4022 2536 4069 sunt
2592 4019 2800 4084 patrata
2856 4009 3139 4076 miracula,
3196 4014 3254 4063 ut
3284 4007 3371 4063 vix
3417 4006 3749 4077 praeterierit

2127 4106 2445 4177 bujusmod-i
2503 4104 2689 4171 coitio,
2762 4104 2818 4157 in
2870 4118 2978 4173 qua
3038 4117 3151 4157 non
3181 4097 3382 4170 aliquis
3402 4095 3748 4153 infirmorum

2130 4201 2293 4256 fuerit
2341 4199 2605 4271 sospitate
2664 4197 3116 4271 redintegratus:
3166 4193 3402 4249 maxime
3430 4200 3620 4247 tamen
3651 4192 3750 4259 illi,

2130 4291 2222 4364 qui
2284 4290 2587 4361 patrocinia
2622 4288 2773 4343 beati
2831 4286 3100 4342 Balderici
3158 4292 3292 4340 sunt
3328 4292 3596 4355 expetere
3626 4284 3748 4339 visi.

2132 4382 2377 4445 Quodam
2424 4379 2518 4434 tali
2549 4385 2826 4434 conventu
2860 4376 3084 4447 quidam
3136 4376 3351 4430 locutus
3410 4380 3496 4428 est
3542 4382 3749 4435 mutus,

2133 4486 2297 4540 quem
2325 4467 2689 4523 Virdunensis
2710 4465 3041 4536 arripientes
3096 4478 3285 4518 secum
3331 4462 3536 4517 ducere
3564 4477 3756 4534 cmpe-

2055 4565 2111 4634 D
2133 4569 2281 4626 runt,
2304 4565 2616 4615 asserentes
2655 4556 2803 4628 quod
2832 4563 3146 4609 sanctorum
3178 4552 3377 4619 virtus,
3430 4566 3576 4623 quos
3595 4550 3754 4607 detu-

2135 4652 2331 4716 lerant,
2393 4650 2499 4704 boc
2542 4648 2867 4702 miraculum
2918 4651 3305 4716 perpetrasset.
3361 4642 3566 4715 Sicque
3624 4642 3752 4697 dum

2136 4742 2375 4813 separati
2414 4740 2623 4812 quique
2673 4738 3012 4794 referrentur
3080 4735 3149 4789 ad
3208 4750 3329 4801 sua,
3372 4741 3528 4789 tanto
3581 4734 3754 4789 sancti

2137 4832 2406 4888 Balderici
2450 4830 2695 4902 pondere
2744 4837 3037 4904 aggravata
3082 4834 3211 4883 sunt
3263 4841 3409 4893 ossa,
3441 4832 3502 4881 ut
3534 4826 3756 4897 penitus

2138 4939 2361 4979 manere
2415 4923 2738 4977 viderentur
2794 4919 3118 4975 immobilia.
3175 4917 3252 4971 Ad
3284 4932 3454 4990 quem
3504 4916 3756 4972 miraculi

2138 5028 2417 5090 stuporem
2448 5015 2864 5071 recurrentibus
2892 5014 3100 5080 multis,
3134 5013 3265 5068 dum
3301 5018 3631 5083 quaeruntur
3652 5012 3754 5077 sui,

2138 5132 2236 5172 cur
2256 5114 2391 5169 inibi
2416 5113 2581 5168 vellet
2604 5110 2906 5175 immorari,
2934 5119 2992 5165 et
3036 5108 3170 5181 quid
3192 5108 3401 5163 ibidem
3434 5107 3760 5180 disponeret

2138 5208 2595 5282 operari,accidit
2648 5213 2709 5261 ut
2757 5204 3132 5276 requireretur
3158 5203 3250 5258 ille
3281 5202 3377 5274 qui
3400 5201 3624 5258 locutus
3650 5201 3761 5257 fue-

2140 5315 2224 5361 rat
2262 5313 2463 5360 mutus.
2492 5302 2845 5372 Tandemque
2905 5304 3211 5364 revocatus,
3283 5295 3382 5351 ubi
3446 5295 3517 5350 ad
3582 5295 3756 5352 locum

2139 5394 2613 5466 defixipcrductus
2639 5397 2722 5446 est
2776 5388 3045 5464 pignoris,
3078 5403 3204 5442 mox
3259 5386 3476 5459 absque
3530 5383 3759 5442 difficul-

2143 5493 2252 5540 tate
2269 5484 2568 5550 sublatum,
2602 5489 2657 5537 et
2677 5480 2746 5536 ad
2786 5495 2947 5533 suum
2997 5492 3212 5531 sacrum
3261 5491 3466 5547 corpus
3485 5481 3758 5552 gratanter

2143 5583 2229 5629 est
2249 5573 2564 5629 coenobium
2593 5578 2952 5644 reportatum.

2217 5708 2479 5764 Praefatus
2503 5709 2705 5781 praesul
2736 5708 2908 5775 Dado,
2945 5714 3231 5780 postquam
3262 5703 3408 5758 hanc
3444 5702 3624 5756 sancti
3653 5700 3757 5755 Bal-

2145 5804 2317 5860 derici
2345 5802 2585 5861 obtinuit
2618 5802 2921 5877 [abbatiam
2972 5818 3058 5858 res
3111 5797 3377 5872 quasdam
3430 5802 3586 5852 trans
3617 5794 3753 5850 Rbe-
