3972 6206
135 279 238 333 317

779 279 1105 338 HISTORUE
1144 282 1472 340 ECCLESIE
1512 286 1734 342 REMEN

1879 289 2055 346 LIBRI
2096 290 2420 356 QUATUOR.
2448 323 2518 332 —
2560 293 2683 348 LIB.
2734 295 2814 348 IV.

3357 298 3461 356 318

137 434 264 472 num
298 420 430 474 sitas
453 417 520 472 ab
549 417 819 476 Adelardo
873 419 1076 476 abbate
1118 422 1186 475 ad
1219 423 1362 477 idem
1393 424 1602 480 dudum
1634 441 1748 482 mo-
1771 431 1824 502 Α
1845 445 1968 484 eum
1999 430 2215 486 clericis
2245 431 2496 497 recessit,
2521 438 2575 486 et
2606 432 2660 486 in
2695 433 3032 488 eminentem
3088 435 3232 491 villae
3282 439 3461 493 conti-

138 509 432 564 nasterium
491 510 667 576 datas,
719 527 817 581 pro
861 511 987 567 villa
1041 513 1259 568 Gerlani
1313 522 1522 584 monte,
1575 533 1744 588 super

134 599 404 654 Mosellam
453 599 798 668 conjacente,
867 601 1114 656 mutavit.
1179 603 1257 656 Ad
1315 620 1482 675 quam
1535 606 1740 673 villam,

134 692 259 746 dum
287 690 575 745 sanciendi
631 692 736 746 sibi
794 709 978 760 causa,
1023 693 1301 764 proficisci
1334 695 1528 751 fratres
1580 699 1744 767 hujus

134 784 573 858 congregationis
630 785 1004 854 prrecepisset,
1040 785 1116 840 illi
1166 795 1510 843 assumentes
1549 805 1742 845 secum

137 876 344 946 patroni
373 875 482 939 sui,
515 875 703 931 domni
737 877 994 932 videlicet
1016 877 1289 934 Balderici
1319 881 1589 945 membra,
1613 897 1744 952 pro-

135 960 252 1016 fecti
275 971 404 1016 sunt
433 963 660 1034 exsequi
682 965 964 1032 jussa.Qui
994 966 1121 1020 dum
1158 965 1225 1020 ad
1266 967 1600 1041 villam,qu:e
1636 971 1742 1025 De-

133 1069 195 1107 va
234 1054 297 1125 [j,
332 1054 500 1126 Dena]
543 1055 765 1122 dicitur,
833 1058 1238 1127 pervenissent,
1298 1067 1449 1115 tanto
1493 1063 1739 1130 pondere

132 1151 312 1198 sancta
340 1142 519 1199 defixa
545 1153 674 1200 sunt
700 1145 951 1219 pignora,
1007 1156 1066 1202 ut
1098 1151 1355 1223 progredi
1387 1167 1739 1224 nequaquam

131 1233 373 1288 valerent
397 1234 628 1289 ulterius
649 1251 714 1289 ea
751 1233 1015 1299 ferentes,
1042 1236 1288 1309 initoque
1321 1240 1643 1307 consilio,ut
1670 1243 1737 1296 ad

134 1323 415 1378 ecclesiam
447 1325 793 1379 deferrentur
822 1326 998 1396 ipsius
1013 1327 1174 1392 villa},
1205 1330 1307 1382 sub
1339 1329 1737 1387 honoresancti

133 1417 332 1471 Martini
359 1417 616 1483 dicatam,
648 1418 963 1489 perferendi
990 1421 1264 1491 recipiunt
1289 1424 1732 1492 possibilitatem.

132 1507 242 1570 Quo
269 1507 498 1576 perlatis
529 1507 874 1581 pignoribus.
910 1516 1110 1578 utpost
1131 1511 1441 1565 orationem
1475 1512 1543 1566 ab
1559 1515 1734 1568 eccle-

131 1596 207 1650 sia
235 1605 315 1651 est
338 1596 634 1666 perlatum,
687 1598 885 1652 iterum
941 1600 1114 1654 sancti
1173 1611 1503 1674 aggravetur
1533 1621 1738 1675 corpu-

129 1687 332 1742 sculum
384 1705 398 1752 ;
446 1689 888 1761 mirantibusque
947 1691 1183 1757 cunctis,
1235 1701 1289 1747 et
1355 1695 1502 1765 quod
1548 1696 1734 1767 aliqua

133 1782 258 1836 inibi
292 1784 440 1838 Deus
471 1799 570 1854 pro
608 1785 782 1839 sancti
826 1787 910 1840 sui
949 1787 1349 1858 glorificatione
1381 1791 1538 1863 signa
1567 1793 1735 1846 vellet

133 1871 422 1925 ostendere
483 1871 813 1942 quibusdam
854 1872 1182 1941 ferentibus,
1233 1876 1277 1930 si
1327 1877 1420 1946 qui
1475 1878 1736 1933 adessent

135 1961 263 2016 forte
291 1961 531 2028 debiles,
561 1970 646 2016 est
676 1963 1020 2032 requisitum.
1073 1965 1510 2021 Advenientibus
1553 1977 1735 2023 autem

133 2052 269 2106 lzesis
296 2051 602 2122 aliquibus,
636 2059 799 2123 atque
821 2054 1020 2109 delatis
1041 2058 1395 2127 quibusdam,
1412 2060 1494 2113 vir
1511 2061 1735 2131 quidam

133 2142 348 2197 claudus
363 2141 619 2214 erigitur,
651 2149 703 2196 et
732 2143 937 2198 femina
964 2145 1215 2216 quaedam
1250 2148 1486 2202 brachiis
1516 2150 1583 2202 ab
1612 2158 1736 2206 octo

133 2241 266 2287 retro
295 2232 461 2286 annis
526 2240 804 2287 contracta
862 2234 1170 2297 resolvitur,
1224 2236 1458 2307 duaeque
1512 2236 1736 2292 feminae

131 2339 276 2378 caeca:
300 2333 431 2378 sunt
490 2323 833 2388 illuminataa,
877 2334 931 2379 et
989 2324 1172 2380 infans
1223 2343 1492 2382 annorum
1522 2337 1736 2399 septem

133 2424 302 2470 mutus
329 2415 486 2488 loqui
520 2415 707 2486 etrapit.
734 2415 797 2469 In
831 2433 940 2488 quo
971 2417 1091 2473 loco
1120 2435 1250 2473 crux
1291 2420 1359 2474 ab
1394 2420 1567 2490 ipsius
1593 2421 1736 2475 villae

131 2509 442 2565 hominibus
477 2509 656 2579 posita
681 2516 782 2572 est,
814 2511 908 2565 ubi
943 2521 1131 2582 postea
1154 2514 1276 2569 duae
1299 2515 1519 2569 femime
1546 2515 1735 2569 lumen

132 2600 398 2654 oculorum
436 2608 790 2670 receperunt,
817 2608 872 2654 et
898 2602 1142 2657 candelae
1167 2603 1438 2659 divinitus
1467 2620 1732 2670 accensae,

133 2693 386 2764 multique
416 2692 660 2747 diversis
687 2701 818 2750 sunt
843 2694 912 2748 ab
943 2693 1362 2751 infirmitatibus
1385 2697 1626 2752 liberati.

745 2797 954 2854 CAPUT
979 2799 1138 2854 XLII.

194 2892 262 2944 Dc
285 2890 508 2945 ecclesia
535 2893 709 2944 sancti
729 2893 972 2953 Romani,
989 2896 1038 2944 et
1056 2893 1339 2947 miraculis
1367 2892 1425 2948 in
1447 2895 1668 2951 Gellani

649 2961 712 3032 [j,
753 2962 992 3032 Gerlani]
1025 2967 1218 3017 monte.

196 3052 491 3108 Ecclesiam
524 3053 698 3108 sancti
728 3054 978 3119 Romani,
1003 3055 1058 3109 in
1102 3055 1326 3126 praefata
1365 3058 1492 3112 villa
1524 3058 1732 3115 Gellani

136 3153 305 3199 monte
334 3152 732 3212 constructam,
757 3146 966 3201 dudum
1012 3147 1139 3201 Milo
1206 3148 1535 3217 praepositus
1566 3165 1735 3204 cano-

135 3234 364 3291 nicorum
397 3237 566 3306 hujus
603 3237 708 3292 loci
764 3238 832 3292 ab
893 3238 975 3293 eis
1021 3238 1308 3293 auferebat
1359 3257 1371 3293 :
1405 3256 1567 3310 quam
1601 3241 1731 3295 dum

134 3323 328 3379 Bosone
358 3325 568 3381 comite
625 3326 731 3380 sibi
791 3343 913 3381 eam
963 3327 1227 3382 reddente
1282 3328 1637 3398 recepissent,
1678 3337 1732 3384 et

132 3418 292 3471 sancti
322 3417 596 3473 Balderici
627 3419 874 3473 membra
905 3419 1034 3474 illuc
1069 3420 1408 3486 retulissent,
1443 3421 1735 3474 audientes

133 3505 275 3559 multi
305 3507 373 3560 ad
406 3507 588 3578 ipsius
614 3517 902 3578 caaperunt
927 3509 1205 3563 confluere
1239 3509 1564 3587 patrocinia.
1591 3510 1736 3563 Inter

134 3614 262 3668 quos
287 3599 408 3655 duas
453 3614 614 3653 caecae
659 3600 875 3654 nobiles
929 3599 1146 3654 feminae
1192 3600 1443 3654 deductae
1485 3610 1633 3666 sunt,
1681 3606 1735 3654 et

133 3687 367 3756 quaedam
393 3687 610 3759 perlata
639 3689 977 3760 paupercula
1025 3690 1285 3745 omnibus
1326 3689 1438 3744 fere
1470 3690 1736 3744 membris

132 3786 414 3836 contracta.
473 3778 640 3833 Nocte
691 3795 821 3834 vero
878 3780 1188 3853 vigiliarum
1243 3780 1417 3834 sancti
1481 3781 1731 3846 Romani,

133 3870 252 3924 dum
280 3872 347 3926 de
379 3886 536 3926 more
576 3870 873 3944 pervigiles
927 3871 981 3924 in
1033 3870 1268 3926 ecclesia
1321 3872 1737 3926 celebrarentur

133 3960 389 4026 excubiae,
435 3959 625 4015 subito
683 3967 889 4016 tantum
935 3961 1145 4015 caelitus
1167 3969 1250 4016 est
1289 3962 1474 4016 lumen
1501 3960 1734 4015 effusum

135 4053 188 4100 ut
213 4048 392 4102 omnia
420 4063 546 4118 quae
596 4047 811 4102 fuerant
850 4064 1082 4102 accensa
1134 4047 1416 4104 videretur
1445 4050 1737 4104 luminaria

131 4152 398 4206 superare.
433 4141 616 4194 Altare
665 4147 893 4205 tantum,
928 4157 1095 4212 supra
1142 4143 1291 4212 quod
1345 4143 1520 4198 sancti
1579 4151 1737 4198 erant

134 4242 246 4281 ossa
262 4229 536 4300 deposita,
595 4229 768 4284 densa
810 4229 919 4302 tegi
950 4231 1244 4285 videbatur
1265 4233 1488 4297 nebula,
1523 4232 1737 4302 ipsum-

132 4337 232 4390 que
267 4325 404 4376 sacri
453 4322 704 4392 pignoris
759 4322 914 4393 quasi
954 4323 1162 4378 moveri
1185 4323 1514 4378 cernebatur
1551 4333 1737 4397 gesta—

133 4413 669 4483 men.Cumrepente
697 4429 806 4466 una
853 4429 1120 4467 caecarum
1177 4415 1434 4484 primum,
1493 4431 1730 4486 moxque

1843 535 2006 591 guam
2036 535 2226 589 rupem
2259 521 2641 574 conscendens
2689 536 2811 575 sese
2861 522 2916 576 in
2976 539 3225 594 praeceps
3283 526 3458 593 dedit,

1843 615 2030 685 sicque
2062 613 2278 668 attritus
2299 613 2490 682 jacuit,
2525 620 2848 670 utmortuus
2875 616 2961 670 vel
2990 616 3149 671 morti
3175 616 3462 674 videretur

1844 704 2146 774 proximus,
2181 704 2422 775 indeque
2455 705 2702 760 sublatus
2728 712 2854 760 ante
2877 706 3048 762 sancti
3067 708 3312 778 corporis
3327 724 3461 780 prae-

1843 794 2076 848 sentiam
2109 804 2191 848 est
2221 794 2773 867 deportatus,ibique
2794 797 3012 851 tandem
3048 813 3106 852 se
3123 797 3457 869 culpabilem

1843 887 2102 952 reddens,
2139 887 2414 958 insperate
2443 894 2692 956 sanatus,
2753 895 2808 944 et
2837 889 3070 963 integrae
3105 891 3157 944 in
3191 891 3338 946 brevi
3370 906 3458 945 re-

1842 978 2063 1033 stitutus
2083 986 2165 1033 est
2193 980 2465 1050 sospitati.

1915 1071 2047 1124 Item
2079 1071 2210 1126 dum
2242 1088 2421 1142 nuper
2442 1072 2510 1126 ad
2543 1081 3011 1143 prazmemoratam
3044 1074 3228 1129 villam
3255 1073 3460 1129 Wasli-

1841 1163 1980 1218 ciam
2013 1163 2174 1231 hujus
2200 1164 2373 1218 sancti
2409 1165 2656 1218 membra
2687 1165 2858 1219 relata
2906 1164 3162 1228 fuissent,
3194 1166 3456 1236 quoniam

1841 1252 2172 1306 Godefridus
2204 1253 2474 1323 principis
2503 1252 2721 1307 Henrici
2766 1269 2956 1309 comes
2984 1255 3172 1324 palatii
3205 1255 3458 1309 eamdem

1840 1348 2153 1411 pervaserat
2177 1341 2384 1408 villam,
2435 1342 2658 1413 quidam
2699 1342 3024 1397 clericorum
3053 1341 3227 1398 sancti
3261 1342 3460 1396 Balde-

1841 1428 1935 1482 rici
1968 1429 2035 1482 ad
2091 1430 2350 1484 eumdem
2396 1430 2753 1484 Godefridum
2810 1446 2908 1500 pro
2951 1431 3053 1486 hac
3107 1446 3274 1486 causa
3331 1446 3460 1501 per-

1842 1527 2137 1585 rexerunt;
2179 1520 2378 1592 etfcum
2438 1521 2642 1575 nullam
2687 1522 2909 1587 dignam
2973 1523 3281 1593 potuissent
3311 1521 3459 1593 apud

1841 1625 1966 1663 eum
1999 1609 2289 1680 percipere
2323 1611 2764 1680 responsionem,
2813 1627 2916 1665 nec
2951 1612 3126 1685 magis
3154 1627 3213 1664 se
3245 1627 3344 1680 pro
3377 1611 3460 1664 eis

1840 1701 1969 1755 inde
1998 1718 2162 1772 quam
2221 1717 2318 1772 pro
2376 1718 2477 1757 suo
2525 1719 2662 1757 cane
2718 1702 2988 1758 facturum
3051 1703 3454 1773 respondisset,

1837 1792 2072 1847 clericus
2097 1792 2320 1863 quidam
2353 1808 2417 1846 ex
2449 1793 2872 1848 bisintcntando
2897 1794 3315 1864 subjecit,quod
3329 1794 3459 1848 cali-

1837 1883 1967 1936 dum
2010 1884 2244 1954 proinde
2301 1884 2559 1938 sudorem
2623 1886 2919 1940 sudaturus
2969 1892 3132 1952 esset,
3168 1900 3272 1940 nec
3301 1884 3456 1939 canis

1837 1990 1968 2028 suus
1999 1975 2287 2042 adjuturus
2314 1994 2438 2030 eum
2474 1977 2626 2032 foret.
2661 1979 2755 2032 llle
2779 1979 3109 2034 furibundus
3131 1979 3197 2033 ad
3224 1979 3338 2033 hzec
3358 1995 3455 2032 eos

1836 2085 1866 2121 a
1887 2083 1985 2122 suo
2017 2068 2264 2138 praecipit
2291 2069 2415 2136 ejici
2449 2079 2772 2140 conspectu.
2825 2072 3032 2136 Quibus
3063 2071 3454 2125 recedentibus

1838 2157 1956 2226 ipse
1989 2173 2110 2211 mox
2127 2157 2310 2211 divina
2343 2158 3148 2230 plectiturultione,validaque
3169 2167 3457 2230 correptus

1837 2244 1992 2299 febre
2022 2246 2190 2315 cmpit
2241 2247 2564 2317 gravissime
2622 2249 2826 2314 vexari,
2863 2248 3159 2317 nimiisque
3192 2246 3455 2300 succendi

1837 2333 2130 2388 ardoribus
2183 2342 2348 2406 atque
2407 2334 2823 2390 ferventissimis
2873 2337 3104 2390 effluere
3135 2335 3454 2390 sudoribus.

1838 2421 2055 2475 Mittens
2104 2422 2271 2495 igitur
2319 2423 2756 2494 ad-episcopum
2816 2423 3200 2478 Coloniensem
3235 2422 3501 2477 Wicfri-.

1837 2507 1990 2572 dum,
2033 2509 2179 2564 hunc
2208 2510 2277 2564 ad
2309 2527 2366 2564 se
2418 2513 2606 2565 venire
2663 2514 2837 2582 petiit,
2897 2513 3062 2583 eique
3123 2527 3232 2566 rem
3271 2512 3458 2566 retulit

1835 2609 2000 2673 atque
2030 2602 2080 2655 id
2114 2603 2182 2657 ab
2215 2619 2280 2658 co
2309 2605 2524 2659 consilii
2583 2606 2849 2676 percepit,
2873 2616 2931 2660 ut
2960 2607 3027 2659 ad
3055 2605 3313 2675 praafatos
3343 2607 3459 2658 cle-

1838 2691 1980 2744 ricos
2013 2692 2272 2758 mitteret,
2303 2708 2508 2763 eosque
2542 2693 2609 2746 ad
2641 2708 2698 2746 se
2728 2693 2918 2747 venire
2943 2694 3170 2756 faciens,
3200 2700 3254 2745 et
3276 2699 3456 2745 errata

1839 2781 2144 2854 corrigens,
2178 2782 2246 2836 ab
2279 2782 2359 2837 eis
2396 2783 2466 2837 de
2496 2799 2594 2837 sua
2615 2781 2931 2837 infirmitate
2960 2781 3256 2837 concilium
3280 2788 3336 2834 et
3369 2795 3459 2848 pa-

1841 2871 1973 2925 riter
2001 2872 2264 2926 auxilium
2292 2880 2584 2943 quaereret.
2616 2873 2769 2936 Quod
2794 2873 2886 2926 ille
2926 2871 3250 2931 obaudiens.
3302 2877 3357 2924 et
3387 2869 3458 2923 ad

1838 2977 1935 3016 eos
1958 2961 2198 3026 mittens,
2231 2962 2297 3014 ad
2325 2978 2382 3016 se
2440 2963 2629 3016 venire
2679 2962 2974 3016 mandavit.
3004 2963 3066 3015 At
3113 2962 3315 3015 missus
3336 2959 3458 3026 ejus

1836 3058 2003 3127 typho
2034 3073 2134 3111 ceu
2153 3057 2447 3113 videbatur
2495 3058 2717 3113 inflatus
2745 3058 3042 3129 superbiae,
3076 3057 3262 3125 οωμὶῐ,
3295 3062 3353 3107 ut
3387 3054 3458 3107 ad

1832 3165 1990 3203 suum
2016 3150 2301 3204 dominum
2332 3167 2456 3205 mox
2485 3151 2670 3205 clerici
2722 3157 3039 3224 pergerent,
3084 3146 3456 3218 imperitando

1835 3237 2155 3306 praecipere.
2180 3238 2387 3300 Quibus
2417 3238 2800 3304 renuentibus,
2847 3238 2945 3291 sed
2967 3253 3091 3290 cum
3126 3235 3458 3290 cliaritatem

1833 3345 2019 3383 secum
2053 3328 2230 3383 facere
2257 3329 2599 3400 rogantibus,
2641 3330 2732 3383 ille
2764 3330 3121 3398 contempsit,
3152 3342 3332 3398 eoque
3373 3341 3461 3378 re—

1835 3421 2090 3485 cedente,
2119 3421 2173 3473 in
2196 3420 2318 3489 ipso
2347 3434 2572 3491 egressu
2609 3435 2786 3489 equus
2808 3419 2929 3486 ejus
2969 3417 3223 3471 incitatus
3248 3416 3316 3468 ab
3340 3415 3459 3484 ipso

1837 3510 2136 3580 prosiliens
2167 3508 2294 3575 ruit,
2327 3516 2381 3562 et
2417 3509 2564 3563 collo
2597 3507 2768 3562 fracto
2802 3509 3138 3563 interiit.Sic
3172 3507 3262 3561 ille
3282 3505 3464 3559 humi-

1835 3601 1998 3655 liatus
2029 3600 2096 3654 ad
2130 3599 2326 3654 fratres
2376 3599 2558 3665 rediit,
2613 3600 2943 3654 charitatem
2977 3615 3142 3669 quam
3175 3605 3464 3668 spreverat

1836 3689 1970 3761 egit,
2000 3698 2054 3744 et
2094 3689 2168 3743 ita
2199 3696 2480 3744 correctus
2514 3689 2766 3742 recessit.
2804 3685 3459 3755 Hinciterum,tertioque

1837 3781 2012 3835 vocati
2057 3787 2222 3851 atque
2267 3779 2442 3850 petiti,
2512 3779 2677 3847 hujus
2723 3777 2944 3832 tandem
3002 3777 3102 3830 viri
3163 3776 3461 3845 compertis

1838 3872 2227 3937 incommodis,
2262 3871 2328 3925 ad
2363 3887 2489 3925 eum
2522 3880 2634 3925 tum
2667 3869 2888 3924 demum
2914 3869 3162 3934 veniunt,
3198 3867 3460 3938 patientis

1837 3963 2250 4033 compatiuntur
2281 3961 2638 4029 cruciatibus,
2698 3970 2754 4015 et
2780 3959 3134 4016 confitentem
3170 3966 3458 4028 peccatum

1837 4070 2017 4116 suum,
2050 4052 2612 4122 emendationemque
2639 4050 3046 4121 promittentem
3068 4049 3325 4119 precibus
3341 4050 3462 4104 suis

1838 4147 2124 4201 absolvere
2172 4146 2412 4199 student.
2476 4145 2539 4197 At
2579 4143 2671 4198 ille
2719 4143 2901 4198 statim
2934 4159 2992 4198 se
3025 4142 3224 4197 melius
3254 4141 3455 4196 habere

1841 4238 2141 4309 professus,
2165 4237 2257 4290 ubi
2290 4251 2567 4290 recessere
2621 4235 2840 4301 fratres,
2874 4235 3173 4295 convaluit,
3210 4249 3298 4287 res
3323 4248 3462 4302 quas

1843 4331 2113 4384 invaserat
2141 4328 2402 4394 reddidit,
2427 4343 2490 4382 ac
2533 4326 2800 4396 deinceps
2826 4326 2895 4381 ab
2929 4342 3117 4380 earum
3142 4341 3200 4379 se
3233 4324 3458 4380 laesione

1837 4423 2125 4478 continuit.
2190 4422 2387 4475 Verum
2440 4426 2596 4474 tanta
2635 4419 2832 4472 domus
2889 4419 3009 4487 ejus
3061 4416 3254 4472 affecta
3303 4417 3458 4471 clade

131 4503 289 4560 altera
316 4506 658 4583 seseyidere
725 4508 1083 4577 proclamant.
1139 4508 1272 4562 Tum
1333 4507 1517 4561 media
1540 4481 2011 4573 ,iacenstuisse
2065 4509 2408 4581 perhibetur,
2465 4516 2525 4562 ut
2571 4508 2658 4562 vix
2726 4508 2894 4578 aliqui
2952 4506 3319 4561 remanserint
3362 4508 3457 4576 qui

128 4600 414 4661 contracta,
443 4594 539 4648 ubi
571 4596 741 4666 cmpit
805 4595 1062 4660 clamare,
1124 4596 1505 4666 auxiliumque
1537 4596 1653 4659 Dei,
1686 4603 1740 4650 et

128 4683 292 4739 sancti
325 4684 590 4738 Balderici
631 4685 940 4755 deprecari,
975 4685 1240 4756 paulatim
1277 4685 1588 4750 resolvitur,
1623 4686 1740 4756 pri-

132 4789 267 4829 mum
308 4776 568 4844 brachiis,
592 4784 646 4831 et
671 4778 800 4832 inde
827 4777 1150 4848 poplitibus,
1183 4777 1361 4832 donec
1389 4783 1571 4831 erecta
1586 4777 1739 4832 stetit

131 4865 178 4918 in
205 4868 458 4936 pedibus.
492 4870 618 4934 Quae
646 4868 996 4940 postmodum
1020 4884 1158 4923 sana
1171 4866 1384 4933 effecta,
1409 4867 1733 4922 clericorum

127 4955 259 5026 stipe
290 4958 398 5013 huc
428 4973 602 5028 usque
621 4965 978 5014 sustentatur.
1015 4959 1187 5033 Igitur
1209 4958 1338 5011 dum
1370 4957 1594 5027 prwfato
1625 4973 1738 5013 mo-

129 5055 369 5102 rarentur
391 5049 448 5102 in
480 5047 600 5104 loco
626 5049 810 5104 clerici
867 5065 991 5103 cum
1015 5049 1244 5124 pignore
1299 5064 1476 5112 sacro,
1505 5048 1737 5124 contigit

129 5135 352 5202 quadam
385 5152 619 5206 vespera
651 5154 774 5192 cum
807 5139 969 5193 simul
999 5139 1328 5207 residerent,
1360 5147 1420 5194 ut
1448 5138 1733 5207 cujusdam

129 5224 333 5283 Milonis
353 5230 517 5285 amici
551 5233 740 5299 homo,
781 5233 1048 5288 ebrietate
1106 5239 1270 5305 atque
1290 5233 1474 5288 furore
1501 5248 1736 5287 succen-

129 5319 508 5390 sus,coepisset
559 5323 628 5376 ad
687 5338 782 5377 eos
812 5323 1018 5390 dicere,
1048 5323 1184 5394 quid
1242 5322 1320 5376 ibi
1368 5321 1636 5389 facerent,
1682 5330 1738 5378 et

127 5422 284 5476 quare
317 5412 370 5465 in
403 5412 591 5467 villam
623 5414 841 5469 Milonis
865 5414 1094 5489 ingressi
1119 5414 1404 5469 fuissient?
1426 5413 1736 5477 Quibusre-

126 5500 530 5566 spondentibus
584 5506 732 5575 quod
787 5505 964 5559 sancti
1044 5503 1312 5560 Balderici
1359 5518 1468 5557 non
1523 5502 1736 5556 Milonis

127 5587 324 5643 eaedem
361 5607 450 5645 res
481 5600 667 5647 essent
694 5611 708 5657 ;
744 5593 951 5663 illoque
1009 5593 1421 5648 contradicente
1451 5592 1599 5662 quod
1621 5606 1730 5645 non

128 5671 385 5734 Balderici
442 5680 544 5735 sed
599 5681 817 5739 Milonis
851 5683 1212 5750 haberentur,
1260 5680 1728 5739 comminantibus

1838 4604 2048 4658 eisdem
2076 4603 2242 4656 rebus
2289 4601 2375 4655 usi
2419 4600 2633 4654 fuerant
2666 4616 2679 4664 ;
2715 4599 2819 4670 ipsi
2859 4599 3024 4654 etiam
3061 4598 3189 4669 equi
3213 4606 3268 4652 et
3289 4613 3459 4652 canes

1841 4691 2168 4757 interierint,
2192 4698 2247 4746 et
2301 4692 2420 4761 ipse
2450 4704 2734 4760 pervasor,
2777 4687 3009 4760 perditis
3057 4703 3179 4741 cum
3211 4697 3336 4742 cute
3363 4702 3459 4740 ca-

1839 4779 2005 4851 pillis,
2039 4788 2092 4834 et
2124 4779 2372 4852 ungulis,
2401 4779 2488 4832 vix
2517 4777 2775 4832 evaserit.

2443 4888 2650 4944 CAPUT
2669 4887 2846 4942 XLIII.

2049 4965 2124 5016 De
2150 4962 2414 5016 miraculo
2442 4964 2502 5014 in
2529 4961 2713 5016 Rheno
2753 4960 2972 5028 ﬂumine
2999 4959 3238 5025 patrato.

1906 5053 2056 5107 Tunc
2087 5053 2158 5107 ob
2193 5052 2601 5107 infestationem
2621 5051 3022 5126 Hungarorum,
3053 5064 3174 5119 quae
3204 5045 3456 5117 primitus

1837 5155 1903 5195 eo
1931 5147 2182 5210 tempore
2211 5141 2263 5194 in
2297 5142 2402 5195 hoc
2433 5149 2736 5196 emerserat
2774 5156 3026 5215 regnum,
3051 5137 3288 5194 concilio
3315 5135 3456 5191 inito

1834 5229 2084 5285 canonici
2115 5230 2291 5283 sancti
2351 5230 2618 5285 Balderici
2661 5231 2912 5285 Rhenum
2941 5246 3063 5284 cum
3097 5227 3325 5283 domino
3352 5242 3454 5282 suo

1835 5327 2196 5378 transmeant.
2255 5321 2386 5375 Inde
2451 5323 2690 5394 quadam
2747 5337 2976 5392 veSpera
3023 5325 3350 5384 remeantes,
3399 5319 3454 5372 in

1835 5409 2080 5464 fluminis
2107 5410 2294 5464 medio
2326 5426 2520 5465 navem
2557 5410 2722 5478 jactis
2752 5410 3004 5483 deﬁgunt
3033 5409 3312 5464 anchoris.
3347 5408 3454 5463 Ile-

1837 5502 2092 5574 lictisque
2125 5503 2315 5574 paucis
2345 5503 2402 5556 in
2462 5502 2583 5556 navi
2614 5519 2736 5557 cum
2785 5517 2941 5557 sacro
2983 5502 3215 5572 pignore
3271 5510 3454 5556 custo-

1836 5591 2022 5658 dibus,
2051 5593 2154 5663 ipsi
2174 5593 2242 5648 ad
2260 5592 2574 5664 praedictam
2608 5607 2865 5662 scapnam
2885 5599 3182 5662 prOperant
3203 5607 3452 5662 sumpos-

1827 5684 2094 5741 sessionis
2131 5687 2314 5743 villam
2357 5685 2494 5758 (scil.
2541 5683 2890 5756 Wastitiam].
2922 5684 3054 5739 Tres
3071 5699 3200 5740 vero
3223 5683 3447 5756 quidam
