3972 6206
498 252 603 308 319

1622 246 1986 302 FLODOARDI
2029 244 2327 299 CANONlCl
2372 242 2699 297 REMENSIS

3736 247 3840 304 330

495 377 756 444 latrones,
788 386 1070 448 comperto
1124 376 1271 447 quod
1329 374 1485 445 pauci
1516 373 1851 427 resedissent
1879 371 1935 424 in
1976 370 2099 424 navi
2124 378 2177 444 Α
2204 367 2508 432 Guntmari,
2542 376 2596 421 et
2647 382 2712 420 ex
2761 366 3007 437 ipsorum
3057 367 3311 435 jussione
3360 369 3696 439 prwdictum
3739 371 3838 427 iter

495 469 773 532 custodes,
805 468 991 539 ibique
1023 468 1329 527 thesauros.
1370 465 1454 518 vel
1486 469 1807 518 ornamenta
1827 460 1999 515 sancti
2019 474 2103 513 re-

496 558 761 611 mansisse
795 557 915 623 rati,
946 572 1248 611 conscensa
1300 553 1533 607 tendunt
1586 551 1679 605 illo
1734 550 1946 622 cymba.
1973 548 2101 612 Sed,

2204 460 2519 532 injungeret
2544 458 2622 512 illi
2654 473 2840 512 secum
2897 458 3150 530 exsequi,
3199 459 3294 514 tali
3327 460 3597 516 videlicet
3620 468 3835 531 tenore,

2204 564 2263 609 ut
2295 554 2362 607 ab
2391 568 2455 606 ea
2481 553 2571 607 die
2604 569 2704 607 nec
2736 552 2850 618 ille,
2883 569 2987 608 nec
3028 553 3149 625 ipsa
3196 570 3421 609 carnem
3444 558 3832 625 comederent,

2206 655 2300 701 aut
2331 646 2535 719 vinum,
2565 645 2839 711 biberent,
2900 646 3079 701 donec
3116 648 3219 703 iter
3257 648 3438 719 ipsum
3491 651 3831 721 arriperent,

2208 737 2312 792 nisi
2345 744 2555 792 tantum
2594 737 2730 804 vini,
2780 745 3048 808 quantum
3079 738 3188 793 emi
3239 740 3517 809 potuisset
3538 757 3607 795 ex
3629 744 3830 812 pretio,

2208 826 2357 897 quod
2380 841 2547 895 super
2573 825 2745 880 altare
2777 825 3055 896 quoddam
3082 825 3151 880 ab
3185 826 3325 898 ipsis
3375 827 3429 882 ei
3473 828 3831 897 designatum

2201 923 2485 988 repertura
2522 923 2688 983 esset,
2720 916 2840 987 ipsa
2897 916 3162 972 duntaxat
3202 918 3538 988 perciperet.
3580 919 3651 974 Ut
3698 937 3830 994 ergo

2200 1010 2331 1063 inde
2363 1008 2538 1081 magis
2569 1009 2902 1063 crederetur.
2924 1008 3189 1079 quasdam
3207 1025 3449 1075 sorores,
3483 1017 3604 1065 tres
3640 1011 3847 1087 videli-.,|

2198 1112 2285 1158 cet
2312 1102 2760 1157 sanctimoniales
2779 1102 2942 1170 hujus
2972 1104 3317 1169 monasterii,
3351 1105 3420 1158 ad
3444 1105 3501 1160 id
3528 1106 3827 1178 inquiren-

2198 1193 2326 1247 dum
2358 1193 2462 1246 sibi
2484 1199 2653 1247 testes
2682 1192 2954 1246 asciscere
2967 1192 3386 1256 t,denominatis
3404 1194 3627 1250 scilicet
3641 1212 3832 1266 perso-

2198 1282 2306 1346 nis,
2348 1296 2486 1351 quas
2516 1280 2784 1335 advocare
2813 1280 3121 1335 debuisset.
3152 1282 3608 1339 Sanctusautem
3642 1285 3833 1341 Remi-

2197 1374 2321 1447 gius
2354 1375 2458 1429 hoc
2488 1374 2718 1445 insuper
2756 1375 2991 1441 addidit,
3053 1383 3113 1429 ut
3170 1375 3380 1431 (liceret
3411 1376 3507 1430 illa
3540 1375 3701 1433 fratri
3734 1394 3834 1434 suo

2202 1472 2477 1536 quatenus
2508 1472 2654 1520 esset
2676 1481 2906 1531 memor,
2940 1466 3087 1536 quod
3118 1466 3195 1519 illi
3227 1467 3512 1538 quondam
3548 1484 3832 1539 apparue-

486 1557 842 1622 ret‘ocillatus,
888 1571 1164 1627 sensuque
1225 1561 1446 1625 recepto
1502 1553 1720 1607 tandem
1775 1567 1898 1622 qua:
1944 1559 2099 1625 gesta
2205 1562 2304 1620 rat,
2338 1560 2391 1607 et
2421 1553 2470 1607 ei
2500 1553 2931 1608 locutustuerat.
2964 1554 3184 1607 Addens
3216 1556 3382 1608 etiam
3416 1570 3520 1625 pro
3549 1555 3721 1630 signo
3749 1573 3832 1611 re-

487 1648 705 1703 fuerant
730 1648 1021 1702 enarravit.
1086 1647 1373 1717 Postquam
1422 1661 1552 1699 vero
1611 1661 1641 1698 a
1698 1643 1922 1714 przet'ato
1976 1643 2096 1697 loco
2200 1644 2555 1719 cognitionis,
2586 1643 2733 1715 quod
2766 1660 2891 1699 eum
2918 1645 2972 1698 in
2998 1645 3176 1715 palma
3203 1645 3516 1701 dccultello
3543 1647 3831 1703 visusfue-

487 1738 650 1804 hujus
676 1737 820 1791 beati
854 1736 953 1790 viri
982 1736 1048 1789 ad
1078 1752 1242 1789 suum
1276 1733 1670 1789 monasterium
1704 1738 1833 1785 sunt
1865 1747 1987 1784 ossa
2020 1747 2099 1783 re-
2126 1757 2172 1824 Β
2202 1743 2283 1788 rat
2332 1734 2685 1804 percussisse.
2744 1735 2808 1786 At
2850 1732 2942 1786 illa
2987 1747 3112 1787 mox
3154 1734 3222 1788 ad
3272 1733 3575 1805 praefatum
3610 1736 3832 1791 fratrem

487 1826 614 1890 lata,
645 1825 813 1878 multa
860 1823 998 1877 inibi
1052 1823 1305 1877 feruntur
1361 1831 1579 1876 ostensa
1640 1820 1923 1885 miracula,
1978 1835 2097 1889 qua:
2126 1820 2163 1824 ⁷
2202 1841 2361 1879 suum
2393 1826 2635 1891 mittens,
2681 1824 2959 1879 mandavit
2988 1826 3039 1880 ei
3070 1834 3129 1879 ut
3158 1826 3227 1880 ad
3256 1843 3331 1895 se
3374 1826 3719 1882 festinanter
3743 1845 3833 1882 ve.

489 1935 599 1987 [)l‘tD
632 1916 984 1971 multitudine
1033 1932 1143 1969 non
1192 1916 1464 1968 habentur
1508 1913 1728 1982 scripta.
1761 1912 1894 1965 llluc
1924 1928 2102 1981 nuper
2203 1917 2363 1972 nit-ct.
2398 1917 2499 1980 Qui
2530 1917 2764 1971 veniens
2801 1932 3043 1971 sororem
3102 1934 3257 1972 suam
3288 1919 3420 1973 hora
3460 1919 3582 1988 jam
3608 1936 3835 1991 vesper-

487 2010 709 2079 quidam
743 2026 950 2079 pauper
978 2009 1263 2064 candelam
1318 2007 1576 2062 deferens
1601 2007 1654 2060 in
1686 2006 1891 2060 circulo
1923 2005 2097 2059 dcvo-
2203 2007 2317 2061 tina
2338 2007 2586 2076 jejunam
2611 2007 2812 2073 adhuc,
2843 2016 2897 2061 et
2928 2007 2997 2061 de
3026 2006 3238 2062 visione
3262 2008 3421 2063 valde
3457 2010 3831 2081 stupefactam

486 2100 676 2165 lntam,
709 2099 870 2169 paulo
899 2106 1023 2153 ante
1039 2100 1227 2153 horam
1261 2097 1626 2167 vespertinam
1660 2111 1826 2165 supra
1858 2093 2095 2148 loculum
2205 2097 2431 2151 invenit.
2476 2096 2603 2159 Quaa
2651 2096 2929 2150 advocans
2960 2095 3346 2152 denominatas
3378 2096 3486 2150 sibi
3525 2100 3831 2154 sanctimo—

483 2204 763 2243 sacrorum
798 2190 935 2243 hanc
967 2190 1154 2259 posuit
1211 2189 1441 2243 ossium.
1487 2188 1586 2252 Qui
1646 2188 1783 2241 dum
1815 2187 1940 2240 data
1972 2200 2100 2239 ora-
2201 2188 2393 2253 niales,
2420 2187 2622 2256 pariter
2638 2194 2765 2241 ante
2794 2186 3115 2241 denotatum
3142 2187 3313 2242 altare
3345 2197 3566 2259 septem
3584 2191 3827 2261 psalmos

485 2278 633 2331 tione
688 2278 990 2344 recederet,
1052 2278 1235 2333 subito
1309 2278 1561 2347 candela,
1612 2293 1813 2347 supero
1867 2290 2099 2329 accensa
2200 2279 2607 2351 poenitentiales
2633 2279 3084 2343 decantaverunt,
3110 2279 3572 2350 additisinsuper
3601 2281 3824 2336 litania-

489 2369 635 2440 igne,
665 2371 835 2441 coepit
870 2372 1085 2425 ardere.
1146 2372 1274 2435 Quae
1306 2370 1485 2426 donec
1541 2376 1724 2424 custos
1754 2368 2001 2423 ecclesia:
2029 2367 2097 2421 ad
2201 2386 2321 2422 rum
2352 2367 3079 2439 precibus,accesseruntad
3102 2368 3296 2434 altare,
3318 2375 3373 2423 et
3397 2378 3673 2424 exuentcs
3692 2387 3828 2441 Ope-

482 2461 870 2530 vespertinalia
926 2462 1194 2532 pulsanda
1242 2462 1393 2516 venit
1447 2461 1623 2532 signa,
1660 2458 1847 2528 pallio,
1883 2457 1970 2511 cui
1997 2472 2093 2510 su-
2198 2460 2466 2527 rimentis,
2488 2466 2817 2530 repererunt
2844 2459 2898 2513 in
2921 2475 3094 2515 cornu
3113 2460 3363 2528 ejusdem
3386 2460 3581 2515 altaris
3598 2461 3827 2517 obolum

485 2550 986 2620 perjcctajaccbat,
1016 2550 1207 2616 illalso,
1234 2550 1579 2623 deflagravit,
1599 2566 1702 2603 nec
1736 2548 1898 2601 ullam
1926 2546 2093 2616 pallio
2197 2568 2445 2623 parvum,
2484 2568 2652 2623 quem
2700 2560 3046 2607 assumentcs
3103 2568 3229 2608 cum
3278 2552 3583 2627 gratiarum
3600 2554 3827 2609 actione

484 2640 788 2709 la-sionem,
822 2642 909 2697 cui
938 2643 1271 2707 adhaerebat,
1322 2643 1578 2715 aggessit.
1614 2643 1774 2701 Multa
1830 2649 2096 2710 praiterea
2197 2647 2470 2702 dederunt
2498 2662 2597 2717 pro
2640 2647 2792 2713 vino,
2835 2646 2981 2718 quod
3032 2648 3414 2703 tantummodo
3439 2647 3560 2701 haec
3606 2649 3827 2703 sancti-

480 2731 799 2799 sanitatum,
832 2733 1395 2804 clarificationumque
1427 2735 1634 2788 ibidem
1667 2732 1999 2787 creberrime
2023 2732 2091 2785 ad
2198 2735 2456 2789 monialis
2478 2735 2639 2800 bibit,
2683 2751 2792 2791 non
2851 2735 3119 2806 deinceps
3171 2736 3410 2806 amplius
3446 2736 3637 2792 vinum
3660 2753 3825 2791 sum-

483 2819 815 2873 declaranda
850 2821 1023 2875 sancti
1054 2822 1138 2875 sui
1163 2822 1356 2876 merita
1374 2823 1636 2877 Dominus
1667 2821 1958 2877 ostendere
1977 2820 2094 2895 dig—
2194 2837 2374 2898 ptura,
2400 2827 2578 2882 donec
2608 2828 2712 2881 iter
2742 2826 3048 2895 injunctum
3101 2833 3210 2881 tam
3243 2828 3381 2898 ipsa,
3414 2845 3578 2899 quam
3612 2830 3827 2899 praedi-

483 2915 643 2960 natur
672 2907 953 2973 miracula,
988 2909 1056 2963 ad
1100 2911 1368 2965 honorem
1408 2912 1620 2966 scilicet
1652 2929 1715 2966 ac
1737 2911 1957 2966 laudern
1989 2928 2092 2967 no-
2193 2925 2315 2972 ctus
2344 2916 2513 2971 frater
2542 2933 2695 2981 suus,
2714 2916 2936 2971 inirent.
2964 2916 3117 2980 Quod
3144 2916 3383 2971 ﬁdeliter
3404 2924 3461 2971 et
3490 2916 3833 2973 fiducialiter

483 2994 646 3049 minis
664 2995 772 3061 sui,
804 2997 951 3067 quod
975 3008 1057 3053 est
1087 2999 1438 3055 benedictum
1468 3000 1524 3054 in
1550 3000 1769 3055 saecula.
2195 3003 2545 3074 arripientes,
2600 3019 2886 3074 prospere,
2938 3003 3049 3059 Deo
3074 3004 3329 3073 juvaute,
3376 3012 3432 3060 et
3478 3006 3532 3060 S.
3569 3006 3738 3062 Petro
3769 3019 3832 3062 et

1076 3110 1285 3167 CApUT
1315 3113 1493 3167 XLIV.
2119 3080 2168 3148 C
2192 3103 2380 3151 sancto
2417 3096 2664 3171 Remigio
2685 3094 3203 3171 suffragantibus,ut
3235 3096 3372 3168 ipsis
3421 3098 3828 3169 promiserant,

624 3199 700 3252 De
724 3200 1002 3255 miraculis
1032 3204 1089 3254 in
1116 3205 1438 3256 mmmterio
1459 3207 1764 3258 sanctorum
1792 3205 1947 3258 Boua:

2199 3194 2553 3259 peregerunt.
2574 3188 2648 3242 Ac
2672 3186 2938 3256 deinceps
2982 3202 3013 3240 a
3043 3186 3304 3241 carnibus
3333 3186 3431 3242 illa
3464 3194 3689 3258 (praeter
3718 3189 3832 3246 Do—

1054 3289 1116 3327 ac
1150 3275 1313 3328 Dodae
1339 3277 1525 3342 factis.
2196 3279 2482 3351 minicam)
2519 3278 2781 3346 abstinet,
2806 3295 2869 3333 ac
2900 3277 3077 3333 tribus
3106 3278 3305 3333 diebus
3336 3279 3394 3332 in
3444 3279 3829 3345 hebdomada,

552 3363 609 3416 ln
634 3374 1053 3433 prmmemorato
1106 3367 1347 3439 denique
1408 3367 1717 3439 puellarum
1748 3368 2090 3423 monasterio
2191 3387 2368 3441 usque
2390 3371 2518 3425 dum
2536 3371 2755 3442 signum
2785 3376 2950 3425 sonet
2977 3370 3046 3424 ad
3092 3370 3415 3438 secundam,
3459 3370 3599 3425 nihil
3629 3374 3832 3443 operis

479 3458 686 3523 (supra,
712 3472 837 3524 oap.
872 3457 1046 3526 28),in
1076 3474 1187 3530 quo
1205 3459 1553 3530 praefatarum
1576 3466 1885 3513 sanctarum
1910 3459 2087 3524 Bovze,
2190 3465 2321 3535 agit,
2343 3465 2694 3520 orationibus
2737 3471 2791 3519 et
2849 3462 3169 3534 psalmodia:
3224 3480 3427 3520 vacans
3469 3482 3485 3531 ;
3520 3466 3675 3536 quod
3709 3468 3829 3523 sibi

478 3562 542 3601 ac
583 3548 745 3603 Dodae
782 3549 1042 3606 translata
1069 3551 1280 3622 praefati
1309 3568 1499 3606 sumus
1538 3567 1790 3621 corpora,
1824 3550 2090 3605 nonnulla
2190 3576 2368 3630 usque
2398 3560 2466 3614 ad
2495 3566 2707 3628 septem
2732 3574 2908 3613 annos
2935 3566 3333 3615 commemorat
3348 3560 3663 3631 adimplere
3681 3579 3833 3632 pnn—

483 3641 834 3710 postmodum
868 3650 1075 3713 patrata
1104 3646 1406 3715 probantur
1437 3645 1720 3699 miracula.
1746 3644 1843 3697 Ubi
1876 3644 2090 3715 frigori-
2190 3658 2434 3721 ceptum,
2466 3650 2637 3706 Fratri
2669 3665 2801 3705 vero
2844 3665 2943 3704 suo
2968 3657 3394 3721 pragmemorato
3423 3652 3535 3706 hoc
3560 3668 3593 3707 θ
3616 3670 3829 3724 supra-

482 3730 570 3784 tici
595 3737 759 3801 atque
786 3732 1017 3786 diversis
1033 3733 1456 3807 aegritudinibus
1492 3733 1743 3803 occupati
1776 3734 2086 3797 venientes,
2193 3742 2356 3796 dictis
2373 3742 2579 3797 sanctis
2626 3758 2723 3812 per
2768 3742 2945 3811 ipsam
2986 3742 3305 3797 mandatum
3354 3749 3545 3807 est,ut
3576 3753 3832 3815 quatuor

481 3827 666 3887 optata
689 3831 970 3876 merentur
997 3824 1263 3893 sospitate
1291 3823 1482 3877 donari
1516 3822 1748 3877 maxime
1783 3821 1838 3875 in
1879 3822 1970 3875 die
1996 3837 2092 3876 SO-
2193 3831 2390 3885 diebus
2435 3832 2488 3885 in
2533 3831 2884 3885 hebdomada
2909 3849 2942 3886 a
2994 3831 3278 3897 carnibus,
3308 3831 3461 3886 omni
3494 3850 3633 3889 vero
3665 3846 3830 3891 sexta

483 3911 783 3966 lcmnitalis
814 3914 1126 3968 earumdem
1184 3915 1266 3984 (id
1293 3921 1369 3970 cst
1422 3916 1491 3969 21
1553 3916 1811 3984 Aprilis).
1870 3921 1929 3967 tn
1985 3929 2092 3984 qua
2192 3924 2329 3979 feria
2355 3941 2385 3979 a
2416 3925 2543 3981 vino
2565 3942 2785 3996 semper
2807 3926 2936 3981 dum
2959 3926 3246 3993 advixerit,
3269 3926 3472 3981 debeat
3500 3929 3823 3986 abstinere.

479 4002 731 4071 quaedam
756 4018 935 4072 nuper
982 4003 1187 4073 puella,
1245 4004 1439 4059 auditu
1478 4004 1751 4071 frustrata,
1808 4002 1859 4057 vi
1896 4002 2091 4057 invali-
2192 4016 2318 4079 Quae
2350 4022 2406 4070 et
2430 4014 2726 4070 observare
2756 4014 3028 4069 visisunt,

481 4089 690 4145 tudinis
718 4108 918 4146 sensus
952 4092 1116 4160 hujus
1153 4093 1423 4149 obturatis
1453 4094 1743 4160 meatibus,
1774 4094 2088 4150 interventu
2791 4104 3000 4160 CAPUT
3022 4104 3194 4158 XLVI.

478 4180 799 4234 earumdem
864 4191 1175 4236 sanctarum
1234 4181 1432 4238 Christi
1490 4201 1838 4254 sponsarum,
1874 4185 2088 4256 perdita
2400 4201 2473 4253 De
2500 4199 2667 4253 αιιρνο
2691 4201 2873 4255 Remis
2904 4198 3213 4268 pugnarum
3240 4204 3591 4255 monasterio.

477 4268 686 4325 dudum
716 4271 906 4325 munia
925 4272 1171 4342 recipere
1198 4273 1397 4328 meruit
1423 4274 1661 4328 aurium.

2259 4290 2504 4345 Alterum
2561 4292 2804 4362 denique
2857 4293 3103 4362 puellare
3160 4292 3567 4348 monasterium
3626 4295 3821 4353 Remis

495 656 790 720 antequam
815 649 1192 720 pertingerent
1215 646 1284 700 ad
1318 646 1490 715 ipsam
1517 661 1680 715 quam
1715 643 1972 714 petebant
2002 656 2105 693 na-

492 757 634 805 vem,
692 741 879 795 caecati
910 740 1196 803 divinitus,
1259 737 1585 809 perditoque
1641 751 1806 790 sensu
1835 733 2105 804 remigare

490 848 601 886 non
623 834 889 897 valentes,
924 833 1129 904 impetu
1157 830 1399 885 fluminis
1417 829 1545 884 ferri
1571 833 1876 898 cmperunt.
1903 826 2101 895 Sicque

492 926 741 981 navicula
769 943 961 981 eorum
1022 926 1168 990 navi,
1209 941 1331 996 quae
1381 923 1550 977 sancti
1595 936 1794 991 corpus
1822 919 2098 987 servabat,

490 1017 723 1088 impacta
751 1018 1120 1088 contritaque,
1153 1016 1354 1070 mediis
1397 1030 1494 1068 eos
1545 1014 1598 1067 in
1629 1012 1889 1066 ﬂuctibus
1929 1010 2095 1064 dere-

489 1105 673 1176 liquit.
706 1109 945 1171 Quorum
974 1106 1191 1160 duobus
1225 1103 1391 1157 fluvio
1412 1118 1530 1157 mox
1565 1100 1861 1170 absorptis,
1882 1099 2093 1159 tertius,

489 1196 770 1267 quietiam
804 1196 1042 1250 famulus
1085 1203 1202 1250 erat
1233 1194 1405 1249 sancti
1436 1192 1724 1258 Balderici,
1764 1191 1909 1259 jacta
1932 1205 2096 1244 manu

490 1300 681 1338 navem
715 1285 890 1338 sancti
918 1284 1168 1355 arripuit,
1229 1293 1283 1338 et
1315 1283 1492 1337 taliter
1545 1281 1785 1335 cvadens
1843 1285 2094 1344 mortem,

487 1374 925 1446 clericorumque
956 1375 1326 1446 perductusin
1350 1373 1718 1445 przesentiam,
1744 1371 1878 1425 nihil
1908 1386 2096 1425 eorum

488 1486 611 1539 quae
643 1484 836 1537 passus
865 1467 1043 1521 fuerat
1071 1466 1292 1519 edicere
1310 1465 1499 1531 valuit,
1528 1463 1779 1518 donecin
1798 1463 2096 1516 crastinum

1081 4390 1295 4445 CAPUT
1328 4389 1475 4445 XLV.

832 4463 908 4514 De
935 4463 1140 4515 visione
1194 4463 1483 4532 cujusdam
1519 4464 1728 4534 puellae.

550 4552 789 4607 Habetur
817 4553 871 4607 in
897 4554 1002 4609 hoc
1031 4556 1365 4610 monasterio
1395 4557 1646 4627 quaedam
1679 4555 2081 4611 sanctimonia-

478 4641 727 4715 lisvirgo,
756 4644 938 4713 neptis
965 4644 1245 4714 quondam
1278 4644 1559 4699 Guntmari
1585 4645 1824 4719 religiosi
1857 4646 2084 4717 presby-

477 4731 600 4798 teri,
629 4732 853 4787 nomine
868 4733 1133 4798 Ricuidis,
1149 4734 1238 4789 cui
1252 4741 1623 4804 apparuerunt
1644 4735 1773 4791 olim
1794 4752 1893 4806 per
1906 4735 2082 4790 visum

474 4823 669 4880 beatus
694 4826 889 4880 Petrus
912 4826 1197 4897 apostolus
1221 4834 1276 4882 et
1303 4826 1499 4882 beatus
1528 4827 1833 4901 Remigius,
1865 4827 2083 4898 signiﬁ-

474 4926 665 4972 cantes
692 4918 764 4982 ei,
797 4919 946 4989 quod
976 4918 1082 4973 iter
1108 4920 1291 4975 Romae
1330 4919 1532 4985 eidem,
1581 4919 1711 4974 dum
1744 4929 2086 4975 reverteren-

474 5014 565 5063 tur
583 5008 652 5061 ad
681 5008 874 5078 ipsam,
902 5010 1233 5080 prtecepturi
1285 5018 1509 5077 essent;
1540 5022 2013 5084 asserueruntque
2026 5030 2087 5068 se

473 5099 659 5155 medio
691 5116 879 5156 mense
900 5102 1234 5173 Septembri,
1272 5103 1484 5159 scilicet
1514 5103 1866 5159 Exaltationis
1885 5113 2087 5162 sanctte

471 5193 784 5262 Crucisdie,
800 5213 1138 5252 reversuros.
1161 5198 1277 5262 Qua
1289 5200 1701 5269 exspectatione
1713 5216 1982 5270 suspensa
1998 5201 2087 5255 ni-

477 5284 554 5340 hil
586 5284 715 5338 inde
731 5285 917 5353 alicui,
952 5287 1227 5358 prohibita
1256 5289 1470 5344 scilicet
1499 5289 1567 5343 ab
1598 5290 1698 5355 eis,
1732 5307 1862 5346 ausa
1882 5300 1966 5346 est
1993 5292 2084 5345 in-

477 5373 692 5428 timare.
719 5373 816 5428 Die
842 5391 973 5433 vero
1002 5392 1110 5447 qua
1159 5377 1525 5447 praedixerant
1561 5378 1856 5449 redituros,
1887 5380 2086 5435 iterum

476 5475 845 5532 apparaerunt
866 5468 939 5535 ei,
965 5468 1230 5536 iubentes
1255 5476 1315 5524 ut
1352 5471 1646 5525 accersiret
1685 5471 1903 5526 fratrem
1925 5489 2084 5528 suum

472 5546 825 5605 Fredericnm
849 5555 1250 5627 presbyterum,
1283 5568 1338 5612 et
1354 5560 1731 5614 exhortaretur
1751 5576 1875 5615 eum
1906 5563 2084 5633 sequi,

476 5639 644 5703 prout
673 5640 848 5710 magis
891 5644 1181 5711 potuisset,
1237 5646 1466 5718 vestigia
1497 5646 1761 5715 praemissi
1784 5651 2090 5705 sacerdotis

2187 4377 2425 4435 habetur
2448 4382 2613 4437 situm
2636 4382 2705 4436 ad
2725 4389 2958 4452 portam,
2976 4398 3100 4453 qua).
3122 4382 3253 4437 olim
3277 4380 3823 4450 Collaticia,scilicet

2112 4450 2166 4519 ί)
2192 4488 2221 4526 a
2244 4473 2596 4529 conferendis
2626 4474 2922 4543 mercibus,
2964 4491 3113 4530 nunc
3143 4474 3454 4529 Basilicaris
3500 4476 3663 4547 [forte
3710 4480 3819 4534 Ba-

2184 4562 2359 4633 seillo]
2385 4571 2630 4630 vocatur,
2664 4580 2732 4619 eo
2748 4564 2896 4635 quod
2923 4564 3067 4619 circa
3089 4580 3147 4619 se
3171 4564 3414 4619 basilicis
3430 4564 3672 4633 dudum,
3704 4586 3818 4639 pra:

2185 4654 2398 4709 caeteris
2427 4656 2619 4725 portis,
2646 4656 2958 4711 abundasse
2988 4656 3196 4711 feratur
3217 4672 3347 4722 ;seu
3377 4658 3818 4727 quodeuntibus

2183 4742 2253 4797 ad
2281 4742 2591 4805 basilicam,
2643 4744 2699 4798 in
2738 4744 2859 4800 vico
2911 4744 3085 4799 sancti
3139 4744 3369 4817 Remigii
3413 4746 3816 4814 consistentes,

2188 4834 2377 4905 pervia
2397 4835 2582 4891 fuerit.
2611 4836 2787 4907 Supra
2807 4853 2972 4907 quam
2995 4836 3202 4892 domno
3250 4837 3551 4910 Rigoberto
3587 4838 3814 4894 habita-

2189 4925 2372 4989 culum
2396 4924 2562 4980 fuisse
2602 4926 3159 4981 commemoravimus
3204 4926 3261 4996 [ι.
3294 4942 3354 4992 ιι,
3399 4942 3449 4980 c.
3508 4926 3623 4997 12].
3656 4928 3817 4991 Quod

2190 5016 2585 5071 monasterium
2634 5018 2906 5077 domnus.
2941 5017 3280 5072 Gunthertus
3321 5017 3405 5071 vir
3463 5017 3700 5074 illustris
3760 5019 3818 5073 in

2189 5111 2398 5165 honore
2451 5111 2625 5166 sancti
2690 5110 2831 5166 Petri
2914 5110 3283 5165 construxisse
3342 5110 3603 5177 traditur,
3660 5113 3815 5182 quod

2191 5199 2394 5272 regale,
2418 5200 2503 5254 vel
2527 5199 2709 5254 fiscale
2728 5206 2969 5263 vocatur,
2994 5214 3061 5253 eo
3084 5198 3234 5269 quod
3262 5198 3318 5253 in
3339 5199 3513 5271 regali
3537 5208 3812 5271 potestate

2188 5308 2366 5363 usque
2397 5292 2467 5346 ad
2499 5292 2766 5347 moderna
2830 5299 3076 5360 tempora
3127 5290 3292 5346 fuerit
3349 5291 3624 5347 habitum.
3657 5294 3811 5357 Quod

2188 5380 2583 5437 monasterium
2615 5380 2923 5436 Ludovicus
2953 5379 3254 5449 imperator
3282 5377 3542 5449 Alpheidi
3581 5376 3702 5448 [al.,
3722 5376 3811 5429 Al-

2190 5473 2341 5544 paidi
2393 5477 2442 5527 et
2495 5473 2670 5542 infra]
2733 5472 2859 5527 lilia:
2902 5486 3035 5536 suae,
3081 5470 3240 5525 uxori
3278 5470 3522 5543 Begonis
3568 5467 3810 5532 comitis,

2190 5565 2335 5620 dono
2383 5565 2557 5631 dedit,
2588 5564 2879 5637 eidemque
2922 5577 3079 5617 sacro
3123 5563 3243 5617 loco
3276 5561 3645 5617 immunitatis
3671 5576 3810 5629 pras-

2187 5659 2407 5719 ceptum
2420 5650 2721 5724 delegavit,
2736 5660 2795 5706 ut
2810 5658 2863 5706 et
2887 5659 3042 5722 pater
3060 5648 3243 5719 ipsius
3262 5648 3496 5705 Karolus
3513 5648 3811 5721 imperator
