3972 6206
147 377 246 430 321

803 366 1128 423 IIISTOIlIzE
1170 363 1499 419 ECCIES‘IZE
1542 361 1866 418 ItEMENSlS
1909 360 2079 414 LIBRI
2121 355 2447 421 QUA'I'IFOIL
2480 385 2544 393 —
2581 353 2701 406 LII}.
2748 352 2828 404 IV.

3375 346 3481 404 322

155 507 342 578 egerat
362 501 513 556 olim.
549 497 704 564 Quod
755 496 1069 552 cmuobium
1104 504 1294 566 postea
1334 511 1434 564 per
1463 494 1761 564 precariam
1794 496 1842 562 Α
1872 489 2258 560 praeceptionis
2311 486 2484 556 ipsius
2533 481 2679 556 regis
2731 480 2988 546 obtinuit,
3023 487 3075 532 et
3128 492 3224 548 pro
3279 478 3484 532 conﬁr-

153 594 329 666 ipsius
353 589 656 660 Alpheidis,
676 587 763 641 vel
787 586 1023 639 filiorum
1052 586 1172 654 ejus
1196 584 1408 638 Letardi
1433 592 1486 638 ct
1516 583 1764 647 Ebrardi,

155 682 218 736 ad
244 686 449 751 partem
483 687 536 732 et
585 676 993 747 possessionem
1024 675 1308 728 Remensis
1336 673 1559 727 devenit
1589 673 1765 726 eccle-

154 771 265 825 siae.
285 769 378 822 llic
393 767 582 822 haberi
602 768 865 821 asset-itur
883 768 1020 820 dens
1036 765 1229 819 sanctii
1257 765 1484 818 Andreae
1502 765 1761 835 apostoli:

153 862 304 929 cujus
326 859 596 914 beneficia
627 859 806 925 multi,
841 859 935 930 qui
965 875 1090 912 eum
1119 858 1351 912 osculari
1379 864 1766 927 promerentur

150 952 467 1023 frequenter
533 951 894 1021 experiuntur
952 949 1173 1003 infirmi.
1235 949 1481 1003 Vidimus
1541 949 1648 1013 hic,
1707 948 1762 1001 in

149 1044 377 1097 ecclesia
408 1043 623 1096 scilicet
654 1044 816 1111 hujus
845 1042 1106 1107 cmnobii,
1141 1057 1360 1095 cereum
1396 1042 1522 1113 igne
1554 1038 1762 1095 caelesti

149 1140 227 1186 ter
270 1148 494 1202 quoque
528 1149 868 1196 accensum;
931 1148 1093 1202 quem
1127 1147 1347 1185 cereum
1391 1131 1590 1184 collata
1639 1144 1763 1181 cera

148 1224 381 1278 fecerant
435 1224 660 1294 quidam
694 1225 840 1278 cives
885 1225 1202 1287 Remenses,
1248 1225 1341 1296 qui
1386 1224 1453 1277 ad
1491 1224 1764 1277 visitanda

147 1328 320 1382 nuper
339 1311 724 1381 Apostolorum
757 1312 946 1366 limina
979 1312 1208 1383 profecti
1240 1312 1484 1366 fuerant.
1519 1313 1764 1365 Vidimus

148 1403 200 1456 in
219 1404 320 1456 hoc
341 1418 566 1473 quoque
593 1404 928 1458 monasterio
959 1405 1194 1474 puellam
1225 1405 1516 1474 quamdam
1537 1403 1763 1456 sudasse

146 1491 492 1564 sanguinem,
544 1508 666 1562 quae
707 1501 833 1546 tunc
868 1493 1215 1547 hebdomada
1247 1494 1412 1563 plena
1457 1493 1630 1561 jacuit
1663 1492 1766 1544 im-

145 1591 307 1649 mota,
353 1583 512 1654 quasi
572 1594 807 1651 mortua,
851 1592 905 1638 et
937 1585 1179 1640 visiones
1236 1586 1286 1638 ei
1336 1593 1464 1640 sunt
1524 1592 1762 1640 ostensae

147 1675 446 1729 nonnullae.

722 1747 931 1803 CAPUT
988 1749 1182 1803 XLVII.

244 1843 318 1894 De
343 1841 541 1895 dom-no
593 1841 921 1909 Guntberdo,
961 1847 1010 1896 et
1040 1845 1212 1911 ipsius
1267 1858 1434 1897 uxore
1470 1846 1650 1898 Berta.

209 1953 530 2008 Praemissus
611 1955 796 2026 itaque
873 1955 1110 2010 domnus
1174 1956 1512 2011 Gunthertus
1603 1955 1765 2023 hujus

143 2048 433 2103 instructor
469 2049 734 2116 caenobii,
765 2049 953 2105 relicta
981 2051 1236 2124 conjuge,
1266 2051 1542 2106 maritima
1567 2057 1765 2121 petens

147 2139 277 2205 loca,
316 2141 408 2194 ille
474 2141 636 2194 etiam
684 2142 1082 2197 monasterium
1117 2143 1393 2214 quoddam
1444 2141 1764 2196 condidisse

145 2229 319 2286 fertur.
354 2232 461 2286 Ubi
503 2240 556 2287 et
596 2250 627 2287 a
664 2233 916 2288 barbaris
968 2235 1268 2289 decollatus
1309 2234 1762 2304 fuisse'traditur,

145 2318 344 2373 Relicta
375 2335 514 2374 vero
545 2320 716 2390 ipsius
750 2322 950 2375 domna
986 2323 1139 2376 Berta
1180 2323 1493 2377 coenobium
1520 2321 1764 2393 puellare

144 2407 276 2475 apud
309 2409 686 2472 Avennacum,
730 2409 958 2463 Domino
1004 2410 1105 2462 sibi
1143 2411 1322 2464 locum
1357 2427 1455 2482 per
1511 2410 1764 2484 angelum

145 2498 569 2564 demonstrante,
606 2503 927 2555 construxit.
965 2503 1026 2556 Et
1067 2503 1195 2556 dum
1233 2503 1370 2557 inibi
1416 2519 1611 2574 aquam
1654 2518 1762 2556 non

144 2585 376 2651 haberet,
413 2587 733 2657 impetravit
779 2606 808 2642 a
841 2590 1258 2659 possessoribus
1290 2591 1558 2660 proximae
1589 2591 1762 2655 silvae,

147 2680 342 2752 argenti
401 2680 549 2734 libra
587 2681 734 2746 data,
785 2681 990 2737 fontem
1025 2684 1340 2753 quemdam,
1393 2683 1610 2736 duobus
1653 2682 1764 2735 fere

149 2771 374 2826 millibus
418 2789 456 2826 a
497 2788 596 2827 suo
625 2774 961 2828 monasterio
1011 2775 1331 2829 distantem.
1379 2775 1448 2828 Ex
1480 2790 1588 2846 quo
1618 2774 1765 2828 fonte

150 2875 260 2913 mox
307 2861 459 2915 rivus
505 2877 759 2930 egressus
790 2869 1008 2917 secutus
1035 2871 1116 2916 est
1171 2880 1291 2917 eam
1353 2864 1418 2917 ad
1453 2863 1762 2917 caenobinm

152 2957 500 3004 remeantem.
529 2950 626 3014 Qui
671 2951 850 3005 adhuc
886 2951 1112 3025 largiter
1136 2951 1389 3018 affluens,
1411 2967 1510 3021 pro
1529 2967 1594 3005 eo
1617 2951 1764 3022 quod

150 3046 480 3099 tantumdem
524 3044 684 3100 fuerit
731 3053 969 3116 emptus,
1004 3045 1166 3100 Bibra
1203 3047 1489 3101 vocitatur.
1528 3045 1765 3119 Privigni

152 3133 373 3204 denique
392 3133 578 3206 ipsius
597 3135 811 3189 domnae
835 3137 1020 3197 Bertae,
1050 3135 1397 3207 insurgentes
1413 3144 1600 3189 contra
1621 3151 1763 3200 eam,

155 3223 548 3280 interemerunt
581 3225 746 3280 illam.
774 3225 871 3290 Qui
900 3227 1082 3280 statim
1108 3226 1288 3280 traditi
1316 3227 1524 3279 Satanae
1545 3225 1598 3278 in
1624 3225 1768 3278 inte-
1795 3231 1844 3300 ρ

157 3316 301 3369 ritum
318 3334 447 3371 earn
465 3317 530 3381 is,
555 3317 622 3370 ab
651 3317 892 3372 humano
914 3334 1078 3372 sensu
1104 3318 1156 3370 in
1180 3317 1462 3372 beluinam
1493 3317 1764 3371 feritatem

157 3413 354 3478 mutati,
374 3412 690 3468 decessisse
719 3413 834 3482 [ηις.
869 3430 943 3479 r.,
969 3412 1283 3482 defecisse],
1320 3412 1583 3466 feruntur.
1611 3412 1766 3481 Nepti

157 3519 277 3558 vero
303 3506 491 3560 domni
527 3505 834 3569 Guntberti,
871 3506 1093 3560 nomine
1127 3505 1368 3570 Montiae,
1391 3522 1512 3575 quae
1543 3505 1768 3560 sceleris

163 3596 314 3664 hujus
331 3606 707 3654 consentanea
731 3599 925 3666 fuerat,
943 3607 1102 3654 noctu
1119 3599 1364 3674 vigilanti
1386 3600 1593 3654 domna
1613 3600 1770 3652 Iterta

163 3683 321 3740 fertur
343 3688 694 3760 apparuisse,
715 3688 876 3758 eique
907 3688 1255 3758 praecepisse,
1290 3698 1348 3741 ut
1368 3687 1769 3758 corpusdomni

162 3780 428 3836 Guntbcrti
461 3782 532 3836 ad
567 3783 711 3836 hunc
742 3783 921 3837 locum
957 3783 1186 3837 referrre
1209 3789 1507 3855 satageret,
1531 3799 1593 3836 ac
1618 3782 1772 3850 juxta

165 3887 309 3926 suum
343 3874 504 3928 funus
538 3874 857 3939 collocaret;
893 3875 1082 3946 sicque
1116 3875 1192 3930 illi
1230 3883 1514 3945 peccatum
1539 3874 1774 3929 consciae

169 3968 311 4020 neris
340 3986 450 4023 suae
486 3968 750 4045 l)ornin}is
783 3969 1111 4042 indulgeret.
1149 3970 1274 4033 Quae
1308 3968 1526 4037 signum
1559 3975 1772 4037 petens,

170 4074 267 4128 quo
293 4061 394 4115 sibi
427 4062 713 4115 dimissum
745 4061 797 4114 id
841 4079 963 4115 esse
1014 4062 1200 4127 sciret,
1234 4061 1439 4115 audivit
1471 4061 1616 4131 quod
1652 4077 1776 4114 mox

175 4153 374 4220 utjussa
395 4155 750 4225 complesset,
772 4171 834 4210 ex
859 4156 977 4224 ejus
994 4172 1087 4210 ore
1108 4156 1189 4210 vel
1217 4156 1439 4209 naribus
1458 4163 1779 4225 erumperet

172 4249 401 4321 sanguis.
436 4251 588 4314 Quod
638 4257 690 4304 et
740 4249 1023 4319 impletum
1054 4258 1154 4316 est,
1189 4251 1316 4304 dum
1359 4266 1558 4320 corpus
1589 4248 1775 4303 domui

173 4335 443 4392 Guntherti
490 4340 645 4407 juxta
701 4339 899 4412 pignus
978 4339 1148 4392 Bertae
1211 4338 1542 4394 reconditur.
1611 4337 1778 4405 IIujus

171 4423 374 4480 domnae
399 4427 572 4481 Bertae
607 4443 806 4496 corpus
838 4435 959 4496 post
991 4434 1207 4480 centum
1241 4427 1458 4480 circiter
1483 4443 1657 4480 annos
1691 4427 1775 4479 in-

167 4526 377 4572 ventum
411 4520 802 4591 estintegrum,
828 4529 881 4574 et
903 4521 1074 4594 plagae
1111 4519 1284 4590 ipsius
1315 4519 1389 4573 ita
1414 4527 1541 4573 tunc.
1574 4517 1778 4573 recenti

1784 1857 1836 1924 Β

1870 582 2069 634 mando
2102 595 2167 632 eo
2207 578 2332 631 huic
2373 574 2642 637 ecclesiae,
2675 589 2706 626 a
2746 571 3005 625 Formoso
3062 585 3202 640 papa
3244 568 3477 638 privile-

1866 673 2014 746 gium
2049 672 2364 743 apostolicae
2392 669 2540 722 sedis
2565 665 2901 737 impetravit.

2438 800 2641 854 CAPL'T
2686 798 2909 852 XLVIII.

2042 898 2114 950 De
2145 894 2350 948 duribus
2382 893 2610 945 ρσειρδίιζς
2651 890 2826 942 sancti
2861 887 3069 940 Hilarii
3109 886 3298 938 Remis.

1937 1006 2073 1058 Sunt
2113 1005 2201 1057 hic
2230 1001 2411 1055 Remis
2440 1000 2684 1053 ecclesia»
2716 997 2838 1050 duae
2863 996 2916 1048 in
2947 997 3153 1049 honore
3182 992 3355 1047 sancti
3386 991 3478 1045 Ili-

1867 1094 2028 1148 Iarii:
2080 1109 2186 1145 una
2232 1091 2368 1143 infra
2418 1090 2713 1151 civitatem,
2763 1086 2816 1139 in
2865 1102 2972 1155 qua
3007 1101 3183 1155 nuper
3227 1083 3478 1154 quaedam

1867 1181 2050 1252 puella
2077 1186 2380 1243 contracta,
2422 1185 2474 1230 et
2502 1174 2797 1245 paralytica
2825 1173 3012 1226 divina
3059 1180 3140 1225 est
3167 1178 3346 1226 erecta
3373 1169 3481 1226 vir-

1865 1280 1979 1327 tute
2005 1290 2018 1338 ;
2054 1273 2244 1334 altera,
2276 1285 2397 1340 quae
2424 1274 2506 1321 est
2529 1266 2806 1336 antiquior
2828 1264 3089 1330 ecclesia,
3119 1270 3243 1316 ante
3273 1268 3482 1332 portam

1864 1366 2048 1420 Martis
2084 1365 2205 1430 sita,
2231 1379 2392 1434 quam
2445 1369 2668 1414 sanctus
2695 1357 3021 1430 Rigobertus
3046 1354 3290 1426 pontifex
3329 1364 3484 1408 ante-

1864 1456 2182 1511 cessoribus
2243 1454 2444 1508 nostris
2484 1451 2702 1506 clericis
2762 1451 2826 1503 ad
2861 1449 3193 1518 sepulturam
3243 1446 3482 1515 ipsorum

1865 1546 2038 1598 dedit.
2083 1551 2209 1608 Quae
2242 1543 2473 1602 dudum,
2507 1541 2716 1594 scilicet
2771 1546 2894 1591 amte
2926 1535 3347 1599 discessionem,
3399 1533 3482 1584 vel

1864 1634 2248 1704 expulsionem
2298 1631 2485 1685 domui
2547 1627 2748 1682 Artaldi
2807 1625 3074 1696 epist-cpi,
3129 1623 3336 1678 crebris
3368 1622 3487 1675 Illtl-

1865 1727 2140 1781 strabatur
2197 1726 2496 1779 miraculis.
2547 1723 2699 1777 Unde
2731 1730 2784 1775 et
2841 1730 2970 1774 tunc
3022 1719 3090 1773 ab
3131 1733 3220 1784 eo,
3271 1716 3485 1771 civibus

1864 1835 2085 1889 quoque
2113 1816 2372 1890 suffragia
2397 1815 2725 1880 ferentibus,
2755 1811 2915 1868 tectis
2942 1827 3004 1865 ac
3033 1809 3188 1864 novis
3209 1814 3293 1861 est
3322 1824 3486 1877 repa-

1866 1915 1982 1962 rata
2016 1907 2386 1978 laquearibus.
2423 1905 2552 1958 Nam
2603 1903 2824 1973 quidam
2868 1916 3065 1961 caecus,
3095 1897 3318 1951 nomine
3351 1897 3488 1950 Pau-

1865 2001 1970 2064 lus,
2019 1999 2336 2054 admonitus
2388 1999 2440 2052 in
2475 1997 2704 2062 somnis,
2758 2002 2815 2049 ut
2845 1994 2911 2048 ad
2945 1992 3198 2046 eamdem
3233 2000 3485 2062 pergeret

1865 2089 2178 2154 ecclesiam,
2213 2089 2398 2142 lumen
2444 2087 2518 2140 ibi
2554 2092 2896 2156 recepturus,
2950 2081 3191 2147 advenit,
3227 2089 3280 2134 et
3328 2096 3487 2133 reen-

1866 2188 2058 2248 perato
2093 2177 2322 2242 lumine,
2357 2192 2458 2230 nec
2490 2191 2662 2241 mora,
2722 2173 2914 2227 videns
2953 2169 3212 2225 abcessit.
3256 2168 3483 2234 Quidam

1866 2288 1934 2325 ex
1959 2269 2208 2340 episc0pi
2252 2268 2468 2322 famulis
2519 2284 2644 2321 cum
2695 2265 2762 2320 ad
2815 2266 2987 2336 ipsam
3023 2269 3276 2335 pergeret
3305 2261 3486 2314 eccle-

1866 2360 2010 2413 siam
2063 2359 2390 2429 piscatorem
2424 2372 2547 2410 cum
2607 2355 3008 2425 piscibus'ante
3059 2351 3204 2405 fores
3240 2349 3487 2404 ecclesiae

1866 2448 2091 2502 obvium
2124 2447 2347 2509 habuit;
2381 2462 2520 2516 quos
2567 2444 2990 2515 apprehendens
3028 2443 3176 2496 velut
3205 2447 3490 2510 empturus

1867 2539 2110 2594 abstulit.
2167 2541 2228 2592 At
2271 2553 2482 2608 pauper
2525 2537 2618 2590 ille
2657 2535 2914 2606 piscator,
2950 2541 3006 2588 ut
3062 2533 3190 2587 inde
3230 2532 3335 2586 sibi
3363 2549 3486 2586 cum

1869 2635 2058 2683 sancto
2093 2627 2293 2681 Hilario
2333 2626 2675 2689 conveniret,
2719 2624 3075 2678 devotionum
3121 2622 3387 2676 clamores
3414 2621 3491 2674 lu-

1867 2721 2028 2793 gubri
2059 2728 2244 2774 mente
2279 2719 2332 2772 in
2366 2735 2491 2772 eum
2528 2716 2776 2788 ingessit.
2831 2717 2889 2768 At
2922 2715 3011 2768 ille
3043 2712 3358 2783 despiciens
3386 2712 3490 2764 hu-

1861 2813 2172 2881 juscemodi
2195 2827 2377 2876 voces,
2405 2811 2716 2872 ecclesiam,
2742 2808 2898 2878 quasi
2927 2807 3150 2860 missam
3177 2805 3483 2865 auditerus,

1870 2901 2105 2955 intravit.
2134 2900 2234 2954 L'bi
2267 2901 2396 2953 dum
2437 2906 2624 2963 staret,
2659 2897 2843 2951 subito
2875 2895 3098 2963 corruit,
3135 2895 3488 2970 graviterque

1867 3000 2091 3047 vexatus
2121 2992 2355 3060 ejicitur.
2411 2992 2483 3044 De
2517 3007 2625 3060 qua
2662 2989 2950 3044 vexatione
2985 3004 3093 3042 non
3149 3002 3316 3057 parvo
3345 2993 3494 3040 tem-

1868 3101 1999 3156 pore
2030 3085 2313 3140 laboravit.
2349 3083 2411 3137 1n
2445 3084 2605 3154 hujus
2633 3081 2880 3136 ecclesiae
2913 3079 3237 3136 etemeterio
3261 3077 3486 3150 quidam

1868 3177 2180 3248 Scotigena,
2213 3175 2308 3228 Dei
2340 3175 2560 3240 Servus,
2590 3173 2721 3227 olim
2744 3173 3011 3243 sepultus.
3037 3171 3144 3224 Sed
3177 3171 3430 3239 cumjam
3460 3187 3492 3225 a

1870 3269 2074 3324 nostris
2105 3275 2159 3322 et
2211 3283 2434 3331 nomen,
2467 3275 2518 3319 et
2547 3267 2812 3319 memoria
2871 3265 3042 3334 ipsius
3074 3265 3373 3332 sepultum
3409 3263 3494 3317 vi-

1869 3362 2094 3414 deretur
2123 3359 2354 3422 abolita,
2391 3357 2602 3426 apertis
2659 3372 2780 3409 sese
2813 3356 2981 3425 ccepit
3035 3353 3385 3408 manifestare
3411 3354 3496 3408 vi-

1871 3449 2046 3502 sibus.
2081 3447 2212 3500 Nam
2246 3447 2373 3498 dum
2399 3443 2622 3514 quidam
2655 3442 2854 3496 civium
2889 3457 2996 3495 non
3025 3441 3093 3494 de
3118 3439 3492 3506 inferioribus,

1871 3537 1966 3590 sed
2002 3551 2211 3606 pauper
2245 3533 2431 3598 rebus,
2456 3531 2586 3586 olim
2621 3530 2823 3584 nostris
2849 3530 3047 3584 diebus
3069 3529 3300 3595 obisset,
3334 3530 3492 3584 amici

1873 3625 1991 3693 ejus
2041 3625 2107 3677 ad
2178 3620 2550 3695 llildegarium
2608 3619 2769 3687 hujus
2822 3618 3067 3672 ecclesiae
3116 3617 3496 3687 presbyterum

1873 3718 2222 3781 accedentes,
2259 3721 2453 3785 petunt
2482 3711 2550 3766 ab
2598 3727 2663 3766 eo
2695 3718 2754 3764 ut
2811 3709 2990 3764 locum
3033 3709 3140 3762 sibi
3197 3710 3495 3780 sepulturae

1877 3809 2196 3880 impertiret,
2231 3807 2325 3861 ubi
2361 3805 2759 3876 sarcOphagum
2793 3801 3117 3872 reperirent
3144 3801 3198 3854 in
3233 3817 3342 3872 quo
3373 3818 3497 3856 cor-

1879 3919 1983 3972 pus
2042 3901 2213 3971 ipsius
2246 3897 2546 3953 recondere
2586 3902 2828 3967 possent,
2863 3893 3089 3964 quiajde
3132 3893 3295 3947 rebus
3327 3893 3500 3964 ipsius

1878 3993 2025 4047 unde
2049 3997 2297 4046 emerent
2327 4007 2436 4044 non
2462 3988 2750 4042 haberent.
2790 3986 2888 4051 Qui
2910 3987 3037 4038 dum
3064 3985 3143 4039 eis
3165 3984 3335 4055 petita
3365 4000 3500 4040 con-

1878 4085 2159 4149 cessisset,
2216 4082 2557 4152 sepulturam
2618 4078 2759 4134 servi
2813 4078 2907 4130 Dei
2968 4085 3342 4147 aperucrunt;
3399 4079 3496 4130 sed

1883 4177 2060 4246 ipsum
2091 4176 2212 4243 ejus
2256 4173 2653 4244 sarc0phagum
2709 4169 2921 4239 aperire
2956 4168 3339 4239 nequiverunt.
3385 4167 3501 4232 Quo

1880 4268 2089 4334 audito,
2134 4267 2423 4337 presbyter
2471 4262 2724 4324 accessit,
2767 4269 2820 4314 et
2869 4261 3273 4330 000pertoriuin
3313 4275 3502 4315 sarco-

1881 4360 2045 4433 phagi
2100 4358 2283 4411 levare
2340 4362 2577 4420 tentans,
2625 4352 3025 4423 aliquantulum
3058 4351 3276 4421 aperuit
3312 4353 3500 4422 sepul-

1880 4465 2054 4502 crum.
2100 4447 2170 4501 De
2202 4461 2310 4516 quo
2339 4459 2464 4498 mox
2508 4441 2805 4516 fragrantia
2835 4450 2998 4495 tantae
3025 4440 3311 4495 suavitatis
3337 4457 3494 4496 ema-

1882 4541 2046 4605 navit,
2109 4545 2166 4592 ut
2219 4553 2500 4607 nunquam
2546 4551 2603 4589 se
2644 4533 3110 4589 delectabiliorem
3170 4540 3401 4588 testatus
3430 4535 3500 4589 sit

171 4606 423 4665 afﬂuxere
451 4606 742 4684 sanguine.
770 4628 830 4666 ac
860 4613 902 4665 si
926 4609 1117 4666 eadem
1149 4613 1279 4666 hora
1302 4611 1504 4666 viventi
1539 4612 1772 4666 fuissent
1798 4599 1854 4668 D
1883 4599 2127 4682 hausisse
2157 4599 2402 4681 odorem.
2431 4622 2933 4694 [ntrospiciensque
2960 4623 3109 4676 videt
3135 4638 3334 4693 corpus
3362 4623 3499 4680 inte-

173 4699 409 4772 ingestae.
428 4704 503 4757 Ad
524 4705 716 4758 horum
733 4705 971 4774 denique
985 4712 1298 4759 sanctorum
1317 4705 1585 4758 honorem
1600 4713 1653 4759 et
1668 4723 1780 4759 me-

172 4791 326 4848 ritum
354 4796 872 4864 demonstrandum,
917 4799 1098 4852 .multa
1131 4799 1476 4868 postmodum
1511 4799 1777 4853 Dominus

169 4878 416 4954 dignatus
439 4892 519 4939 est
549 4887 766 4956 operari
787 4887 1068 4945 miracula.
1096 4903 1216 4957 quae
1241 4902 1403 4940 causa
1427 4887 1775 4960 negligentiae

170 4973 562 5030 nonhabentur
582 4976 835 5046 ascripta.
863 4978 937 5031 De
971 4977 1509 5048 quibuslibetautem
1546 4978 1772 5032 tribula-

168 5061 406 5119 tionibus
437 5067 682 5137 ipsorum
711 5070 1064 5144 congregatio
1083 5070 1297 5124 Domini
1317 5069 1773 5140 misericordiam,

170 5165 261 5219 per
275 5170 463 5208 eorum
485 5156 938 5212 intercessionem
962 5161 1209 5229 expetiit,
1230 5159 1663 5213 misericorditer
1680 5159 1776 5212 im-

168 5256 381 5308 pensam
443 5245 549 5300 sibi
584 5249 1019 5304 consolationem
1050 5249 1336 5319 percipere
1378 5251 1592 5303 meruit.
1625 5251 1775 5312 Qua»-

169 5328 282 5384 dam
328 5341 594 5404 praeterea
650 5337 846 5390 mulier
894 5338 962 5392 ab
1017 5339 1182 5392 altare
1233 5338 1394 5405 hujus
1451 5340 1766 5392 monasterii

166 5416 386 5474 linteum
419 5439 599 5492 nuper
630 5425 802 5478 furata
832 5442 1017 5480 secum
1052 5427 1193 5480 ferre
1222 5428 1413 5493 voluit,
1448 5427 1544 5480 sed
1581 5430 1766 5498 egredi

165 5507 445 5564 ecclesiam
499 5513 650 5568 nullo
683 5515 845 5569 modo
892 5516 1088 5585 potuit,
1122 5527 1298 5571 donec
1330 5534 1486 5571 suum
1519 5517 1770 5573 confessa

169 5610 390 5672 reatum,
422 5605 697 5662 sublatum
733 5609 968 5664 restituit
996 5611 1150 5664 altari
1204 5613 1403 5666 velum.
1441 5612 1550 5665 Hoc
1583 5629 1772 5669 mona-

168 5692 409 5761 sterium,
467 5696 554 5749 vel
605 5697 880 5752 abbatiam
932 5701 1167 5753 domnus
1223 5700 1386 5755 Fulco
1446 5702 1643 5770 praesul
1702 5703 1770 5756 ab

169 5782 348 5841 Odone
380 5805 509 5861 rege
540 5791 767 5846 concedi
811 5793 1056 5847 ecclesiae
1089 5793 1344 5847 Remensi
1385 5810 1482 5863 per
1513 5794 1768 5866 paginam

1876 4733 2034 4791 grum
2093 4713 2531 4769 sacerdotalibus
2590 4710 2777 4766 infulis
2817 4710 3155 4778 redimitum,
3213 4728 3498 4784 recompo-

1877 4819 2127 4876 nensque
2150 4802 2389 4874 sepulcri
2416 4802 2635 4873 pallam,
2663 4815 2774 4854 non
2799 4815 2966 4853 ausus
2989 4806 3073 4854 est
3097 4800 3236 4855 hanc
3256 4801 3496 4872 amplius

1875 4893 2084 4948 violare
2115 4891 2486 4962 sepulturam;
2513 4889 2762 4960 permisit
2785 4896 2966 4942 tamen
2994 4895 3053 4943 ut
3085 4889 3230 4943 idem
3270 4906 3491 4961 corpus,

1876 4982 2142 5052 depositis
2181 4981 2535 5052 quibusdam,
2587 4985 3058 5049 superponeretur
3107 4978 3328 5034 tabulis.
3370 4980 3494 5050 Ipsa

1877 5083 2038 5127 nocte
2069 5073 2218 5126 visus
2247 5080 2328 5126 est
2361 5072 2411 5126 ei
2433 5071 2738 5126 avunculus
2767 5087 2902 5124 suus
2942 5069 3230 5141 presbyter
3260 5071 3314 5125 in
3345 5087 3493 5128 som-

1877 5161 1982 5225 nis,
2018 5160 2109 5230 qui
2137 5160 2248 5226 jam
2275 5159 2481 5213 dudum
2513 5159 2846 5225 decesserat,
2876 5175 3130 5213 asserens
3156 5160 3302 5230 quod
3335 5161 3492 5216 valde

1875 5247 2195 5303 offendisset
2227 5249 2394 5301 Deum
2422 5247 2693 5316 praeterita
2709 5248 2818 5313 die,
2839 5248 3074 5302 maxime
3105 5249 3150 5302 si
3175 5249 3490 5320 sepulcrum

1873 5349 2046 5395 sancti
2077 5340 2282 5394 violare
2316 5339 2778 5410 praesumpsisset.
2835 5341 2983 5395 Idem
3017 5358 3238 5413 quoque
3297 5338 3492 5398 beatus

1874 5435 1953 5488 vir
1980 5433 2203 5504 quidam
2243 5433 2344 5486 sub
2379 5431 2512 5501 ipsis
2544 5431 2741 5486 diebus
2772 5442 3045 5503 apparuxt,
3078 5444 3132 5489 et
3157 5435 3287 5506 quia
3327 5436 3487 5492 valde

1872 5533 2192 5597 gravaretur
2215 5542 2325 5596 prae
2357 5524 2601 5594 pondere
2624 5531 2677 5579 et
2710 5525 3035 5600 indignitate
3062 5527 3362 5598 superjecti
3384 5529 3492 5584 sibi

1873 5615 2156 5668 cadaveris
2180 5614 2470 5680 intimavit,
2497 5621 2632 5668 etut
2661 5614 2926 5668 indicaret
2949 5616 3272 5688 presbytero
3292 5618 3491 5688 jussit:

1874 5707 2001 5777 quia
2036 5707 2140 5760 nisi
2174 5708 2281 5762 cito
2312 5723 2510 5777 corpus
2553 5707 2603 5761 id
2653 5708 2794 5779 [ms.,
2819 5709 2950 5778 jam]
2988 5708 3216 5765 fetidum
3247 5728 3278 5765 a
3308 5715 3496 5784 sepul-

1875 5808 1993 5852 tura
2005 5814 2101 5852 sua
2121 5799 2432 5870 repelleret,
2453 5800 2639 5855 divina
2666 5803 2990 5874 quantocius
3011 5802 3220 5858 ultione
3238 5803 3493 5874 plecten-
