3972 6206
477 353 582 410 323

1591 347 1952 404 FLODOARDI
1997 347 2297 404 CANONICI
2339 346 2667 403 REMENSIS

3731 352 3848 410 324

477 475 581 529 dus
611 479 772 529 esset.
807 471 900 527 His
931 468 1222 542 presbyter
1251 471 1724 528 admonitionibus
1754 473 2090 544 pavefactus,
2115 482 2168 549 Α
2193 475 2362 546 cepit,
2395 473 2714 546 facturaque
2744 473 2910 528 fidem
2935 473 3114 540 dictis,
3146 488 3270 529 cum
3299 472 3506 528 marito
3537 473 3611 527 ad
3644 474 3842 530 vicum

476 564 710 620 cadaver
739 561 887 633 quod
918 561 1216 631 sepulturae
1254 561 1428 616 sancti
1458 562 1864 631 superpositum
1892 563 2090 630 fuerat,

475 656 598 724 ejici
633 654 760 708 fecit
783 671 906 709 cum
941 654 1314 720 festinatione,
1344 661 1399 708 et
1429 663 1617 724 aperta
1647 654 1779 708 alibi
1807 655 2092 726 sepultura

474 744 804 798 recondidit.
829 743 988 797 Visus
1009 749 1092 796 est
1121 742 1265 796 idem
1284 749 1508 796 sanctus
1531 743 1747 798 Domini
1770 751 1962 814 postea
1981 743 2094 799 cui-

478 835 602 888 dam
634 833 858 899 rustico,
893 832 1224 903 praecipiens
1255 832 1305 886 ei
1336 839 1397 887 ut
1429 831 1533 887 iret
1562 832 1629 886 ad
1653 833 1972 904 episcopum
1995 834 2092 886 Ar-

473 926 706 991 toldum,
725 936 782 979 et
797 925 1068 979 indicaret
1084 923 1134 978 ei
1159 941 1223 978 ex
1242 923 1429 977 verbis
1453 924 1595 992 ejus,
1615 932 1674 978 ut
1697 940 1898 994 corpus
1918 924 2091 994 ipsius

474 1020 620 1090 quod
645 1027 797 1072 extra
824 1017 1062 1089 jacebat,
1097 1017 1239 1070 intra
1262 1015 1548 1070 ecclesiam
1575 1015 1908 1069 transferret.
1935 1016 2088 1080 Quod

475 1112 620 1165 idem
652 1111 889 1164 rusticus
935 1109 1186 1164 intimare
1220 1109 1439 1174 timens,
1479 1107 1718 1178 neglexit
1749 1107 2085 1160 mandatum.

475 1200 583 1254 Nec
611 1201 774 1273 longe
795 1207 918 1268 post
941 1198 1137 1252 iterum
1162 1213 1436 1266 apparens
1456 1195 1758 1268 evigilanti,
1786 1195 1992 1249 duriter
2011 1196 2091 1249 in-

475 1293 719 1363 crepavit
748 1292 921 1353 illum,
965 1305 1135 1361 quare
1167 1297 1499 1359 praeceptum
1532 1287 1790 1361 neglexit,
1823 1296 1876 1341 et
1907 1288 2086 1342 corri-

475 1385 635 1456 piens
655 1385 810 1454 alapa
829 1384 948 1452 ejus
964 1381 1240 1452 percussit
1263 1379 1555 1434 maxillam.
1581 1378 1679 1443 Qui
1703 1393 1826 1432 mox
1841 1379 2086 1432 auditum

476 1473 660 1527 amisit
693 1472 862 1542 ipsius
892 1471 1040 1526 auris
1069 1471 1122 1524 in
1155 1486 1262 1540 qua
1295 1485 1584 1538 percussus
1614 1475 1694 1521 est
1735 1475 1907 1538 parte,
1938 1467 2087 1537 capi-

476 1560 659 1630 tisque
693 1560 884 1614 dolore
919 1575 1016 1630 per
1045 1556 1335 1612 dimidium
1360 1556 1471 1610 fere
1502 1564 1728 1611 vexatus
1757 1563 1838 1609 est
1862 1572 2090 1610 annum.

473 1653 686 1707 Deinde
742 1652 961 1706 cuidam
1003 1652 1328 1722 presbytero
1357 1650 1410 1703 in
1438 1650 1630 1704 eadem
1682 1650 1936 1715 ecclesia,
1988 1649 2090 1703 sub

474 1741 759 1811 praemisso
799 1740 1086 1794 sacerdote
1137 1738 1422 1804 servienti,
1461 1754 1736 1808 apparens
1794 1738 1849 1791 in
1879 1737 2091 1792 visione

475 1830 712 1900 quadam
742 1829 1027 1885 Dominica
1063 1837 1243 1893 nocte,
1274 1828 1725 1895 admonuiteum,
1756 1827 2091 1898 utepiscopo

472 1919 761 1986 indicaret,
795 1928 1069 1990 quatenus
1101 1933 1303 1988 corpus
1331 1918 1504 1988 ipsius
1543 1917 1597 1970 in
1639 1916 1955 1986 praedictam
1995 1930 2090 1968 ec-

475 2010 703 2065 clesiam
737 2011 1096 2077 transferret;
1156 2011 1334 2065 locum
1368 2025 1587 2080 quoque
1643 2008 1738 2061 ubi
1771 1997 2089 2078 ponendum

473 2101 616 2156 foret
646 2104 942 2157 ostendere
985 2117 1096 2157 non
1128 2102 1332 2167 omisit,
1365 2101 1624 2156 intimans
1655 2100 1706 2154 ei
1750 2100 1985 2166 obitum,
2036 2108 2091 2153 ct

471 2210 691 2248 causam
725 2194 932 2261 obitus,
961 2194 1046 2248 vel
1079 2194 1348 2248 adventus
1383 2194 1490 2260 sui,
1531 2192 1850 2267 significans
1880 2209 1939 2246 se
1960 2192 2092 2246 Sco-

471 2281 713 2354 tigenam
747 2281 938 2347 fuisse,
976 2282 1314 2352 Romamque
1344 2281 1612 2337 orationis
1644 2281 1817 2356 gratia
1847 2296 1969 2336 cum
2001 2294 2092 2334 so-

470 2373 570 2427 ciis
601 2374 829 2444 petendi
863 2375 1061 2428 itinere
1120 2359 1470 2445 occupatum,
1514 2390 1544 2427 a
1584 2373 1890 2428 latronibus
1927 2388 2093 2443 super

469 2465 710 2519 Axonam
741 2464 968 2520 fluvium
1011 2465 1184 2520 fuisse
1218 2474 1590 2537 peremptum,
1625 2466 1865 2538 indeque
1891 2480 2091 2535 corpus

469 2568 628 2607 suum
651 2570 681 2607 a
710 2554 878 2608 sociis
910 2555 1016 2608 huc
1031 2554 1299 2620 delatum,
1324 2554 1514 2625 ibique
1544 2555 1817 2624 sepultum
1847 2571 1861 2619 ;
1891 2569 2091 2624 propa-

471 2644 591 2698 lans
613 2645 775 2698 etiam
807 2660 1008 2699 nomen
1032 2662 1216 2711 suum,
1251 2647 1398 2716 quod
1429 2655 1718 2700 vocaretur
1737 2645 2090 2701 Morolilanus

473 2735 612 2806 [sciL
645 2735 1245 2808 Merolianus],jubens
1274 2744 1331 2791 ut
1354 2737 1409 2790 id
1442 2753 1666 2802 nomen,
1701 2753 1770 2790 ne
1803 2736 1939 2790 forte
1971 2752 2090 2790 me-

468 2827 643 2881 moria
698 2827 1073 2895 delaberetur,
1107 2829 1383 2882 ascribere
1426 2836 1664 2897 curaret,
1709 2827 2089 2898 inclinansque

469 2932 531 2971 se
570 2925 895 2989 partemque
954 2926 1140 2985 cretae,
1182 2936 1303 2990 quae
1348 2919 1572 2974 fortuitu
1595 2918 1835 2988 jaccbat,
1889 2935 2092 2989 appre-

465 3005 719 3060 hendens
740 3006 894 3061 dedit
921 3007 993 3071 ei,
1021 3009 1352 3078 praecipiens
1374 3016 1433 3062 ut
1462 3008 1593 3062 illud
1621 3008 1888 3063 continuo
1914 3009 2089 3062 adno-

465 3102 606 3152 taret
633 3096 686 3148 in
718 3113 844 3152 arca
890 3115 1012 3169 quae
1043 3099 1184 3153 lecto
1214 3098 1386 3168 ipsius
1425 3097 1757 3152 adhaerebat.
1794 3098 1960 3162 Quam
1995 3097 2086 3151 ille

2194 567 2462 637 pervenit,
2495 575 2550 620 et
2581 567 2720 620 dans
2739 581 2909 635 super
2935 565 3297 636 quarumdam
3327 564 3707 619 ecclesiarum
3746 566 3840 619 al—

2192 654 2328 709 taria
2351 654 2761 724 jusjurandum,
2789 654 3012 708 tandem
3043 653 3297 724 pervenit
3337 653 3406 707 ad
3437 654 3614 722 hujus
3647 655 3838 708 eccle-

2190 747 2284 800 sim
2315 746 2564 813 domum,
2610 745 2884 801 accedens
2927 745 2997 799 ad
3033 746 3224 811 altare,
3279 745 3409 798 dum
3451 743 3594 799 falsa
3639 756 3840 800 mente

2191 835 2401 902 dejcrat
2431 833 2700 905 improba,
2733 839 2962 904 repente
3000 841 3157 888 utero
3187 833 3441 904 disrupto
3472 833 3606 902 ojus
3630 833 3842 888 labun-

2192 923 2279 978 iur
2311 924 2477 980 humo
2534 925 2804 991 intranea,
2845 922 3251 994 procidensque
3298 928 3521 978 mortua
3577 923 3838 978 ostendit

2191 1032 2355 1087 quam
2388 1031 2515 1071 vera
2545 1023 2730 1071 essent
2752 1032 2874 1087 quae
2895 1015 2965 1070 de
2985 1031 3045 1069 se
3076 1015 3272 1070 marito
3295 1013 3512 1070 fuerant
3543 1015 3833 1070 intimate.

2191 1108 2288 1163 Ille
2319 1116 2452 1162 nutu
2482 1108 2576 1162 Dei
2598 1115 2962 1178 compunctus
2990 1108 3059 1161 ad
3090 1107 3439 1174 miraculum,
3471 1107 3707 1162 vovisse
3733 1115 3836 1163 tra-

2191 1200 2339 1254 ditur
2363 1217 2422 1255 se
2469 1200 2702 1255 ulterius
2733 1199 3020 1253 mulierem
3057 1213 3167 1254 non
3223 1199 3543 1253 habiturum
3578 1218 3596 1264 ;
3659 1198 3835 1254 fami-

2190 1291 2431 1362 liamque
2458 1291 2615 1346 uxori
2655 1291 2964 1366 delegatam
3005 1289 3188 1344 eidem
3224 1289 3493 1344 addicens
3537 1289 3828 1353 ecclesiae,

2190 1380 2330 1434 hanc
2359 1379 2440 1433 eis
2467 1380 2620 1434 dedit
2651 1379 2852 1453 legem,
2882 1385 2940 1433 ut
2963 1377 3164 1448 capitis
3203 1394 3428 1432 censum
3459 1377 3686 1433 ibidem
3720 1381 3830 1434 de-

2190 1469 2517 1540 penderent,
2539 1468 2786 1538 nullique
2809 1475 3004 1538 praeter
3025 1467 3077 1520 id
3091 1466 3317 1522 obnoxii
3339 1467 3573 1522 servitio
3605 1467 3824 1523 forent.

2193 1557 2560 1622 Quaafamilia
2591 1558 2692 1611 hac
2715 1556 2820 1610 sibi
2845 1557 2966 1630 lege
2997 1563 3230 1618 servata,
3262 1556 3331 1608 ad
3354 1555 3465 1610 duo
3495 1556 3712 1620 millia,
3742 1557 3830 1611 vel

2194 1645 2429 1716 amplius
2457 1646 2765 1701 excrevisse
2797 1644 3068 1715 reperitur
3095 1643 3296 1714 capita,
3329 1652 3388 1698 ut
3413 1645 3575 1710 olim,
3602 1645 3832 1700 scilicet

2193 1742 2484 1805 antequam
2547 1741 2852 1789 vastaretur
2900 1749 2930 1787 a
2970 1732 3242 1799 barbaris,
3293 1733 3592 1789 duodecim
3649 1733 3830 1789 libras

2118 1799 2166 1867 Β
2192 1799 2402 1903 argenti
2430 1829 2679 1901 partibus
2711 1834 2994 1900 praestaret
3023 1827 3294 1884 ecclesiae.

2295 2019 2370 2070 De
2410 2017 2689 2070 miraculis
2744 1941 3190 2069 δανιξέἯῖνὲἦί
3234 2014 3412 2070 Remis
3442 2014 3718 2068 ostensis.

2260 2109 2394 2162 Aliis
2418 2110 2581 2162 etiam
2614 2107 2894 2163 nonnullis
2925 2107 3072 2162 beati
3115 2107 3292 2161 Patris
3325 2106 3489 2175 hujus
3516 2105 3685 2160 urbis
3719 2121 3826 2160 no-

2189 2204 2298 2251 stra
2329 2197 2501 2251 fertur
2532 2196 2790 2269 insignita
2843 2195 3143 2250 miraculis.
3196 2195 3268 2249 Ex
3321 2196 3525 2266 quibus
3582 2211 3654 2249 ea
3697 2210 3826 2266 quae

2188 2294 2411 2340 sanctus
2467 2285 2762 2359 Gregorius
2782 2285 3120 2340 Turonensis
3179 2285 3364 2356 (Gneo.
3394 2286 3490 2339 lib.
3526 2302 3583 2339 iv
3616 2287 3819 2341 Hii-ac.

2190 2377 2246 2431 S.
2275 2377 2523 2441 Martini,
2545 2392 2594 2429 c.
2634 2374 2724 2443 26)
2758 2373 2813 2427 in
2844 2373 2961 2428 suis
2992 2374 3378 2429 miraculorum
3403 2373 3567 2427 libris
3594 2382 3826 2428 enarrat

2190 2467 2280 2522 hic
2320 2467 2512 2521 indere
2545 2466 2773 2537 placuit,
2822 2472 2882 2520 ut
2911 2465 2956 2520 si
2986 2466 3080 2537 qui
3112 2466 3228 2520 hac
3273 2465 3545 2539 legentes,
3582 2480 3651 2519 ea
3686 2463 3827 2519 forte

2191 2574 2298 2613 non
2324 2557 2682 2632 legerint,hic
2704 2557 2950 2629 reperire
2978 2557 3212 2628 possint.
3239 2557 3452 2612 Rerfert
3476 2556 3633 2610 enim
3667 2555 3823 2627 quod

2190 2655 2507 2703 transeunte
2537 2663 2596 2702 se
2619 2648 2897 2718 quondam
2921 2663 3022 2718 per
3038 2662 3239 2719 pagum
3272 2646 3630 2707 Remensem,
3671 2652 3827 2698 retu-

2190 2741 2314 2794 lerit
2339 2741 2388 2795 ei
2432 2740 2657 2811 quidam
2685 2739 2996 2802 Remensis,
3027 2754 3304 2793 carcerem
3345 2739 3398 2793 in
3429 2753 3545 2808 quo
3574 2737 3821 2792 famulus

2191 2830 2366 2901 ipsius
2394 2828 2636 2884 hominis
2661 2829 2803 2882 inter
2819 2827 3293 2898 reliquosvinctus
3323 2827 3640 2893 tenebatur,
3666 2827 3819 2882 beati

2189 2919 2404 2974 Martini
2432 2919 2632 2973 virtute
2673 2916 3028 2988 patefactum,
3072 2916 3398 2987 vinctosque
3427 2915 3497 2969 ab
3538 2917 3823 2988 ergastulo

2188 3011 2492 3077 absolutos,
2522 3009 2728 3065 liberos
2758 3008 3116 3064 abscessisse.
3163 3009 3289 3063 Erat
3317 3008 3463 3063 enim
3499 3009 3823 3077 hujusmodi

2188 3117 2396 3168 carcer,
2430 3109 2489 3154 ut
2526 3115 2694 3168 super
2717 3105 2924 3153 struem
2961 3098 3238 3172 tignorum
3267 3113 3396 3153 axes
3415 3096 3585 3150 validi
3621 3114 3822 3168 super-

465 3198 669 3244 cretam
701 3189 852 3244 visus
899 3197 980 3244 cst
1011 3189 1315 3260 accepisse,
1350 3205 1666 3261 nomenque
1697 3190 2081 3260 descripsisse.
2117 3169 2165 3238 Ο
2190 3192 2356 3264 positi
2399 3191 2838 3262 pulpitarentur:
2873 3205 2937 3244 ac
2965 3190 3208 3260 desuper
3233 3191 3329 3261 qui
3361 3188 3623 3244 eumdem
3655 3188 3815 3260 [ογ-ἐρ.

469 3277 532 3332 In
569 3297 678 3350 quo
711 3280 838 3334 dum
875 3294 973 3350 pro
995 3281 1036 3334 L
1071 3279 1270 3347 littera,
1301 3282 1339 3334 Ii
1367 3279 1654 3347 scriberet,
1685 3278 1961 3353 corrigere
1983 3280 2087 3334 hoc

469 3388 596 3426 eum
630 3373 864 3439 monuit,
916 3380 969 3427 et
1003 3372 1076 3426 ita
1108 3372 1160 3426 in
1195 3374 1492 3426 crastinum
1523 3373 1629 3428 hoc
1676 3387 1878 3427 nomen
1907 3372 2084 3426 ascri-

467 3471 621 3535 ptum
652 3463 936 3519 inventum
982 3472 1083 3531 est,
1143 3473 1201 3519 ut
1239 3472 1534 3519 testaretur
1573 3465 1718 3519 idem
1774 3465 2083 3536 presbyter,

466 3552 614 3622 quod
652 3552 930 3626 vigilando
961 3569 1062 3623 per
1091 3552 1234 3607 diem
1299 3563 1404 3608 tam
1438 3553 1580 3608 bene
1611 3553 1854 3609 scribere
1885 3555 2086 3625 nequi-

465 3643 658 3698 visset.
695 3645 902 3708 Quibus
928 3646 1362 3701 revelationibus
1383 3646 1627 3701 monitus
1656 3645 1973 3718 episcopus,
2000 3663 2086 3702 ec-

463 3730 686 3786 clesiam
714 3733 936 3804 quidem
973 3735 1268 3789 restaurari
1302 3735 1450 3800 fecit,
1483 3735 1581 3789 sed
1610 3750 1811 3806 corpus
1834 3746 2082 3791 sanctum

463 3840 575 3880 non
616 3828 918 3882 transtulit.
953 3827 1064 3882 Nec
1095 3828 1186 3882 diu
1217 3834 1408 3898 postea
1460 3827 1541 3882 sic
1571 3829 1621 3882 ei
1651 3828 1903 3900 contigit,
1935 3839 1996 3883 ut
2028 3831 2083 3884 in

460 3917 654 3973 eadem
696 3920 931 3975 ecclesia
953 3936 1138 3976 coram
1171 3921 1397 3992 l-lugone
1429 3920 1680 3992 principe
1711 3937 1770 3978 se
1801 3921 2084 3978 abdicaret

459 4007 730 4079 episcOpii
759 4009 1181 4084 gubernatione.

1060 4118 1267 4174 CAPUT
1305 4121 1479 4175 XLIX.

527 4210 603 4263 De
630 4206 864 4262 ecclesiis
896 4209 955 4261 in
983 4207 1180 4262 honore
1213 4213 1388 4263 sancti
1416 4213 1646 4266 Martini
1674 4214 2011 4281 circumqua-

563 4295 664 4348 que
691 4295 790 4348 per
817 4283 984 4333 totum
1023 4282 1236 4334 circiter
1270 4283 1596 4351 episcopium
1626 4288 1966 4339 constructis.

530 4372 588 4425 In
645 4371 853 4426 honorc
879 4387 1103 4443 quoque
1160 4373 1304 4427 beati
1341 4373 1554 4428 Martini
1605 4376 1790 4430 multae
1838 4375 2075 4430 circum-

457 4475 679 4531 quaque
714 4475 813 4530 per
843 4467 1017 4514 totum
1057 4460 1274 4515 circiter
1312 4462 1656 4534 episcopium
1692 4463 1964 4519 habentur
1983 4480 2072 4520 ec-

2186 3283 2427 3353 eosdem]
2462 3281 2864 3352 Opprimerent,
2885 3282 3136 3353 insignes
3160 3281 3378 3336 fuerant
3401 3280 3620 3351 lapides
3641 3281 3819 3337 collo-

2187 3376 2314 3430 cati.
2351 3374 2725 3428 Nihilominus
2751 3382 2806 3428 et
2833 3375 3032 3428 ostium
3075 3373 3312 3429 carceris
3340 3388 3464 3427 sera
3500 3371 3652 3428 ferro
3692 3389 3818 3427 mu-

2187 3468 2321 3534 nita,
2354 3467 2617 3532 obducto,
2647 3467 2798 3521 clave
2838 3466 3083 3538 pessulo,
3123 3466 3515 3522 obserabatur.
3551 3465 3663 3519 Sed
3704 3467 3810 3521 vir-

2187 3566 2274 3612 tus
2296 3555 2576 3615 antistitis.
2606 3562 2667 3609 ut
2697 3556 2814 3626 ipse
2848 3555 3052 3611 relator
3081 3555 3342 3622 asseruit,
3383 3553 3601 3625 lapides
3628 3555 3818 3626 pulpi-

2187 3655 2350 3717 taque
2383 3644 2624 3712 disjecit,
2657 3652 2879 3700 catenas
2908 3643 3202 3719 confregit,
3231 3644 3438 3698 trahem
3460 3660 3588 3715 quae
3605 3644 3815 3701 vincto-

2187 3755 2304 3793 rum
2336 3737 2649 3794 coarctabat
2675 3738 2847 3808 pedes
2873 3737 3112 3806 aperuit,
3143 3753 3207 3792 ac
3242 3753 3346 3792 nec
3375 3744 3624 3793 reserato
3646 3739 3805 3806 ostio,

2186 3828 2440 3883 homines
2499 3843 2597 3898 per
2633 3842 2761 3881 acra
2789 3826 3109 3881 sublevatos
3161 3825 3326 3894 foras,
3357 3835 3505 3882 tecto
3558 3834 3807 3897 patente,

2183 3920 2459 3992 produxit,
2485 3919 2676 3973 dicens
2701 3936 2713 3972 :
2753 3939 2777 3969 α
2800 3919 2910 3991 Ego
2939 3935 3058 3972 sum
3083 3919 3365 3985 Martinus,
3399 3919 3560 3973 miles
3585 3919 3806 3986 Christi,

2183 4011 2467 4066 absolutor
2485 4019 2685 4074 vester,
2704 4010 2986 4065 abscedite
3003 4027 3128 4066 cum
3152 4027 3308 4081 pace,
3337 4017 3390 4065 et
3421 4010 3573 4065 abite
3599 4012 3805 4067 securi.

2181 4100 2288 4156 Sed
2316 4116 2437 4154 cum
2480 4115 2606 4162 nos.
2649 4098 2830 4170 inquit
2862 4099 3177 4173 Gregorius,
3210 4099 3276 4154 ad
3311 4116 3496 4173 regem
3529 4101 3803 4156 acceden-

2180 4195 2264 4244 tes
2286 4190 2448 4258 hujus
2475 4188 2695 4243 virtutis
2734 4187 3056 4243 miraculum
3086 4186 3516 4251 diffamaremus,
3559 4188 3802 4245 affirma-

2179 4279 2256 4332 vit
2288 4293 2379 4333 rex
2411 4277 2682 4349 quosdam
2721 4293 2785 4332 ex
2818 4277 2903 4331 his
2955 4277 3049 4350 qui
3103 4277 3340 4332 absoluti
3381 4278 3602 4334 fuerant
3650 4279 3716 4334 ad
3743 4297 3798 4334 sc

2178 4370 2422 4438 venisse,
2463 4376 2626 4441 atque
2658 4369 3117 4440 compositionem
3154 4369 3283 4425 fisco
3323 4369 3592 4438 debitam,
3635 4388 3794 4442 quam

2176 4459 2253 4513 illi
2287 4459 2502 4514 fredum
2533 4467 2750 4527 vocant,
2781 4469 2835 4514 et
2865 4462 2923 4513 se
2956 4459 3125 4516 fuisse
3164 4461 3275 4518 reis
3303 4461 3595 4517 indultam.
3632 4482 3662 4513 ιι
3692 4461 3796 4517 Re-

455 4552 656 4618 clesiae,
688 4551 890 4605 divinis
913 4553 1192 4608 miraculis
1219 4553 1524 4622 illustratae,
1548 4556 1615 4609 ad
1647 4571 1770 4627 quae
1793 4556 2073 4611 neminem
2099 4537 2156 4605 D
2180 4549 2285 4605 fert
2312 4551 2478 4606 etiam
2508 4551 2654 4606 idem
2679 4552 2974 4624 Gregorius
3000 4554 3114 4620 (ubi
3137 4569 3324 4624 sup-ra,
3351 4554 3447 4608 lib.
3482 4571 3543 4622 ιι,
3565 4571 3669 4624 (ξαρ
3713 4555 3794 4624 ‘17)

459 4640 739 4696 credimus
764 4642 1070 4695 enarranda
1101 4641 1375 4697 sufficere.
1414 4644 1472 4697 ln
1495 4643 1616 4699 vico
1638 4644 1879 4717 denique
1905 4645 2080 4700 sancti

454 4728 688 4803 Remigii
711 4738 928 4786 constat
953 4730 1189 4786 ecclesia
1216 4732 1380 4800 hujus
1406 4733 1550 4788 beati
1577 4733 1932 4801 confessoris,
1957 4751 2080 4807 quae

452 4817 780 4874 clericorum
807 4819 938 4874 olim
970 4820 1142 4874 fertur
1173 4821 1434 4877 habuisse
1465 4824 1973 4897 congregationem,
2007 4825 2075 4880 de

454 4929 564 4987 qua
593 4915 700 4970 tale
732 4915 877 4986 apud
932 4932 1034 4971 nos
1068 4917 1300 4972 refertur
1343 4917 1686 4974 miraculum.
1723 4920 1950 4984 Quidam
1992 4921 2075 4974 vir

451 5007 699 5074 illustris,
754 5023 877 5062 cum
911 5008 1154 5065 duxisset
1204 5026 1453 5075 uxorem,
1488 5026 1596 5066 non
1656 5011 1820 5086 longe
1861 5020 1984 5083 post
2014 5013 2070 5067 in

450 5100 864 5171 eXpeditionem
880 5111 1156 5173 praecepto
1177 5103 1320 5176 regis
1349 5104 1647 5175 profectus,
1672 5105 1875 5176 diuque
1889 5121 2070 5161 mora-

453 5196 564 5254 tus,
599 5195 890 5260 postquam
920 5191 1142 5245 domum
1173 5191 1446 5258 rediisset,
1478 5192 1849 5268 significatum
1881 5201 1964 5249 est
1991 5195 2068 5249 illi

450 5274 598 5348 quod
623 5293 764 5332 uxor
804 5277 922 5346 ejus
953 5278 1223 5334 adulterio
1254 5279 1446 5335 fuisset
1476 5289 1750 5352 corrupta.
1785 5281 1955 5346 Quam
1985 5283 2071 5338 vir

447 5384 673 5424 uxorem
710 5369 969 5444 diligens,
1003 5371 1096 5426 tali
1147 5372 1552 5428 examinatione
1604 5373 1837 5444 probare
1890 5374 2067 5430 voluit

446 5461 654 5526 audita,
687 5469 745 5516 ut
777 5479 943 5532 supra
973 5479 1128 5518 sacra
1174 5465 1530 5520 ecclesiarum
1565 5483 1686 5538 quae
1723 5466 1778 5519 in
1813 5466 1912 5521 hac
1942 5467 2062 5523 vico

447 5547 725 5603 habentur
754 5566 890 5604 uxor
931 5550 1036 5604 sibi
1065 5553 1275 5618 juraret
1321 5553 1512 5608 altaria
1544 5555 1691 5625 quod
1733 5555 1838 5609 hoc
1875 5555 2063 5610 crimi-

447 5649 518 5688 ne
568 5643 711 5690 esset
743 5637 988 5704 innoxia,
1020 5639 1210 5710 sicque
1251 5641 1511 5695 immunis
1547 5643 1654 5697 sibi
1709 5645 2057 5713 postmodum

446 5718 590 5777 foret
617 5739 647 5776 a
678 5738 838 5778 noxa.
871 5725 1024 5789 Quod
1065 5727 1160 5780 illa
1188 5743 1300 5781 non
1333 5729 1602 5797 abnuens,
1642 5738 1896 5801 prompta
1925 5747 2054 5786 sus-

2178 4657 2236 4696 se
2265 4642 2544 4711 quondam
2576 4642 2716 4696 hanc
2749 4642 2942 4696 urbem
2969 4642 3194 4712 petisse,
3228 4652 3282 4697 et
3314 4642 3369 4696 in
3401 4644 3646 4700 sacrario
3694 4644 3797 4699 hu-

2172 4730 2266 4799 jus
2297 4729 2585 4784 Remensis
2632 4729 2880 4784 ecclesiae
2935 4731 3154 4805 Sigonis
3182 4747 3370 4786 aurem
3408 4733 3632 4787 surdam
3658 4733 3795 4788 refe-

2178 4821 2422 4876 rendarii
2455 4820 2728 4896 Sigeberti
2759 4822 2926 4896 regis,
2980 4823 3179 4878 virtute
3209 4823 3358 4879 beati
3411 4825 3648 4893 Martini,
3693 4843 3792 4881 cu-

2169 4912 2260 4981 jus
2285 4911 2636 4966 habebantur
2673 4911 2822 4982 apud
2847 4928 2906 4966 se
2948 4913 3199 4984 pignora,
3234 4913 3364 4967 dum
3389 4915 3795 4986 collequeretur

2173 5020 2384 5073 secum,
2425 5004 2610 5059 subito
2651 5003 2978 5075 patefactam
3010 5014 3174 5078 atque
3203 5014 3450 5062 sanatam
3492 5005 3684 5063 fuisse.

2814 5110 3025 5166 CAPUT
3060 5111 3144 5166 Ll.

2596 5201 2673 5254 De
2701 5205 2890 5255 sancta
2918 5203 3108 5256 Macra
3130 5203 3364 5268 uirgine.

2239 5286 2404 5342 Passa
2435 5293 2519 5342 est
2551 5287 2607 5342 in
2641 5289 2747 5344 hoc
2779 5289 3036 5344 Remensi
3067 5305 3208 5363 pago
3241 5289 3404 5344 beata
3434 5289 3617 5347 Macra
3647 5293 3790 5368 virgo

2165 5377 2269 5432 sub
2329 5377 2640 5434 Ricliovaro
2701 5379 2981 5450 praefecto,
3021 5396 3142 5452 quae
3195 5390 3319 5451 post
3356 5381 3787 5454 insuperabilem

2166 5467 2366 5521 Christi
2400 5467 2807 5524 confessionem
2840 5469 3164 5545 gravissima
3197 5479 3471 5527 tormenta
3510 5491 3788 5546 perpessa,

2167 5564 2292 5626 post
2321 5557 2749 5612 mammillarum
2773 5559 3196 5628 abscissionem,
3223 5569 3278 5616 et
3307 5563 3660 5632 repentinam
3690 5581 3786 5621 cu-

2159 5645 2429 5699 rationem
2455 5663 2556 5717 per
2577 5648 2884 5721 angelicam
2911 5650 2964 5704 in
2990 5666 3210 5706 carcere
3233 5651 3641 5721 visitationem,
3668 5656 3786 5712 dum

2157 5752 2327 5807 super
2373 5755 2514 5808 prun

2621 5748 2675 5797 et
2716 5743 2942 5800 testulas
2969 5759 3233 5800 accensas
3281 5745 3428 5801 nuda
3455 5747 3789 5810 volutaretur
