3972 6206
229 288 336 342 325

887 287 1211 346 lllSTORl/E
1253 293 1581 350 ECCLESl/E
1621 296 1944 354 REMENSIS
1985 299 2159 355 LIBRI
2201 301 2524 365 QUATUOR.
2551 334 2619 343 —
2662 303 2784 360 LIB.
2811 305 2890 359 lV.

3451 311 3554 367 326

220 443 349 480 cum
374 425 635 496 precibus
659 433 712 481 et
737 429 1036 499 gratiarum
1066 433 1398 498 actionibus,
1435 435 1842 490 immaculatum
1873 442 1917 508 Α
1947 437 2072 508 set],
2106 439 2467 510 rediissetque
2495 441 2739 506 tandem,
2767 443 2876 497 Deo
2901 443 3132 510 jubente
3161 445 3550 517 tranquillitas,

215 517 336 570 Deo
367 517 607 570 reddens
648 517 924 587 spiritum,
957 537 1021 574 ac
1075 521 1417 592 triumphans
1446 525 1840 592 adversarium,

221 607 361 661 inibi
397 608 518 663 laeta
552 609 710 679 petiit
749 611 968 665 caelum.
1002 611 1209 683 Corpus
1268 616 1386 684 ejus
1413 616 1558 671 haud
1593 617 1781 687 procul
1812 635 1842 671 a

218 696 346 752 loco
383 697 478 751 ubi
538 714 699 768 passa
741 709 845 766 est,
880 707 1008 755 tunc
1041 703 1247 756 exstitit
1302 705 1646 760 tumulatum.
1679 706 1842 761 Multa

216 805 351 844 vero
384 799 507 860 post
527 806 797 846 annorum
821 793 1094 847 curricula
1124 795 1338 849 cuidam
1364 795 1604 852 bubulco
1651 799 1839 868 pervi-

218 883 632 950 sionemlocus,
667 899 777 955 quo
823 885 1141 941 beatissima
1177 889 1330 960 virgo
1392 891 1612 945 condita
1638 891 1833 960 fuerat,

210 975 369 1041 juxta
402 979 695 1047 quamdam
728 979 782 1031 iu
818 980 1028 1035 honore
1062 981 1209 1036 beati
1237 984 1446 1038 Martini
1468 994 1833 1041 constructam

215 1069 533 1135 ecclesiam,
562 1072 833 1126 revelatus
859 1079 960 1126 est.
1010 1075 1067 1127 ln
1096 1091 1206 1144 quo
1246 1077 1364 1130 visu
1397 1078 1744 1142 admonetur,
1776 1086 1834 1132 ut

214 1174 422 1228 corpus
460 1160 840 1215 sacratissimae
863 1162 1091 1233 virginis
1133 1163 1274 1218 intra
1333 1166 1612 1234 pra-fatam
1657 1167 1836 1220 eccle-

212 1248 352 1302 siam
386 1249 782 1302 reconderetur
815 1250 1294 1316 honorificentius,
1345 1263 1616 1323 quatenus
1642 1256 1836 1310 incolis

214 1336 469 1403 ejusdem
503 1336 627 1402 loci,
658 1345 821 1407 prout
870 1339 1122 1406 decebat,
1175 1340 1547 1397 innotesceret
1574 1344 1836 1398 manifes-

212 1424 345 1478 tius.
378 1425 531 1489 Quod
565 1433 619 1479 et
659 1441 782 1480 mox
831 1443 863 1480 a
913 1427 1043 1481 viris
1102 1429 1212 1483 Deo
1271 1431 1600 1485 amabilibus
1631 1449 1831 1506 magno

208 1526 430 1571 constat
461 1527 741 1589 peractum
783 1520 1003 1576 decore.
1043 1523 1098 1574 ln
1151 1538 1262 1592 quo
1294 1525 1472 1579 donec
1516 1527 1830 1581 venerabile

207 1623 416 1677 corpus
445 1609 566 1677 ejus
593 1609 884 1680 requievit,
921 1610 1158 1684 insignia
1216 1629 1314 1682 per
1361 1613 1534 1683 ipsius
1565 1615 1831 1669 interces-

206 1699 425 1753 sionem
446 1707 798 1769 suntpatrata
825 1684 1106 1758 miracula.
1141 1703 1219 1756 lbi
1259 1705 1388 1758 czeci
1419 1705 1616 1771 visum,
1647 1707 1829 1760 claudi

203 1807 482 1863 gressum,
512 1765 663 1845 surdi
695 1791 971 1853 auditum,
1010 1793 1240 1848 Domino
1269 1794 1389 1862 ejus
1449 1765 1678 1850 obtentu
1713 1796 1826 1850 lar-
1856 1765 1904 1833 Β

201 1879 396 1949 giente
421 1887 859 1948 promeruerunt.
921 1880 1248 1936 Procedenti
1283 1898 1411 1937 vero
1470 1890 1716 1954 tempore
1748 1886 1830 1939 vir

204 1970 433 2040 quidam
455 1978 715 2026 strenuus
732 1981 1040 2026 sanctarum
1063 1974 1317 2028 fundator
1339 1975 1584 2030 etcultor
1603 1978 1824 2046 tedium,

204 2064 434 2118 nomine
468 2065 764 2136 Daugulfus
798 2067 860 2136 [j,
908 2067 1248 2141 Dangulfus],
1289 2069 1408 2136 ejus
1430 2069 1522 2123 ubi
1552 2087 1698 2125 nunc
1729 2089 1824 2126 ve-

206 2161 456 2218 neratur,
482 2153 729 2210 fundavit
758 2157 1044 2226 templum,
1071 2158 1124 2210 in
1156 2174 1267 2228 quo
1287 2158 1433 2212 illius
1464 2160 1830 2216 sacratissima

201 2246 489 2299 transtulit
518 2249 787 2313 membra,
822 2259 1087 2323 regnante
1118 2268 1316 2324 magno
1362 2251 1693 2322 imperatore
1729 2254 1829 2308 Ca-

201 2335 328 2389 rolo
363 2335 496 2400 ;ubi
529 2352 639 2391 non
697 2339 924 2392 minima
955 2356 1199 2411 quoque,
1235 2343 1467 2398 Domino
1509 2352 1827 2414 pnestante,

197 2442 354 2496 saepe
387 2428 650 2483 miracula
684 2442 1019 2502 peraguntur
1051 2433 1179 2504 (26).
1216 2433 1386 2497 Quam
1427 2452 1603 2506 nuper
1633 2437 1820 2490 eccle-

198 2519 366 2585 siam,
413 2525 666 2590 tempore
725 2522 946 2578 scilicet
1021 2526 1424 2594 persecutionis
1480 2527 1820 2600 llungaricee,

199 2612 378 2665 iidem
409 2612 625 2667 barbari
658 2616 995 2670 succendere
1055 2618 1364 2687 cupientes,
1400 2635 1625 2674 acervos
1650 2637 1823 2692 quos-

203 2701 339 2755 dam
379 2701 598 2775 frugum
625 2720 875 2775 magnos,
909 2706 1002 2776 qui
1055 2707 1249 2776 parieti
1297 2708 1540 2775 ejusdem
1565 2711 1820 2764 adhaese-

203 2800 351 2858 rant,
386 2793 710 2861 incendunt,
742 2798 1062 2868 exustisque
1088 2800 1392 2871 segetibus,
1455 2801 1672 2855 flamma
1695 2802 1823 2857 licet

198 2885 457 2940 ecclesia:
490 2893 632 2941 tecta
663 2887 964 2954 lambente,
1025 2891 1276 2945 eamdem
1307 2900 1491 2946 tamen
1517 2893 1822 2948 accendere

199 2978 597 3048 nequiverunt.

842 3052 1050 3107 CAPUT
1084 3053 1191 3107 LII.

388 3142 462 3193 De
499 3144 700 3195 sanctis
729 3142 924 3209 Ruﬁno
955 3147 1003 3196 et
1036 3144 1250 3197 Valerio
1293 3147 1649 3212 martyribus.

282 3249 494 3304 Eodem
528 3258 777 3322 tempore
827 3267 936 3322 quo
1000 3254 1113 3308 haec
1165 3270 1319 3308 sacra
1348 3255 1502 3329 virgo
1547 3264 1824 3326 passaest,

202 3342 518 3397 lancinator
549 3345 669 3410 ejus
721 3345 1063 3399 llictiovarus
1120 3363 1217 3416 per
1271 3347 1464 3401 urbem
1528 3349 1824 3402 Remorum

204 3434 512 3498 transiens,
539 3443 590 3489 et
618 3437 884 3506 quosdam
917 3437 1257 3492 Christianos
1279 3439 1348 3492 ad
1371 3439 1641 3493 culturam
1684 3439 1826 3492 deo-

201 3544 331 3582 rum
364 3528 722 3598 compellens,
748 3539 806 3583 ut
838 3545 932 3584 eos
959 3547 1224 3601 superare
1254 3532 1526 3602 nequivit,
1567 3531 1828 3585 trucidari

199 3621 492 3693 praecepit.
531 3622 592 3674 Et
625 3639 877 3694 egressus
909 3624 1038 3677 inde
1072 3625 1433 3694 reperitduos
1459 3625 1725 3695 quosdam
1741 3623 1828 3677 vi-

200 3727 302 3766 ros
343 3709 594 3764 l.ulinum
621 3720 675 3765 et
704 3713 1001 3779 Valerium,
1052 3712 1157 3767 fide
1196 3713 1393 3768 Christi
1437 3714 1711 3778 robustos,
1743 3729 1829 3767 re-

213 3802 428 3877 galium
454 3808 635 3856 tamen
683 3803 1000 3858 horreorum
1052 3807 1327 3860 custodes.
1392 3806 1536 3870 Quos
1565 3820 1826 3876 compre-

213 3894 448 3958 hensos,
467 3893 561 3946 ubi
594 3894 862 3963 comperit
884 3894 1392 3949 Christidilectione
1419 3893 1832 3948 etconfessione

212 3981 588 4046 firmissimos,
625 3982 800 4053 plagis
832 3982 1065 4037 afflictos
1106 3984 1361 4038 diuturna
1385 3984 1620 4039 carceris
1651 3999 1833 4038 mace-

215 4077 360 4130 ravit
381 4076 717 4130 retrusione:
750 4075 844 4130 ubi
895 4076 1142 4147 angelica
1198 4076 1513 4132 visitatione
1541 4092 1603 4131 ac
1631 4092 1832 4130 conso~

211 4165 428 4218 latione
456 4164 679 4218 relevati
707 4173 760 4218 et
785 4163 1073 4218 confortati
1105 4172 1251 4218 sunt.
1285 4165 1372 4219 Sic
1396 4164 1583 4220 invicti
1611 4164 1829 4218 tandem

211 4255 447 4326 reperti,
479 4255 764 4325 capitalem
821 4256 1008 4309 subire
1059 4256 1408 4311 sententiam.
1447 4256 1690 4327 Cumque
1721 4271 1832 4310 non

207 4357 344 4420 post
376 4349 538 4421 longa
571 4350 836 4419 temporis
889 4349 1173 4405 intervalla
1205 4350 1271 4403 ad
1307 4350 1496 4403 urbem
1541 4349 1830 4405 Remorum

207 4438 588 4492 sacratissima
626 4438 1035 4493 deducerentur
1081 4455 1272 4493 eorum
1330 4438 1576 4492 membra
1615 4437 1833 4492 feretris

1947 532 2257 602 presbyter,
2291 534 2382 604 qui
2414 535 2617 589 sanctis
2639 535 3005 605 deserviebat,
3027 547 3080 592 et
3104 539 3171 592 ad
3206 540 3551 611 prepriajam

1944 626 2149 679 dudum
2181 626 2361 680 redire
2392 628 2668 698 cupiebat,
2698 631 3021 684 acceleravit
3073 640 3384 685 sanctorum
3405 648 3550 686 mar-

1942 727 2121 791 tyrum
2153 726 2342 797 glebas
2386 725 2599 788 tollere,
2629 731 2683 779 et
2711 724 2777 777 ad
2831 724 3070 778 dicatum
3103 723 3211 776 sibi
3242 723 3421 778 locum
3455 739 3548 778 re-

1943 813 2102 867 ferre.
2140 813 2372 884 Postque
2403 812 2679 866 celebrata
2737 811 3028 865 missarum
3057 809 3326 866 solemnia
3354 810 3548 865 levan-

1941 911 2027 955 tur
2057 919 2085 955 a
2116 901 2497 955 sacerdotibus
2548 906 2759 954 sacrata
2825 899 3040 953 Christo
3079 914 3330 969 corpora,
3383 908 3549 970 atque

1938 1007 2060 1044 cum
2087 1007 2282 1063 magna
2341 990 2670 1059 pepulerum
2707 988 2950 1042 referunt
2981 989 3279 1042 comitante
3310 995 3546 1042 caterva.

1937 1080 2174 1150 Contigit
2204 1088 2386 1133 autem
2419 1079 2562 1132 diem
2590 1078 2760 1142 illam,
2785 1093 2905 1147 quae
2935 1077 3213 1130 Dominica
3235 1077 3553 1130 scilicetba-

1937 1172 2191 1236 bebatur,
2217 1179 2506 1224 ventorum
2580 1170 2710 1224 flatu
2773 1168 2940 1222 fuisse
3002 1168 3334 1232 nimbosam,
3392 1168 3466 1223 ita
3495 1176 3553 1223 ut

1937 1280 2131 1319 omnes
2155 1263 2419 1326 candelae,
2453 1279 2574 1332 quae
2603 1261 2669 1315 ad
2699 1259 3026 1330 obsequium
3059 1269 3374 1314 sanctorum
3408 1259 3552 1314 fere-

1939 1355 2160 1420 bantur,
2189 1355 2239 1408 vi
2274 1353 3020 1424 turbiniscxstinguerentur.
3055 1351 3298 1422 Cumque
3317 1353 3552 1421 carpen-

1936 1455 2016 1498 tes
2057 1445 2157 1497 iter
2190 1453 2397 1513 partem
2458 1442 2701 1495 fluminis
2755 1441 2986 1494 fuissent
3044 1440 3300 1514 ingressi,
3358 1455 3552 1494 cereus

1933 1537 2026 1607 qui
2061 1546 2186 1590 ante
2244 1546 2558 1590 sanctorum
2620 1535 2849 1608 pignora
2902 1533 3184 1587 ferebatur
3222 1533 3545 1599 exstinctus,

1934 1633 2160 1694 repente
2184 1623 2399 1677 coalitus
2445 1639 2731 1684 accensus,
2767 1621 3026 1676 omnibus
3068 1621 3262 1674 mirum
3295 1621 3550 1676 exhibuit

1931 1715 2334 1786 spectaculum.
2374 1715 2572 1785 Sicque
2599 1714 2743 1769 inter
2769 1716 3089 1770 commistos
3117 1716 3387 1788 grandine
3415 1716 3551 1770 nim-

1929 1807 2049 1872 bos,
2075 1816 2128 1862 et
2155 1815 2440 1861 ventorum
2473 1808 2634 1861 flatus
2659 1808 2727 1860 ad
2752 1817 2987 1877 quatuor
3011 1807 3122 1862 fere
3141 1808 3311 1862 millia
3332 1808 3549 1863 duravit

1930 1911 1993 1948 ex
2009 1895 2272 1949 miraculo
2299 1895 2532 1948 flamma.
2555 1895 2829 1964 Disposuit
2853 1896 3096 1966 denique
3113 1905 3302 1966 postea
3325 1897 3550 1968 presby-

1931 1996 2012 2041 ter
2037 2004 2254 2041 cereum
2282 1988 2458 2057 ipsum
2491 1988 2544 2040 in
2580 1987 2863 2042 meliorem
2899 1987 3126 2042 formam
3157 1989 3222 2042 de
3241 1989 3436 2042 eadem
3461 2004 3549 2044 rc-

1929 2078 2092 2133 ficere
2126 2094 2268 2133 cera.
2305 2079 2550 2149 Cumque
2584 2079 2636 2131 id
2665 2095 2694 2132 a
2723 2079 3107 2134 sacerdotibus
3136 2079 3243 2133 sibi
3284 2080 3545 2148 subjectis

1932 2167 2262 2231 efficeretur,
2297 2169 2494 2221 mirum
2524 2168 2672 2222 dictu
2742 2169 2888 2223 inter
2925 2185 3121 2223 manus
3146 2184 3336 2224 eorum
3368 2171 3548 2225 mollis

1930 2259 2099 2335 etrapit
2118 2275 2366 2313 crescere
2389 2269 2596 2325 cera,et
2620 2261 2674 2314 in
2705 2278 2958 2335 magnam
2977 2261 3342 2332 grandescere
3374 2279 3546 2334 quan-

1931 2329 2163 2384 titatem.

2540 2401 2746 2458 CAPUT
2792 2404 2923 2457 l.lll.

2212 2494 2286 2545 Dc
2311 2493 2584 2546 miraculis
2598 2494 2900 2548 earumdem
2930 2500 3255 2550 sanctorum.

1998 2608 2241 2678 Cumque
2274 2607 2350 2661 illi
2387 2615 2692 2678 stupentes,
2722 2611 3169 2682 admirantesque
3217 2620 3545 2683 perstrepe-

1925 2710 2064 2767 rent,
2096 2702 2380 2773 ingressus
2410 2704 2720 2774 presbyter,
2753 2705 3014 2759 etvidens
3035 2714 3250 2760 auctam
3271 2707 3350 2761 sic
3374 2706 3542 2761 fuisse

1922 2811 2102 2849 ceram
2135 2796 2372 2850 credidit
2403 2813 2500 2850 eos
2531 2797 2693 2850 aliam
2727 2813 2907 2852 ceram
2936 2797 3034 2862 illi,
3068 2798 3220 2868 quod
3252 2813 3360 2853 non
3394 2813 3542 2868 prte-

1922 2892 2162 2954 ccperat,
2197 2886 2484 2954 adjecisse.
2517 2887 2625 2940 Sed
2665 2888 2889 2962 cognito
2923 2889 3144 2942 tandem
3175 2906 3206 2942 a
3235 2889 3546 2944 sacerdoti-

1928 2973 2054 3038 bus,
2087 2974 2237 3045 quod
2265 2977 2560 3040 acciderat,
2621 2978 2906 3039 miraculo,
2939 2978 3048 3033 Deo
3075 2979 3280 3052 gratias
3310 2979 3446 3053 egit,
3488 2986 3546 3034 et

1929 3079 2110 3119 ceram
2135 3065 2191 3118 in
2223 3066 2456 3120 ecclesia
2473 3067 2538 3120 ad
2563 3067 2883 3122 memoriam
2908 3073 3070 3122 tantae
3091 3068 3169 3121 rei
3199 3068 3546 3139 reposuit.De

1863 3137 1911 3204 C
1934 3171 2040 3224 qua
2067 3170 2193 3208 cera
2225 3155 2468 3208 Riculqu
2495 3155 2848 3209 Suessionum
2881 3157 3216 3210 venerabilis
3247 3158 3547 3228 episcopus

1928 3243 2192 3312 reliquias
2221 3242 2326 3295 sibi
2356 3241 2555 3295 deferri
2585 3243 2770 3309 jussit.
2800 3243 2906 3295 Sed
2939 3251 2992 3295 et
3022 3244 3325 3298 vicinarum
3357 3245 3544 3299 eccle-

1929 3331 2134 3383 siarum
2169 3329 2412 3402 religiosi
2447 3329 2971 3398 presbyteriexinde
2986 3330 3056 3385 ob
3085 3331 3436 3386 devotionem
3456 3348 3550 3387 ex-

1930 3425 2130 3495 petitas
2159 3423 2458 3492 particulas
2486 3422 2542 3474 in
2569 3421 2822 3475 ecclesiis
2853 3421 3246 3476 venerabiliter
3279 3421 3548 3505 cgndide-

1930 3521 2076 3568 runt.
2105 3513 2220 3566 Alia
2255 3519 2436 3566 autem
2465 3511 2603 3576 vice,
2639 3527 2763 3565 cum
2782 3511 2850 3565 de
2881 3512 3210 3566 Suessonica
3239 3513 3547 3568 civitatein

1931 3622 2037 3676 qua
2066 3603 2135 3658 ob
2162 3602 2398 3656 similem
2427 3601 2868 3671 persecutionem
2897 3601 3064 3655 delati
3097 3602 3334 3668 fuerant,
3359 3603 3427 3657 ad
3463 3605 3548 3660 lo-

1931 3708 2055 3751 cum
2089 3693 2370 3765 proprium
2397 3692 2752 3757 referrentur,
2787 3691 3016 3745 claudus
3034 3692 3260 3764 quidam
3284 3709 3407 3748 cum
3431 3710 3546 3749 ca:-

1934 3786 2067 3840 teris
2094 3785 2186 3855 qui
2220 3790 2778 3852 sanctorumcorpora
2808 3782 3004 3836 devoto
3034 3781 3551 3839 comitabanturob-

1934 3878 2150 3946 sequio,
2187 3873 2564 3944 reptabundus
2594 3871 2792 3926 annisu
2825 3887 2935 3943 quo
2969 3880 3201 3941 poterat,
3228 3872 3540 3929 incedebat.

1934 3970 2052 4024 Non
2084 3969 2310 4039 quidem
2339 3968 2484 4020 hunc
2541 3974 2734 4019 natura
2773 3965 3030 4020 claudum
3063 3964 3414 4034 produxerat,
3447 3968 3544 4022 sed

1936 4078 1999 4114 ex
2021 4058 2359 4129 temporeilli
2387 4064 2990 4125 accesseratgrcssuum
3007 4054 3244 4110 dolenda
3257 4055 3542 4113 debilitas.

1935 4153 2177 4223 Cumque
2209 4153 2276 4205 ad
2307 4150 2514 4216 villam,
2545 4165 2667 4219 quae
2717 4148 2949 4201 Vasneia
2987 4147 3208 4214 dicitur,
3242 4148 3544 4218 venissent,

1935 4257 2058 4296 mox
2085 4240 2280 4294 nativae
2335 4236 2650 4291 rectitudini
2699 4236 3003 4301 restitutus,
3058 4235 3316 4305 projectis
3361 4236 3548 4312 admi-

1934 4329 2134 4385 niculis
2163 4329 2279 4382 suis
2309 4327 2476 4396 coepit
2503 4326 2702 4380 vadere
2729 4324 2951 4394 plantis,
2976 4333 3029 4378 et
3055 4325 3226 4380 Deum
3260 4325 3314 4378 in
3341 4326 3548 4381 sanctis

1933 4423 2045 4476 suis
2084 4418 2392 4473 mirabilem
2434 4433 2527 4472 ore
2558 4416 2872 4471 collaudare
2899 4415 3155 4490 gratanti.
3191 4416 3460 4471 Praeterea
3491 4417 3547 4474 in

208 4529 497 4598 imposim,
528 4528 580 4581 in
628 4528 749 4583 ιοοο
803 4529 918 4594 mo,
988 4528 1081 4582 ubi
1126 4544 1273 4582 nunc
1295 4527 1559 4582 tumulata
1590 4527 1834 4597 ipsorum
1855 4508 1908 4576 D
1936 4529 2030 4568 eos
2053 4512 2146 4583 qui
2186 4525 2400 4564 sacrum
2433 4508 2612 4562 locum
2665 4506 2868 4562 violare
2901 4515 2953 4560 et
2988 4524 3073 4561 res
3101 4507 3311 4562 sanctis
3342 4517 3544 4580 marty-

205 4621 578 4692 requiescunt
614 4637 756 4686 ossa,
801 4621 872 4675 ita
920 4629 1052 4676 tunc
1105 4621 1301 4675 feretra
1331 4620 1537 4690 sunt[e.
1573 4623 1608 4673 ἰ.
1633 4620 1827 4674 ferun-

203 4710 321 4779 tur]
356 4715 668 4782 aggravata,
699 4719 758 4763 ut
788 4725 1133 4780 nequaquam
1171 4710 1289 4764 loco
1323 4709 1531 4763 moveri
1560 4709 1826 4765 valerent.

205 4800 279 4854 Et
312 4799 386 4853 ita
417 4799 526 4852 Deo
559 4798 788 4866 jubente
844 4796 1046 4851 factum
1104 4814 1224 4852 esse
1286 4797 1571 4868 probatur,
1623 4808 1681 4853 ut
1734 4799 1827 4853 ubi

205 4887 556 4962 pauperibus
573 4886 935 4956 eleemosynte
968 4886 1359 4941 distribuerant
1382 4886 1828 4960 largitatem,ibi-

203 4983 340 5036 (lem
370 4995 599 5034 suorum
643 4994 932 5049 corporum
982 4987 1189 5052 gratam
1234 4978 1581 5049 perciperent
1607 4979 1829 5049 requie-

202 5073 444 5128 tionem.
479 5067 584 5122 Sed
610 5068 737 5122 dum
788 5084 966 5137 nuper
1020 5084 1157 5140 gens
1188 5067 1420 5121 barbara
1448 5066 1828 5122 Nordmanno-

201 5180 332 5218 rum
355 5160 612 5216 saevitum
639 5176 696 5214 se
710 5159 898 5213 Galliis
931 5158 1242 5224 infudisset,
1265 5158 1336 5213 ob
1360 5157 1634 5212 vitandam
1661 5157 1824 5225 hujus

200 5246 622 5318 persecutionis
677 5247 995 5318 procellam,
1051 5263 1242 5302 eorum
1277 5247 1504 5321 pignora
1534 5246 1601 5300 ad
1632 5247 1822 5300 urbem

199 5345 340 5392 sunt
371 5337 698 5392 Remensem
729 5336 933 5401 delata,
968 5337 1258 5407 positaque
1292 5336 1346 5389 in
1388 5336 1535 5390 beati
1569 5335 1707 5389 Petri
1739 5353 1824 5390 ec-

200 5429 398 5490 clesia,
430 5435 486 5483 et
515 5445 615 5499 per
637 5429 757 5483 dies
784 5428 1051 5498 plurimos
1096 5428 1296 5482 ibidem
1330 5428 1432 5481 sub
1467 5429 1674 5482 honore
1702 5445 1820 5482 ser-

199 5525 347 5574 vata.
381 5519 447 5572 At
471 5533 594 5572 cum
621 5518 734 5586 jam
766 5516 1010 5584 demum,
1033 5516 1281 5570 barbaris
1322 5516 1732 5584 recedentibus,
1767 5520 1822 5572 in

197 5621 308 5662 nos
348 5605 617 5661 bacchata
653 5605 748 5659 diu
778 5611 1078 5673 tempestas
1136 5602 1450 5658 desedisset
1479 5603 1536 5672 [17,
1553 5603 1820 5662 deseevis-

273 5715 390 5790 (26)
433 5715 579 5770 Loco
611 5728 835 5770 nomem
874 5719 957 5767 est
983 5714 1204 5770 Fismes.

1933 4606 2086 4660 ribus
2115 4605 2402 4678 delegatus
2435 4600 2734 4671 pervadere
2770 4599 3210 4671 nituntur,quam
3232 4602 3543 4660 citodivina

1931 4701 2066 4756 ultio
2098 4710 2369 4766 exeratur,
2418 4713 2528 4752 uno
2561 4696 2813 4766 exemplo
2868 4694 3106 4750 sufficiat
3136 4697 3542 4753 demonstrare.

1930 4795 2198 4863 Tempore
2221 4807 2332 4864 quo
2364 4791 2507 4845 inter
2534 4805 2693 4864 reges
2723 4789 2967 4843 Odouem
2999 4795 3051 4842 et
3073 4788 3329 4844 liarolum
3345 4806 3541 4864 graves

1929 4887 2236 4959 agebantur
2268 4886 2595 4939 Francorum
2631 4884 2682 4936 in
2714 4898 2882 4956 regno
2937 4881 3248 4949 discordiae,
3279 4899 3377 4952 per
3400 4883 3542 4939 hanc

1928 4979 2273 5035 occasionem
2303 4977 2452 5031 licito
2493 4977 2700 5046 rapinae
2749 4985 2803 5030 et
2832 4974 3274 5046 depnedationes
3309 4974 3538 5044 ﬁebant,

1927 5067 2218 5122 confusum
2250 5073 2365 5119 erat
2422 5065 2613 5136 fasque
2668 5066 2934 5136 nefasque
2965 5083 2978 5132 ;
3013 5081 3288 5137 nusquam
3322 5065 3416 5120 Dei
3445 5077 3540 5122 aut

1928 5157 2286 5210 humanarum
2317 5153 2480 5208 timor
2510 5154 2718 5227 legum,
2749 5156 2845 5207 sed
2871 5156 2920 5209 vi
2943 5156 3259 5226 etpotentia
3281 5154 3539 5210 universa

1925 5243 2285 5309 constabant;
2314 5241 2611 5312 aliquando
2643 5243 2709 5295 ad
2741 5243 2946 5310 villam,
2980 5261 3101 5316 quae
3135 5244 3366 5300 Basilica
3396 5243 3538 5298 dici-

1925 5346 2012 5391 tur
2044 5335 2333 5406 praedones
2346 5332 2661 5396 adfuerunt,
2683 5347 3083 5406 cesperuntque
3113 5353 3308 5392 omnes
3326 5351 3537 5406 paupe-

1925 5445 2044 5483 rum
2077 5426 2473 5482 substautiolas
2500 5425 2736 5479 auferre.
2758 5426 2906 5481 Tunc
2933 5428 3184 5497 quasdam
3211 5428 3537 5485 muliercula

1924 5537 2048 5576 cum
2087 5518 2416 5590 supellectili
2446 5534 2543 5572 sua
2565 5516 2782 5590 fugiens
2811 5518 2878 5571 ad
2899 5518 3188 5574 ecclesiam
3217 5528 3534 5578 sanctorum

1922 5617 2244 5680 martyrum,
2276 5624 2438 5663 cursu
2489 5605 2836 5678 rapidissimo
2877 5607 3160 5664 tendebat.
3195 5609 3365 5676 Quam
3404 5611 3530 5686 qui-
