3972 6206
455 331 557 386 327

1548 325 1925 384 FLODOARDI
1966 322 2272 382 CANONlCl
2310 321 2658 380 REMENSIS.

3674 323 3776 381 323

447 462 572 515 dam
598 476 664 514 ex
702 458 791 512 his
824 457 917 528 qui
941 456 1008 511 ad
1038 457 1396 527 pradandum
1422 465 1709 524 venerant,
1727 458 1802 512 ita
1821 464 1882 512 ut
1906 456 2062 512 sede—
2092 456 2377 528 Aquaret.
2412 452 2588 518 Quod,
2621 465 2745 508 cum
2800 465 2901 523 per
2924 449 3046 507 dies
3092 448 3304 524 aliquot
3323 449 3508 521 ﬁeret,
3534 466 3644 509 nec
3673 453 3781 523 jam

446 548 542 603 bat
566 562 710 619 equo
740 545 1088 601 velocissime
1129 547 1345 617 insequi
1376 547 1561 617 capit,
1594 546 1787 601 volens
1817 560 1937 600 eam
1968 554 2061 600 (a-

448 654 599 707 pere,
641 642 696 690 et
726 635 871 690 seria
891 651 991 690 sua
1021 634 1101 689 illi
1156 635 1393 690 auferre.
1450 635 1556 689 Sed
1585 650 1709 690 cum
1740 634 1963 705 quidam
1990 634 2061 688 de

446 727 755 783 astantibus
783 727 992 783 diceret
1026 746 1039 783 :
1073 728 1190 783 Noli
1237 727 1423 795 miser,
1466 726 1577 782 noli
1611 726 1760 781 illam
1782 726 1838 780 in
1859 725 2057 781 atrium

446 825 762 873 sanctorum
795 816 1014 889 insequi
1073 824 1401 889 martyrum,
1435 833 1505 872 ne
1536 816 1633 871 tibi
1681 815 1810 871 mali
1849 814 2059 886 aliquid

447 909 750 983 contingat.
771 910 867 964 llle
906 908 1046 963 nihil
1067 910 1295 976 veritus,
1318 908 1559 964 admisso
1591 923 1738 978 equo
1772 906 2060 978 rapidissi-

445 1018 534 1056 me
565 1002 869 1076 fugientem
904 1001 1301 1072 insequebatur
1321 1001 1723 1056 mulierculam.
1755 1000 1819 1054 At
1840 1000 1933 1053 ubi
1955 999 2061 1070 pri-

449 1096 558 1151 mis
586 1097 727 1152 atrio
756 1096 991 1166 pedibus
1042 1112 1221 1167 equus
1278 1096 1496 1161 institit,
1554 1095 1739 1150 subito
1769 1102 2061 1149 cernuatus

444 1187 662 1243 cecidit.
695 1187 887 1242 Sessor
910 1193 1092 1242 autem
1126 1188 1245 1255 ejus
1275 1197 1384 1242 tam
1415 1186 1565 1259 gravi
1605 1186 1858 1241 allisione
1894 1203 2062 1242 vexa-

446 1288 535 1333 tus
555 1288 659 1343 est,
682 1285 795 1334 uta
816 1293 1032 1333 summo
1059 1294 1206 1353 genu
1236 1279 1482 1349 usquead
1500 1279 1720 1349 pedem,
1751 1278 1973 1349 dirupta
1991 1279 2063 1333 ti—

446 1367 561 1432 hia,
592 1382 719 1422 caro
738 1368 890 1421 velut
916 1366 1061 1422 ferro
1093 1368 1268 1421 incisa
1294 1366 1624 1432 dehisceret,
1687 1382 1860 1438 osque
1883 1366 2060 1437 ipsum

446 1455 630 1510 carnis
671 1455 937 1529 tegimine
972 1456 1092 1526 [ms.
1124 1459 1165 1523 ἰ,
1194 1454 1452 1527 tegmine]
1488 1456 1779 1523 nudatum,
1805 1462 2016 1527 pateret
2046 1473 2060 1522 ;

447 1546 915 1618 etquisuperbus
958 1563 1130 1619 eques
1172 1554 1419 1613 venerat,
1445 1548 1558 1616 jam
1587 1548 1927 1615 humiliatus,
1962 1564 2065 1605 nec

445 1639 561 1693 suis
580 1639 821 1709 pedibus
847 1639 1109 1694 incedere
1122 1639 1333 1706 valens,
1355 1640 1613 1695 manibus
1628 1640 1828 1695 alienis
1838 1641 1906 1696 de
1920 1642 2062 1697 atrio

2161 562 2219 601 se
2242 546 2383 601 intra
2400 545 2546 600 vasis
2592 543 2883 616 angustias
2940 543 3123 616 liquor
3174 542 3445 600 divinitus
3474 552 3785 601 auetusca-

2160 645 2419 707 peret,ac
2463 636 2717 711 guttatim
2751 635 2807 689 in
2837 643 3036 690 terram
3070 634 3289 703 flueret,
3330 635 3572 691 clericus
3600 636 3784 691 eccle-

2160 727 2256 782 sia
2278 728 2454 798 ipsius
2481 735 2666 783 custos
2687 728 2793 782 hoc
2830 726 2983 782 solus
3009 725 3421 792 animadvertit,
3443 734 3500 782 et
3534 724 3782 795 subjecto

2159 833 2287 873 vase
2317 818 2513 884 altero,
2555 816 2699 871 intra
2728 831 2934 887 paucos
2990 815 3114 871 dies
3142 815 3211 871 ad
3275 831 3450 871 unum
3480 816 3781 871 sextarium

2160 908 2402 983 collegit,
2427 906 2730 979 furtimque
2759 906 3074 980 abscondit;
3097 914 3300 979 putans
3322 906 3516 963 infelix
3532 906 3781 963 divinum

2160 1000 2484 1055 miraculum
2526 999 2848 1071 cupiditatis
2904 1015 3017 1056 sua
3070 998 3187 1055 fore
3228 999 3648 1071 compendium,
3731 1008 3784 1054 et

2161 1092 2309 1147 unde
2336 1091 2732 1163 providebatur
2756 1090 3017 1147 omnibus
3040 1090 3435 1163 patrocinium,
3469 1090 3601 1145 inde
3639 1089 3785 1146 clan-

2162 1183 2441 1237 destinum
2488 1199 2548 1238 se
2583 1198 2743 1254 posse
2785 1182 3025 1239 credidit
3070 1181 3339 1253 perﬁcere
3390 1182 3621 1237 furtum.
3676 1182 3780 1237 Sed

2163 1271 2430 1338 Christus,
2458 1270 2554 1343 qui
2600 1277 2823 1327 sanctos
2876 1286 3006 1326 suos
3054 1269 3352 1326 mirificare
3405 1270 3557 1342 apud
3591 1284 3786 1326 omnes

2164 1364 2506 1430 decreverat,
2540 1379 2653 1420 non
2677 1364 2772 1419 diu
2821 1363 3075 1435 permisit
3147 1364 3340 1428 latere,
3372 1362 3457 1419 vel
3502 1362 3659 1418 illius
3687 1379 3788 1435 pu-

2165 1458 2406 1513 dendum
2435 1458 2667 1525 facinus,
2691 1459 2778 1513 vel
2807 1458 2956 1530 quod
2996 1457 3065 1512 ad
3092 1472 3317 1513 suorum
3342 1463 3649 1529 martyrum
3671 1456 3786 1533 glo-

2164 1547 2301 1601 riam
2323 1548 2632 1602 contulerat
2671 1563 2893 1602 munus.
2943 1546 3077 1601 Nam
3130 1546 3370 1617 quadam
3419 1544 3512 1600 die
3534 1545 3785 1612 domum,

2164 1655 2284 1710 qua
2317 1638 2559 1693 basilica
2577 1639 2840 1703 adharet,
2871 1637 2927 1691 in
2960 1652 3068 1709 qua
3089 1636 3257 1691 etiam
3283 1634 3657 1691 Suessonicus
3669 1634 3787 1705 epi—

446 1732 696 1787 ecclesia
726 1734 1007 1803 projectus
1036 1742 1138 1788 est.
1181 1734 1331 1789 Tunc
1348 1749 1492 1805 equo
1515 1740 1570 1789 et
1590 1750 1711 1804 qua
1743 1734 1947 1789 habere
1964 1750 2064 1805 po-
2086 1741 2138 1809 B
2163 1748 2387 1804 scapus,
2419 1748 2542 1787 cum
2562 1731 2690 1787 illuc
2716 1730 2931 1786 accedit
2958 1745 3185 1786 manere
3215 1729 3526 1796 consuevit,
3550 1728 3787 1800 presbyc

445 1822 553 1877 tuit
580 1822 783 1877 sanctis
814 1823 1144 1893 martyribus
1188 1838 1289 1895 pro
1319 1838 1385 1879 eo
1436 1825 1599 1890 datis,
1632 1824 1796 1880 morti
1830 1824 2057 1895 quidem

443 1909 755 1966 subtractus
771 1918 889 1976 est;
919 1911 1019 1966 sed
1052 1911 1202 1983 quod
1232 1912 1534 1982 supervixit
1580 1913 1845 1982 temporis
1878 1912 2059 1967 inuti-

446 2002 513 2057 lis
544 2012 598 2058 et
653 2003 789 2059 nulli
845 2004 998 2075 operi
1053 2011 1215 2075 aptus
1258 2004 1376 2072 fuit,
1443 2005 1822 2060 testimonium
1857 2004 2060 2060 divina

445 2094 666 2149 virtutis
712 2095 767 2149 in
799 2111 900 2150 sua
947 2095 1233 2150 debilitate
1264 2096 1683 2163 circumferens,
1712 2104 1767 2152 et
1789 2096 1909 2151 aliis
1934 2097 2063 2168 qui-

446 2185 660 2256 busque
688 2186 965 2241 salubrem
1012 2188 1287 2254 timorem,
1333 2189 1585 2260 exemplo
1640 2197 1866 2259 patrata
1898 2189 1955 2243 in
2004 2204 2062 2244 se

447 2273 694 2341 ultionis,
724 2274 1026 2343 incutiens,
1074 2292 1145 2330 ne
1191 2277 1320 2330 talia
1349 2285 1577 2351 agentes
1610 2277 1815 2332 similia
1844 2276 2065 2348 patian-

447 2369 553 2417 tur.
583 2363 722 2417 Illud
757 2380 981 2435 quoque
1032 2365 1406 2434 notissimum,
1437 2374 1492 2422 et
1530 2366 1791 2422 omnibus
1829 2367 2065 2422 habetur

446 2457 827 2531 pervulgatum
870 2499 884 2525 ,
959 2458 1026 2512 ad
1087 2467 1403 2515 sanctorum
1454 2468 1752 2532 martyrum
1811 2460 2065 2531 sepulcra

444 2548 634 2603 oleum
683 2549 981 2621 aliquando
1030 2551 1292 2607 crevisse.
1326 2551 1611 2624 Siquidem
1644 2552 1937 2624 presbyter
1968 2569 2064 2609 vas

441 2638 718 2708 quoddam
751 2637 917 2693 fictile
940 2639 1093 2705 juxta
1127 2640 1297 2694 altare
1332 2648 1611 2711 posuerat,
1632 2641 1697 2695 ad
1724 2640 2061 2696 servandum

443 2725 648 2787 oleum,
684 2727 831 2796 quod
866 2727 1073 2782 ibidem
1100 2728 1168 2782 ad
1201 2728 1409 2783 fontem
1456 2730 1708 2797 luminis,
1743 2731 1941 2786 ardere
1963 2731 2062 2787 de-

444 2815 629 2869 bebat.
664 2817 721 2870 In
746 2831 857 2886 quo
888 2832 1019 2871 vase
1068 2834 1260 2888 parum
1305 2818 1530 2889 quidem
1558 2818 1665 2874 olei
1696 2828 2054 2887 remanserat,

445 2904 652 2972 majore
681 2905 801 2973 ejus
831 2912 985 2975 parte
1014 2905 1071 2959 in
1110 2906 1435 2976 lychnorum
1469 2907 1674 2962 lumine
1705 2919 2057 2980 consumpta,

447 3008 570 3048 cum
602 2999 832 3063 repente
860 2993 1024 3064 capit
1067 3009 1339 3060 crescere,
1364 3002 1418 3050 et
1450 2996 1601 3051 nullo
1647 2996 1977 3068 inspiciente
2002 2999 2057 3053 in

447 3082 626 3151 majus
672 3082 883 3155 augeri,
940 3083 1120 3139 donec
1154 3099 1218 3140 os
1244 3084 1392 3140 vasis
1423 3101 1679 3142 crescens
1705 3088 1888 3144 oleum
1921 3104 2059 3144 exa-

1006 3472 2049 3604 AUCTARIUM

2158 1831 2244 1879 ter
2278 1823 2464 1879 nescio
2513 1824 2645 1895 quid
2691 1838 2871 1878 causa
2915 1821 3107 1890 fuerit,
3156 1822 3461 1895 ingressus,
3514 1821 3663 1877 vidit
3693 1836 3787 1877 vas

2161 1914 2297 1969 illud
2324 1915 2448 1970 oleo
2480 1912 2846 1984 superﬂuere,
2869 1913 3172 1968 etmiratur
3192 1912 3341 1967 unde
3362 1912 3459 1966 illa
3497 1918 3653 1967 esset
3678 1910 3785 1967 olei

2160 2006 2488 2076 c0pia,cum
2522 2005 2637 2060 illic
2684 2019 2911 2076 perraro
2968 2003 3284 2073 hujusmodi
3325 2002 3565 2061 inveniri
3612 2003 3789 2074 possit

2162 2097 2363 2168 liquor,
2387 2097 2556 2168 capit
2621 2095 2969 2167 percunctari
3038 2095 3301 2151 clericum
3350 2095 3487 2151 tanti
3537 2094 3788 2151 criminis

2163 2188 2469 2256 conscium,
2512 2189 2671 2258 cujus
2718 2195 2865 2243 esset
2923 2188 3130 2255 oleum,
3163 2187 3396 2259 autquis
3418 2187 3557 2242 illud
3588 2187 3669 2242 ibi
3690 2188 3789 2243 de-

2166 2280 2462 2352 posuisset.
2490 2280 2599 2335 Sed
2615 2296 2736 2336 cum
2754 2280 2847 2335 ille
2868 2279 3098 2347 diceret,
3130 2279 3346 2335 nescire
3367 2294 3428 2334 se
3451 2279 3607 2334 unde
3621 2286 3787 2345 esset,

2166 2371 2346 2443 pueri,
2380 2371 2474 2442 qui
2501 2372 2568 2425 ad
2604 2370 2898 2426 discendos
2927 2371 3171 2442 psalmos
3223 2369 3432 2426 ibidem
3464 2370 3790 2426 residebant

2166 2469 2223 2516 et
2250 2476 2367 2515 rem
2394 2474 2614 2516 omnem
2646 2466 2933 2525 noverant,
2959 2459 3344 2514 indicaverunt
3373 2460 3709 2530 presbytero
3738 2466 3792 2513 et

2166 2549 2368 2604 factum
2392 2548 2715 2605 miraculum
2746 2557 2801 2604 et
2824 2547 3072 2604 custodis
3101 2547 3324 2603 furtum.
3369 2548 3468 2603 llle
3510 2548 3619 2604 hoc
3634 2547 3795 2604 audi-

2166 2643 2219 2691 to
2251 2636 2361 2691 cito
2392 2637 2459 2690 ad
2486 2652 2582 2692 vas
2619 2636 2769 2708 quod
2820 2636 2976 2706 juxta
3030 2634 3204 2691 altare
3230 2635 3415 2692 stabat
3449 2636 3709 2706 recurrit,
3739 2645 3791 2691 et

2164 2728 2541 2798 pavimentum
2568 2728 2751 2783 adhuc
2771 2728 2879 2784 olei
2900 2726 3277 2783 exuudatione
3298 2728 3784 2784 madensinvenit.

2163 2818 2407 2891 Cumque
2439 2820 2770 2875 immensum
2796 2820 2850 2874 in
2882 2821 3087 2876 sanctis
3108 2820 3223 2875 suis
3239 2818 3584 2895 gloriﬁcaret
3596 2822 3787 2885 Deum,

2158 2911 2300 2966 alius
2328 2911 2549 2983 quidam
2578 2912 2647 2967 de
2698 2912 3027 2968 custodibus
3056 2912 3281 2968 advenit
3308 2918 3365 2967 et
3389 2912 3692 2969 confessus
3711 2921 3789 2969 est

2124 3060 2126 3063 τ
2158 3015 2219 3054 se
2249 3016 2504 3073 magnam
2545 3007 2758 3072 partem
2793 3000 2901 3055 olei
2950 3000 3147 3071 ipsius,
3186 3000 3341 3056 nullo
3372 3008 3539 3068 teste,
3575 3001 3784 3068 tulisse,

2160 3098 2215 3145 et
2239 3089 2333 3146 ubi
2367 3091 2563 3159 voluit,
2605 3099 2661 3147 et
2689 3093 2834 3148 sicut
2872 3092 3046 3149 voluit
3076 3092 3434 3165 expendisse.

2207 3477 3233 3621 FLODOABDI

448 3711 557 3776 Ea:
598 3711 806 3778 codice
870 3713 1265 3799 Igniaccnsi,
1331 3715 1444 3799 qui
1500 3714 1777 3782 continet
1837 3716 2647 3873 Breviariumdﬂlodoardi
2713 3714 2895 3783 libris
2964 3714 3208 3783 duobus
3272 3713 3791 3800 comprehensum

1832 3823 1981 3872 cum
2027 3825 2226 3873 annon
2276 3826 2389 3873 tce.

1832 3823 1981 3872 cum
2027 3823 2389 3894 appendzce.

1462 3988 1630 4053 (Apud
1665 3988 1848 4051 Labbe,
1877 3989 2117 4041 Biblioth.
2150 4004 2252 4041 mss
2277 4027 2294 4047 ,
2328 3998 2445 4042 tom.
2477 3990 2539 4051 Il,
2573 4006 2623 4055 p.
2646 3991 2780 4053 363.)

1919 4127 2285 4140 _—

512 4266 658 4337 (Post
689 4268 1027 4337 epitaphium
1055 4267 1570 4340 Fulconisepiscopi,
1593 4269 1692 4324 lib.
1725 4286 1800 4338 iv,
1828 4286 1931 4342 cap
1971 4273 2050 4343 8):
2079 4277 2129 4348 ο
2157 4280 2286 4329 nota
2314 4273 2610 4330 conventio
2642 4273 2829 4330 habita
2859 4274 3005 4330 inter
3021 4275 3323 4331 canonicos
3356 4279 3564 4330 sancta
3603 4273 3789 4329 Maria

444 4356 693 4427 Denique
736 4356 1052 4411 Winmarus
1100 4358 1223 4427 ejus
1269 4358 1672 4429 interemptor,
1726 4367 1857 4427 etc.,
1888 4377 2059 4431 usque

441 4442 637 4498 finivit.
672 4445 735 4497 At
763 4459 897 4500 vero
951 4444 1211 4515 prafatus
1255 4446 1418 4502 Fulco
1471 4454 1661 4518 utpote
1699 4448 1782 4503 vir
1809 4450 2056 4519 sapiens,

442 4533 728 4603 Deumque
786 4532 992 4587 timens
1058 4540 1450 4589 testamentum
1473 4552 1631 4590 suum
1682 4536 1796 4605 jam
1845 4538 2058 4593 dudum

440 4625 813 4692 ordinaverat,
842 4634 897 4680 et
942 4627 1011 4680 de
1062 4626 1185 4695 jure
1235 4627 1553 4697 patrimonii
1585 4628 1668 4682 sui
1729 4629 2059 4699 quibusdam

440 4717 694 4773 ccclesiis
721 4718 1095 4785 distribuerat,
1138 4719 1283 4773 inter
1331 4736 1469 4791 quas
1515 4720 1773 4776 Ecclesia
1800 4721 2061 4777 Remensi

439 4826 541 4882 pro
567 4810 765 4865 anima
793 4827 907 4866 sua
935 4811 1182 4866 remedio
1214 4811 1400 4867 villam
1454 4813 1777 4869 Nemincum
1809 4830 1931 4886 qua
1958 4814 2062 4870 sita

440 4910 523 4958 est
548 4903 605 4957 in
636 4904 957 4976 episcopatu
981 4904 1333 4961 Noviomensi
1371 4906 1625 4975 contulit,
1646 4907 2061 4976 cujusrcdditas

439 5014 541 5070 pro
598 4998 749 5055 illius
798 5000 1069 5055 memoria
1114 5000 1403 5056 annuatim
1448 5003 1746 5057 recolenda
1774 5004 2063 5060 canonicis

439 5089 814 5145 Remensibus
844 5090 1188 5146 dividuntur.
1240 5092 1315 5147 De
1347 5092 1506 5162 cuius
1535 5093 1699 5147 etiam
1726 5094 1868 5148 villa
1890 5108 2060 5149 censu

439 5180 699 5237 canonici
726 5182 1123 5238 Noviomenses
1167 5184 1374 5239 habent
1411 5185 1647 5258 singulis
1672 5185 1832 5240 annis
1851 5186 2063 5241 solidos

436 5289 502 5326 ιχ
525 5271 675 5329 illius
706 5283 962 5331 moneta.
1020 5276 1190 5344 Cujus
1233 5285 1419 5332 autem
1475 5277 1866 5332 conventionis
1893 5293 2061 5332 causa

438 5362 655 5416 nummi
684 5363 771 5418 isti
795 5365 1046 5420 ecclesia
1060 5365 1418 5422 Noviomensi
1438 5367 1506 5421 ab
1525 5366 1768 5422 Ecclesia
1795 5366 2054 5421 Remensi

436 5453 847 5523 persolvantur,
880 5456 973 5511 hic
1001 5473 1285 5528 apponere
1308 5474 1421 5514 non
1443 5460 1806 5532 incongruum
1822 5458 2060 5513 astima-

438 5559 564 5598 mus
594 5564 610 5599 :
642 5555 701 5603 ut
743 5566 875 5623 ergo
926 5550 1143 5605 facilius
1173 5552 1280 5608 hoc
1326 5553 1706 5617 ostendamus,
1734 5550 2059 5606 memoriale

439 5635 708 5704 scriptum
725 5641 873 5697 illius
892 5644 1035 5713 pacti
1062 5644 1193 5699 huic
1221 5645 1377 5715 operi
1409 5646 1791 5701 adnectamus.

515 5744 543 5770 ιι
572 5725 631 5777 ln
670 5733 892 5785 nomine
919 5739 1120 5786 sancta
1148 5741 1203 5788 et
1241 5735 1540 5791 individua
1579 5736 1877 5803 Trinitatis,
1923 5753 2064 5807 pra-

445 5812 694 5868 sentibus
717 5825 773 5871 et
820 5820 1019 5874 futuris
1047 5829 1249 5877 sancta
1296 5827 1485 5880 matris
1517 5826 1773 5881 Ecclesia
1820 5825 1951 5881 filiis
1994 5828 2067 5882 sit

2158 4362 2448 4417 Remensis
2477 4378 2541 4418 ac
2585 4369 2791 4419 sancta
2845 4363 3026 4419 Maria
3084 4363 3473 4419 Noviomensis
3520 4365 3593 4420 de
3625 4365 3791 4419 tertia

2159 4460 2313 4523 parte
2337 4452 2481 4508 villa
2506 4468 2630 4524 qua
2676 4453 2877 4509 dicitur
2923 4453 3193 4509 Bidricus.
3231 4454 3550 4510 Harduinus
3578 4454 3792 4511 Novio-

2159 4545 2371 4600 mensis
2397 4544 2648 4600 ecclesia
2678 4546 3127 4613 archidiaconus,
3160 4553 3356 4618 postea
3371 4553 3559 4602 autem
3586 4546 3793 4621 Lingo-

2163 4637 2355 4692 nensis
2385 4635 2560 4693 factus
2591 4636 2908 4708 epise0pus,
2933 4637 3111 4709 ipsam
3144 4638 3362 4693 tertiam
3394 4644 3611 4710 partem
3642 4638 3791 4693 villa

2162 4734 2517 4806 supradicta,
2545 4751 2670 4807 qua
2699 4735 2804 4790 sibi
2836 4753 2867 4790 a
2920 4734 3245 4807 parentibus
3291 4735 3416 4804 jure
3449 4733 3793 4790 hereditatis

2162 4833 2427 4891 cesserat,
2456 4823 2715 4880 fratribus
2771 4823 3022 4880 ecclesia
3058 4823 3446 4881 Noviomensis
3474 4838 3575 4895 pro
3603 4838 3793 4879 reme-

2163 4917 2254 4973 dio
2291 4918 2490 4974 anima
2520 4935 2632 4974 sua
2657 4919 2985 4985 contulerat,
3018 4934 3184 4990 quam
3225 4918 3354 4974 dum
3384 4917 3553 4993 longe
3586 4916 3791 4973 remoti

2160 5016 2435 5076 tenerent,
2462 5010 2756 5081 praedones
2804 5008 3050 5083 regionis
3079 5023 3182 5079 per
3207 5007 3528 5063 invasiones
3560 5008 3794 5063 crebras

2162 5109 2326 5174 atque
2355 5102 2727 5173 pradationes
2771 5102 3136 5157 vehementer
3185 5099 3504 5155 vastabant.
3536 5099 3657 5164 Qua
3688 5115 3796 5153 ne-

2163 5191 2416 5247 cessitate
2448 5190 2743 5263 compulsi,
2775 5189 2875 5245 sed
2908 5196 2963 5244 et
2992 5205 3023 5244 a
3064 5187 3326 5244 fratribus
3366 5188 3662 5244 Remensis
3694 5206 3793 5245 ec-

2161 5282 2342 5338 clesia
2372 5281 2713 5349 commoniti,
2749 5280 2818 5335 ad
2844 5279 3178 5335 Trecensum
3219 5294 3339 5333 eam
3374 5280 3657 5334 dederunt
3688 5295 3792 5350 pro

2157 5373 2314 5429 libris
2345 5392 2403 5428 Ill
2435 5390 2787 5430 nummorum
2818 5373 3516 5444 Vermandensium,,quos
3545 5372 3791 5448 singulis

2161 5464 2321 5519 annis
2339 5465 2655 5535 acciperent
2684 5464 2753 5518 de
2776 5478 2946 5519 censu
3007 5463 3152 5534 apud
3181 5462 3509 5517 Nemincum
3538 5462 3594 5516 in
3646 5461 3790 5516 festo

2160 5553 2213 5608 S.
2241 5552 2509 5624 Dionysii.
2541 5553 2695 5618 Quod
2762 5553 2806 5607 si
2862 5553 2932 5608 de
2990 5568 3162 5608 censu
3210 5551 3480 5608 solvendo
3512 5550 3790 5622 injustitia

2077 5657 2135 5726 D
2161 5641 2301 5697 facta
2330 5642 2514 5709 fuerit,
2540 5642 2872 5697 emendetur
2920 5640 3043 5714 lege
3100 5640 3226 5697 fori.
3269 5641 3325 5695 Si
3351 5655 3485 5697 vero
3510 5640 3647 5695 villa
3669 5640 3790 5711 ipsa

2165 5740 2373 5791 vastata
2391 5734 2572 5803 fuerit,
2616 5735 2920 5790 Remenses
2945 5733 3139 5789 fratres
3175 5733 3244 5788 ab
3278 5734 3380 5789 hac
3406 5733 3787 5789 conventione

2166 5826 2294 5880 ideo
2341 5840 2453 5880 non
2497 5827 2741 5883 resiliant
2774 5845 2789 5893 ;
2819 5834 2875 5882 et
2904 5826 2949 5884 si
3011 5824 3304 5881 emendata
3357 5823 3544 5885 fuerit,
3580 5823 3788 5881 Novio-
