3972 6206
135 203 235 259 329

707 195 1096 254 COLVENERII
1135 195 1358 254 SCIIOL.
1405 195 1471 252 IN
1510 195 1678 255 HIST.
1721 195 1882 255 REM.
1923 193 2103 252 ECCL.
2129 223 2200 236 —
2238 193 2304 249 IN
2344 189 2594 249 LIBRUM
2638 188 2918 246 PRIMUM.

3363 190 3468 250 330

137 351 366 396 menses
392 335 586 390 fratres
611 336 664 390 in
687 351 784 391 sua
814 337 1179 393 conventione
1219 337 1344 394 ideo
1398 338 1760 395 nihilominus
1781 344 1833 415 Α
1855 336 2308 409 archiepiscopus
2339 334 2482 390 dirui
2507 333 2654 400 fecit,
2696 331 2920 405 quando
2942 330 3105 386 etiam
3138 330 3255 403 ipse
3287 331 3471 386 eccle-

149 435 526 501 permaneant.
561 426 729 495 Ilujus
764 443 894 482 vero
926 428 1311 483 conventionis
1345 429 1481 483 ratio
1505 428 1646 484 facta
1676 440 1760 487 est

152 517 374 574 consilio
395 523 562 586 atque
585 530 861 570 consensu
883 515 1134 571 Widonis
1150 517 1577 589 arcliiepiscOpi,
1596 519 1760 574 Odal-

152 605 247 660 rici
304 603 607 676 praepositi,
667 603 924 657 Richardi
977 604 1194 671 decani,
1257 605 1461 661 Odonis
1499 607 1757 675 cantoris,

151 709 360 750 necnon
412 692 581 748 totius
628 693 1095 768 congregationis.
1151 697 1214 748 At
1264 712 1328 749 ex
1382 695 1552 750 altera
1605 706 1759 767 parte

155 785 406 848 similiter
428 799 692 839 concessa
712 793 795 838 est
825 783 924 838 ista
959 784 1252 840 conventio
1276 785 1526 840 Balduini
1554 786 1758 842 Novio-

150 877 352 933 mensis
385 875 635 947 episcOpi
661 875 962 942 voluntate,
987 884 1152 948 atque
1181 877 1412 932 consilio
1442 878 1758 952 Ilaganonis

153 965 452 1037 prarpositi,
484 965 967 1030 Rotbertideeani,
1003 967 1282 1038 totiusque
1316 968 1758 1038 congregationis

146 1053 422 1109 communi
456 1053 738 1126 suﬁragio.
775 1055 1008 1124 Insuper
1040 1054 1202 1108 etiam
1238 1063 1470 1126 utraque
1497 1072 1622 1125 pars
1658 1072 1758 1110 vo-

146 1148 317 1201 lentes
372 1153 590 1217 pactum
638 1147 741 1200 hoc
774 1145 891 1200 fore
929 1154 1281 1216 perpetuum,
1337 1148 1605 1218 scriptum
1639 1145 1759 1199 ﬁeri

148 1241 490 1312 delegarunt,
547 1239 695 1312 quod
739 1249 883 1294 esset
930 1239 985 1292 in
1033 1241 1430 1310 sempiternum
1488 1241 1761 1311 praedictae

147 1328 530 1384 conventionis
547 1329 944 1383 testimonium.
979 1331 1171 1382 Actum
1194 1344 1339 1382 anno
1364 1328 1761 1382 incarnationis

149 1421 446 1475 Dominicaa
476 1419 613 1474 mill.
656 1437 726 1488 LI,
784 1419 1086 1474 indictione
1124 1437 1201 1485 ιιι,
1238 1427 1500 1494 regnante
1530 1421 1761 1474 llenrico

152 1527 300 1587 rege,
333 1527 481 1566 anno
530 1529 684 1576 χχιιι,
736 1511 1246 1582 archiepiscopatus
1295 1512 1484 1567 domni
1514 1511 1763 1566 Widonis

154 1619 294 1659 anno
333 1619 513 1670 xvnn,
571 1601 823 1658 Balduini
882 1603 1129 1674 episcopi
1182 1602 1563 1658 Noviomensis
1615 1617 1762 1657 anno

155 1711 267 1750 VIII.
303 1715 328 1746 ))

219 1789 347 1842 Item
379 1786 480 1840 lib.
515 1802 588 1853 iv,
620 1801 742 1855 cap.
799 1785 887 1853 19,
914 1791 1040 1857 post
1091 1790 1250 1856 ﬁnem
1281 1789 1476 1856 capitis
1511 1804 1523 1840 :
1557 1787 1631 1841 De
1660 1787 1762 1842 isto

153 1876 390 1947 Seulpho
431 1873 688 1930 solebant
717 1875 902 1931 dicere
956 1877 1130 1932 nostri
1190 1885 1570 1932 antecessores
1615 1876 1763 1948 quod

153 1965 263 2036 ipse
293 1962 663 2035 ampliaverat
709 1964 977 2035 templum
1042 1965 1145 2020 hoc
1201 1973 1465 2037 quantum
1517 1965 1767 2020 continet

149 2053 439 2127 longitudo
461 2069 684 2107 arcuum
715 2053 900 2108 trium.
934 2053 1195 2110 Dicebant
1223 2070 1446 2126 quoque
1478 2055 1626 2126 quod
1651 2053 1766 2126 ipse

148 2150 380 2199 veterem
426 2141 618 2196 turrim
644 2148 1048 2210 construxerat,
1081 2159 1246 2215 quam
1283 2143 1520 2198 domnus
1539 2144 1768 2200 Samson

1791 1729 1838 1796 Β

761 2545 862 2649 IN
931 2545 1278 2649 LIBROS
1310 2704 1318 2712 ι
1345 2545 1816 2652 HISTORIA!)

1859 431 1996 487 siam
2029 431 2262 485 duorum
2326 445 2550 484 arcuum
2599 425 2948 499 longitudine
3004 423 3383 494 ampliavit,et
3416 423 3471 478 in

1860 534 2199 590 unoquoque
2228 518 2398 572 latere
2457 515 2650 571 turrim
2693 530 2859 570 unam
2887 511 3161 568 aedificare
3194 511 3475 566 inchoavit

1861 626 2006 666 anno
2035 608 2302 664 incarnati
2334 607 2495 662 Verbi
2531 607 2688 662 1152.
2735 605 2841 660 Sed
2875 604 3137 677 quoniam
3161 603 3228 658 de
3259 602 3471 674 prazdi-

1861 707 1949 756 cta
1975 699 2240 771 opinione
2273 698 2423 753 nulla
2466 698 2519 752 in
2572 697 2712 752 libro
2768 694 3060 751 Flodoardi
3089 692 3296 748 mentio
3318 692 3473 747 inve-

1861 793 2029 854 nitur,
2065 793 2336 847 incertum
2372 807 2493 845 esse
2519 789 2760 854 videtur,
2811 787 2960 860 quod
3019 801 3201 858 neque
3240 783 3466 854 scripto,

1861 897 2042 952 neque
2069 887 2204 934 teste
2237 880 2420 950 aliquo
2442 877 2854 948 comprobatur.
2897 875 3064 930 Porro
3083 874 3184 929 iste
3211 873 3475 929 Flodoar-

1860 974 2110 1044 dus,’qui
2145 974 2310 1041 hujus
2341 972 2527 1042 operis
2576 979 2660 1025 est
2710 978 2922 1035 auctor,
2965 969 3066 1023 fuit
3090 975 3477 1038 contempora-

1862 1079 2000 1116 neus
2032 1061 2258 1115 llcriva‘i
2291 1058 2722 1130 archipriesulis,
2786 1058 3011 1128 Seulphi
3067 1071 3288 1128 quoque
3313 1064 3477 1128 atque

1862 1155 2093 1220 Artoldi,
2144 1160 2202 1207 ut
2263 1170 2326 1206 ex
2388 1152 2564 1222 ipsius
2621 1151 2803 1206 verbis
2855 1150 3236 1221 perpenditur,
3290 1157 3342 1204 et
3381 1149 3475 1220 qui

1864 1243 2078 1297 minora
2099 1244 2292 1297 horum
2326 1257 2495 1311 Opera
2543 1240 2838 1305 enarravit,
2863 1255 2974 1292 rem
3010 1239 3166 1293 istam
3199 1255 3475 1311 magnam,

1863 1335 1906 1387 si
1940 1350 2129 1388 verum
2159 1350 2280 1388 esse
2332 1332 2518 1397 sciret,
2561 1331 2790 1387 forsitan
2838 1346 2948 1385 non
2995 1330 3294 1385 omisisset.
3337 1331 3478 1384 Sane

1863 1421 2124 1496 praifatus
2164 1421 2402 1487 Seulfus,
2437 1427 2494 1475 ut
2534 1421 2799 1492 scriptum
2836 1419 3128 1486 habemus,
3161 1419 3482 1474 immunita-

1865 1518 1974 1566 tem
1995 1511 2217 1566 claustri
2242 1510 2405 1565 nobis
2432 1510 2662 1583 largitus
2692 1517 2796 1575 est,
2836 1509 3095 1564 videlicet
3125 1509 3318 1563 domos
3345 1525 3481 1563 ven-

1864 1601 2056 1665 dendi,
2098 1600 2343 1665 emendi,
2377 1615 2474 1654 seu
2521 1599 2757 1654 invicem
2816 1597 3212 1663 commutandi,
3244 1612 3341 1668 pro
3374 1613 3483 1668 qua

1865 1693 2156 1766 largitione
2186 1692 2468 1747 annuatim
2511 1690 2883 1746 defunctionis
2939 1690 3060 1758 ejus
3107 1689 3253 1744 diem
3288 1690 3482 1746 recoli-

1865 1799 2008 1848 mus,
2039 1781 2127 1836 cui
2159 1781 2320 1836 etiam
2344 1780 2612 1851 obsequio
2654 1779 2856 1850 Tilpini
2894 1787 3056 1852 atque
3087 1780 3337 1836 Widonis
3363 1797 3483 1836 me-

1865 1871 2118 1937 moriam,
2147 1868 2240 1940 qui
2269 1868 2446 1940 pridie
2494 1883 2657 1940 quam
2704 1867 2806 1924 iste
2852 1868 3232 1937 decesserunt,
3263 1869 3484 1924 etmul-

1867 1971 1919 2019 ta
1951 1963 2208 2018 Ecclesiae
2241 1962 2385 2017 bona
2425 1962 2802 2028 contulerunt,
2835 1977 2945 2016 non
2986 1962 3264 2019 immerito
3286 1963 3485 2031 adjun-

1867 2053 2066 2125 gimus.
2102 2052 2255 2106 Nunc
2288 2052 2473 2122 itaque
2506 2050 2788 2121 paululum
2823 2051 3078 2126 digressi.
3107 2052 3173 2107 ad
3205 2051 3481 2108 narratio-

1871 2145 1956 2200 nis
1985 2145 2182 2200 seriem
2216 2144 2507 2200 articulum
2530 2145 2874 2200 reducamus.

1887 2545 2365 2652 REMENSIS
2434 2545 2895 2651 EGGLESIIE

935 2769 1690 2900 SCHOLIA
1773 2771 2103 2898 SEU
2192 2768 2708 2898 NOT/E

199 3014 454 3086 Quibus
490 3009 780 3073 obscura
810 3029 1094 3092 quaeque
1122 3013 1565 3087 illustrantur,
1601 3013 1804 3076 dubia
1833 3017 1895 3076 et
1922 3013 2222 3076 involuta
2249 3013 2689 3093 explicantur,
2725 3014 2964 3078 mutila
2992 3031 3066 3077 ac
3097 3013 3454 3094 depravata

1332 3116 1726 3195 supplentur
1755 3118 1817 3177 et
1848 3113 2315 3177 emendantur.

1187 3283 1534 3347 AUCTORE
1577 3281 1906 3346 GEORGIO
1949 3279 2458 3344 COLVENERIO.

169 3475 262 3534 SS.
313 3473 643 3547 Tlieologia:
669 3469 903 3528 doctore
949 3477 1000 3526 et
1047 3466 1214 3540 regio
1250 3481 1318 3523 ac
1351 3463 1670 3547 ordinario
1701 3464 1770 3521 in
1799 3459 2130 3547 Academia
2158 3459 2460 3547 [Μαι-θηρὶ
2502 3459 2832 3547 professore
2874 3459 3202 3536 collegium
3247 3457 3501 3517 ecclesia:

1060 3547 1122 3606 S.
1176 3547 1339 3605 Petri
1381 3544 1694 3620 praeposito
1739 3551 1791 3601 et
1839 3541 2166 3601 Academia:
2207 3540 2596 3600 cancettm'io.

1317 3748 1420 3807 (Ea:
1453 3745 1751 3796 Bibliotheca
1779 3745 2010 3804 Patrum,
2045 3751 2163 3794 tom.
2188 3742 2367 3805 XVII.)

929 4121 1448 4219 SCHOLIA
1528 4121 1649 4216 IN
1720 4113 2184 4215 LIBRUM
2262 4117 2768 4212 PRIMUM.

813 4532 1174 4589 PROLOGUS.

254 4625 528 4680 Praeclara
554 4625 787 4695 praesuli
825 4629 892 4681 Β.
931 4625 1284 4680 Flodourdus.
1345 4623 1434 4678 Sic
1490 4639 1611 4677 eum
1649 4623 1712 4678 R.
1741 4622 1800 4676 P.

182 4716 388 4774 Jacobo
441 4717 742 4772 Sirmondo
792 4717 1164 4783 extendimus,
1197 4733 1319 4770 cum
1371 4732 1471 4769 ms.
1506 4715 1575 4768 sit
1608 4714 1644 4768 R
1679 4714 1713 4766 F
1747 4713 1804 4779 ιι,

183 4807 297 4874 ubi,
331 4816 391 4863 ut
432 4808 583 4862 idem
615 4807 943 4862 Sirmondus
960 4806 1055 4871 ait,
1090 4821 1187 4876 per
1216 4805 1449 4858 litteram
1470 4803 1531 4856 Il.
1559 4802 1810 4857 nonnulli

185 4906 378 4966 putant
404 4896 761 4966 Rodulphum
816 4897 1136 4966 episc0pum
1180 4894 1598 4948 Laudunensem
1646 4890 1813 4944 intel-

185 4984 300 5056 ligi,
333 5002 502 5056 quem
537 4985 800 5039 scribitin
833 4984 1101 5039 Chronico
1153 4999 1252 5037 suo
1289 4983 1376 5037 hic
1407 4988 1596 5035 auctor
1626 4988 1815 5034 noster

185 5075 387 5130 obiisse
421 5090 574 5130 anno
603 5074 709 5129 948
743 5091 755 5128 :
789 5090 973 5145 neque
1006 5076 1122 5128 haec
1153 5072 1383 5128 historia
1428 5069 1663 5124 ulterius
1693 5085 1815 5139 pro-

187 5167 459 5239 greditur.

734 5252 945 5308 CAPUT
996 5253 1277 5308 PRIMUM.

254 5347 472 5400 Fratris
500 5345 773 5400 militibus
926 5348 1283 5412 iutcrfcctum.
1312 5344 1400 5399 Sic
1429 5339 1618 5397 omnia
1634 5356 1820 5396 exem-

191 5433 383 5504 plaria,
421 5443 594 5504 atque
629 5433 706 5486 ita
737 5433 1054 5504 frequenter
1075 5434 1339 5504 loquitur,
1371 5429 1663 5486 subaudita
1679 5444 1823 5500 prae-

190 5527 492 5596 positione,
520 5541 624 5596 pro
659 5541 688 5578 a
721 5525 901 5579 fratris
927 5525 1216 5592 militibus,
1247 5540 1412 5596 quam
1437 5521 1708 5590 adjecitJ.
1734 5522 1822 5577 Sic

192 5616 332 5674 intra
358 5634 486 5691 cap.
521 5617 578 5672 6.
609 5616 781 5671 turbis
797 5621 1028 5672 remotus
1052 5616 1432 5688 popularibus.

495 5719 805 5782 PATROL.
861 5718 1198 5784 CXXXV.

1829 4557 1878 4626 C
1977 4530 2141 4599 Cujus
2169 4530 2331 4582 etiam
2359 4527 2622 4594 fornicem
2662 4525 3054 4594 prodeuntibus
3068 4525 3372 4581 dexterum.
3407 4525 3517 4583 Iloc

1905 4631 1987 4678 est
2018 4637 2142 4675 eum
2175 4620 2269 4692 qui
2301 4636 2332 4675 a
2371 4618 2606 4673 dexteris
2657 4627 2738 4673 est
2790 4617 2856 4670 iis
2905 4619 2998 4688 qui
3025 4618 3300 4672 civitatem
3334 4617 3519 4691 ingre-

1909 4716 2152 4771 diuntur.

1982 4808 2175 4860 Nautar
2198 4803 2464 4873 siquidem
2490 4816 2720 4869 cygnum
2765 4801 2954 4854 bonam
2978 4800 3274 4870 prognosin
3297 4799 3523 4868 prodere

1911 4897 2120 4963 ferunt,
2142 4898 2200 4947 ut
2222 4895 2301 4946 ait
2343 4891 2614 4946 Emilius.
2668 4889 2785 4944 Ilaec
2829 4889 2992 4943 verba
3020 4905 3143 4942 cum
3178 4887 3414 4942 disticho
3437 4905 3524 4941 se-

1917 4993 2120 5053 quente
2149 4987 2368 5049 sumpta
2389 4984 2515 5031 sunt
2542 4995 2606 5031 ex
2635 4979 2844 5033 Isidoro
2869 4977 2965 5031 lib.
2998 4993 3071 5031 xu
3105 4975 3386 5049 Originum
3409 4975 3525 5031 sive

1918 5070 2404 5142 Etymologiarum.
2437 5084 2555 5137 cap.
2591 5069 2644 5134 7,
2675 5086 2738 5123 ex
2793 5085 2900 5139 quo
2941 5067 3116 5136 adjeci
3148 5066 3397 5120 voculam
3423 5068 3524 5120 ait.

1920 5162 2164 5216 Isidorus
2205 5177 2270 5214 ea
2328 5157 2638 5226 desumpsit
2689 5176 2753 5213 ex
2803 5159 2993 5215 Servio
3025 5159 3081 5214 in
3114 5175 3128 5213 ι
3159 5157 3401 5224 x’Eneid.,
3462 5159 3529 5213 ad

1917 5272 2135 5311 versum
2163 5272 2176 5308 Ζ

2135 5342 2314 5406 Aspice
2339 5341 2562 5389 laetantes
2586 5339 2662 5388 bis
2712 5355 2856 5390 sonos
2886 5341 3082 5404 agmine
3114 5356 3316 5405 cygnos.

1923 5426 2096 5481 IIabet
2115 5432 2298 5479 autem
2331 5421 2606 5477 distichon
2653 5422 2757 5476 hoc
2805 5422 3054 5476 zEmilius
3086 5423 3263 5478 Macer
3288 5423 3344 5477 in
3372 5421 3537 5478 Orni-

1928 5519 2213 5593 tliogonia,
2270 5531 2434 5589 quem
2481 5513 2681 5568 librum
2732 5514 2862 5570 citat
2888 5514 3148 5582 Servius;
3182 5517 3313 5571 item
3336 5515 3545 5572 Nonius

1929 5610 2241 5679 Marcellus,
2265 5608 2432 5668 verbo
2497 5613 2766 5678 prosecta.
2806 5607 2907 5664 Ubi
2959 5613 3140 5665 tamen
3168 5623 3270 5680 pro
3296 5609 3546 5666 Emitius

3179 5713 3251 5773 ll
