3972 6206
475 271 574 328 331

1310 267 1707 325 ΕΟΙΝΕΝΕΒΙΙ
1750 267 2024 322 SCHOLIA
2066 267 2130 321 IN
2173 267 2343 323 lllST.
2387 266 2673 322 REMENS.
2717 265 2983 321 ECCLES.

3718 271 3825 328 332

474 407 618 462 male
648 406 852 478 legitur
880 407 1139 472 Licinius,
1192 411 1250 459 ut
1295 384 1446 461 docti
1474 405 1828 460 adnotarunt.
1871 403 2094 459 Servius
2121 408 2169 476 Α
2201 403 2345 476 Orig.
2380 420 2499 473 pro,
2528 421 2632 458 non
2670 406 2936 471 fecissent.
2974 403 3036 458 Et
3067 404 3230 474 paulo
3263 414 3389 476 post
3421 407 3521 461 :Eo
3546 406 3613 460 de
3639 410 3824 463 media

475 501 571 557 ubi
630 515 794 569 supra
851 498 919 552 ad
964 514 1222 552 versum:
1276 499 1540 565 Ignavum
1605 499 1785 564 fucos,
1844 498 2089 552 nominat

475 593 713 648 Marcum
762 591 1066 644 .‘Emilium.
1118 590 1273 654 Quod
1339 606 1470 645 vero
1528 589 1595 643 de
1657 589 1945 644 anseribus
2002 590 2093 644 hic

473 678 845 751 subjungitur,
868 683 1146 747 sumptum
1177 686 1261 732 est
1284 694 1348 733 ex
1381 677 1578 733 eodem
1606 677 1803 732 lsidori
1829 678 1973 744 loco,
1995 676 2092 731 ubi

475 768 544 824 dc
575 767 838 839 Capitolio
869 782 969 837 per
997 782 1222 822 anseres
1268 775 1481 823 servato
1539 767 1670 821 citat
1702 766 1933 833 Livium,
1968 766 2095 820 Plu-

476 863 725 918 tarchum
756 868 810 915 et
832 861 1072 916 Florum.
1105 862 1313 927 Quibus
1344 862 1472 917 addi
1498 868 1677 934 potest
1710 861 2034 916 Pliniuslib.
2063 877 2094 915 χ

478 955 611 1011 Hist.
644 953 761 1009 Nat.
821 969 943 1025 cap.
993 954 1083 1019 22,
1117 962 1172 1009 ct
1203 955 1302 1008 lib.
1338 972 1486 1022 XXIX,
1533 971 1578 1010 c.
1610 958 1666 1022 4,
1700 954 1888 1026 etipse
1918 954 2096 1029 Virgi-

477 1046 587 1101 lius
607 1045 706 1101 lib.
741 1063 831 1100 vm
854 1044 1114 1101 x’Eneidos
1144 1047 1246 1100 sub
1269 1045 1457 1101 linem.

551 1135 709 1189 Urbis
738 1138 915 1189 autem
940 1140 1139 1190 nostra:
1176 1152 1365 1190 nomen
1387 1140 1800 1191 Durocortorum
1822 1135 2095 1206 quondam

477 1223 699 1277 dictum.
737 1222 815 1276 lta
868 1222 971 1277 hoc
990 1222 1112 1278 loco
1143 1233 1198 1278 et
1248 1222 1391 1279 infra
1432 1240 1652 1295 semper
1681 1224 1875 1299 legunt
1900 1239 2092 1278 exem-

480 1314 654 1386 plaria
684 1312 740 1368 C.
772 1312 837 1367 Μ.
862 1322 917 1368 et
945 1313 995 1381 J,
1030 1330 1129 1386 pro
1158 1331 1267 1387 quo
1298 1316 1351 1370 S.
1383 1316 1592 1388 ubique
1622 1316 1905 1373 substituit
1931 1320 2097 1371 Duro—

477 1405 689 1456 cortum
723 1417 736 1466 ;
770 1401 919 1472 quod
947 1401 1388 1476 legiturquidem
1418 1403 2093 1478 vulgariterintcxtululii

478 1493 703 1549 Cmsaris
731 1493 852 1549 loco
886 1493 975 1547 hic
1001 1494 1259 1568 allegato.
1290 1496 1491 1551 Verum
1525 1497 1747 1552 Fulvius
1786 1497 2009 1552 Ursinus
2040 1497 2092 1551 in

476 1586 595 1642 suis
614 1584 1096 1641 emendationibus
1127 1593 1354 1643 testatur
1385 1589 1439 1642 in
1469 1588 1612 1644 libro
1640 1605 1741 1644 suo
1769 1606 1799 1643 a
1821 1590 2095 1645 sexcentis

478 1694 624 1751 pene
652 1678 814 1733 annis
856 1678 1189 1751 conscripto,
1232 1686 1285 1735 et
1320 1679 1430 1735 alio
1462 1681 1651 1736 codice
1682 1681 1943 1737 Vaticano
1983 1681 2093 1757 legi

476 1771 911 1832 Durocortorum,
945 1768 1224 1838 quomodo
1265 1774 1318 1824 et
1366 1769 1693 1825 Ptolomaeus
1722 1772 1852 1844 legit
1901 1780 2094 1841 Δοηρο-

477 1857 743 1924 κόρτορον.
778 1854 979 1909 Eadem
1012 1854 1176 1911 lectio
1204 1855 1466 1926 probatur
1486 1874 1551 1912 ex
1590 1857 1821 1925 Ethico,
1859 1867 1914 1913 et
1943 1876 2095 1915 com-

481 1945 750 2001 mentario
772 1946 1081 2018 Hieronymi
1112 1946 1304 2003 Suritae
1335 1948 1404 2002 ad
1438 1948 1780 2004 ltinerarium
1811 1950 2093 2021 Antonini,

480 2040 535 2088 et
560 2049 627 2088 ex
656 2033 945 2090 Hincmaro
977 2035 1137 2105 epist.
1164 2035 1217 2101 6,
1246 2035 1389 2090 inter
1418 2053 1511 2091 eas
1542 2052 1665 2108 qua!
1687 2053 1718 2091 a
1748 2038 1874 2093 ΒΡ.
1906 2040 2095 2094 Busmo

481 2121 645 2178 editze
664 2131 811 2190 sunt,
844 2142 892 2181 c.
937 2127 1023 2181 ‘18.
1060 2126 1249 2182 Petrus
1278 2127 1511 2193 Divaaus,
1542 2136 1595 2184 et
1622 2129 1963 2186 Abrahamus
1994 2131 2095 2187 Or-

477 2215 643 2270 telius
696 2216 752 2270 in
795 2233 896 2272 suo
934 2218 1211 2275 Thesauro
1268 2219 1646 2293 Geographico
1686 2225 2097 2278 Durocottorum

476 2307 743 2375 scribunt,
785 2316 990 2364 mutata
1024 2310 1203 2365 littera
1234 2328 1265 2366 r
1296 2311 1353 2365 in
1383 2317 1425 2366 t.

554 2399 792 2454 Vastatis
840 2401 1171 2467 regionibus,
1193 2405 1489 2457 exercitum
1522 2404 1718 2459 Cmsar.
1755 2404 1843 2459 Sic
1870 2404 1998 2479 Orig
2047 2413 2101 2461 et

478 2488 533 2552 C,
571 2506 669 2560 pro
699 2506 809 2561 quo
857 2491 986 2545 MSJ
1017 2493 1159 2547 male
1204 2494 1393 2565 legunt
1441 2497 1609 2562 factis
1665 2497 1986 2564 legionibus,
2043 2505 2101 2553 ut

478 2579 843 2635 declarantea
862 2596 986 2651 quae
1026 2581 1082 2634 in
1120 2582 1334 2636 (lmsare
1365 2584 1706 2653 praecedunt.

546 2672 789 2726 Ithicus
840 2675 1003 2727 etiam
1060 2677 1118 2728 in
1177 2674 1602 2745 Cosmographia
1680 2679 1758 2731 sic
1814 2682 2093 2733 memorat.

476 2762 654 2818 Verba
673 2780 795 2835 quae
823 2764 953 2819 citat
981 2766 1239 2839 leguntur
1269 2766 1325 2820 in
1348 2767 1636 2822 ltinerario
1662 2767 2091 2837 provinciarum.

478 2852 626 2922 quod
649 2853 923 2908 Antonino
954 2855 1220 2927 Augusto,
1249 2855 1385 2910 alias
1416 2856 1691 2911 Antonino
1716 2857 1846 2926 imp.
1870 2858 2096 2913 ascribi-

475 2947 586 3009 tur,
616 2946 670 2995 et
701 2940 757 2993 in
775 2941 1021 2997 editione
1048 2942 1347 2997 Basileensi
1394 2945 1529 2999 1575
1558 2944 2097 3021 IEthiciCosmOgra-

2199 502 2367 563 nocte,
2402 512 2517 566 pro,
2548 513 2604 550 eo
2634 497 2719 550 die
2749 497 2929 549 media
2957 501 3128 550 nocte.

2264 587 2531 641 Etdocitis
2556 592 2727 640 rector
2758 587 2985 639 rostrati
3014 586 3182 653 Belga
3212 589 3410 642 covini.
3435 586 3514 640 Ita
3547 587 3604 641 in
3624 587 3679 641 S.
3707 603 3826 643 cor-

2194 682 2403 729 rectum
2432 690 2493 727 ex
2518 673 2663 747 Orig.
2724 688 2833 745 quo
2892 674 3057 728 modo
3090 682 3143 728 ct
3170 674 3195 729 J
3230 674 3383 749 legit,
3417 691 3547 730 cum
3575 676 3646 730 Μ.
3679 677 3825 749 legat

2194 766 2484 818 monstrati
2506 764 2729 830 Belgaco
2756 765 2919 817 vinci.
2947 764 3006 816 ln
3038 763 3275 834 Corpore
3309 764 3637 831 Poetarum,
3670 766 3825 821 edito

2198 852 2449 926 Lugduni
2480 851 2634 916 1603,
2665 851 2870 925 legitur
2886 868 3109 924 quoque
3140 855 3437 907 monstrati
3463 862 3521 908 et
3551 854 3612 908 in
3648 854 3826 925 primo

2195 959 2355 998 versu
2388 945 2555 998 Aturi
2583 959 2682 1014 pro
2711 946 2920 1012 Satyri,
2963 960 3086 999 cum
3118 962 3249 999 vera
3275 945 3460 1014 lectio,
3492 954 3552 1001 ut
3585 947 3644 1001 in
3680 948 3824 1001 The-

2196 1047 2357 1086 sauro
2388 1046 2487 1086 suo
2519 1032 2681 1087 docet
2707 1031 2964 1099 Ortelius,
2987 1032 3255 1101 sitAtyri.
3291 1033 3385 1088 Est
3412 1041 3600 1088 autem
3625 1034 3827 1105 Atyrus

2195 1120 2571 1175 Tarbellorum
2604 1120 2657 1174 in
2699 1119 2870 1174 Gallia
2926 1121 3251 1192 Aquitanica
3284 1120 3485 1175 ﬂuvius
3517 1138 3827 1192 erumpens

2198 1209 2253 1263 in
2283 1209 2577 1265 Oceanum.
2610 1209 2779 1265 Porro
2819 1209 3052 1265 covinus
3080 1216 3164 1265 est
3210 1210 3397 1264 rhedze
3440 1226 3540 1265 seu
3570 1211 3825 1265 vehiculi

2195 1298 2376 1353 falcati
2400 1315 2597 1375 genus,
2631 1315 2741 1371 quo
2772 1300 3019 1355 Britanni
3068 1308 3124 1355 et
3180 1300 3316 1355 Galli
3361 1300 3416 1355 in
3447 1301 3666 1372 praeliis
3702 1311 3827 1357 ute-

2196 1390 2416 1446 bantur.

2836 1485 3045 1541 CAPUT
3082 1485 3174 1540 Ill.

2265 1575 2321 1629 S.
2355 1573 2617 1629 Sinicium
2645 1575 2893 1630 videlicet
2958 1576 3286 1631 Suessonica:
3315 1576 3456 1630 sedis
3481 1576 3698 1645 primo,
3730 1592 3828 1630 no-

2196 1671 2336 1721 trum
2358 1673 2544 1736 postea
2569 1670 2877 1738 praesulem.
2910 1668 2971 1722 Et
3003 1668 3088 1722 inf
3093 1685 3149 1722 ra
3170 1669 3547 1724 Suessonicam
3574 1675 3636 1723 et
3666 1670 3827 1725 Sues-

2194 1762 2332 1813 soni.
2370 1759 2491 1814 Haec
2521 1767 2604 1814 est
2626 1761 2779 1831 quasi
2801 1769 3068 1831 perpetua
3097 1760 3260 1815 lectio
3282 1760 3621 1832 antiquioris
3638 1777 3826 1815 exem-

2196 1847 2365 1918 plaris
2394 1848 2462 1913 M,
2489 1865 2651 1920 quam
2684 1850 2718 1904 S
2776 1849 2984 1921 ubique
3036 1850 3266 1905 mutavit
3322 1848 3511 1904 addita
3579 1850 3766 1905 littera
3788 1854 3824 1921 ἐ,

2196 1942 2529 2014 scripsitque
2586 1943 2935 1997 Suessionica:
2975 1949 3029 1996 et
3067 1943 3365 2009 Suessioni,
3397 1949 3504 1997 etc.
3532 1943 3647 1997 Sed
3680 1943 3825 1997 anti—

2197 2050 2358 2105 quam
2394 2035 2633 2089 retinere
2690 2034 2915 2105 placuit,
2950 2050 3015 2089 eo
3047 2034 3196 2106 quod
3240 2034 3634 2105 probationem
3670 2051 3825 2089 suam

2201 2128 2399 2182 habeat
2430 2144 2494 2182 ex
2544 2128 2870 2195 Ptolomaeo,
2922 2128 3135 2184 rEthico
3167 2135 3219 2182 ct
3275 2127 3416 2190 aliis,
3453 2135 3623 2199 atque
3658 2128 3824 2183 etiam

2198 2234 2265 2274 ex
2293 2219 2496 2273 Gallica
2524 2235 2659 2274 voce
2692 2221 2958 2286 Soissons,
3015 2218 3228 2273 tametsi
3283 2218 3697 2290 posterioribus
3724 2235 3827 2272 sa?-

2198 2310 2338 2366 culis
2363 2311 2469 2365 alia
2496 2311 2566 2365 sit
2584 2311 2860 2377 usitatior,
2895 2310 3086 2382 queein
3117 2310 3262 2365 Julio
3295 2309 3506 2365 Caesare
3542 2310 3823 2365 interdum

2203 2400 2495 2471 reperitur.
2537 2401 2648 2455 Nec
2676 2400 2842 2456 refert
2864 2408 3046 2455 utrum
3074 2401 3177 2455 hoc
3204 2416 3274 2454 an
3300 2399 3391 2454 illo
3427 2400 3598 2454 modo
3634 2399 3828 2455 effera-

2203 2496 2308 2544 tur.
2344 2488 2611 2543 Caeterum
2671 2489 2873 2543 veritas
2902 2489 3141 2543 historia:
3205 2488 3297 2542 hic
3346 2496 3587 2541 narratae
3638 2503 3708 2541 ex
3763 2504 3827 2542 eo

2200 2579 2558 2636 confirmatur
2586 2580 2734 2652 quod
2763 2580 2815 2634 S.
2846 2580 3028 2635 Sixtus
3057 2588 3112 2634 et
3139 2578 3195 2633 S.
3224 2578 3464 2633 Sinicius
3495 2579 3588 2643 (de
3621 2579 3826 2649 quibus

2198 2669 2585 2742 Martyrologia
2640 2667 2897 2722 Kalendis
2945 2667 3311 2737 Septembris)
3346 2673 3630 2737 ponantur
3663 2667 3821 2738 primi

2198 2761 2252 2815 in
2309 2760 2559 2834 catalogo
2608 2759 2997 2830 episcoporum
3048 2757 3533 2825 Suessonensium,
3582 2759 3730 2813 sicut
3774 2768 3823 2811 et

2198 2849 2573 2914 Remensium,
2605 2857 2665 2902 ut
2704 2848 2892 2902 videre
2923 2854 3006 2902 est
3034 2847 3087 2901 in
3122 2846 3322 2901 tabulis
3353 2847 3579 2901 Antonii
3614 2847 3820 2901 Demo-

2197 2945 2400 3012 charis,
2435 2944 2531 2999 ubi
2567 2944 2878 2998 referuntur
2906 2942 3230 3013 martyrium
3264 2942 3409 3012 passi
3441 2942 3549 2997 sub
3580 2942 3822 3009 Nerone,

476 3033 621 3104 phitB
636 3032 1010 3108 subjungitur,
1030 3042 1223 3107 estque
1253 3036 1555 3092 verisimile
1583 3037 1857 3092 xEthicum
1888 3040 2095 3095 utrius—
2122 3053 2171 3121 ς
2194 3039 2337 3094 sicut
2367 3046 2421 3094 et
2447 3038 2739 3093 Amansius
2794 3038 2987 3092 horum
3039 3052 3349 3091 successor.
3379 3037 3557 3106 Atque
3590 3036 3666 3091 ob
3701 3052 3821 3092 eam

474 3141 583 3196 que
606 3132 883 3180 auctorem
912 3142 1054 3182 esse.
1087 3127 1346 3183 Videatur
1378 3128 1630 3200 praefatio
1677 3130 1836 3185 dictae
1895 3130 2094 3187 editio-

475 3218 582 3273 nis.
626 3217 1071 3293 Cosmographize
1125 3222 1329 3277 Ethici
1390 3224 1706 3295 philos0phi
1758 3224 2011 3280 meminit
2034 3226 2089 3282 S.

476 3309 782 3365 Everardus
813 3310 1151 3368 Cisoniensis
1171 3314 1224 3368 id
1253 3330 1353 3370 suo
1388 3322 1741 3371 testamento.

542 3401 613 3454 M.
639 3402 700 3455 Ρ.
730 3403 803 3456 Μ.
830 3401 907 3456 Ita
943 3402 1152 3475 ubique
1192 3404 1472 3476 exemplar
1516 3412 1765 3460 nostrum
1815 3405 1881 3459 Μ.
1933 3405 2090 3470 Quod

475 3493 618 3564 lege,
639 3493 795 3547 milia
810 3494 934 3563 plus
983 3498 1179 3562 minus,
1249 3497 1333 3551 vel
1389 3497 1576 3568 potius
1599 3499 1783 3552 millia
1803 3513 2089 3567 passuum,

474 3589 535 3636 ut
556 3580 670 3635 vult
700 3579 1062 3653 Hieronymus
1083 3584 1260 3639 Surita
1307 3584 1464 3640 initio
1494 3585 1580 3640 sui
1611 3584 1999 3641 Commentarii
2034 3585 2090 3639 in

469 3676 584 3744 jam
616 3675 822 3732 dictum
876 3676 1249 3742 ltinerarium,
1283 3676 1529 3732 refutans
1558 3676 1720 3731 aliam
1753 3677 2090 3748 interpreta-

474 3765 682 3821 tionem
716 3782 730 3819 :
763 3766 918 3831 Quod
941 3765 1173 3837 liquido,
1223 3765 1422 3836 inquit,
1455 3765 1784 3822 confirmare
1816 3768 2093 3838 possimus

473 3859 591 3913 vias
614 3874 709 3912 eas
737 3858 901 3913 certis
950 3864 1003 3912 et
1040 3857 1425 3913 constantibus
1456 3858 1701 3928 lapidum
1724 3860 2092 3916 dimensioni-

472 3947 577 4002 bus
594 3945 762 4000 fuisse
793 3946 1112 4001 demetatas.
1144 3946 1246 4000 Pro
1273 3961 1381 4016 quo
1404 3955 1460 4000 et
1491 3945 1626 4000 illud
1658 3947 1810 4013 facit,
1843 3949 1991 4020 quod
2032 3949 2089 4004 in

474 4036 595 4106 ipso
615 4033 911 4090 Itinerario
939 4049 1050 4089 non
1072 4033 1329 4106 legantur
1346 4034 1449 4087 nisi
1479 4034 1600 4089 duae
1626 4035 1821 4090 litterm
1852 4036 2089 4094 M.P.—J

473 4122 748 4179 distinctis
794 4122 1015 4194 punctis
1059 4121 1241 4193 posuit
1298 4121 1364 4178 Μ.
1402 4122 1459 4177 Ρ.
1486 4122 1581 4191 Μ,,
1643 4124 1847 4180 omissa
1877 4124 2090 4200 virgula

474 4211 877 4284 superjacente.

544 4328 676 4382 Item
703 4330 1112 4383 aDurocortoro
1148 4329 1493 4396 Divodorum,
1528 4335 1583 4383 et
1613 4328 1776 4400 paulo
1809 4335 1955 4400 post,
1982 4331 2085 4384 Di-

2194 3148 2437 3198 causam,
2470 3139 2608 3186 teste
2634 3131 2829 3186 eodem
2847 3131 3205 3195 Demochare,
3230 3129 3531 3199 episcopus
3563 3128 3824 3184 Suessio-

2194 3221 2386 3275 ncnsis
2417 3220 2653 3291 primum
2685 3220 2866 3274 locum
2889 3218 3105 3273 obtinet
3133 3218 3281 3273 inter
3297 3216 3687 3290 suﬁraganeos
3709 3218 3826 3288 epi-

2192 3326 2391 3381 scopos
2419 3310 2713 3381 provincia;
2746 3309 3113 3375 Remensis,et
3141 3308 3285 3363 inter
3307 3324 3405 3363 eos
3442 3308 3704 3364 decanus
3732 3326 3830 3379 ap-

2194 3407 2450 3477 pellatur,
2492 3406 2839 3476 primamque
2859 3420 3051 3460 vocem
3069 3402 3287 3459 obtinet
3313 3403 3368 3456 in
3400 3402 3830 3458 deliberationi-

2193 3500 2316 3565 bus,
2340 3505 2443 3553 etc.
2478 3516 2491 3551 :
2525 3498 2651 3569 quia
2699 3497 2958 3552 videlicet
3012 3495 3180 3550 iidem
3228 3494 3462 3550 fuerunt
3492 3495 3665 3565 primi
3695 3497 3825 3566 epi-

2191 3587 2345 3658 scOpi
2375 3588 2784 3641 Suessonenses
2814 3592 2869 3640 et
2899 3585 3224 3639 Remenses.
3272 3583 3511 3639 Nomina
3542 3600 3679 3639 vero
3710 3585 3828 3655 epi—

2191 3696 2484 3751 scoporum
2517 3680 2610 3751 qui
2643 3679 2775 3735 olim
2796 3680 3023 3734 subesse
3052 3678 3236 3733 solent
3255 3677 3695 3749 archiepisc0po
3723 3679 3828 3733 He-

2192 3772 2367 3827 mensi
2400 3772 2518 3826 haec
2539 3780 2671 3825 sunt
2701 3788 2713 3824 :
2744 3770 3177 3835 Suessionensis,
3212 3768 3661 3834 Catalaunensis,
3686 3768 3829 3824 Lau—

2192 3864 2458 3919 dunensis
2510 3863 2935 3929 Bellovaconsns,
2976 3861 3385 3926 Ambianensis,
3416 3860 3827 3916 Noviodunen-

2191 3954 2287 4017 sis,
2341 3951 2816 4018 Silvanectensis,
2894 3949 3335 4015 Cameracensis,
3409 3949 3824 4015 Atrebatensis,

2190 4041 2553 4097 Tornacensis
2583 4049 2637 4095 et
2693 4039 3042 4095 Morincnsis.
3079 4038 3283 4093 Deletis
3314 4046 3500 4092 autem
3533 4038 3773 4094 Morinis
3797 4056 3825 4093 a

2192 4133 2381 4190 Carolo
2404 4132 2455 4186 V
2490 4131 2796 4203 imp.t553,
2828 4132 2988 4185 sedes
3011 4129 3345 4201 episcOpalis
3358 4146 3423 4183 ex
3446 4137 3605 4201 parte
3634 4139 3823 4185 trans-

2188 4221 2298 4277 lata
2325 4230 2408 4276 est
2440 4220 3067 4290 Bononiam,mauetque
3097 4219 3468 4274 Bononiensis
3507 4220 3819 4291 episcopus

2187 4314 2370 4369 eidem
2411 4312 2669 4368 Remensi
2726 4311 3154 4381 metropolitano
3185 4310 3488 4379 subjectus.
3523 4312 3637 4367 Sed
3666 4327 3815 4366 anno

472 4416 755 4472 vadorum.
804 4416 1170 4488 Frequentius
1221 4417 1278 4472 in
1317 4417 1467 4473 dicto
1508 4418 1794 4473 ltinerario
1825 4417 2089 4473 scribitur

2199 4407 2348 4473 [559,
2380 4405 2436 4459 in
2467 4403 2747 4460 erectione
2779 4418 3044 4458 novorum
3078 4402 3134 4457 in
3169 4403 3355 4477 Belgio
3388 4402 3813 4475 episeOpatuum

475 4508 829 4573 Divodorum,
847 4509 1128 4581 quomodo
1148 4509 1446 4565 verisimile
1478 4517 1563 4565 est
1592 4510 1836 4565 secundo
1863 4524 2088 4582 quoque

473 4597 599 4653 loco
630 4596 926 4671 legendum
971 4613 1113 4664 esse,
1147 4597 1227 4653 uti
1268 4597 1399 4673 legit
1452 4597 1500 4653 J.
1546 4598 1669 4653 Haec
1701 4598 1868 4653 hodie
1896 4598 2090 4655 civitas

475 4689 756 4753 Mclensis,
788 4696 880 4745 aut
904 4690 1143 4745 Theonis
1177 4689 1305 4744 villa
1326 4705 1450 4746 esse
1478 4691 1741 4747 creditur.

545 4783 675 4837 Item
739 4797 775 4836 a
849 4784 1064 4850 Bagaco
1127 4783 1477 4839 Nervicorum
1553 4782 1787 4838 Restitui
1866 4799 1966 4855 pro
2020 4784 2089 4839 ab

473 4874 714 4940 Agracco
738 4885 804 4924 ex
834 4870 980 4925 dicto
1013 4870 1325 4939 ltinerario,
1367 4871 1424 4925 in
1453 4885 1562 4942 quo
1626 4879 1809 4927 tamen
1835 4872 2088 4944 quaedam

474 4958 810 5032 exemplaria
841 4959 1031 5033 legunt
1057 4960 1343 5030 Bajacum.
1377 4960 1607 5017 Videtur
1637 4969 1819 5016 autem
1852 4961 2089 5037 intelligi

473 5048 740 5121 oppidum
772 5048 1091 5117 Hannoniae,
1133 5049 1284 5121 quod
1304 5056 1435 5106 tunc
1458 5049 1725 5107 Bavacum
1758 5049 1977 5105 dicitur.

1119 5198 1327 5256 CAPUT
1380 5200 1447 5255 ll.

547 5311 744 5366 Castra
764 5309 823 5363 in
877 5308 1225 5364 altitudinem
1267 5309 1414 5379 peda
1441 5326 1514 5364 xu
1553 5310 1865 5380 fossamque
1886 5310 2089 5381 pedum

473 5417 600 5457 xvm
629 5402 844 5456 munire
859 5401 1032 5472 jubet.
1076 5399 1285 5455 Clarius
1312 5400 1458 5474 Orig.
1494 5418 1507 5454 :
1546 5422 1566 5450 ι
1602 5400 1785 5455 Castra
1809 5402 1866 5454 in
1905 5401 2091 5456 altitu-

472 5489 658 5544 dinem
688 5489 891 5560 pedum
911 5506 987 5544 xu
1015 5487 1158 5543 vallo
1184 5488 1438 5560 fossaque
1470 5487 1853 5563 duodeviginti
1884 5488 2088 5559 pedum

473 5577 687 5630 munire
708 5577 887 5644 jubet.
924 5603 947 5625 ι

546 5661 682 5717 Cum
709 5668 865 5732 ﬁnem
892 5668 1249 5735 oppugnandi
1278 5681 1390 5721 nea:
1425 5667 1658 5732 fecisset.
1675 5665 1761 5720 Sic
1787 5665 1999 5721 restitui
2026 5682 2087 5721 ex

2190 4497 2503 4572 perbullam
2521 4496 2671 4552 Pauli
2698 4496 2784 4562 IV,
2833 4496 3131 4551 subtractae
3184 4497 3679 4568 suntametropoli
3717 4498 3817 4552 He—

2191 4590 2369 4647 mensi
2400 4588 2832 4654 Cameracensis,
2892 4588 3272 4643 Atrebatensis
3302 4597 3356 4644 et
3420 4588 3813 4655 Tornacensis,

2190 4688 2246 4737 et
2272 4681 2435 4736 sedes
2456 4675 2867 4734 Cameracensis
2889 4683 3074 4732 erecta
3104 4685 3187 4732 est
3218 4676 3274 4731 in
3302 4677 3813 4747 metropolitanam,

2189 4770 2276 4827 cui
2309 4768 2572 4838 subjectae
2606 4772 2736 4822 sunt
2798 4765 3189 4821 Atrebacensis
3237 4772 3293 4820 et
3336 4765 3730 4831 Tornacensis,
3762 4773 3817 4821 et

2189 4859 2310 4914 aliae
2337 4858 2459 4912 duae
2491 4864 2743 4912 recenter
2771 4854 3268 4922 erectaa,vidclicet
3299 4853 3738 4910 Audomareusis
3758 4862 3809 4908 et

2189 4945 2595 5003 Namurcensis.

2261 5041 2342 5095 Ac
2370 5040 2580 5093 beatum
2609 5038 2918 5093 Memmium
2951 5035 3317 5091 Catalaunicm
3344 5035 3502 5090 urbis
3536 5042 3808 5092 rectorem.

2192 5132 2288 5188 Hic
2319 5132 2528 5203 primus
2558 5129 2783 5202 ponitur
2802 5131 2856 5184 in
2887 5127 3135 5201 catalogo
3158 5126 3649 5183 Catalaunensium
3676 5143 3812 5199 pon-

2191 5219 2420 5275 tificum.
2454 5219 2526 5272 De
2558 5235 2625 5273 eo
2658 5218 2963 5274 Romanum
3010 5216 3484 5291 Martyrologium,
3533 5216 3807 5272 Usuardus

2191 5319 2245 5366 et
2273 5310 2363 5366 alii
2394 5312 2429 5364 5
2449 5309 2699 5384 Augusti.

2260 5402 2461 5469 Nepote
2489 5413 2606 5466 suo,
2645 5402 2705 5452 ut
2741 5400 2948 5465 ferunt,
2980 5403 3164 5452 sancto
3191 5399 3466 5453 Divitiano
3496 5400 3751 5456 Suessoni
3776 5413 3807 5451 a

2190 5507 2244 5546 sc
2263 5493 2517 5561 pontiﬁce
2555 5490 2827 5544 ordinato.
2862 5489 2920 5542 In
2963 5487 2998 5542 C
3025 5488 3185 5545 deest
3211 5494 3418 5555 saneto,
3452 5506 3641 5563 neque
3671 5492 3803 5545 titu-

2192 5580 2339 5633 tulus
2363 5578 2671 5633 sanctitatis
2692 5578 2994 5648 apponitur
3025 5576 3080 5632 in
3110 5577 3312 5633 tabulis
3336 5579 3723 5646 Democharis,
3754 5580 3804 5633 in

2192 5667 2393 5736 quibus
2425 5668 2643 5723 tertium
2670 5667 2849 5722 locum
2877 5665 3112 5722 obtinet.
3146 5667 3208 5721 Et
3236 5682 3361 5721 cum
3401 5669 3594 5723 omnia
3622 5683 3803 5723 exem-
