3972 6206
176 258 271 316 333

1486 251 1554 305 IN
1596 246 1846 305 LIBRUM
1886 245 2167 302 PRIMUM.

3384 254 3490 310 334

174 390 333 463 plaria
359 393 547 444 nostra
574 385 761 459 legant
789 382 1047 439 Suessam“
1093 382 1148 436 in
1180 381 1380 447 dativo,
1414 381 1583 436 habet
1612 382 1775 437 Sues-
1798 384 1851 452 Α
1879 392 1999 447 pus,
2037 377 2319 451 Prigenius
2348 380 2590 447 diacon.,
2624 399 2652 431 υ
2712 387 2767 435 et
2797 380 2851 434 in
2882 378 3131 453 margine
3180 382 3488 449 Betausius,

172 487 327 540 sonis.

1874 476 2171 541 Prigemus,
2218 478 2363 527 recte
2424 479 2721 543 reponatur
2772 472 2827 526 in
2879 480 3051 541 textu,
3101 474 3383 530 Betausius
3440 482 3494 529 et

235 572 459 628 Favebat
484 572 734 639 pignera.
766 566 854 621 Sic
885 566 999 620 fere
1031 564 1242 636 ubique
1280 564 1465 619 omnia
1495 562 1776 634 exempla-
1875 564 2297 627 Primogem'tus.
2323 562 2603 633 Sequitur.

173 664 265 729 ria,
295 661 393 715 etsi
426 660 512 713 MS
561 660 585 713 .l
622 660 726 713 hoc
749 657 869 711 loco
915 657 1172 725 pignora,
1206 661 1337 719 etc.,
1388 654 1501 708 fere
1543 652 1771 723 ubique.

174 752 301 805 Illud
332 757 515 804 tamen
546 746 861 817 antiquitati
894 751 1184 799 consonat.
1212 744 1346 798 llinc
1384 743 1554 797 Aldus
1582 743 1773 797 Manu-

176 843 274 897 tius
294 843 347 895 in
377 841 619 911 epitome
648 836 1055 909 orthographiae
1074 851 1209 901 suae,
1242 856 1270 886 α
1291 838 1515 903 Pignus,
1535 837 1778 905 pigneris

174 930 424 985 dicebant
448 939 685 993 veteres,
715 929 967 996 pignoris
996 924 1347 995 posteriores.
1394 946 1417 975 ι)

240 1023 561 1078 Clericorum
586 1022 797 1089 pariter
816 1021 1009 1073 enituit
1036 1022 1353 1073 ministeriis
1375 1020 1643 1073 decorata.
1680 1018 1779 1082 Qui

174 1128 312 1167 nunc
341 1112 612 1174 canonici,
648 1111 778 1166 olim
816 1110 1141 1180 simpliciter
1171 1110 1357 1165 clerici
1402 1110 1777 1165 nominaban-

175 1215 273 1267 tur,
307 1210 367 1258 ut
397 1211 611 1259 constat
639 1218 703 1257 ex
735 1202 1086 1273 antiquorum
1131 1202 1349 1274 scriptis
1384 1210 1437 1257 et
1466 1218 1529 1257 ex
1568 1202 1781 1258 Joanne

173 1292 381 1348 Molano
411 1292 511 1346 lib.
544 1310 559 1346 ι
594 1292 663 1345 de
696 1290 1007 1356 Canonicis,
1038 1308 1084 1346 c.
1118 1294 1171 1346 2.

809 1384 1016 1440 CAPUT
1060 1385 1142 1439 lV.

241 1477 371 1541 Quae
401 1482 693 1530 narrantur
722 1474 828 1529 hoc
858 1490 978 1544 cap.
1014 1475 1082 1528 de
1106 1474 1298 1545 primis
1324 1474 1662 1545 martyribus
1686 1490 1783 1529 ur-

174 1566 257 1621 bis
280 1565 589 1632 Remensis,
612 1565 916 1629 Timotheo,
948 1564 1286 1634 Appollinari
1317 1572 1370 1619 et
1399 1564 1542 1630 aliis,
1563 1563 1785 1619 desum-

173 1664 260 1726 pta
280 1663 412 1710 suut
443 1671 506 1709 ex
535 1655 693 1719 actis,
730 1669 852 1725 quae
886 1655 1259 1725 manuscripta
1290 1670 1350 1709 se
1380 1653 1587 1709 habere
1610 1661 1783 1709 testa—

173 1752 256 1802 tur
296 1749 499 1803 Baron.
542 1748 599 1800 in
651 1745 795 1800 notis
844 1746 911 1799 ad
954 1746 1107 1801 Rom.
1151 1747 1519 1819 Martyrolog,
1578 1748 1666 1801 die
1716 1745 1786 1801 23

175 1842 422 1916 Augusti,
472 1855 703 1913 quorum
737 1841 843 1896 hoc
872 1848 954 1895 est
1001 1840 1286 1897 exordium
1318 1859 1331 1895 :
1367 1865 1392 1887 ‹‹
1428 1840 1539 1894 Sub
1570 1841 1787 1895 Nerone

175 1936 526 2004 imperatore,
562 1934 857 2004 Lampadio
890 1933 1142 2004 praeside,
1177 1957 1202 1979 »ι
1261 1941 1365 1988 etc.
1402 1934 1475 1987 Eo
1517 1933 1662 1987 enim
1697 1932 1787 1986 die

175 2024 532 2080 conformiter
574 2022 902 2089 Flodoardo,
944 2022 1064 2076 dies
1089 2020 1372 2077 natalitius
1404 2037 1592 2076 eorum
1650 2021 1789 2075 assi-

173 2120 387 2186 gnatur,
445 2121 500 2167 et
551 2111 640 2167 die
694 2111 1025 2183 praecedenti
1086 2111 1137 2165 S.
1184 2110 1349 2164 Mauri
1404 2118 1458 2165 et
1517 2110 1789 2165 sociorum

173 2210 491 2273 martyrum.
522 2202 760 2273 Tempus
798 2202 960 2256 etiam
993 2200 1146 2255 addit
1178 2200 1371 2254 Petrus
1394 2200 1481 2254 Tde
1513 2199 1794 2254 Natalibus

174 2295 266 2349 lib.
299 2312 393 2362 vn,
423 2310 474 2350 c.
508 2294 598 2361 95,
631 2293 891 2348 videlicet
929 2293 1072 2348 circa
1104 2308 1306 2346 annum
1348 2292 1565 2346 Domini
1596 2292 1683 2347 57.
1719 2292 1793 2346 De

174 2384 393 2451 iisdem,
429 2389 483 2437 et
524 2382 800 2453 praecipue
833 2381 994 2436 beato
1026 2381 1234 2448 Mauro,
1265 2380 1375 2435 late
1406 2381 1517 2452 agit
1552 2380 1795 2435 Joannes

172 2473 421 2528 Molanus
470 2474 523 2525 in
577 2472 861 2526 Natalibus
912 2472 1003 2525 SS.
1050 2470 1243 2545 Belgii,
1297 2470 1387 2524 die
1435 2470 1505 2522 22
1561 2471 1789 2542 August.

172 2565 299 2619 Nam
344 2581 552 2634 corpus
584 2564 832 2632 ejusdem
876 2564 1020 2619 beati
1070 2562 1241 2617 Mauri
1284 2561 1429 2632 quod
1465 2563 1572 2617 hoc
1612 2562 1791 2631 capite

172 2656 362 2709 scribit
402 2654 749 2708 Flodoardus
786 2652 1052 2707 reservari
1094 2652 1149 2705 in
1191 2651 1423 2705 ecclesia
1464 2652 1520 2704 Β.
1565 2650 1790 2717 Celsini,

173 2750 293 2811 post
313 2749 535 2798 aetatem
560 2742 733 2812 ipsius
755 2740 1066 2800 Flodoardi.
1105 2739 1208 2794 sub
1226 2739 1509 2808 Arnulpho
1532 2736 1790 2791 Remensi

171 2837 620 2907 archiepiscOpo,
668 2843 946 2890 reservato
986 2835 1187 2905 capite,
1238 2835 1383 2889 circa
1429 2849 1633 2887 annum
1684 2832 1795 2887 Do-

172 2926 303 2979 mini
338 2925 485 2980 1012
513 2925 833 2978 translatum
881 2931 963 2978 est
996 2924 1050 2977 in
1084 2923 1351 2995 Belgium,
1385 2923 1450 2976 ad
1482 2923 1661 2977 locum
1708 2922 1795 2976 di-

170 3027 314 3073 ctum
345 3018 623 3084 Florinas,
656 3017 914 3071 dioecesis
948 3015 1296 3080 Leodiensis,
1334 3023 1393 3069 ut
1424 3022 1573 3084 patet
1600 3030 1662 3069 ex
1696 3014 1792 3069 lit-

1945 654 2068 706 Post
2096 666 2249 719 quem
2278 652 2448 720 Aper,
2480 654 2605 706 inde
2630 653 3028 707 Maternianus.
3055 651 3127 706 De
3158 652 3265 707 hoc
3288 651 3495 707 additio

1879 746 2073 800 Molani
2106 746 2173 799 ad
2194 746 2632 820 Martyrologium
2666 748 2897 802 Usuardi
2928 746 2997 802 30
3027 747 3228 818 Aprilis
3256 764 3269 802 :
3307 772 3332 796 σι
3390 747 3496 802 Eo-

1880 838 2002 892 dem
2051 839 2141 893 die
2174 839 2372 892 natalis
2398 842 2572 895 sancti
2617 839 2951 894 Maderniani
2994 840 3282 895 Remensis
3316 840 3496 894 archi-

1880 932 2152 1002 epiSCOpi,
2189 932 2281 1002 qui
2311 940 2497 986 sextus
2537 933 2679 987 rexit
2716 932 2967 986 eamdem
2999 932 3313 987 Ecclesiam.
3354 956 3378 978 ιι
3409 932 3497 985 Ιιι-

1884 1030 1965 1077 tor
1990 1026 2190 1093 Aprum
2222 1024 2685 1079 etMaternianum
2711 1024 3078 1078 Demochares
3103 1024 3291 1091 adjicit
3317 1023 3501 1078 Disco-

1883 1116 2040 1183 lium,
2075 1131 2239 1186 quem
2264 1124 2478 1170 sextum
2516 1116 2643 1171 facit
2674 1116 2840 1184 hujus
2860 1116 3010 1170 sedis
3041 1115 3385 1185 episcopum,
3407 1115 3503 1187 qui

1884 1205 2231 1274 subscriptus
2262 1204 2461 1276 legitur
2488 1205 2541 1258 in
2574 1204 2810 1259 concilio
2842 1202 3256 1277 Agrippinensi,
3283 1204 3386 1257 sub
3405 1205 3502 1257 Ju-

1882 1295 1958 1350 lio
2008 1312 2149 1366 papa
2182 1295 2359 1365 primo
2390 1296 2600 1363 fcontra
2640 1296 2971 1367 Euphratem
3029 1294 3330 1361 celebrato,
3360 1294 3506 1348 circa

1883 1403 2087 1441 annum
2116 1386 2329 1441 Domini
2360 1388 2481 1441 346.
2513 1388 2618 1441 Sed
2652 1386 2790 1441 forte
2826 1386 3217 1441 fuerittantum
3250 1385 3504 1454 chorepi-

1883 1494 2106 1550 scopus,
2150 1479 2235 1533 vel
2286 1479 2611 1533 titulotenus
2651 1479 2946 1533 Remorum
3004 1479 3319 1549 episcopus,
3352 1484 3411 1531 ut
3437 1476 3507 1530 de

1884 1571 2018 1624 Abel
2050 1570 2273 1641 quidam
2298 1570 2653 1641 respondent.
2680 1570 2811 1624 Nam
2836 1570 3171 1625 Discholium
3202 1568 3355 1623 illum
3394 1583 3504 1622 non

1893 1674 2014 1713 esse
2054 1658 2369 1712 addendum
2403 1658 2667 1728 probatur
2689 1658 2743 1711 in
2768 1659 2962 1728 primis
2994 1675 3061 1712 ex
3093 1664 3423 1712 testamento
3446 1657 3504 1711 Β.

1895 1750 2134 1823 Remigii
2186 1749 2325 1803 infra
2356 1765 2475 1819 cap.
2515 1750 2579 1803 18
2612 1767 2624 1803 :
2688 1771 2713 1799 α
2771 1749 3025 1804 Ecclesiae
3054 1749 3235 1819 inquit
3350 1748 3508 1814 Sixti,

1889 1841 1980 1895 ubi
2015 1858 2136 1896 cum
2187 1842 2365 1896 tribus
2404 1840 2821 1896 successoribus
2852 1841 2968 1895 suis
3011 1840 3334 1912 requiescit.
3372 1860 3397 1890 ››
3449 1839 3512 1894 Et

1888 1945 2084 2001 supra:
2150 1954 2174 1975 η
2244 1930 2502 1985 Ecclesiae
2561 1930 2913 1997 Jovinianaa,
2979 1940 3110 1995 etc.,
3177 1930 3273 1985 ubi
3343 1929 3508 1984 etiam

1892 2019 2137 2091 quinque.
2179 2017 2547 2086 eonfessores,
2605 2018 2841 2090 proximi
2882 2028 3264 2073 antecessores
3319 2017 3509 2073 domni

1892 2109 2116 2175 Nicasii,
2145 2116 2277 2178 etc.,
2307 2110 2516 2165 conditi
2549 2119 2696 2165 sunt.
2741 2131 2770 2161 ιο
2821 2111 2937 2166 Non
2971 2118 3099 2165 sunt
3128 2110 3298 2182 igitur
3327 2110 3513 2181 plures

1896 2217 2058 2271 quam
2088 2216 2307 2267 novem,
2341 2203 2433 2275 qui
2464 2203 2780 2273 praecedunt
2817 2203 2850 2257 S
2905 2202 3199 2258 Nicasium.
3256 2202 3511 2257 Secundo

1896 2308 1960 2346 ex
1993 2294 2225 2363 epistola
2258 2296 2459 2351 Ebonis
2489 2296 2555 2349 ad
2590 2294 2917 2350 Balduinum
2959 2296 3214 2351 Ferreum
3244 2295 3512 2350 Flandriae

1894 2384 2293 2451 marehionem,
2320 2400 2442 2455 quae
2461 2384 2798 2455 exstatapud
2830 2384 3105 2440 Molanum
3136 2385 3189 2438 in
3218 2383 3509 2439 Natal.SS.

1894 2472 2065 2544 Belgii
2094 2474 2162 2527 14
2183 2473 2446 2537 Octobris,
2483 2474 2537 2527 in
2570 2490 2677 2545 qua
2696 2473 2897 2528 diserte
2934 2474 3124 2529 scribit
3164 2475 3222 2528 B.
3258 2473 3515 2529 Donatis-

1894 2582 2023 2619 num
2086 2566 2382 2635 septimum
2424 2566 2592 2620 fuisse
2632 2566 2781 2620 sedis
2823 2566 3115 2623 Remensis
3166 2566 3513 2637 episcopum.

1894 2656 2075 2711 Tertio
2115 2673 2179 2709 ex
2214 2656 2487 2710 Hincmari
2518 2654 2770 2725 epistola,
2805 2672 2927 2727 quae
2958 2655 3098 2709 infra
3130 2662 3304 2709 exstat
3332 2654 3431 2707 lib.
3460 2670 3513 2707 Ill

1895 2762 2015 2816 cap.
2056 2745 2146 2811 22,
2179 2745 2273 2799 ubi
2301 2745 2355 2799 S.
2403 2744 2709 2817 Remigium
2741 2751 2899 2799 vocat
2950 2744 3227 2798 decimum
3260 2742 3513 2814 quintum

1898 2838 2190 2892 Remorum
2221 2837 2722 2908 archiepiscopum.
2744 2835 2850 2892 Cur
2881 2844 3065 2892 autem
3092 2836 3162 2891 de
3186 2836 3270 2890 his
3300 2835 3519 2906 episco-

1896 2931 1981 3001 pis
2010 2937 2062 2985 et
2083 2930 2204 2984 aliis
2236 2930 2401 2997 hujus
2428 2930 2726 3001 provinciae
2748 2914 2953 2985 sanctis
2975 2946 3150 3001 pauca
3181 2928 3518 2995 scribantur,

1896 3038 2113 3077 causam
2147 3021 2301 3076 affert
2332 3022 2446 3076 Ebo
2479 3023 2534 3075 in
2566 3022 2729 3077 citata
2785 3023 3057 3093 epistola:
3096 3042 3120 3072 α
3156 3022 3304 3091 Ejus,
3342 3021 3520 3093 inquit

172 3110 303 3163 teris
341 3108 527 3179 ipsius
557 3106 821 3176 Arnulphi
854 3105 923 3159 ad
956 3105 1251 3159 Baltricum
1278 3104 1640 3159 Leodiensem
1671 3105 1795 3174 epi-
1826 3081 1875 3149 Ο
1899 3114 2241 3185 (Domitiani),
2289 3114 2576 3183 sanctique
2620 3081 2877 3187 Remigii,
2921 3130 2984 3169 ac
3031 3081 3520 3168 innumerabilium

170 3212 426 3267 scopum,
464 3211 600 3267 quas
628 3196 815 3250 videre
847 3202 928 3249 est
961 3194 1014 3248 in
1050 3196 1283 3250 Molano.

245 3292 347 3344 Ubi
391 3290 650 3343 dominus
700 3288 1083 3354 Gondebertus,
1137 3291 1223 3341 vir
1268 3289 1628 3355 clarissimus,
1677 3304 1795 3342 cum

168 3398 339 3437 uxore
362 3381 704 3436 suaBertha.
732 3380 805 3435 De
833 3379 918 3434 his
949 3381 1053 3434 late
1072 3379 1212 3434 infra
1234 3380 1326 3433 lib.
1352 3396 1425 3448 iv,
1448 3396 1497 3436 c.
1529 3382 1599 3435 46
1629 3386 1683 3434 et
1709 3381 1797 3433 47,

849 3468 1059 3523 CAPUT
1089 3468 1148 3522 V.

238 3564 355 3620 Sub
386 3577 505 3634 quo
526 3564 810 3617 Betausius
840 3562 1138 3630 reperitur,
1168 3564 1265 3631 qui
1294 3576 1414 3615 cum
1442 3561 1805 3627 Primogenito

168 3654 400 3709 diacone
440 3669 561 3720 suo,
591 3656 802 3724 primus
830 3668 896 3707 car:
928 3654 1027 3707 hac
1053 3653 1273 3719 Belgica
1296 3654 1581 3721 provincia
1610 3653 1808 3719 legitur

166 3748 487 3802 Arelatensi
527 3749 717 3816 prima:
746 3746 1060 3812 interfuisse
1087 3745 1313 3813 synodo,
1354 3746 1537 3800 relatae
1560 3761 1655 3815 per
1687 3746 1807 3798 Ma-

166 3838 355 3889 rinum
385 3836 701 3905 episcopum
746 3834 1049 3887 beatissimo
1075 3849 1237 3902 papae
1289 3834 1581 3901 Sylvestro,
1630 3834 1801 3888 Volu-

169 3926 328 3979 siano
358 3930 411 3979 ct
445 3924 670 3979 Aniano
694 3923 1020 3977 consulibus.
1048 3922 1341 3977 Berausius
1369 3923 1501 3995 legit
1528 3922 1573 3975 Μ
1607 3928 1661 3977 et
1687 3922 1710 3975 ,Ι
1750 3921 1805 3976 in

170 4013 416 4068 elencho
474 4011 723 4081 arcliiep.
771 4012 1053 4077 Remens,
1084 4013 1364 4083 quomodo
1401 4013 1565 4067 etiam
1607 4013 1807 4086 legitur

170 4106 237 4158 ad
264 4105 587 4180 marginem
612 4105 777 4159 tom.I
806 4104 1194 4172 Conciliorum,
1219 4105 1273 4159 in
1296 4105 1720 4176 subscriptione.
1748 4107 1807 4160 In

1896 3211 2209 3258 sanctorum
2227 3203 2350 3255 vita)
2378 3202 2607 3273 scripta,
2631 3202 3025 3259 Wandalorum
3040 3205 3349 3259 vastatione
3376 3204 3522 3259 scias

1898 3309 2016 3349 esse
2038 3293 2236 3347 deleta.
2274 3312 2298 3341 ι)

1971 3385 2111 3437 Hinc
2141 3384 2482 3436 Donatianus
2509 3384 2717 3436 exstitit
2744 3385 3041 3452 episcopus,
3074 3385 3229 3454 cujus
3257 3386 3418 3438 etiam
3433 3388 3525 3455 pio

1903 3473 2402 3543 gnora'mariti-mas
2425 3477 2481 3528 in
2501 3480 2685 3543 partes
2717 3477 2953 3543 episcopi
2978 3479 3417 3544 Noviomagensis
3442 3479 3526 3533 vel

1912 3564 2262 3619 Tornacensis
2312 3564 2563 3631 praelata.
2606 3562 2695 3616 Sic
2751 3568 2803 3615 et
2836 3561 2976 3615 infra
3024 3563 3268 3634 loquitur
3315 3570 3523 3629 auctor,

1909 3654 2236 3712 nominatim
2270 3654 2368 3709 lib.
2404 3673 2482 3722 ιιι,
2516 3670 2615 3725 cap
2647 3654 2735 3720 23,
2785 3653 2913 3725 quia
2946 3654 3187 3709 Ecclesia
3234 3654 3527 3710 Novioma-

1906 3745 2093 3819 gensis
2124 3752 2178 3800 et
2204 3744 2560 3799 Tornaccnsis
2585 3743 2858 3799 sexcentis
2887 3743 3048 3797 annis
3074 3743 3244 3798 unitae
3282 3741 3523 3813 fuerunt,

1906 3838 2161 3893 videlicet
2199 3845 2502 3909 atempore
2542 3838 2595 3892 S.
2630 3836 2899 3904 Medardi,
2941 3836 3035 3906 qui
3068 3836 3208 3891 obiit
3249 3851 3396 3890 anno
3422 3836 3529 3891 Do-

1907 3928 2040 3981 mini
2073 3928 2198 3991 556,
2242 3944 2419 3999 usque
2450 3928 2518 3982 ad
2568 3934 2784 3981 aetatem
2834 3927 2887 3981 S.
2935 3925 3196 3981 Bernardi
3234 3924 3527 3979 Clarteval-

1908 4016 2079 4071 lensis
2109 4016 2345 4071 abbatis.
2392 4015 2868 4086 Noviomagensis,
2905 4015 3017 4070 alio
3057 4013 3532 4081 nominelNovio-

1912 4105 2196 4175 mensisjet
2213 4104 2654 4161 Noviodunensis
2676 4104 2839 4171 (Gal.,
2862 4106 3070 4173 Noyon)
3094 4105 3314 4159 dicitur.
3341 4103 3533 4158 Trans-

169 4195 423 4265 epistola
465 4208 599 4249 vero
627 4209 658 4247 a
686 4193 898 4264 synodo
930 4194 1131 4264 scripta
1171 4194 1238 4249 ad
1270 4195 1590 4251 Silvestrum
1620 4196 1814 4250 Ambi—
1914 4195 2058 4249 latus
2108 4201 2187 4248 est
2219 4202 2404 4247 autem
2460 4193 2550 4249 hic
2588 4193 2783 4247 beatus
2839 4191 3085 4263 pontifex
3135 4193 3205 4247 ad
3258 4190 3533 4265 insignem

170 4292 391 4354 tunsus,
449 4293 507 4340 et
537 4286 594 4339 in
642 4286 876 4360 margin.
907 4289 1230 4353 Bethausus,
1273 4296 1332 4342 ut
1370 4289 1640 4344 Aaronius
1666 4303 1812 4344 anno

168 4376 279 4430 3H
310 4375 574 4450 corrigit.
601 4374 661 4441 G,
704 4375 737 4428 S
768 4382 821 4429 et
844 4375 892 4429 J.
928 4377 1032 4431 hoc
1062 4377 1183 4432 loco
1216 4378 1521 4439 Betansius,
1557 4394 1620 4445 ex
1652 4377 1812 4433 tabu-

1916 4282 2182 4337 Flandria:
2225 4282 2512 4335 maritimae
2543 4280 2847 4345 civitatem,
2905 4282 3111 4352 Brugas
3139 4279 3363 4347 dictam,
3413 4294 3535 4351 qua:

1916 4378 2041 4426 ante
2072 4371 2321 4439 subjecta
2351 4370 2454 4425 fuit
2491 4370 2746 4425 Ecclesiae
2803 4371 3159 4437 Tornacensi,
3196 4370 3293 4425 sed
3336 4385 3535 4440 nuper,

168 4469 261 4534 lis,
295 4474 361 4523 ut
395 4448 654 4539 apparet,
686 4467 1037 4523 Democharis
1065 4469 1431 4540 scripserunt,
1466 4470 1560 4541 qui
1584 4476 1813 4525 testatur
1837 4448 1892 4517 D
1918 4464 2179 4519 videlicet
2234 4478 2379 4518 anno
2438 4463 2602 4529 1559,
2659 4462 2779 4533 ipsa
2835 4463 2890 4518 S.
2944 4463 3233 4518 Donaliani
3294 4461 3539 4516 Ecclesia

166 4575 302 4613 eum
338 4558 400 4613 in
436 4556 678 4611 concilio
708 4557 1011 4613 Arelatensi
1053 4559 1299 4615 secundo
1328 4561 1651 4615 Bethanium
1680 4559 1809 4625 dici,
1915 4561 2097 4609 erecta
2127 4562 2209 4608 est
2242 4554 2297 4607 in
2325 4552 2667 4608 cathedram.
2712 4551 2834 4606 Fuit
2868 4567 2933 4606 eo
2966 4552 3262 4605 translatus
3292 4557 3539 4620 tempore

169 4650 329 4721 quod
367 4655 536 4704 notat
566 4648 810 4703 habitum
842 4665 963 4704 esse
994 4667 1139 4706 anno
1166 4650 1290 4706 316.
1321 4650 1525 4705 Verum
1558 4667 1624 4705 ex
1643 4652 1813 4705 Baro-
1916 4644 2048 4699 dicti
2072 4644 2278 4699 Ebonis
2306 4643 2709 4713 archiepiscopi
2745 4642 3053 4707 Remensis,
3088 4651 3140 4697 et
3166 4640 3341 4696 Caroli
3370 4640 3539 4707 Calvi,

169 4740 269 4794 nio
298 4746 360 4794 et
388 4736 563 4793 dictis
588 4738 912 4793 consulibus
942 4739 1255 4793 ostenditur
1285 4738 1620 4793 celebratum
1650 4737 1816 4792 fuisse
1917 4750 2083 4800 anno,
2116 4742 2175 4788 ut
2203 4733 2439 4789 Jacobus
2489 4733 2739 4803 llleyerus
2769 4730 2960 4787 scribit
2986 4731 3041 4783 in
3070 4730 3188 4784 suis
3238 4729 3543 4784 Annalibus

167 4844 324 4885 anno
353 4827 497 4893 314,
530 4826 624 4897 qui
654 4834 737 4881 est
774 4826 1017 4880 Silvestri
1044 4824 1323 4897 pontificis
1354 4826 1563 4896 primus
1594 4834 1648 4879 et
1674 4826 1819 4880 Con-
1918 4826 2212 4893 Flandrim,
2244 4827 2366 4880 863.
2406 4825 2543 4880 Illud
2578 4832 2762 4879 tamen
2808 4839 2917 4879 non
2951 4828 3129 4893 potest
3161 4837 3283 4876 cum
3315 4821 3543 4876 veritate

166 4917 414 4973 stantini
461 4915 599 4985 imp.
654 4931 851 4971 nonus.
901 4915 1067 4970 Porro
1118 4930 1183 4969 ex
1226 4915 1483 4985 praesenti
1528 4914 1820 4969 Flodoardi
1923 4915 2245 4981 subsistere,
2288 4914 2435 4987 quod
2468 4930 2577 4970 non
2627 4914 2834 4969 asserit
2863 4912 3111 4984 quidem,
3153 4910 3251 4965 sed
3286 4925 3343 4965 se
3380 4909 3543 4964 inve-

166 5010 295 5065 loco
356 5003 733 5064 conﬁrmatur
763 5007 1035 5062 sententia
1087 5007 1314 5062 Caesaris
1343 5006 1578 5072 Baronii,
1612 5022 1719 5075 qua
1744 5006 1823 5060 ait
1924 5006 2069 5059 nisse
2095 5004 2285 5058 scribit
2317 5004 2464 5057 idem
2498 5003 2772 5074 Meyerus,
2800 5002 3062 5057 videlicet
3093 5016 3218 5055 eum
3246 4998 3314 5053 ab
3344 4999 3549 5071 Diony-

164 5100 492 5171 episc0pos
529 5096 648 5152 illos
697 5098 789 5168 qui
824 5098 878 5152 in
910 5098 1073 5153 tomis
1125 5096 1492 5152 Coneiliorum
1525 5095 1822 5165 subscripti
1924 5094 2006 5148 sio
2038 5091 2190 5146 urbis
2240 5093 2424 5146 Romae
2453 5091 2719 5162 episcopo
2775 5092 2947 5147 sacris
2989 5090 3235 5145 ablutum
3277 5088 3547 5155 fontibus,

167 5195 307 5243 sunt
334 5185 617 5243 secundae
647 5186 859 5256 synodo
883 5186 1213 5252 Arelatensi,
1237 5183 1670 5239 subscribendos
1702 5200 1825 5238 esse
1928 5189 2285 5252 creatumque
2314 5180 2382 5234 ab
2413 5179 2609 5234 eodem
2648 5180 2942 5235 Remorum
2979 5176 3298 5250 pontificem
3333 5175 3554 5231 circiter

166 5278 395 5350 primae,
436 5277 597 5347 quod
629 5283 851 5331 secutus
873 5284 954 5330 est
997 5276 1055 5329 in
1088 5275 1514 5330 novissimorum
1549 5272 1830 5328 Concilio-
1929 5272 2124 5327 salutis
2173 5288 2377 5326 annum
2433 5271 2555 5326 270.
2604 5271 2757 5337 Nam,
2799 5277 2860 5325 ut
2887 5288 2953 5325 ex
2985 5269 3263 5341 praedictis
3315 5275 3552 5335 constat,

167 5391 302 5428 rum
358 5369 627 5426 editione
660 5368 972 5425 Coloniensi
1006 5382 1149 5422 anno
1188 5366 1327 5422 i606
1355 5365 1438 5419 vir
1477 5363 1831 5420 doctissimus
1933 5364 2221 5421 Betausius
2252 5365 2356 5421 luit
2397 5364 2687 5419 Remensis
2741 5363 3040 5435 episcopus
3070 5378 3214 5417 anno
3255 5362 3378 5420 314.
3420 5363 3557 5417 Suc-

163 5466 498 5523 cherinus
530 5461 747 5517 Binius.
773 5460 976 5515 Poterit
1013 5466 1067 5513 et
1100 5459 1226 5513 hinc
1256 5464 1435 5511 textus
1465 5456 1825 5525 subscriptio-
1931 5466 2218 5513 cesserunt
2271 5460 2321 5513 ei
2353 5460 2496 5529 Aper
2545 5464 2599 5511 et
2642 5455 3030 5521 Maternianus,
3079 5454 3279 5509 deinde
3306 5454 3560 5511 Donatia-

167 5557 259 5611 nis
292 5550 633 5610 emendari.
668 5549 800 5603 Cum
834 5549 981 5603 enim
1014 5548 1092 5601 ibi
1124 5549 1373 5623 legatur:
1419 5569 1445 5597 α
1503 5546 1574 5600 Ex
1606 5559 1831 5613 provm-
1935 5564 2057 5603 nus.
2090 5548 2157 5602 Ut
2187 5567 2319 5607 vero
2348 5550 2486 5605 nihil
2516 5549 2854 5613 omittamus,
2892 5548 2946 5601 in
2982 5547 3183 5601 tabulis
3210 5546 3564 5603 Democharis

166 5645 257 5701 cia
293 5641 646 5708 Galliarum,
668 5636 885 5693 civitate
915 5636 1228 5692 Remorum.
1265 5634 1586 5690 lbethanius
1614 5632 1833 5701 episco-
1938 5645 2160 5692 vocatur
2196 5639 2251 5695 L.
2290 5640 2630 5698 Donatianus
2662 5640 2958 5707 Romanus,
2992 5635 3233 5694 Cornelii
3259 5644 3315 5692 et
3342 5637 3563 5695 Lucina:
